{"host":"08t08ld674si40tv","time":1611455826,"event":{"mods":["AchievementEnabler","BaseMod","Colored Map","Minty Spire (QoL Compilation)","StSLib","SuperFastMode"],"gold_per_floor":[111,81,101,116,128,128,158,233,233,265,265,280,331,64,64,162,162,177,177,195,145,161,161,192,372,399,409,409,409,203,203,203,304,304,321,321,321,332,346,376,187,187,187,148,248,267,281,306,306,306,306,306,25,60,60],"floor_reached":56,"language":"KOR","playtime":1864,"items_purged":["Strike_B","Strike_B","Strike_B","Mind Blast","Streamline"],"score":1228,"play_id":"376a964c-e68c-4dd6-872f-ddeb84f86c2c","local_time":"20210124113706","is_ascension_mode":false,"campfire_choices":[{"data":"Dualcast","floor":6.0,"key":"SMITH"},{"floor":15.0,"key":"REST"},{"data":"Coolheaded","floor":23.0,"key":"SMITH"},{"data":"Recycle","floor":29,"key":"SMITH"},{"data":"Loop","floor":32,"key":"SMITH"},{"floor":49,"key":"RECALL"},{"data":"Defragment","floor":52,"key":"SMITH"}],"circlet_count":0,"master_deck":["Defend_B","Defend_B","Defend_B","Zap+1","Dualcast+1","Cold Snap","Hologram","Coolheaded+1","Core Surge","Recycle+1","FTL","Turbo+1","Thunder Strike","Ball Lightning","Loop+1","Creative AI","Heatsinks+1","Finesse","Loop+1","Capacitor","Defragment+1","Glacier+1"],"relics":["Cracked Core","Question Card","Ice Cream","Lizard Tail","Tiny Chest","Membership Card","DataDisk","Coffee Dripper","TungstenRod","Bottled Lightning","Bag of Marbles","HornCleat","Pear","SacredBark","Ornamental Fan","Medical Kit","Bottled Tornado","Boot","Runic Capacitor","Bag of Preparation","Art of War"],"acts_visited":["Exordium","TheCity","TheBeyond","TheEnding"],"potions_floor_usage":[27,40,55,55],"damage_taken":[{"damage":8.0,"enemies":"Jaw Worm","floor":1.0,"turns":3.0},{"damage":0.0,"enemies":"Cultist","floor":3.0,"turns":2.0},{"damage":2.0,"enemies":"2 Louse","floor":4.0,"turns":2.0},{"damage":5.0,"enemies":"Looter","floor":5.0,"turns":3.0},{"damage":25.0,"enemies":"Lagavulin","floor":7.0,"turns":5.0},{"damage":9.0,"enemies":"3 Sentries","floor":10.0,"turns":5.0},{"damage":5.0,"enemies":"Blue Slaver","floor":12.0,"turns":2.0},{"damage":8.0,"enemies":"Slime Boss","floor":16.0,"turns":14.0},{"damage":10.0,"enemies":"3 Byrds","floor":18.0,"turns":5.0},{"damage":10.0,"enemies":"2 Thieves","floor":20.0,"turns":4.0},{"damage":9.0,"enemies":"3 Cultists","floor":22.0,"turns":6.0},{"damage":11.0,"enemies":"Slavers","floor":24.0,"turns":8.0},{"damage":7,"enemies":"Cultist and Chosen","floor":27,"turns":4},{"damage":53,"enemies":"Automaton","floor":33,"turns":10},{"damage":2,"enemies":"3 Shapes","floor":35,"turns":5},{"damage":3,"enemies":"Orb Walker","floor":38,"turns":3},{"damage":5,"enemies":"Jaw Worm Horde","floor":39,"turns":5},{"damage":22,"enemies":"Giant Head","floor":40,"turns":7},{"damage":0,"enemies":"Sphere and 2 Shapes","floor":46,"turns":4},{"damage":0,"enemies":"Transient","floor":47,"turns":5},{"damage":34,"enemies":"Time Eater","floor":50,"turns":11},{"damage":12,"enemies":"Shield and Spear","floor":54,"turns":12},{"damage":22,"enemies":"The Heart","floor":55,"turns":9}],"seed_played":"-5932917420164100237","potions_obtained":[{"floor":2.0,"key":"LiquidBronze"},{"floor":2.0,"key":"SteroidPotion"},{"floor":4.0,"key":"Fire Potion"},{"floor":10.0,"key":"FairyPotion"},{"floor":16.0,"key":"EssenceOfSteel"},{"floor":22.0,"key":"Block Potion"},{"floor":27,"key":"FairyPotion"},{"floor":38,"key":"Block Potion"}],"is_trial":false,"path_per_floor":["M","?","M","M","M","R","E","?","T","E","?","M","T","$","R","B",null,"M","?","M","$","M","R","E","?","T","M","T","R","$","?","R","B",null,"M","?","T","M","M","E","$","?","T","$","?","M","M","T","R","B",null,"R","$","E","B",null],"character_chosen":"DEFECT","items_purchased":["Membership Card","DataDisk","Pear","Loop","Capacitor","Medical Kit","Defragment","Runic Capacitor","Bag of Preparation","Ancient Potion"],"campfire_rested":1,"item_purchase_floors":[14,14,30,30,41,41,44,53,53,53],"current_hp_per_floor":[67,67,67,65,60,60,35,24,24,15,8,3,3,3,25,17,75,65,65,55,55,46,46,35,9,9,2,2,2,12,12,12,13,85,83,74,74,71,66,44,44,44,44,44,44,44,44,44,44,10,85,85,85,73,51],"gold":60,"neow_bonus":"UPGRADE_CARD","is_daily":false,"chose_seed":false,"campfire_upgraded":5,"win_rate":0.0,"timestamp":1611455826,"path_taken":["M","?","M","?","M","R","E","?","T","E","?","M","?","?","R","BOSS","M","?","M","$","M","R","E","?","T","M","?","R","?","?","R","BOSS","M","?","?","M","M","E","$","?","T","$","?","?","M","?","R","BOSS","R","$","E","BOSS"],"items_purchased_type":["Relic","Relic","Relic","Card","Card","Relic","Card","Relic","Relic","Potion"],"build_version":"2020-12-22","purchased_purges":5,"victory":true,"max_hp_per_floor":[75,75,75,75,75,75,75,75,75,75,75,75,75,75,75,75,75,75,75,75,75,75,75,75,75,75,75,75,75,85,85,85,85,85,85,85,85,85,85,85,85,85,85,85,85,85,85,85,85,85,85,85,85,85,85],"card_choices":[{"not_picked":["Leap","Turbo"],"picked":"Streamline","floor":1.0},{"not_picked":["Ball Lightning","Steam"],"picked":"Cold Snap","floor":3.0},{"not_picked":["Compile Driver","Meteor Strike"],"picked":"Hologram","floor":4.0},{"not_picked":["Fusion","Compile Driver"],"picked":"Coolheaded","floor":5.0},{"not_picked":["Conserve Battery","Steam Power","Meteor Strike"],"picked":"SKIP","floor":7.0},{"not_picked":["Leap","Stack","Rip and Tear","Rebound"],"picked":"SKIP","floor":10.0},{"not_picked":["Darkness","Barrage","Tempest","Conserve Battery"],"picked":"SKIP","floor":12.0},{"not_picked":["Machine Learning","Fission","Buffer"],"picked":"Core Surge","floor":16.0},{"not_picked":["Redo","Double Energy+1","Reprogram+1"],"picked":"Recycle","floor":18.0},{"not_picked":["Leap","Beam Cell","Rebound"],"picked":"FTL","floor":20.0},{"not_picked":["Hello World","Tempest","Leap"],"picked":"Turbo+1","floor":22.0},{"not_picked":["Self Repair+1","Go for the Eyes","Gash"],"picked":"Thunder Strike","floor":24},{"not_picked":["Beam Cell","Leap","Loop"],"picked":"Ball Lightning","floor":27},{"not_picked":["Core Surge","Thunder Strike","Amplify"],"picked":"Creative AI","floor":33},{"not_picked":["Steam Power","Turbo+1","Coolheaded"],"picked":"Heatsinks+1","floor":35},{"not_picked":["Jack Of All Trades","Deep Breath","Panacea"],"picked":"Finesse","floor":36},{"not_picked":["Compile Driver+1","Stack","Static Discharge","Hologram+1"],"picked":"SKIP","floor":38},{"not_picked":["Darkness+1","Redo+1","Go for the Eyes+1","Rebound"],"picked":"SKIP","floor":39},{"not_picked":["Thunder Strike","Streamline+1","Leap"],"picked":"Loop+1","floor":40},{"not_picked":["Rebound+1","Stack+1","Melter+1","Leap+1"],"picked":"SKIP","floor":46},{"not_picked":["FTL","Compile Driver","Streamline"],"picked":"Glacier+1","floor":47},{"not_picked":["Streamline","BootSequence+1","Doom and Gloom+1","Hologram"],"picked":"SKIP","floor":54}],"player_experience":259006,"relics_obtained":[{"floor":7.0,"key":"Question Card"},{"floor":9.0,"key":"Ice Cream"},{"floor":10.0,"key":"Lizard Tail"},{"floor":13.0,"key":"Tiny Chest"},{"floor":24,"key":"Bottled Lightning"},{"floor":26,"key":"Bag of Marbles"},{"floor":28,"key":"HornCleat"},{"floor":40,"key":"Ornamental Fan"},{"floor":43,"key":"Bottled Tornado"},{"floor":48,"key":"Boot"},{"floor":54,"key":"Art of War"}],"event_choices":[{"damage_healed":0.0,"max_hp_gain":0.0,"max_hp_loss":0.0,"gold_gain":0.0,"event_name":"The Woman in Blue","player_choice":"Bought 2 Potions","floor":2.0,"gold_loss":0.0,"damage_taken":0.0},{"damage_healed":0.0,"max_hp_gain":0.0,"max_hp_loss":0.0,"gold_gain":75.0,"event_name":"World of Goop","player_choice":"Gather Gold","floor":8.0,"gold_loss":0.0,"damage_taken":11.0},{"cards_removed":["Strike_B"],"damage_healed":0.0,"max_hp_gain":0.0,"max_hp_loss":0.0,"gold_gain":0.0,"event_name":"Golden Wing","player_choice":"Card Removal","floor":11.0,"gold_loss":0.0,"damage_taken":7.0},{"damage_healed":0.0,"max_hp_gain":0.0,"max_hp_loss":0.0,"gold_gain":0.0,"event_name":"The Mausoleum","player_choice":"Opened","floor":19.0,"gold_loss":0.0,"damage_taken":0.0,"relics_obtained":["TungstenRod"]},{"damage_healed":0,"gold_gain":180,"player_choice":"GOLD CARD GOLD POTION ","damage_taken":31,"max_hp_gain":0,"max_hp_loss":0,"event_name":"Knowing Skull","floor":25,"potions_obtained":["DuplicationPotion"],"gold_loss":0,"cards_obtained":["Mind Blast"]},{"cards_removed":["Defend_B"],"damage_healed":0,"gold_gain":0,"player_choice":"Elegance","damage_taken":0,"max_hp_gain":0,"max_hp_loss":0,"event_name":"Back to Basics","floor":31,"gold_loss":0},{"damage_healed":0,"gold_gain":0,"player_choice":"Memory 3","damage_taken":10,"max_hp_gain":0,"max_hp_loss":0,"event_name":"SensoryStone","floor":36,"gold_loss":0},{"damage_healed":0,"gold_gain":0,"player_choice":"Ignored","damage_taken":0,"max_hp_gain":0,"max_hp_loss":0,"event_name":"Tomb of Lord Red Mask","floor":42,"gold_loss":0},{"damage_healed":0,"gold_gain":100,"player_choice":"Pray","damage_taken":0,"max_hp_gain":0,"max_hp_loss":0,"event_name":"Golden Shrine","floor":45,"gold_loss":0}],"is_beta":false,"boss_relics":[{"not_picked":["FrozenCore","Sozu"],"picked":"Coffee Dripper"},{"not_picked":["Runic Pyramid","Velvet Choker"],"picked":"SacredBark"}],"items_purged_floors":[14,21,30,41,53],"is_endless":false,"potions_floor_spawned":[4,10,16,22,27,38],"ascension_level":0}}