{"host":"6706kntd0vtj8hnw","time":1611478017,"event":{"mods":["BaseMod","Colored Powertips","Downfall","Hermit","HololiveMod","Hubris","Infinite Spire","KinomotoSakuraMod(????)","Mad Scientist","Marisa????????","Minty Spire (QoL Compilation)","Quick Restart","StSLib","The Blackbeard","The Forsaken","The Hierophant","The Senshi","The Wild Card"],"gold_per_floor":[114,114,114,130,150,150,150,7,7,7,7,21,31,50,50,148,198,216,216,229,255,266,298,318,333,358,369,369,369,369],"floor_reached":28,"language":"ENG","playtime":1831,"items_purged":[],"score":234,"play_id":"cce78670-170b-4785-b539-cac9744a9584","local_time":"20210124004657","is_ascension_mode":false,"campfire_choices":[{"data":"blackbeard:TheDrunkenSailor","floor":6,"key":"SMITH"},{"data":"theWildCard:Metatron","floor":15,"key":"SMITH"}],"circlet_count":0,"master_deck":["Hololive_Thief+1","blackbeard:BlackbeardStrike","blackbeard:BlackbeardStrike","blackbeard:BlackbeardStrike","blackbeard:BlackbeardStrike+1","blackbeard:IntimidatingStrike","blackbeard:BlackbeardDefend","blackbeard:BlackbeardDefend","blackbeard:BlackbeardDefend","blackbeard:BlackbeardDefend","blackbeard:Cutlass","blackbeard:PiratesWill","theWildCard:Metatron+1","blackbeard:Anchor","blackbeard:TheDrunkenSailor+1","blackbeard:FishingNets","blackbeard:CatONineTails","blackbeard:Sword","blackbeard:HumongousCannonball","blackbeard:Sharpening","blackbeard:CatONineTails","blackbeard:Spear","blackbeard:ArmorUp","blackbeard:Spear","blackbeard:PiratesWill+1","blackbeard:Eyepatch","blackbeard:RearmingStrike"],"relics":["blackbeard:LoadTheCannons","Incense Burner","hubris:Icosahedron","Membership Card","theForsaken:ScaryMask","Ancient Tea Set","Tiny House","Bottled Flame","blackbeard:LoadTheGoldenCannons","infinitespire:PuzzleCube","Potion Belt","Oddly Smooth Stone"],"acts_visited":["Exordium","TheCity"],"potions_floor_usage":[16,16,18,20,20,22,23,24],"damage_taken":[{"damage":3,"enemies":"Jaw Worm","floor":1,"turns":2},{"damage":0,"enemies":"2 Louse","floor":4,"turns":2},{"damage":0,"enemies":"Small Slimes","floor":5,"turns":2},{"damage":0,"enemies":"3 Louse","floor":12,"turns":2},{"damage":0,"enemies":"Lots of Slimes","floor":13,"turns":1},{"damage":3,"enemies":"Red Slaver","floor":14,"turns":3},{"damage":36,"enemies":"Hexaghost","floor":16,"turns":9},{"damage":8,"enemies":"Chosen","floor":18,"turns":4},{"damage":35,"enemies":"Shell Parasite","floor":20,"turns":5},{"damage":10,"enemies":"Chosen and Byrds","floor":22,"turns":3},{"damage":49,"enemies":"Slavers","floor":23,"turns":4},{"damage":23,"enemies":"Shelled Parasite and Fungi","floor":24,"turns":4},{"damage":9,"enemies":"Snecko","floor":25,"turns":5},{"damage":10,"enemies":"Chosen and Byrds","floor":27,"turns":4},{"damage":54,"enemies":"Nightmare","floor":28,"turns":5}],"seed_played":"-6308480944768771815","potions_obtained":[{"floor":5,"key":"BlessingOfTheForge"},{"floor":13,"key":"blackbeard:OrangeJuicePotion"},{"floor":14,"key":"Weak Potion"},{"floor":16,"key":"blackbeard:OrangeJuicePotion"},{"floor":17,"key":"LiquidBronze"},{"floor":18,"key":"ColorlessPotion"},{"floor":20,"key":"champ:CounterPotion"},{"floor":22,"key":"Strength Potion"}],"is_trial":false,"path_per_floor":["M","?","?","M","M","R","?","$","T","?","$","M","M","M","R","B",null,"M","AVR","M","T","M","E","M","M","T","M","NM"],"character_chosen":"BLACKBEARD_CLASS","items_purchased":["Membership Card"],"campfire_rested":0,"item_purchase_floors":[8],"current_hp_per_floor":[79,79,79,79,79,79,79,79,79,79,79,79,79,76,76,56,87,79,79,60,60,50,1,64,55,55,45,0,0,0],"gold":369,"neow_bonus":"TEN_PERCENT_HP_BONUS","is_daily":false,"chose_seed":false,"campfire_upgraded":2,"win_rate":0.0,"timestamp":1611478017,"path_taken":["M","?","?","M","M","R","?","$","T","?","$","M","?","M","R","BOSS","M","AVR","M","?","M","E","M","M","T","M","NM"],"items_purchased_type":["Relic"],"build_version":"2020-12-22","purchased_purges":0,"victory":false,"max_hp_per_floor":[82,82,82,82,82,82,82,82,82,82,82,82,82,82,82,82,87,87,87,87,87,87,87,87,87,87,87,87,87,87],"card_choices":[{"not_picked":["blackbeard:RearmingStrike","blackbeard:Sharpening"],"picked":"blackbeard:PiratesWill","floor":1},{"not_picked":["blackbeard:CloakAndCannonball","blackbeard:BrownPants"],"picked":"blackbeard:Anchor","floor":4},{"not_picked":["blackbeard:RearmingStrike","blackbeard:FieryDefense"],"picked":"blackbeard:TheDrunkenSailor","floor":5},{"not_picked":["blackbeard:GoldenDefense","blackbeard:Boarding"],"picked":"blackbeard:FishingNets","floor":12},{"not_picked":["blackbeard:BlindAttacks","blackbeard:SmithingHammer"],"picked":"blackbeard:CatONineTails","floor":13},{"not_picked":["blackbeard:PiratesWill","blackbeard:WiseDefense"],"picked":"blackbeard:Sword","floor":14},{"not_picked":["blackbeard:CaptainsHat","blackbeard:MegaUpgrade"],"picked":"blackbeard:HumongousCannonball","floor":16},{"not_picked":["blackbeard:DoubleBottom","blackbeard:PiratesWill"],"picked":"blackbeard:Sharpening","floor":17},{"not_picked":["blackbeard:DeadlyArsenal","blackbeard:TacticalRetreat"],"picked":"blackbeard:CatONineTails","floor":18},{"not_picked":["blackbeard:BlindAttacks","blackbeard:Shrapnel"],"picked":"blackbeard:Spear","floor":20},{"not_picked":["blackbeard:ChaoticDefense","blackbeard:Anchor"],"picked":"blackbeard:ArmorUp","floor":22},{"not_picked":["blackbeard:Shrapnel","blackbeard:Toast"],"picked":"blackbeard:Spear","floor":23},{"not_picked":["blackbeard:BlindAttacks","blackbeard:GoldenDefense+1"],"picked":"blackbeard:PiratesWill+1","floor":24},{"not_picked":["blackbeard:Toast","blackbeard:DeadlyArsenal"],"picked":"blackbeard:Eyepatch","floor":25},{"not_picked":["blackbeard:BlindAttacks","blackbeard:Fencing"],"picked":"blackbeard:RearmingStrike","floor":27}],"player_experience":274624,"relics_obtained":[{"floor":3,"key":"Incense Burner"},{"floor":9,"key":"theForsaken:ScaryMask"},{"floor":21,"key":"infinitespire:PuzzleCube"},{"floor":23,"key":"Potion Belt"},{"floor":26,"key":"Oddly Smooth Stone"}],"event_choices":[{"damage_healed":0,"gold_gain":0,"player_choice":"Gave Potion","damage_taken":0,"relics_obtained":["Ancient Tea Set"],"max_hp_gain":0,"max_hp_loss":0,"event_name":"WeMeetAgain","floor":10,"gold_loss":0}],"is_beta":false,"boss_relics":[{"not_picked":["hubris:GrandSneckoEye","hubris:CrackedHourglass"],"picked":"Tiny House"}],"items_purged_floors":[],"is_endless":false,"potions_floor_spawned":[5,13,14,16,18,20,22],"killed_by":"Nightmare","ascension_level":0}}