{"host":"rn4c402gwd40h2z6","time":1611487525,"event":{"mods":["100% Spire Juice","AchievementEnabler","Act Like it!","Alarm Clock","BaseMod","CapriCore","Challenge The Spire","Data Control","Downfall","Gensokyo","Good Game Mod","Hallownest","KinomotoSakuraMod(Ä¾Ö®±¾Ó£)","Koishi","Lobotomy","LobotomyExtend","Marisa£¨ìFÓê¡¡Ä§ÀíÉ³£©","Minty Spire (QoL Compilation)","Pale of the Ancients","Quick Restart","Random Character Button","Reimu£¨²©ÀöÁéÃÎ£©","Relic Filter Mod","Remilia£¨ÀÙÃ×ÀòÑÇ£©","Replay The Spire","RumiaBox-Â¶Ã×æ«µÄÉñÃØºÐ×Ó","StSLib","Td1madao Mod","The Administrix","The Alterego","The Bug Knight","The Cursed","The Immortal","The Saiyan","The Senshi","Yakumo Yukari mod","Youmu£¨»êÆÇÑýÃÎ£©","Yuyuko","noobMod","vexMod","¡¾¹¦ÄÜMod¡¿»ìãçÖ®»·ÐÞ¸´²¹¶¡"],"gold_per_floor":[9999,10016,9999,9999,9999,10013,9999,10010,10010,10036,10026,10024,10010,10010,10027,10010,10010,10010,10030,10029,10010,10010,10026,10010,10010,10022,10020,10045,10024,10010,10010,10030,10010,10010,10072,10029,10010,10010,10010,10010,10027,10039,10010,10010,10036,9423,10010,10021,10010,10021,10023,10023],"floor_reached":53,"language":"ZHS","playtime":6147,"items_purged":["bronze:Defend"],"score":1299,"play_id":"417d5afa-057e-413e-9041-1eee0788dc65","local_time":"20210124192525","is_ascension_mode":true,"campfire_choices":[{"floor":13.0,"key":"RECALL"},{"data":"bronze:NullPointer","floor":25.0,"key":"SMITH"},{"data":"bronze:NullPointer","floor":30.0,"key":"SMITH"},{"data":"bronze:AlphaBuild","floor":49.0,"key":"SMITH"}],"circlet_count":0,"master_deck":["bronze:Replicate","bronze:Goto+1","bronze:Deprecate","bronze:WildBeam","bronze:Invalidate","bronze:Branch","bronze:NullPointer+1","bronze:ChildClass+1","bronze:Flail+1","bronze:Frontload","bronze:WildBeam","bronze:Branch","bronze:AlphaBuild+1","bronze:Overheat","bronze:Constructor+1","bronze:BronzeOrb","bronze:Frontload","bronze:InfiniteLoop","bronze:FollowUp","bronze:NullPointer+1","bronze:WildBeam","bronze:Repair+1","bronze:Separator","ZunPunch:ReiMu","bronze:InfiniteLoop","bronze:Break","bronze:NullPointer","bronze:DigitalCarnage","bronze:Verify","bronze:ClassDefault+1","bronze:FollowUp+1","bronze:MaxOutput","bronze:NullPointer","bronze:DigitalCarnage","bronze:Iterate+1","bronze:Invalidate","Thinking Ahead","Flash of Steel","Master of Strategy","bronze:Flail+1"],"relics":["bronze:BronzeCore","REME:ComplimentaryCards","ice","hexamod:CandleOfCauterizing","downfall:HeartBlessingGreen","bronze:BottledCode","vexMod:CursedCompass","downfall:HeartBlessingRed","Mango","Ornamental Fan","Toolbox","HollowMod:PaleOreRelic","Snack Pack","Pandora\u0027s Box","CatCart","Oddly Smooth Stone","Happy Flower","HornCleat","Chameleon Ring","vexMod:MemoryStick","ReplayTheSpireMod:ShopPack"],"acts_visited":["Exordium","TheCity","TheBeyond"],"potions_floor_usage":[],"damage_taken":[{"damage":0.0,"enemies":"2 Louse","floor":2.0,"turns":3.0},{"damage":12.0,"enemies":"Jaw Worm","floor":6.0,"turns":2.0},{"damage":0.0,"enemies":"Small Slimes","floor":8.0,"turns":2.0},{"damage":4.0,"enemies":"Gremlin Nob","floor":10.0,"turns":3.0},{"damage":5.0,"enemies":"Red Slaver","floor":11.0,"turns":2.0},{"damage":0.0,"enemies":"Large Slime","floor":12.0,"turns":2.0},{"damage":0.0,"enemies":"Exordium Wildlife","floor":15.0,"turns":1.0},{"damage":0.0,"enemies":"SI_SHIV_ARCHETYPE","floor":16.0,"turns":4.0},{"damage":0.0,"enemies":"3 Byrds","floor":19.0,"turns":1.0},{"damage":0.0,"enemies":"Snecko","floor":20.0,"turns":2.0},{"damage":0.0,"enemies":"downfall:FleeingMerchant","floor":21.0,"turns":4.0},{"damage":0.0,"enemies":"3 Cultists","floor":23.0,"turns":3.0},{"damage":0.0,"enemies":"Centurion and Healer","floor":26.0,"turns":2.0},{"damage":0.0,"enemies":"Snake Plant","floor":27.0,"turns":2.0},{"damage":0.0,"enemies":"HollowMod:Nosk","floor":28.0,"turns":3.0},{"damage":0.0,"enemies":"Shelled Parasite and Fungi","floor":29.0,"turns":1.0},{"damage":0.0,"enemies":"Snecko","floor":32.0,"turns":2.0},{"damage":0.0,"enemies":"IC_MUSHROOM_ARCHETYPE","floor":33.0,"turns":2.0},{"damage":0.0,"enemies":"Orb Walker","floor":36.0,"turns":1.0},{"damage":0.0,"enemies":"Orin","floor":40.0,"turns":4.0},{"damage":0.0,"enemies":"3 Darklings","floor":41.0,"turns":2.0},{"damage":0.0,"enemies":"Nemesis","floor":42.0,"turns":3.0},{"damage":0.0,"enemies":"Reptomancer","floor":45.0,"turns":1.0},{"damage":0.0,"enemies":"downfall:FleeingMerchant","floor":46.0,"turns":1.0},{"damage":2.0,"enemies":"Sphere and 2 Shapes","floor":48.0,"turns":2.0},{"damage":6.0,"enemies":"4 Shapes","floor":50.0,"turns":2.0},{"damage":0.0,"enemies":"3 Darklings","floor":51.0,"turns":1.0},{"damage":0,"enemies":"WA_ARCHETYPE_DIVINITY","floor":52,"turns":2}],"seed_played":"4733692435818961499","potions_obtained":[{"floor":2.0,"key":"bronze:FreeFunctionsPotion"},{"floor":4.0,"key":"Flashbang"},{"floor":11.0,"key":"LiquidMemories"}],"is_trial":false,"path_per_floor":["R","M","?","?","?","M","T","M","?","E","M","M","R","?","M","B",null,"R","M","M","$","?","M","T","R","M","M","E","M","R","?","M","B",null,"R","M","?","PTL","PTL","?","M","E","T","?","E","$","R","M","R","M","M","B",null],"character_chosen":"THE_AUTOMATON","items_purchased":["bronze:Frontload","Mango","bronze:DelayedSlice","Ornamental Fan","Toolbox","Chameleon Ring","vexMod:MemoryStick","ReplayTheSpireMod:ShopPack","bronze:Invalidate"],"campfire_rested":0,"item_purchase_floors":[21,21,21,21,21,46,46,46,46],"current_hp_per_floor":[70,70,70,70,70,58,58,58,58,54,49,49,49,49,49,49,60,60,60,60,74,74,74,74,74,74,74,74,74,74,74,74,74,74,74,74,83,83,83,83,83,83,83,83,83,83,83,83,83,81,83,83],"gold":10023,"neow_bonus":"UPGRADE_CARD","is_daily":false,"chose_seed":false,"campfire_upgraded":3,"win_rate":0.0,"timestamp":1611487525,"path_taken":["R","M","?","?","?","?","T","M","?","E","M","M","R","?","M","BOSS","R","M","M","$","?","M","T","R","?","M","E","M","R","?","M","BOSS","R","M","?","PTL","PTL","?","M","E","T","?","E","$","R","M","R","M","M","BOSS"],"items_purchased_type":["Card","Relic","Card","Relic","Relic","Relic","Relic","Relic","Card"],"build_version":"2020-12-22","purchased_purges":1,"victory":true,"max_hp_per_floor":[70,70,70,70,70,70,70,70,70,70,70,70,70,60,60,60,60,60,60,60,74,74,74,74,74,74,74,74,74,74,74,74,74,74,74,74,83,83,83,83,83,83,83,83,83,83,83,83,83,83,83,83],"card_choices":[{"not_picked":["bronze:Optimize","bronze:Backtrace"],"picked":"bronze:WildBeam","floor":2.0},{"not_picked":["bronze:BuggyMess","bronze:ClassDefault"],"picked":"bronze:Invalidate","floor":4.0},{"not_picked":["bronze:Invalidate","bronze:BitShift"],"picked":"bronze:Branch","floor":6.0},{"not_picked":["bronze:Constructor","bronze:Invalidate"],"picked":"bronze:NullPointer","floor":8.0},{"not_picked":["bronze:WhirlingStrike","bronze:ShipIt"],"picked":"bronze:Flail","floor":10.0},{"not_picked":["bronze:Backtrace","bronze:DelayedSlice"],"picked":"bronze:Frontload","floor":11.0},{"not_picked":["bronze:Iterate","bronze:Safeguard"],"picked":"bronze:WildBeam","floor":12.0},{"not_picked":["bronze:FineTuning","bronze:InfiniteBeams"],"picked":"bronze:Branch","floor":15.0},{"not_picked":["bronze:InfiniteLoop","bronze:SpaghettiCode"],"picked":"bronze:AlphaBuild","floor":16.0},{"not_picked":["bronze:Separator","bronze:OilSpill+1"],"picked":"bronze:Overheat","floor":19.0},{"not_picked":["bronze:BugBarrage","bronze:ChildClass"],"picked":"bronze:Constructor+1","floor":20.0},{"not_picked":["bronze:Boost","bronze:Shield"],"picked":"bronze:BronzeOrb","floor":21.0},{"not_picked":["bronze:ForceShield","bronze:BronzeArmor"],"picked":"bronze:FollowUp","floor":23.0},{"not_picked":["bronze:Refactor+1","bronze:FineTuning"],"picked":"bronze:NullPointer","floor":26.0},{"not_picked":["bronze:Repair","bronze:Frontload+1"],"picked":"bronze:WildBeam","floor":27.0},{"not_picked":["bronze:Shield","bronze:Overload"],"picked":"bronze:Repair+1","floor":28.0},{"not_picked":["bronze:DelayedGuard","bronze:WhirlingStrike"],"picked":"bronze:Separator","floor":29.0},{"not_picked":["bronze:FineTuning","bronze:Frontload"],"picked":"bronze:InfiniteLoop","floor":32.0},{"not_picked":["bronze:ShipIt","bronze:TinkerersToolbox"],"picked":"bronze:Break","floor":33.0},{"not_picked":["bronze:FineTuning+1","bronze:BugBarrage+1"],"picked":"bronze:ClassDefault+1","floor":36.0},{"not_picked":["bronze:DelayedSlice+1","bronze:WildBeam"],"picked":"bronze:FollowUp+1","floor":40.0},{"not_picked":["bronze:Constructor+1","bronze:FineTuning","bronze:Terminator"],"picked":"SKIP","floor":41.0},{"not_picked":["bronze:Frontload+1","bronze:BitShift"],"picked":"bronze:MaxOutput","floor":42.0},{"not_picked":["bronze:FollowUp","bronze:Allocate+1"],"picked":"bronze:DigitalCarnage","floor":45.0},{"not_picked":["bronze:InfiniteBeams","bronze:TinkerersToolbox"],"picked":"bronze:Iterate+1","floor":46.0},{"not_picked":["Poisoned Strike","The Bomb"],"picked":"Thinking Ahead","floor":46.0},{"not_picked":["Replay:Sssssssssstrike","Bandage Up"],"picked":"Flash of Steel","floor":46.0},{"not_picked":["The Bomb","HandOfGreed"],"picked":"Master of Strategy","floor":46.0},{"not_picked":["bronze:FollowUp","bronze:Refactor"],"picked":"bronze:Flail+1","floor":48.0},{"not_picked":["bronze:Optimize","bronze:BuggyMess","bronze:DelayedGuard+1"],"picked":"SKIP","floor":50.0},{"not_picked":["bronze:ForceShield+1","bronze:CutThrough+1","bronze:Terminator+1"],"picked":"SKIP","floor":51.0}],"player_experience":59115,"relics_obtained":[{"floor":4.0,"key":"Quantum Egg"},{"floor":10.0,"key":"hexamod:CandleOfCauterizing"},{"floor":24.0,"key":"HollowMod:PaleOreRelic"},{"floor":28.0,"key":"Snack Pack"},{"floor":40.0,"key":"CatCart"},{"floor":42.0,"key":"Oddly Smooth Stone"},{"floor":43.0,"key":"Happy Flower"},{"floor":45.0,"key":"HornCleat"}],"event_choices":[{"cards_removed":["bronze:Defend"],"damage_healed":0.0,"max_hp_gain":0.0,"max_hp_loss":0.0,"gold_gain":0.0,"event_name":"The Cleric","player_choice":"Card Removal","floor":3.0,"gold_loss":0.0,"damage_taken":0.0},{"damage_healed":0.0,"max_hp_gain":0.0,"max_hp_loss":0.0,"gold_gain":0.0,"event_name":"ZunEvent","player_choice":"½»³öÉñ¾Æ","floor":31.0,"relics_lost":["ZunR:ReiMu"],"gold_loss":0.0,"damage_taken":0.0,"cards_obtained":["ZunPunch:ReiMu"]},{"damage_healed":0.0,"max_hp_gain":0.0,"max_hp_loss":0.0,"gold_gain":0.0,"event_name":"OrinTheCat","player_choice":"Fight","floor":40.0,"gold_loss":0.0,"damage_taken":0.0}],"is_beta":false,"boss_relics":[{"not_picked":["Black Star","SlaversCollar"],"picked":"vexMod:CursedCompass"},{"not_picked":["Empty Cage","Cursed Key"],"picked":"Pandora\u0027s Box"}],"items_purged_floors":[21],"is_endless":false,"potions_floor_spawned":[2,11,12,23,26,27,32,36,42,48],"ascension_level":1}}