{"host":"djnckld4u602t245","time":1611490398,"event":{"mods":["AchievementEnabler","Act Like it!","Arknights The Spire","Ascension Unlocker","Bard","BaseMod","Better Altar","Better Match","Better Sensory Stone","Better Skull","Better Third Choice","Better Vampires","BetterRewards","Dota2Spire","Downfall","Hallownest","Hermit","Minty Spire (QoL Compilation)","Permanent Neow","Quick Restart","Remove Card Discount Mod","StSLib","The Bug Knight","The Marked","The Problem Sleuth","Virulent Crown"],"gold_per_floor":[115,115,132,143,161,191,191,225,225,225,239,239,239,254,254,254,254],"floor_reached":16,"language":"ENG","playtime":642,"items_purged":[],"score":112,"play_id":"444d3a75-b024-4a27-b8df-6cca72d1daac","local_time":"20210124151318","is_ascension_mode":false,"campfire_choices":[{"data":"ats:Demon Strength","floor":7,"key":"SMITH"},{"data":"ats:Soul Absorption","floor":10,"key":"SMITH"},{"floor":12,"key":"REST"},{"data":"ats:Powerful Strike","floor":15,"key":"SMITH"}],"circlet_count":0,"master_deck":["ats:Strike C","ats:Strike G","ats:Strike S","ats:Armor Crushing Shot","ats:Defend","ats:Defend","ats:Defend","ats:Emotion Absorption","ats:Consecutive Shot Auto","ats:Demon Strength+1","ats:Consecutive Shot Auto","ats:Powerful Strike+1","ats:Soul Absorption+1","ats:Explosion Area Strengthen","Good Instincts","ats:Flexible Camouflage"],"relics":["ats:Sanity","ats:Originium","Dota2Spire:ArmletOfMordiggian","Akabeko","Oddly Smooth Stone"],"acts_visited":["Exordium"],"potions_floor_usage":[6,8,11,16,16],"damage_taken":[{"damage":3,"enemies":"2 Louse","floor":1,"turns":3},{"damage":1,"enemies":"Cultist","floor":3,"turns":3},{"damage":1,"enemies":"Jaw Worm","floor":4,"turns":3},{"damage":6,"enemies":"Large Slime","floor":5,"turns":5},{"damage":25,"enemies":"3 Sentries","floor":6,"turns":6},{"damage":27,"enemies":"Gremlin Nob","floor":8,"turns":4},{"damage":4,"enemies":"Gremlin Gang","floor":11,"turns":2},{"damage":6,"enemies":"Blue Slaver","floor":14,"turns":3},{"damage":33,"enemies":"The Guardian","floor":16,"turns":9}],"seed_played":"8140030895626947822","potions_obtained":[{"floor":1,"key":"Dota2Spire:HealingSalve"},{"floor":4,"key":"FearPotion"},{"floor":8,"key":"Fire Potion"},{"floor":11,"key":"SneckoOil"},{"floor":14,"key":"EntropicBrew"}],"is_trial":false,"path_per_floor":["M","?","M","M","M","E","R","E","T","R","M","R","?","M","R","B"],"character_chosen":"DOCTOR_CLASS","items_purchased":[],"campfire_rested":1,"item_purchase_floors":[],"current_hp_per_floor":[69,69,68,67,61,48,48,21,21,21,17,38,38,32,32,0,0],"gold":254,"neow_bonus":"TRANSFORM_CARD","is_daily":false,"chose_seed":false,"campfire_upgraded":3,"win_rate":0.0,"timestamp":1611490398,"path_taken":["M","?","?","M","M","E","R","E","T","R","M","R","?","M","R","BOSS"],"items_purchased_type":[],"build_version":"2020-12-22","purchased_purges":0,"victory":false,"max_hp_per_floor":[72,72,72,72,72,72,72,72,72,72,72,72,72,72,72,72,72],"card_choices":[{"not_picked":["ats:Support Order","ats:Leaping Hammer","ats:Curse Doll"],"picked":"SKIP","floor":1},{"not_picked":["ats:Revitalization","ats:Curse Doll"],"picked":"ats:Demon Strength","floor":3},{"not_picked":["ats:Curse Doll","ats:Guardian Obelisk","ats:Assault Order"],"picked":"SKIP","floor":4},{"not_picked":["ats:Thermite Blade","ats:Curse Doll"],"picked":"ats:Consecutive Shot Auto","floor":5},{"not_picked":["ats:Rapid Magazine","ats:Song Of Battle"],"picked":"ats:Powerful Strike","floor":6},{"not_picked":["ats:Assault Order","ats:Counter Healing Mode"],"picked":"ats:Soul Absorption","floor":8},{"not_picked":["ats:Healing Strengthening","ats:Assault Order"],"picked":"ats:Explosion Area Strengthen","floor":11},{"not_picked":["Chrysalis","Forethought"],"picked":"Good Instincts","floor":13},{"not_picked":["ats:Ignite","ats:Guard Mode"],"picked":"ats:Flexible Camouflage","floor":14}],"player_experience":704949,"relics_obtained":[{"floor":6,"key":"ats:Originium"},{"floor":6,"key":"Dota2Spire:ArmletOfMordiggian"},{"floor":8,"key":"ats:Originium"},{"floor":8,"key":"Akabeko"},{"floor":9,"key":"Oddly Smooth Stone"}],"event_choices":[{"cards_removed":["ats:Defend"],"damage_healed":0,"gold_gain":0,"player_choice":"Offered Basic","damage_taken":0,"max_hp_gain":0,"max_hp_loss":0,"event_name":"Bonfire Elementals","floor":2,"gold_loss":0},{"damage_healed":0,"gold_gain":1,"player_choice":"1","damage_taken":0,"max_hp_gain":0,"max_hp_loss":0,"event_name":"betterStone:BetterStone","floor":13,"gold_loss":0}],"is_beta":false,"boss_relics":[],"items_purged_floors":[],"is_endless":false,"potions_floor_spawned":[1,4,8,11,14],"killed_by":"The Guardian","ascension_level":0}}