{"host":"c5ukdwo3xwa4ucd0","time":1611451122,"event":{"mods":["AchievementEnabler","BaseMod","Colored Powertips","Minty Spire (QoL Compilation)","Quick Restart"],"gold_per_floor":[110,110,73,73,84,84,4,4,29,29,55,55,71,85,85,187,187],"floor_reached":16,"language":"ENG","playtime":805,"items_purged":[],"score":138,"play_id":"9542df4a-574e-482f-8cfd-629733c3bfad","local_time":"20210124021842","is_ascension_mode":false,"campfire_choices":[{"data":"True Grit","floor":6.0,"key":"SMITH"},{"data":"Inflame","floor":8.0,"key":"SMITH"},{"data":"Iron Wave","floor":12.0,"key":"SMITH"},{"floor":15,"key":"REST"}],"circlet_count":0,"master_deck":["Strike_R","Strike_R","Strike_R","Strike_R","Strike_R","Defend_R","Defend_R","Defend_R","Defend_R","Bash","Shrug It Off","True Grit+1","Feel No Pain","Shrug It Off","Inflame+1","Iron Wave+1","Flex","Clothesline"],"relics":["Burning Blood","Ancient Tea Set","Toy Ornithopter","Odd Mushroom"],"acts_visited":["Exordium"],"potions_floor_usage":[],"damage_taken":[{"damage":9.0,"enemies":"Jaw Worm","floor":1.0,"turns":4.0},{"damage":0.0,"enemies":"Small Slimes","floor":5.0,"turns":4.0},{"damage":16.0,"enemies":"The Mushroom Lair","floor":11.0,"turns":6.0},{"damage":0.0,"enemies":"2 Louse","floor":13.0,"turns":3.0},{"damage":4.0,"enemies":"Blue Slaver","floor":14.0,"turns":5.0},{"damage":76,"enemies":"The Guardian","floor":16,"turns":13}],"seed_played":"6254548268347466084","potions_obtained":[{"floor":14.0,"key":"LiquidBronze"},{"floor":16,"key":"Weak Potion"}],"is_trial":false,"path_per_floor":["M","?","$","?","M","R","$","R","T","$","?","R","M","M","R","B"],"character_chosen":"IRONCLAD","items_purchased":["Feel No Pain","Inflame"],"campfire_rested":1,"item_purchase_floors":[3,7],"current_hp_per_floor":[77,65,65,65,71,71,71,71,71,71,61,61,67,69,80,10,10],"gold":187,"neow_bonus":"THREE_CARDS","is_daily":false,"chose_seed":false,"campfire_upgraded":3,"win_rate":0.0,"timestamp":1611451122,"path_taken":["M","?","$","?","M","R","?","R","T","$","?","R","?","M","R","BOSS"],"items_purchased_type":["Card","Card"],"build_version":"2020-12-22","purchased_purges":0,"victory":false,"max_hp_per_floor":[80,80,80,80,80,80,80,80,80,80,80,80,80,80,80,80,80],"card_choices":[{"not_picked":["Perfected Strike","Rupture"],"picked":"Shrug It Off","floor":0.0},{"not_picked":["Iron Wave","Power Through"],"picked":"True Grit","floor":1.0},{"not_picked":["Havoc","Flame Barrier"],"picked":"Shrug It Off","floor":5.0},{"not_picked":["Warcry","Shockwave"],"picked":"Iron Wave","floor":11.0},{"not_picked":["Combust","Perfected Strike"],"picked":"Flex","floor":13.0},{"not_picked":["Warcry","Blood for Blood"],"picked":"Clothesline","floor":14.0}],"player_experience":311631,"relics_obtained":[{"floor":9.0,"key":"Toy Ornithopter"},{"floor":11.0,"key":"Odd Mushroom"}],"event_choices":[{"damage_healed":0.0,"max_hp_gain":0.0,"max_hp_loss":0.0,"gold_gain":0.0,"event_name":"Scrap Ooze","player_choice":"Success","floor":2.0,"gold_loss":0.0,"damage_taken":12.0,"relics_obtained":["Ancient Tea Set"]},{"damage_healed":0.0,"max_hp_gain":0.0,"max_hp_loss":0.0,"gold_gain":0.0,"event_name":"Golden Idol","player_choice":"Ignored","floor":4.0,"gold_loss":0.0,"damage_taken":0.0},{"damage_healed":0.0,"max_hp_gain":0.0,"max_hp_loss":0.0,"gold_gain":0.0,"event_name":"Mushrooms","player_choice":"Fought Mushrooms","floor":11.0,"gold_loss":0.0,"damage_taken":0.0}],"is_beta":false,"boss_relics":[],"items_purged_floors":[],"is_endless":false,"potions_floor_spawned":[14,16],"killed_by":"The Guardian","ascension_level":0}}