{"host":"mydft8i2zzydgggw","time":1611448998,"event":{"mods":["AchievementEnabler","BaseMod","BetterRewards","Colored Map","Colored Powertips","DeckTracker","Keyboard Shortcuts","Minty Spire (QoL Compilation)","Rare Cards Sparkle","StSLib","SuperFastMode","everything is the same but u backflip on backflip"],"gold_per_floor":[115,126,126,141,203,228,247,297,297,297,367,417,216,232,232,307,307,318,368,378,440,517,517,517,517],"floor_reached":24,"language":"KOR","playtime":580,"items_purged":["Strike_B"],"score":330,"play_id":"13718ce5-f003-4830-ad2f-783a1a162881","local_time":"20210124094318","is_ascension_mode":true,"campfire_choices":[{"data":"Defragment","floor":10,"key":"SMITH"},{"floor":15,"key":"REST"},{"floor":23,"key":"REST"}],"circlet_count":0,"master_deck":["AscendersBane","Strike_B","Strike_B","Defend_B","Defend_B","Defend_B","Defend_B","Zap","Dualcast","Barrage","Defragment+1","Heatsinks","Leap","Sweeping Beam","FTL","Good Instincts","Self Repair","Capacitor","Go for the Eyes","Seek","Coolheaded"],"relics":["Cracked Core","Torii","SsserpentHead","Dead Branch","StrikeDummy","Tiny Chest","Membership Card","Busted Crown","Anchor"],"acts_visited":["Exordium","TheCity"],"potions_floor_usage":[6,7,16,16,21],"damage_taken":[{"damage":1,"enemies":"Cultist","floor":1,"turns":3},{"damage":1,"enemies":"2 Louse","floor":2,"turns":3},{"damage":1,"enemies":"Jaw Worm","floor":4,"turns":3},{"damage":3,"enemies":"Blue Slaver","floor":5,"turns":4},{"damage":22,"enemies":"Lagavulin","floor":6,"turns":8},{"damage":14,"enemies":"Lots of Slimes","floor":7,"turns":3},{"damage":1,"enemies":"Large Slime","floor":11,"turns":5},{"damage":15,"enemies":"Blue Slaver","floor":14,"turns":4},{"damage":20,"enemies":"The Guardian","floor":16,"turns":11},{"damage":10,"enemies":"Chosen","floor":18,"turns":5},{"damage":36,"enemies":"Spheric Guardian","floor":20,"turns":6},{"damage":11,"enemies":"Centurion and Healer","floor":21,"turns":7},{"damage":41,"enemies":"Slavers","floor":24,"turns":3}],"seed_played":"9055900331891082830","potions_obtained":[{"floor":5,"key":"SteroidPotion"},{"floor":6,"key":"DuplicationPotion"},{"floor":7,"key":"FocusPotion"},{"floor":16,"key":"FearPotion"}],"is_trial":false,"path_per_floor":["M","M","?","M","M","E","M","?","T","R","M","?","$","M","R","B",null,"M","?","M","M","T","R","E"],"character_chosen":"DEFECT","items_purchased":["Membership Card","Capacitor","DuplicationPotion"],"campfire_rested":2,"item_purchase_floors":[13,13,13],"current_hp_per_floor":[67,66,66,65,62,40,26,26,26,26,32,25,25,17,37,24,57,54,54,25,21,21,41,0,0],"gold":517,"neow_bonus":"ONE_RARE_RELIC","is_daily":false,"chose_seed":false,"campfire_upgraded":1,"win_rate":0.0,"timestamp":1611448998,"path_taken":["M","M","?","M","?","E","M","?","T","R","?","?","?","M","R","BOSS","M","?","M","?","?","R","E"],"items_purchased_type":["Relic","Card","Potion"],"build_version":"2020-12-22","purchased_purges":1,"victory":false,"max_hp_per_floor":[68,68,68,68,68,68,68,68,68,68,68,68,68,68,68,68,68,68,68,68,68,68,68,68,68],"card_choices":[{"not_picked":["Beam Cell","Scrape"],"picked":"Barrage","floor":1},{"not_picked":["Conserve Battery","Steam"],"picked":"Defragment","floor":2},{"not_picked":["Tempest","BootSequence"],"picked":"Heatsinks","floor":4},{"not_picked":["Recycle","Steam Power"],"picked":"Leap","floor":5},{"not_picked":["Streamline","Ball Lightning"],"picked":"Sweeping Beam","floor":6},{"not_picked":["Conserve Battery","Hologram"],"picked":"FTL","floor":7},{"not_picked":["Stack","Heatsinks","Meteor Strike"],"picked":"SKIP","floor":11},{"not_picked":["Streamline","Barrage"],"picked":"Go for the Eyes","floor":14},{"not_picked":["Hyperbeam","Biased Cognition"],"picked":"Seek","floor":16},{"not_picked":[],"picked":"Coolheaded","floor":18},{"not_picked":["Ball Lightning"],"picked":"SKIP","floor":20},{"not_picked":["Beam Cell"],"picked":"SKIP","floor":21}],"player_experience":203858,"relics_obtained":[{"floor":6,"key":"Dead Branch"},{"floor":9,"key":"StrikeDummy"},{"floor":22,"key":"Anchor"}],"event_choices":[{"damage_healed":0,"gold_gain":0,"player_choice":"Trade","damage_taken":0,"relics_obtained":["SsserpentHead"],"max_hp_gain":0,"max_hp_loss":0,"event_name":"FaceTrader","floor":3,"gold_loss":0},{"damage_healed":0,"gold_gain":0,"player_choice":"2 cards matched","damage_taken":0,"max_hp_gain":0,"max_hp_loss":0,"event_name":"Match and Keep!","floor":8,"gold_loss":0,"cards_obtained":["Good Instincts","Self Repair"]},{"damage_healed":0,"gold_gain":0,"player_choice":"Success","damage_taken":7,"relics_obtained":["Tiny Chest"],"max_hp_gain":0,"max_hp_loss":0,"event_name":"Scrap Ooze","floor":12,"gold_loss":0},{"cards_removed":["Strike_B"],"damage_healed":0,"gold_gain":0,"player_choice":"Offered Basic","damage_taken":0,"max_hp_gain":0,"max_hp_loss":0,"event_name":"Bonfire Elementals","floor":19,"gold_loss":0}],"is_beta":false,"boss_relics":[{"not_picked":["Calling Bell","SacredBark"],"picked":"Busted Crown"}],"items_purged_floors":[13],"is_endless":false,"potions_floor_spawned":[5,6,7,14,16],"killed_by":"Slavers","ascension_level":13}}