{"host":"vzx23wlhlhnhmsyc","time":1611461059,"event":{"mods":["100% Spire Juice","Act Like it!","Arknights The Spire","Aspiration","BaseMod","Friendly Minions","Gensokyo","Minty Spire (QoL Compilation)","Remilia（蕾米莉亚）","Replay The Spire","RumiaBox-露米娅的神秘盒子","StSLib","The Alterego","【功能Mod】混沌之环修复补丁"],"gold_per_floor":[114,14,14,27,27,57,73,97,167,167,167,185,249,71,71,170,170,190,190,206,217,236,268,284,284,284],"floor_reached":25,"language":"ZHS","playtime":3245,"items_purged":[],"score":223,"play_id":"989de9bc-41a6-4a83-b229-3283a6079da1","local_time":"20210124120418","is_ascension_mode":false,"campfire_choices":[{"data":"ats:Healing Drone","floor":10,"key":"SMITH"},{"data":"ats:Curse Doll","floor":15,"key":"SMITH"}],"circlet_count":0,"master_deck":["ats:Strike C","ats:Strike G","ats:Strike S","ats:Strike V","ats:Armor Crushing Shot","ats:Defend","ats:Defend","ats:Defend","ats:Defend","ats:Emotion Absorption","ats:Very Hot Blade","Gensokyo:CrescentMoonSlash","ats:Healing Drone+1","ats:Curse Doll+1","ats:Thermite Blade","ats:Calcification","ats:Poison Spread","ats:Apocalypse","ats:Composite Medical Shells+1","ats:Apocalypse"],"relics":["ats:Sanity","aspiration:FrozenJewel","ats:Originium","Potion Belt","aspiration:Lifesprig","Gensokyo:PortableGap","aspiration:PoetsPen_weak","Gensokyo:Companionship","Pocketwatch","Mummified Hand"],"acts_visited":["Exordium","Gensokyo:Gensokyo"],"potions_floor_usage":[6,6,16,16,16,18,24,24],"damage_taken":[{"damage":1,"enemies":"Gensokyo:Python","floor":1,"turns":4},{"damage":5,"enemies":"Gensokyo:Gryphon","floor":4,"turns":3},{"damage":70,"enemies":"Gensokyo:Aya","floor":6,"turns":13},{"damage":3,"enemies":"Gensokyo:3_Fairies","floor":7,"turns":4},{"damage":2,"enemies":"Gensokyo:2_Rabbits","floor":12,"turns":6},{"damage":85,"enemies":"Gensokyo:Yukari","floor":16,"turns":17},{"damage":31,"enemies":"Gensokyo:3_Dogs","floor":18,"turns":12},{"damage":15,"enemies":"Gensokyo:Chomper","floor":20,"turns":5},{"damage":40,"enemies":"Gensokyo:Wraith","floor":21,"turns":5},{"damage":33,"enemies":"Gensokyo:Chomper_and_Gloop","floor":22,"turns":7},{"damage":28,"enemies":"Gensokyo:Koishi","floor":23,"turns":6},{"damage":3,"enemies":"Gensokyo:3_Gloops","floor":24,"turns":3},{"damage":64,"enemies":"Gensokyo:Tenshi","floor":25,"turns":3}],"seed_played":"6393154804832280750","potions_obtained":[{"floor":1,"key":"Swift Potion"},{"floor":4,"key":"Block Potion"},{"floor":13,"key":"Languid Potion"},{"floor":13,"key":"SkillPotion"},{"floor":13,"key":"Ancient Potion"},{"floor":16,"key":"Weak Potion"},{"floor":18,"key":"DuplicationPotion"},{"floor":22,"key":"Adrenaline Potion"},{"floor":24,"key":"Energy Potion"}],"is_trial":false,"path_per_floor":["M","?","?","M","?","E","M","T","T","R","?","M","?","COS","R","B",null,"M","?","M","M","M","E","M","E"],"character_chosen":"DOCTOR_CLASS","items_purchased":[],"campfire_rested":0,"item_purchase_floors":[],"current_hp_per_floor":[78,78,67,62,70,36,39,39,39,39,39,53,53,53,53,16,72,69,72,58,35,37,24,47,0,0],"gold":284,"neow_bonus":"TEN_PERCENT_HP_BONUS","is_daily":false,"chose_seed":false,"campfire_upgraded":2,"win_rate":0.0,"timestamp":1611461058,"path_taken":["M","?","?","M","?","E","?","?","T","R","?","?","?","COS","R","BOSS","M","?","M","M","M","E","?","E"],"items_purchased_type":[],"build_version":"2020-12-22","purchased_purges":0,"victory":false,"max_hp_per_floor":[79,79,79,79,79,79,79,79,79,79,72,72,72,72,72,72,72,72,72,72,72,72,72,72,72,72],"card_choices":[{"not_picked":["ats:Shell Defense","ats:Guardian Obelisk"],"picked":"ats:Very Hot Blade","floor":1},{"not_picked":["ats:Leaping Hammer","ats:Song Of Battle"],"picked":"ats:Healing Drone","floor":4},{"not_picked":["ats:Shell Defense","ats:Red Shift"],"picked":"ats:Curse Doll","floor":6},{"not_picked":["ats:Charging Defense","ats:Powerful Strike","ats:Song Of Battle"],"picked":"SKIP","floor":7},{"not_picked":["ats:Blood Oath","ats:Closed Bolt Burst Fire","ats:Consecutive Shot Auto"],"picked":"SKIP","floor":12},{"not_picked":["ats:Fractured Body","ats:Beaten Up"],"picked":"ats:Thermite Blade","floor":13},{"not_picked":["ats:Durian","ats:Disruption Kick"],"picked":"ats:Calcification","floor":16},{"not_picked":["ats:Beaten Up","ats:Cat Scratch","ats:Hammer On"],"picked":"SKIP","floor":18},{"not_picked":["ats:Closed Bolt Burst Fire+1","ats:Beaten Up"],"picked":"ats:Poison Spread","floor":20},{"not_picked":["ats:Explosion Area Strengthen","ats:Serious Mode"],"picked":"ats:Apocalypse","floor":21},{"not_picked":["ats:Shadow Assault","ats:Healing Drone"],"picked":"ats:Composite Medical Shells+1","floor":22},{"not_picked":["ats:Flexible Camouflage","ats:Consecutive Shot Auto+1"],"picked":"ats:Apocalypse","floor":23},{"not_picked":["ats:Beaten Up","ats:Poison Spread+1","ats:Flexible Camouflage"],"picked":"SKIP","floor":24}],"player_experience":191907,"relics_obtained":[{"floor":6,"key":"ats:Originium"},{"floor":6,"key":"Potion Belt"},{"floor":8,"key":"aspiration:Lifesprig"},{"floor":23,"key":"ats:Originium"},{"floor":23,"key":"Mummified Hand"}],"event_choices":[],"is_beta":false,"boss_relics":[{"not_picked":["Replay:Wanted Poster","Busted Crown"],"picked":"aspiration:PoetsPen_weak"}],"items_purged_floors":[],"is_endless":false,"potions_floor_spawned":[1,4,16,18,22,24],"killed_by":"Gensokyo:Tenshi","ascension_level":0}}