{"host":"njb27ds59h4j3ikk","time":1611514559,"event":{"mods":["AchievementEnabler","BaseMod","Better Altar","Better Match","Better Note","Better Sensory Stone","Better Skull","Better Third Choice","BetterRewards","Downfall","Hermit","Hubris","Minty Spire (QoL Compilation)","Permanent Neow","Quarter Circle Forward PUNCH!","Quick Restart","Rare Cards Sparkle","Shop Mod","StSLib","Trackpad","Transform Curses"],"gold_per_floor":[111,125,125,125,135,169,70,99,168,181,181,212,212,244,244,319,319,332,95,110,120,135,163,163,195,195,195,195,226,240,251,251,329,329,345,295,311,329,346,374,389,417,417,450,462,462,462,482,482,482,482,482,42,69,69],"floor_reached":56,"language":"ENG","playtime":1059,"items_purged":[],"score":3708,"play_id":"f33001af-d2da-4d40-9c9f-d4dfe2b33c38","local_time":"20210124135559","is_ascension_mode":true,"campfire_choices":[{"floor":11,"key":"RECALL"},{"data":"Thunderclap","floor":13,"key":"SMITH"},{"data":"Heavy Blade","floor":15,"key":"SMITH"},{"data":"Wild Strike","floor":24,"key":"SMITH"},{"data":"Feed","floor":27,"key":"SMITH"},{"data":"Uppercut","floor":32,"key":"SMITH"},{"data":"Sword Boomerang","floor":47,"key":"SMITH"},{"data":"Perfected Strike","floor":49,"key":"SMITH"},{"data":"Reckless Charge","floor":52,"key":"SMITH"}],"circlet_count":0,"master_deck":["AscendersBane","Strike_R","Strike_R","Strike_R","Strike_R","Strike_R","Defend_R","Defend_R","Defend_R","Defend_R","Bash","Finesse","Thunderclap+1","Dramatic Entrance+1","Cleave","Reckless Charge+1","Dropkick","Body Slam","Reaper","Flash of Steel","Uppercut+1","Choke","Ball Lightning+1","Demon Form","Weave+1","Heavy Blade+1","Die Die Die","Barricade","SashWhip","Perfected Strike+1","Fire Breathing","Wild Strike+1","Iron Wave","Feed+1","Thunderclap+1","Fire Breathing+1","Sword Boomerang+1","Immolate+1","Iron Wave+1","Hemokinesis+1","Heavy Blade+1","Hemokinesis+1","Body Slam+1","Feed"],"relics":["Burning Blood","trackpad:BottledTsunami","hubris:64BitClover","StoneCalendar","Akabeko","Ancient Tea Set","Peace Pipe","trackpad:BerserkersDraught","HornCleat","Charon\u0027s Ashes","Guardian:GemstoneGun","Happy Flower","qcfpunch:School_Backpack","qcfpunch:Not_Strongest_Fighting_Style_Guidebook","Tiny Chest","Mark of Pain","qcfpunch:Black_Training_Shirt","trackpad:FieryHotPepper","hubris:SphereOfDissonance","qcfpunch:Red_Beret","Paper Frog","trackpad:Compendium","trackpad:Trackpad","Mercury Hourglass","Boot","trackpad:Mousetrap","Darkstone Periapt","Strawberry","qcfpunch:Red_Gi","hubris:EmptyBottle","trackpad:WondrousWand"],"acts_visited":["Exordium","TheCity","TheBeyond","TheEnding"],"potions_floor_usage":[55,55,55],"damage_taken":[{"damage":0,"enemies":"Cultist","floor":1,"turns":3},{"damage":0,"enemies":"2 Louse","floor":2,"turns":1},{"damage":0,"enemies":"Small Slimes","floor":5,"turns":1},{"damage":0,"enemies":"Lagavulin","floor":6,"turns":2},{"damage":0,"enemies":"Gremlin Nob","floor":8,"turns":1},{"damage":0,"enemies":"Red Slaver","floor":10,"turns":1},{"damage":0,"enemies":"Lagavulin","floor":12,"turns":1},{"damage":0,"enemies":"3 Sentries","floor":14,"turns":1},{"damage":0,"enemies":"The Guardian","floor":16,"turns":2},{"damage":0,"enemies":"Shell Parasite","floor":18,"turns":1},{"damage":0,"enemies":"Spheric Guardian","floor":20,"turns":1},{"damage":0,"enemies":"Snecko","floor":21,"turns":1},{"damage":0,"enemies":"Snake Plant","floor":22,"turns":1},{"damage":0,"enemies":"Gremlin Leader","floor":23,"turns":1},{"damage":0,"enemies":"Book of Stabbing","floor":25,"turns":1},{"damage":0,"enemies":"Slavers","floor":29,"turns":1},{"damage":0,"enemies":"3 Cultists","floor":30,"turns":1},{"damage":0,"enemies":"Centurion and Healer","floor":31,"turns":1},{"damage":0,"enemies":"Collector","floor":33,"turns":1},{"damage":0,"enemies":"3 Darklings","floor":35,"turns":1},{"damage":0,"enemies":"3 Shapes","floor":37,"turns":1},{"damage":0,"enemies":"Maw","floor":38,"turns":1},{"damage":0,"enemies":"3 Darklings","floor":39,"turns":1},{"damage":0,"enemies":"Reptomancer","floor":40,"turns":1},{"damage":0,"enemies":"Spire Growth","floor":41,"turns":1},{"damage":2,"enemies":"Giant Head","floor":42,"turns":1},{"damage":0,"enemies":"Reptomancer","floor":44,"turns":1},{"damage":7,"enemies":"Sphere and 2 Shapes","floor":45,"turns":1},{"damage":0,"enemies":"Maw","floor":48,"turns":1},{"damage":0,"enemies":"hubris:GrandSnecko","floor":50,"turns":1},{"damage":0,"enemies":"Shield and Spear","floor":54,"turns":1},{"damage":42,"enemies":"The Heart","floor":55,"turns":3}],"seed_played":"2330226920885845381","potions_obtained":[{"floor":5,"key":"GamblersBrew"},{"floor":6,"key":"Slimebound:ThreeZeroPotion"}],"is_trial":false,"path_per_floor":["M","M","?","?","M","E","$","E","T","M","R","E","R","E","R","B",null,"M","$","M","M","M","E","R","E","T","R","?","E","M","M","R","B",null,"M","?","M","M","M","E","M","E","T","E","M","T","R","M","R","B",null,"R","$","E","B",null],"character_chosen":"IRONCLAD","items_purchased":["Finesse","trackpad:BottledTsunami","Thunderclap","StoneCalendar","Akabeko","Ancient Tea Set","Dramatic Entrance","Cleave","Reckless Charge","trackpad:BerserkersDraught","HornCleat","PowerPotion","Flash of Steel","qcfpunch:Black_Training_Shirt","Fire Breathing","qcfpunch:Red_Gi","hubris:EmptyBottle"],"campfire_rested":0,"item_purchase_floors":[0,0,0,0,0,0,0,0,0,0,0,0,7,19,19,53,53],"current_hp_per_floor":[74,75,75,75,75,75,75,75,75,75,75,75,75,75,75,75,75,75,75,75,75,75,78,78,78,78,78,78,82,82,82,82,82,82,82,82,82,82,82,82,82,82,82,82,81,88,88,89,89,92,92,92,92,92,56],"gold":69,"neow_bonus":"","is_daily":false,"chose_seed":false,"campfire_upgraded":8,"win_rate":0.0,"timestamp":1611514559,"path_taken":["M","M","?","?","M","E","$","E","T","M","R","E","R","E","R","BOSS","M","$","M","M","M","E","R","E","T","R","?","E","M","M","R","BOSS","M","?","M","M","?","E","M","E","T","E","M","?","R","M","R","BOSS","R","$","E","BOSS"],"items_purchased_type":["Card","Relic","Card","Relic","Relic","Relic","Card","Card","Card","Relic","Relic","Potion","Card","Relic","Card","Relic","Relic"],"build_version":"2020-12-22","purchased_purges":0,"victory":true,"max_hp_per_floor":[75,75,75,75,75,75,75,75,75,75,75,75,75,75,75,75,75,75,75,75,75,75,78,78,78,78,78,78,82,82,82,82,82,82,82,82,82,82,82,82,82,82,82,82,82,89,89,89,89,92,92,92,92,92,92],"card_choices":[{"not_picked":["Entrench","Flex","True Grit"],"picked":"SKIP","floor":1},{"not_picked":["Warcry","Combust"],"picked":"Dropkick","floor":2},{"not_picked":["Cleave","True Grit"],"picked":"Body Slam","floor":5},{"not_picked":["hubris:CleavingFinish","Hemokinesis"],"picked":"Reaper","floor":6},{"not_picked":["Infernal Blade","Ghostly Armor"],"picked":"Uppercut","floor":8},{"not_picked":["Concentrate","Dodge and Roll"],"picked":"Choke","floor":10},{"not_picked":["Clash","Rupture","Body Slam"],"picked":"SKIP","floor":10},{"not_picked":["Coolheaded","Genetic Algorithm"],"picked":"Ball Lightning+1","floor":12},{"not_picked":["Battle Trance","Flex"],"picked":"Demon Form","floor":12},{"not_picked":["EmptyMind","Evaluate"],"picked":"Weave+1","floor":14},{"not_picked":["Wild Strike","Thunderclap"],"picked":"Heavy Blade","floor":14},{"not_picked":["A Thousand Cuts","Malaise"],"picked":"Die Die Die","floor":16},{"not_picked":["Juggernaut","Offering"],"picked":"Barricade","floor":16},{"not_picked":["EmptyMind","Vengeance"],"picked":"SashWhip","floor":18},{"not_picked":["True Grit","Barricade"],"picked":"Perfected Strike","floor":18},{"not_picked":["Second Wind","Perfected Strike"],"picked":"Wild Strike","floor":20},{"not_picked":["Body Slam","hubris:ReadiedAction"],"picked":"Iron Wave","floor":21},{"not_picked":["Dual Wield+1","Havoc"],"picked":"Feed","floor":22},{"not_picked":["Infernal Blade","Second Wind","Spot Weakness+1"],"picked":"SKIP","floor":23},{"not_picked":["Dark Embrace","Feel No Pain"],"picked":"Thunderclap+1","floor":25},{"not_picked":["Searing Blow","Shrug It Off"],"picked":"Sword Boomerang","floor":29},{"not_picked":["Clash","Spot Weakness","Havoc"],"picked":"SKIP","floor":30},{"not_picked":["Clash","Sword Boomerang","Dual Wield"],"picked":"SKIP","floor":31},{"not_picked":["Fiend Fire","Brutality"],"picked":"Immolate","floor":33},{"not_picked":["Shrug It Off","Metallicize","Inflame+1"],"picked":"SKIP","floor":35},{"not_picked":["Shrug It Off","Perfected Strike","Infernal Blade"],"picked":"SKIP","floor":37},{"not_picked":["Sentinel","Heavy Blade"],"picked":"Iron Wave+1","floor":38},{"not_picked":["Warcry","Iron Wave"],"picked":"Hemokinesis+1","floor":39},{"not_picked":["Bludgeon","Pummel"],"picked":"Heavy Blade+1","floor":40},{"not_picked":["Sword Boomerang","Havoc+1","Iron Wave"],"picked":"SKIP","floor":41},{"not_picked":["Whirlwind","Fire Breathing","Fiend Fire"],"picked":"SKIP","floor":42},{"not_picked":["Armaments+1","Havoc"],"picked":"Hemokinesis+1","floor":44},{"not_picked":["Entrench","True Grit+1"],"picked":"Body Slam+1","floor":45},{"not_picked":["Armaments","Sword Boomerang+1"],"picked":"Feed","floor":48},{"not_picked":["Clash","Pommel Strike","Warcry"],"picked":"SKIP","floor":54}],"player_experience":1302582,"relics_obtained":[{"floor":6,"key":"Guardian:GemstoneGun"},{"floor":8,"key":"Happy Flower"},{"floor":9,"key":"qcfpunch:School_Backpack"},{"floor":12,"key":"qcfpunch:Not_Strongest_Fighting_Style_Guidebook"},{"floor":14,"key":"Tiny Chest"},{"floor":20,"key":"trackpad:FieryHotPepper"},{"floor":23,"key":"hubris:SphereOfDissonance"},{"floor":25,"key":"qcfpunch:Red_Beret"},{"floor":26,"key":"Paper Frog"},{"floor":29,"key":"trackpad:Compendium"},{"floor":37,"key":"Mercury Hourglass"},{"floor":40,"key":"Boot"},{"floor":42,"key":"trackpad:Mousetrap"},{"floor":44,"key":"Darkstone Periapt"},{"floor":46,"key":"Strawberry"},{"floor":54,"key":"trackpad:WondrousWand"}],"event_choices":[{"damage_healed":0,"gold_gain":0,"player_choice":"Grow","damage_taken":0,"max_hp_gain":0,"max_hp_loss":0,"event_name":"Living Wall","floor":3,"gold_loss":0,"cards_upgraded":["Dramatic Entrance"]},{"damage_healed":0,"gold_gain":0,"player_choice":"Leave","damage_taken":0,"max_hp_gain":0,"max_hp_loss":0,"event_name":"The Cleric","floor":4,"gold_loss":0},{"cards_removed":["Die Die Die"],"damage_healed":0,"gold_gain":0,"player_choice":"Take \u0026 Give","damage_taken":0,"max_hp_gain":0,"max_hp_loss":0,"event_name":"betterNote:BetterNote","floor":28,"gold_loss":0,"cards_obtained":["Fire Breathing"]},{"damage_healed":0,"gold_gain":0,"player_choice":"Upgrade","damage_taken":0,"max_hp_gain":0,"max_hp_loss":0,"event_name":"Designer","floor":36,"gold_loss":50,"cards_upgraded":["Immolate"]}],"is_beta":false,"boss_relics":[{"not_picked":["Black Blood","Snecko Eye"],"picked":"Mark of Pain"},{"not_picked":["Velvet Choker","Runic Cube"],"picked":"trackpad:Trackpad"}],"items_purged_floors":[],"is_endless":false,"potions_floor_spawned":[5,6,8,16,22,23,29,30,39,40,41,42],"ascension_level":18}}