{"host":"delta","time":1611495771,"event":{"mods":["Act Like it!","BaseMod","Hallownest","Marisa£®ÏF”Í°°ƒß¿Ì…≥£©","Minty Spire (QoL Compilation)","StSLib","The Bug Knight","[GremlinLeader]The Maniac"],"gold_per_floor":[110,36,36,46,63,96,96,107,175,175,285,285,299,317,317,317,317],"floor_reached":16,"language":"ZHS","playtime":979,"items_purged":[],"score":102,"play_id":"dce5eaeb-b2d5-4140-b5b6-bd37a23348b3","local_time":"20210124214251","is_ascension_mode":false,"campfire_choices":[{"data":"HollowMod:ShadowDash","floor":7,"key":"SMITH"},{"data":"HollowMod:MothsMistake","floor":12,"key":"SMITH"},{"data":"HollowMod:WraithStrike","floor":15,"key":"SMITH"}],"circlet_count":0,"master_deck":["HollowMod:NailStrikeStart","HollowMod:NailStrikeStart","HollowMod:NailStrikeStart","HollowMod:NailStrikeStart","HollowMod:QuickDashStart","HollowMod:QuickDashStart","HollowMod:QuickDashStart","HollowMod:QuickDashStart","HollowMod:FocusHealStart","HollowMod:PogoStrike","HollowMod:DescendingDark","HollowMod:SharpenedShadows","HollowMod:MothsMistake+1","HollowMod:ShadowDash+1","HollowMod:ShadowDash","HollowMod:HuntersJournal","HollowMod:WraithStrike+1"],"relics":["HollowMod:VesselMask","Strawberry","Hallownest:DreamNailRelic","Turnip","InkBottle"],"acts_visited":["Hallownest:Greenpath"],"potions_floor_usage":[8,16],"damage_taken":[{"damage":0,"enemies":"Hallownest:monsterHuskWarrior","floor":1,"turns":4},{"damage":1,"enemies":"Hallownest:2_Tiktiks_and_1_Crawlid","floor":4,"turns":2},{"damage":10,"enemies":"Hallownest:monsterHuskGuard","floor":5,"turns":4},{"damage":38,"enemies":"Hallownest:eliteMossKnight","floor":6,"turns":19},{"damage":25,"enemies":"Hallownest:monsterFoolEater","floor":8,"turns":5},{"damage":6,"enemies":"Hallownest:MossCreep_and_Mosskin","floor":13,"turns":5},{"damage":18,"enemies":"Hallownest:1_Baldur_1_Crawlid_1_Warrior","floor":14,"turns":4},{"damage":23,"enemies":"Hallownest:BossFalseKnight","floor":16,"turns":6}],"seed_played":"4817755200210072715","potions_obtained":[{"floor":1,"key":"Dexterity Potion"},{"floor":4,"key":"AttackPotion"},{"floor":8,"key":"Swift Potion"}],"is_trial":false,"path_per_floor":["M","$","?","M","M","E","R","M","T","?","?","R","M","M","R","B"],"character_chosen":"THE_BUGKNIGHT","items_purchased":["HollowMod:SharpenedShadows"],"campfire_rested":0,"item_purchase_floors":[2],"current_hp_per_floor":[82,82,82,81,71,45,45,26,26,46,46,46,40,22,22,0,0],"gold":317,"neow_bonus":"RANDOM_COMMON_RELIC","is_daily":false,"chose_seed":false,"campfire_upgraded":3,"win_rate":0.0,"timestamp":1611495771,"path_taken":["M","?","?","M","M","E","R","?","T","?","?","R","?","M","R","BOSS"],"items_purchased_type":["Card"],"build_version":"2020-12-18","purchased_purges":0,"victory":false,"max_hp_per_floor":[82,82,82,82,82,82,82,82,82,82,82,82,82,82,82,82,82],"card_choices":[{"not_picked":["HollowMod:NewGlowingWomb","HollowMod:GoodIntentions"],"picked":"HollowMod:DescendingDark","floor":1},{"not_picked":["HollowMod:InfectedCysts","HollowMod:SoulSplash"],"picked":"HollowMod:MothsMistake","floor":4},{"not_picked":["HollowMod:QuirrelsAssistance","HollowMod:HeavyBlow"],"picked":"HollowMod:ShadowDash","floor":5},{"not_picked":["HollowMod:CornifersMapStart","HollowMod:NewLittleFool"],"picked":"HollowMod:ShadowDash","floor":6},{"not_picked":["HollowMod:HeavyBlow","HollowMod:LifebloodCocoon","HollowMod:HowlingWraiths"],"picked":"SKIP","floor":8},{"not_picked":["HollowMod:CycloneSlash","HollowMod:InfectedCysts"],"picked":"HollowMod:HuntersJournal","floor":13},{"not_picked":["HollowMod:SharpenedNail","HollowMod:MantisMark"],"picked":"HollowMod:WraithStrike","floor":14}],"player_experience":333011,"relics_obtained":[{"floor":6,"key":"Turnip"},{"floor":9,"key":"InkBottle"}],"event_choices":[],"is_beta":true,"boss_relics":[],"items_purged_floors":[],"is_endless":false,"potions_floor_spawned":[1,4,8],"killed_by":"Hallownest:BossFalseKnight","ascension_level":0}}