{"host":"pjgcdp3h1plnbocs","time":1611489788,"event":{"mods":["AchievementEnabler","BaseMod","Colored Map","Downfall","Highlight Path","Minty Spire (QoL Compilation)","StSLib"],"gold_per_floor":[99,113,129,148,165,181,230,230,244,265,265,295,306,331,346,346,346,346],"floor_reached":16,"language":"ENG","playtime":715,"items_purged":[],"score":133,"play_id":"c3c577d6-e778-46f2-be1a-36106fd3ff0a","local_time":"20210124130308","is_ascension_mode":true,"campfire_choices":[{"data":"Slimebound:Split","floor":1.0,"key":"SMITH"}],"circlet_count":0,"master_deck":["Slimebound:Strike_Slimebound","Slimebound:Strike_Slimebound","Slimebound:Strike_Slimebound","Slimebound:Tackle","Slimebound:Defend_Slimebound","Slimebound:Defend_Slimebound","Slimebound:Defend_Slimebound","Slimebound:Defend_Slimebound","Slimebound:Split+1","Slimebound:CorrosiveSpit","Slimebound:SplitMire","Slimebound:LeechEnergy","Slimebound:SplitMire","Slimebound:GoopSpray","Slimebound:ItLooksTasty","Slimebound:AcidTongue","Slimebound:AcidTongue"],"relics":["Slimebound:AbsorbEndCombat","Darkstone Periapt","Odd Mushroom","Slimebound:MaxSlimesRelic","MealTicket","Pen Nib"],"acts_visited":["Exordium"],"potions_floor_usage":[10,15,16,16],"damage_taken":[{"damage":10.0,"enemies":"Small Slimes","floor":2.0,"turns":3.0},{"damage":2.0,"enemies":"Jaw Worm","floor":3.0,"turns":4.0},{"damage":0.0,"enemies":"Cultist","floor":4.0,"turns":3.0},{"damage":12.0,"enemies":"2 Fungi Beasts","floor":5.0,"turns":4.0},{"damage":4.0,"enemies":"3 Louse","floor":6.0,"turns":3.0},{"damage":5.0,"enemies":"Red Slaver","floor":9.0,"turns":4.0},{"damage":13,"enemies":"The Mushroom Lair","floor":10,"turns":4},{"damage":4,"enemies":"Lagavulin","floor":12,"turns":6},{"damage":8,"enemies":"Blue Slaver","floor":13,"turns":3},{"damage":24,"enemies":"3 Sentries","floor":14,"turns":7},{"damage":19,"enemies":"Exordium Wildlife","floor":15,"turns":4},{"damage":22,"enemies":"DF_ARCHETYPE_STREAMLINE","floor":16,"turns":6}],"seed_played":"-4277881505900989269","potions_obtained":[{"floor":2.0,"key":"Slimebound:SlimedPotion"},{"floor":6.0,"key":"PowerPotion"},{"floor":9.0,"key":"LiquidMemories"},{"floor":13,"key":"LiquidMemories"}],"is_trial":false,"path_per_floor":["R","M","M","M","M","M","T","?","M","?","T","E","M","E","M","B"],"character_chosen":"SLIMEBOUND","items_purchased":[],"campfire_rested":0,"item_purchase_floors":[],"current_hp_per_floor":[71,63,67,71,64,64,64,46,45,40,40,42,38,22,9,0,0,0],"gold":346,"neow_bonus":"TEN_PERCENT_HP_BONUS","is_daily":false,"chose_seed":false,"campfire_upgraded":1,"win_rate":0.0,"timestamp":1611489788,"path_taken":["R","M","M","M","M","M","T","?","M","?","?","E","M","E","M","BOSS"],"items_purchased_type":[],"build_version":"2020-12-22","purchased_purges":0,"victory":false,"max_hp_per_floor":[71,71,71,71,71,71,71,71,71,71,71,71,71,71,71,71,71,71],"card_choices":[{"not_picked":["Slimebound:ProtectTheBoss","Slimebound:ComboTackle"],"picked":"Slimebound:SplitMire","floor":2.0},{"not_picked":["Slimebound:Dissolve","Slimebound:GoopTackle"],"picked":"Slimebound:LeechEnergy","floor":3.0},{"not_picked":["Slimebound:SplitBruiser","Slimebound:RollThrough"],"picked":"Slimebound:SplitMire","floor":4.0},{"not_picked":["Slimebound:HungryTackle","Slimebound:SplitLeeching"],"picked":"Slimebound:GoopSpray","floor":5.0},{"not_picked":["Slimebound:SplitBruiser","Slimebound:LeechingTouch"],"picked":"Slimebound:ItLooksTasty","floor":6.0},{"not_picked":["Slimebound:SlimeBarrage","Slimebound:ForwardTackle"],"picked":"Slimebound:AcidTongue","floor":9.0},{"not_picked":["Slimebound:HauntingLick","Slimebound:PressTheAttack"],"picked":"Slimebound:AcidTongue","floor":10},{"not_picked":["Slimebound:FinishingTackle","Slimebound:GrowthPunch","Slimebound:SplitBruiser"],"picked":"SKIP","floor":12},{"not_picked":["Slimebound:RollThrough","Slimebound:SplitLeeching","Slimebound:PressTheAttack"],"picked":"SKIP","floor":13},{"not_picked":["Slimebound:RejuvenatingLick","Slimebound:DivideAndConquer","Slimebound:AcidTongue"],"picked":"SKIP","floor":14},{"not_picked":["Slimebound:ServeAndProtect","Slimebound:SplitSpecialist","Slimebound:Nibble"],"picked":"SKIP","floor":15}],"player_experience":207861,"relics_obtained":[{"floor":10,"key":"Odd Mushroom"},{"floor":11,"key":"Slimebound:MaxSlimesRelic"},{"floor":12,"key":"MealTicket"},{"floor":14,"key":"Pen Nib"}],"event_choices":[{"damage_healed":0.0,"max_hp_gain":0.0,"max_hp_loss":0.0,"gold_gain":0.0,"event_name":"Scrap Ooze","player_choice":"Success","floor":8.0,"gold_loss":0.0,"damage_taken":18.0,"relics_obtained":["Darkstone Periapt"]},{"damage_healed":0,"gold_gain":0,"player_choice":"Fought Mushrooms","damage_taken":0,"max_hp_gain":0,"max_hp_loss":0,"event_name":"Mushrooms","floor":10,"gold_loss":0}],"is_beta":false,"boss_relics":[],"items_purged_floors":[],"is_endless":false,"potions_floor_spawned":[2,6,9,13,14],"killed_by":"DF_ARCHETYPE_STREAMLINE","ascension_level":3}}