{"host":"f76kcizrccta30ww","time":1611464103,"event":{"mods":["Act Like it!","Aspiration","BaseMod","Gensokyo","Marisa£®ÏF”Í°°ƒß¿Ì…≥£©","Minty Spire (QoL Compilation)","Pale of the Ancients","Replay The Spire","Shop Mod","StSLib","TestMod","vexMod"],"gold_per_floor":[115,127,127,137,137,137,157,188,188,230,270,310,342,384,384,514,514,547,472,500,539,20,20,20,20,20,75,75,69,69,114,114,279,279,322,347,399,460,460,460,503,195,219,260,19,19,51,87,87,139],"floor_reached":51,"language":"ZHS","playtime":6578,"items_purged":["Looming Evil"],"score":578,"play_id":"e200a6c4-6b32-4ca7-99f6-57b509548b48","local_time":"20210124125503","is_ascension_mode":false,"campfire_choices":[{"data":"Sword Boomerang","floor":6,"key":"SMITH"},{"floor":15,"key":"DIG"},{"floor":23,"key":"REST"},{"data":"Limit Break","floor":25,"key":"SMITH"},{"data":"Offering","floor":28,"key":"SMITH"},{"data":"testmod-FightingIntention","floor":30,"key":"SMITH"},{"data":"Whirlwind","floor":32,"key":"SMITH"},{"data":"Searing Blow+1","floor":40,"key":"SMITH"},{"data":"Searing Blow+3","floor":49,"key":"SMITH"}],"circlet_count":0,"master_deck":["Bash+1","Dropkick+1","Sword Boomerang+1","Clash","Whirlwind+1","Limit Break+1","Flex","Offering+1","Shockwave+1","Spot Weakness","testmod-FightingIntention+1","ReplayTheSpireMod:Private Reserves","Seeing Red+1","Berserk","Dropkick+1","Searing Blow+4","Battle Trance","Thunderclap+1","Flex+1","Decay","ReplayTheSpireMod:LeadingStrike+1","HandOfGreed","testmod-PainDetonator","Dark Shackles","Sword Boomerang+1"],"relics":["Burning Blood","testmod-TestBox","testmod-Prudence","NeowsBlessing","Ring of Peace","MealTicket","Replay:Bandana","Vajra","SlaversCollar","Cursed Key","MerchantsRug","Bronze Scales","Dream Catcher","Mummified Hand","aspiration:FrozenJewel","testmod-BatchProcessingSystem","CatCart","vexMod:InvisibilityCloak","testmod-IndustrialRevolution","testmod-ArcanaOfDestiny"],"acts_visited":["Exordium","TheCity","TheBeyond"],"potions_floor_usage":[11,16,16,20,33,33],"damage_taken":[{"damage":0,"enemies":"Cultist","floor":1,"turns":1},{"damage":0,"enemies":"Small Slimes","floor":2,"turns":1},{"damage":0,"enemies":"Jaw Worm","floor":4,"turns":1},{"damage":5,"enemies":"Large Slime","floor":7,"turns":5},{"damage":21,"enemies":"Replay:BlueRogue","floor":8,"turns":4},{"damage":18,"enemies":"Blue Slaver","floor":10,"turns":4},{"damage":13,"enemies":"Gremlin Gang","floor":11,"turns":5},{"damage":5,"enemies":"Exordium Thugs","floor":12,"turns":4},{"damage":0,"enemies":"Large Slime","floor":13,"turns":5},{"damage":4,"enemies":"2 Fungi Beasts","floor":14,"turns":3},{"damage":63,"enemies":"Fading Forest","floor":16,"turns":11},{"damage":24,"enemies":"Chosen","floor":18,"turns":5},{"damage":32,"enemies":"Shell Parasite","floor":20,"turns":6},{"damage":16,"enemies":"3 Cultists","floor":21,"turns":4},{"damage":4,"enemies":"Replay:Snechameleon","floor":27,"turns":2},{"damage":0,"enemies":"Sentry and Sphere","floor":31,"turns":1},{"damage":21,"enemies":"Automaton","floor":33,"turns":4},{"damage":0,"enemies":"3 Darklings","floor":35,"turns":2},{"damage":6,"enemies":"Orb Walker","floor":36,"turns":2},{"damage":24,"enemies":"Sphere and 2 Shapes","floor":37,"turns":2},{"damage":0,"enemies":"Orin","floor":38,"turns":4},{"damage":0,"enemies":"Nemesis","floor":41,"turns":1},{"damage":0,"enemies":"Transient","floor":44,"turns":5},{"damage":11,"enemies":"3 Darklings","floor":47,"turns":3},{"damage":0,"enemies":"4 Shapes","floor":48,"turns":1},{"damage":18,"enemies":"Replay:Hell Engine","floor":50,"turns":4}],"seed_played":"2397128836336827962","potions_obtained":[{"floor":1,"key":"Ancient Potion"},{"floor":7,"key":"Fire Potion"},{"floor":8,"key":"Explosive Potion"},{"floor":10,"key":"Elixir"},{"floor":13,"key":"testmod-TestPotion"},{"floor":16,"key":"LifebloodPotion"},{"floor":21,"key":"ColorlessPotion"},{"floor":31,"key":"BlessingOfTheForge"},{"floor":35,"key":"Explosive Potion"},{"floor":36,"key":"Swift Potion"},{"floor":42,"key":"SneckoOil"},{"floor":42,"key":"PowerPotion"},{"floor":42,"key":"GamblersBrew"},{"floor":42,"key":"Dexterity Potion"},{"floor":42,"key":"Reflective Coating"},{"floor":47,"key":"Toxic Potion"}],"is_trial":false,"path_per_floor":["M","M","?","M","?","R","M","E","T","M","M","M","M","M","R","B",null,"M","?","M","M","$","R","?","R","T","E","R","$","R","M","R","B",null,"M","M","M","?","?","R","E","$","T","M","$","?","M","M","R","B",null],"character_chosen":"IRONCLAD","items_purchased":["MerchantsRug","Offering","Bronze Scales","Dream Catcher","Fruit Juice","ReplayTheSpireMod:ShopPack","Cauldron","Flex+1","vexMod:InvisibilityCloak","testmod-ArcanaOfDestiny"],"campfire_rested":1,"item_purchase_floors":[22,22,22,22,22,29,42,42,42,45],"current_hp_per_floor":[80,80,80,80,80,80,80,65,65,53,46,47,53,55,55,8,80,62,62,36,26,41,65,65,65,65,67,67,80,80,80,80,70,85,85,85,67,73,95,95,95,95,95,95,95,85,80,86,86,74],"gold":139,"neow_bonus":"THREE_ENEMY_KILL","is_daily":false,"chose_seed":false,"campfire_upgraded":7,"win_rate":0.0,"timestamp":1611464103,"path_taken":["M","M","?","M","?","R","M","E","T","M","?","?","M","M","R","BOSS","M","?","M","M","$","R","?","R","T","E","R","$","R","M","R","BOSS","M","M","M","?","?","R","E","$","T","?","$","?","M","M","R","BOSS"],"items_purchased_type":["Relic","Card","Relic","Relic","Potion","Relic","Relic","Card","Relic","Relic"],"build_version":"2020-12-22","purchased_purges":1,"victory":true,"max_hp_per_floor":[80,80,80,80,80,80,80,80,80,80,80,80,80,80,80,80,80,80,80,80,80,80,80,80,80,80,80,80,80,80,80,80,85,85,85,85,85,85,95,95,95,95,95,95,95,95,95,95,95,95],"card_choices":[{"not_picked":["Battle Trance","Pommel Strike"],"picked":"Dropkick","floor":1},{"not_picked":["Dual Wield","Headbutt"],"picked":"Sword Boomerang","floor":2},{"not_picked":["True Grit","Combust"],"picked":"ReplayTheSpireMod:Strike From Hell","floor":4},{"not_picked":["Anger","Disarm","Body Slam"],"picked":"SKIP","floor":7},{"not_picked":["Perfected Strike","Replay:Undeath\u0027s Touch"],"picked":"ReplayTheSpireMod:LeadingStrike","floor":8},{"not_picked":["True Grit","Hemokinesis"],"picked":"Clash","floor":10},{"not_picked":["True Grit","Anger"],"picked":"Corruption","floor":11},{"not_picked":["Run Through","Intimidate"],"picked":"Whirlwind","floor":12},{"not_picked":["Shrug It Off","ReplayTheSpireMod:Strike From Hell"],"picked":"Anger","floor":13},{"not_picked":["ReplayTheSpireMod:Stacked","Defy Death"],"picked":"Pummel","floor":14},{"not_picked":["Demonic Infusion","Barricade"],"picked":"Limit Break","floor":16},{"not_picked":["Reckless Charge","Headbutt"],"picked":"Infernal Blade","floor":18},{"not_picked":["Replay:Undeath\u0027s Touch","Headbutt","Feel No Pain"],"picked":"SKIP","floor":20},{"not_picked":["Cleave","Body Slam"],"picked":"Flex","floor":21},{"not_picked":["Replay:Undeath\u0027s Touch","Flex"],"picked":"Shockwave+1","floor":23},{"not_picked":["Rupture","Combust+1"],"picked":"Spot Weakness","floor":27},{"not_picked":["testmod-BloodShelter","testmod-EternalityOfKhronos"],"picked":"ReplayUltimateDefense","floor":29},{"not_picked":["PanicButton","Survey Options"],"picked":"testmod-FightingIntention","floor":29},{"not_picked":["Replay:Parry","vexMod:EmailVexCard"],"picked":"ReplayTheSpireMod:Private Reserves","floor":29},{"not_picked":["Pommel Strike","Dual Wield"],"picked":"Seeing Red+1","floor":31},{"not_picked":["Juggernaut","Eclipse"],"picked":"Berserk","floor":33},{"not_picked":["True Grit","Whirlwind+1"],"picked":"Dropkick+1","floor":35},{"not_picked":["Iron Wave+1","Flame Barrier+1"],"picked":"Searing Blow+1","floor":36},{"not_picked":["Reckless Charge+1","Iron Wave+1"],"picked":"Battle Trance","floor":37},{"not_picked":["Cleave+1","Searing Blow"],"picked":"Thunderclap+1","floor":41},{"not_picked":["Sword Boomerang+1","Feed"],"picked":"ReplayTheSpireMod:LeadingStrike+1","floor":44},{"not_picked":["Replay:Bootleg Shield Generator","testmod-TreasureHunter"],"picked":"HandOfGreed","floor":46},{"not_picked":["testmod-FightingIntention","testmod-Reflect"],"picked":"testmod-PainDetonator","floor":46},{"not_picked":["Replay:Sssssssssshield","testmod-PerfectCombo"],"picked":"Dark Shackles","floor":46},{"not_picked":["Shrug It Off","Disarm+1","Iron Wave+1"],"picked":"SKIP","floor":47},{"not_picked":["Shrug It Off","ReplayTheSpireMod:LeadingStrike"],"picked":"Sword Boomerang+1","floor":48}],"player_experience":7100,"relics_obtained":[{"floor":3,"key":"Ring of Peace"},{"floor":8,"key":"MealTicket"},{"floor":9,"key":"Replay:Bandana"},{"floor":15,"key":"Vajra"},{"floor":26,"key":"Mummified Hand"},{"floor":27,"key":"aspiration:FrozenJewel"},{"floor":38,"key":"CatCart"},{"floor":41,"key":"Whetstone"},{"floor":43,"key":"testmod-IndustrialRevolution"}],"event_choices":[{"damage_healed":0,"gold_gain":0,"player_choice":"Forge","damage_taken":0,"max_hp_gain":0,"max_hp_loss":0,"event_name":"Accursed Blacksmith","floor":5,"gold_loss":0,"cards_upgraded":["Bash"]},{"cards_removed":["CommonCold"],"damage_healed":0,"gold_gain":0,"player_choice":"Gave Gold","damage_taken":0,"max_hp_gain":0,"max_hp_loss":0,"event_name":"Beggar","floor":19,"gold_loss":75},{"damage_healed":0,"gold_gain":0,"player_choice":"Fight","damage_taken":0,"max_hp_gain":0,"max_hp_loss":0,"event_name":"OrinTheCat","floor":38,"gold_loss":0},{"cards_removed":["ReplayUltimateDefense"],"damage_healed":12,"gold_gain":0,"player_choice":"Offered Rare","damage_taken":0,"max_hp_gain":10,"max_hp_loss":0,"event_name":"Bonfire Elementals","floor":39,"gold_loss":0},{"damage_healed":0,"gold_gain":0,"player_choice":"Memory 3","damage_taken":10,"max_hp_gain":0,"max_hp_loss":0,"event_name":"SensoryStone","floor":46,"gold_loss":0}],"is_beta":false,"boss_relics":[{"not_picked":["Abe\u0027s Treasure","testmod-CardMagician"],"picked":"Replay:Grab Bag"},{"not_picked":["vexMod:DeviousBotling","Runic Dome"],"picked":"SlaversCollar"},{"not_picked":["Sozu","Fusion Hammer"],"picked":"Cursed Key"},{"not_picked":["vexMod:BigBerry","Runic Pyramid"],"picked":"testmod-KeyOfTheVoid"},{"not_picked":["Snecko Eye","Empty Cage"],"picked":"testmod-BatchProcessingSystem"}],"items_purged_floors":[42],"is_endless":false,"potions_floor_spawned":[1,7,8,10,13,16,21,31,35,36,47],"ascension_level":0}}