{"host":"vyjryxuuuxkt43k4","time":1611497376,"event":{"mods":["AchievementEnabler","BaseMod","Colored Map","DeckTracker","Keyboard Shortcuts","Minty Spire (QoL Compilation)","Permanent Neow","Quick Restart","Rare Cards Sparkle","StSLib","SuperFastMode","everything is the same but u backflip on backflip"],"gold_per_floor":[110,124,140,215,5,5,37,37,61,61,73,85,118,145,145,221,221,232,190,105,125,175,175,12,12,59,91,91,102,102,102,102],"floor_reached":31,"language":"KOR","playtime":1176,"items_purged":["Shame"],"score":576,"play_id":"6f040792-83f2-46b5-a6ca-f4a168d7be6b","local_time":"20210124230936","is_ascension_mode":true,"campfire_choices":[{"data":"Fire Breathing","floor":6.0,"key":"SMITH"},{"data":"Hemokinesis","floor":8.0,"key":"SMITH"},{"data":"Evolve","floor":10.0,"key":"SMITH"},{"data":"Armaments","floor":15.0,"key":"SMITH"},{"floor":23.0,"key":"REST"},{"data":"Entrench","floor":25.0,"key":"SMITH"},{"data":"Infernal Blade","floor":28.0,"key":"SMITH"},{"data":"Demon Form","floor":30.0,"key":"SMITH"}],"circlet_count":0,"master_deck":["AscendersBane","Strike_R","Strike_R","Strike_R","Strike_R","Strike_R","Defend_R","Defend_R","Defend_R","Defend_R","Bash","Hemokinesis+1","Flame Barrier","Infernal Blade+1","Fire Breathing+1","Evolve+1","Armaments+1","Entrench+1","Impervious","Power Through","Demon Form+1","Bloodletting+1","Power Through+1","Shrug It Off+1"],"relics":["Burning Blood","Ice Cream","PreservedInsect","Vajra","Charon\u0027s Ashes","Odd Mushroom","Sozu","Akabeko","Medical Kit","Bronze Scales","Question Card"],"acts_visited":["Exordium","TheCity"],"potions_floor_usage":[],"damage_taken":[{"damage":7.0,"enemies":"Cultist","floor":1.0,"turns":4.0},{"damage":8.0,"enemies":"Jaw Worm","floor":2.0,"turns":3.0},{"damage":9.0,"enemies":"2 Louse","floor":3.0,"turns":4.0},{"damage":25.0,"enemies":"3 Sentries","floor":7.0,"turns":5.0},{"damage":18.0,"enemies":"Blue Slaver","floor":11.0,"turns":5.0},{"damage":9.0,"enemies":"Looter","floor":12.0,"turns":3.0},{"damage":2.0,"enemies":"Lagavulin","floor":13.0,"turns":4.0},{"damage":8.0,"enemies":"The Mushroom Lair","floor":14.0,"turns":4.0},{"damage":11.0,"enemies":"Slime Boss","floor":16.0,"turns":5.0},{"damage":34.0,"enemies":"3 Byrds","floor":18.0,"turns":5.0},{"damage":32.0,"enemies":"2 Thieves","floor":19.0,"turns":5.0},{"damage":8.0,"enemies":"Centurion and Healer","floor":21.0,"turns":7.0},{"damage":18.0,"enemies":"Slavers","floor":27.0,"turns":6.0},{"damage":9.0,"enemies":"Sentry and Sphere","floor":29.0,"turns":6.0},{"damage":2,"enemies":"Colosseum Slavers","floor":31,"turns":4},{"damage":54,"enemies":"Colosseum Nobs","floor":31,"turns":4}],"seed_played":"-1484755835067292509","potions_obtained":[{"floor":2.0,"key":"Regen Potion"},{"floor":11.0,"key":"BlessingOfTheForge"},{"floor":12.0,"key":"BloodPotion"},{"floor":14.0,"key":"Ancient Potion"}],"is_trial":false,"path_per_floor":["M","M","M","?","$","R","E","R","T","R","M","M","E","?","R","B",null,"M","M","?","M","?","R","$","R","T","E","R","M","R","?"],"character_chosen":"IRONCLAD","items_purchased":["Fire Breathing","BloodPotion","Medical Kit"],"campfire_rested":1,"item_purchase_floors":[5,5,24],"current_hp_per_floor":[67,65,62,51,51,51,46,46,46,46,34,46,50,48,48,43,67,54,28,28,26,26,48,48,48,48,36,36,33,33,0,0],"gold":102,"neow_bonus":"ONE_RARE_RELIC","is_daily":false,"chose_seed":false,"campfire_upgraded":7,"win_rate":0.0,"timestamp":1611497376,"path_taken":["M","M","?","?","$","R","E","R","T","R","M","M","E","?","R","BOSS","M","M","?","M","?","R","$","R","T","E","R","M","R","?"],"items_purchased_type":["Card","Potion","Relic"],"build_version":"2020-12-22","purchased_purges":1,"victory":false,"max_hp_per_floor":[75,75,75,75,75,75,75,75,75,75,75,75,75,75,75,75,75,75,75,75,75,75,75,75,75,75,75,75,75,75,75,75],"card_choices":[{"not_picked":["Reckless Charge","Sever Soul"],"picked":"Hemokinesis","floor":1.0},{"not_picked":["Twin Strike","Ghostly Armor"],"picked":"Flame Barrier","floor":2.0},{"not_picked":["Heavy Blade","Dropkick"],"picked":"Infernal Blade","floor":3.0},{"not_picked":["Disarm","Armaments"],"picked":"Evolve","floor":7.0},{"not_picked":["Pommel Strike","Perfected Strike"],"picked":"Armaments","floor":11.0},{"not_picked":["Flame Barrier","True Grit"],"picked":"Entrench","floor":12.0},{"not_picked":["Pommel Strike","Cleave"],"picked":"Impervious","floor":13.0},{"not_picked":["Spot Weakness","Anger"],"picked":"Power Through","floor":14.0},{"not_picked":["Limit Break","Bludgeon"],"picked":"Demon Form","floor":16.0},{"not_picked":["Clash+1","Hemokinesis+1","Dropkick"],"picked":"SKIP","floor":18.0},{"not_picked":["Heavy Blade","Pommel Strike","Sword Boomerang"],"picked":"SKIP","floor":19.0},{"not_picked":["Perfected Strike","Clothesline"],"picked":"Bloodletting+1","floor":21.0},{"not_picked":["Warcry","Heavy Blade"],"picked":"Power Through+1","floor":27.0},{"not_picked":["Rampage","Power Through","Rupture"],"picked":"Shrug It Off+1","floor":29.0}],"player_experience":291833,"relics_obtained":[{"floor":7.0,"key":"PreservedInsect"},{"floor":9.0,"key":"Vajra"},{"floor":13.0,"key":"Charon\u0027s Ashes"},{"floor":14.0,"key":"Odd Mushroom"},{"floor":26.0,"key":"Bronze Scales"},{"floor":27.0,"key":"Question Card"}],"event_choices":[{"damage_healed":0.0,"max_hp_gain":0.0,"max_hp_loss":0.0,"gold_gain":75.0,"event_name":"World of Goop","player_choice":"Gather Gold","floor":4.0,"gold_loss":0.0,"damage_taken":11.0},{"damage_healed":0.0,"max_hp_gain":0.0,"max_hp_loss":0.0,"gold_gain":0.0,"event_name":"Mushrooms","player_choice":"Fought Mushrooms","floor":14.0,"gold_loss":0.0,"damage_taken":0.0},{"damage_healed":0.0,"max_hp_gain":0.0,"max_hp_loss":0.0,"gold_gain":0.0,"event_name":"Addict","player_choice":"Obtained Relic","floor":20.0,"gold_loss":85.0,"damage_taken":0.0,"relics_obtained":["Akabeko"]},{"damage_healed":0.0,"max_hp_gain":0.0,"max_hp_loss":0.0,"gold_gain":50.0,"event_name":"Nest","player_choice":"Stole From Cult","floor":22.0,"gold_loss":0.0,"damage_taken":0.0},{"damage_healed":0,"gold_gain":0,"player_choice":"Fight","damage_taken":0,"max_hp_gain":0,"max_hp_loss":0,"event_name":"Colosseum","floor":31,"gold_loss":0},{"damage_healed":0,"gold_gain":0,"player_choice":"Fought Nobs","damage_taken":0,"max_hp_gain":0,"max_hp_loss":0,"event_name":"Colosseum","floor":31,"gold_loss":0}],"is_beta":false,"boss_relics":[{"not_picked":["Runic Dome","Philosopher\u0027s Stone"],"picked":"Sozu"}],"items_purged_floors":[5],"is_endless":false,"potions_floor_spawned":[2,11,12,14,18,21,29],"killed_by":"Colosseum Nobs","ascension_level":20}}