{"host":"lzzv50t0ea3gz1kk","time":1611482630,"event":{"mods":["ATMod(°¢èªMod)","Act Like it!","Aspiration","BaseMod","Colored Powertips","Conspire","Downfall","Gensokyo","Hallownest","Hermit","Marisa£¨ìFÓê¡¡Ä§ÀíÉ³£©","Minty Spire (QoL Compilation)","Robot Space Explorer","SIMod","StSLib","The Saiyan","vexMod"],"gold_per_floor":[99,113,130,149,149,149,173,211,211,231,36,136,160,310,324,324,324,324],"floor_reached":16,"language":"ZHS","playtime":896,"items_purged":["champ:Duel"],"score":102,"play_id":"a23a5c2b-08b5-40bb-bfe5-fc36279a4fac","local_time":"20210124180350","is_ascension_mode":false,"campfire_choices":[{"data":"AT_FamilyPortrait","floor":1.0,"key":"SMITH"},{"data":"champ:FalseCounter","floor":6.0,"key":"SMITH"}],"circlet_count":0,"master_deck":["champ:Strike","champ:Strike","champ:Strike","champ:Strike","champ:Defend","champ:Defend","champ:Defend","champ:Defend","champ:Execute","champ:Taunt","AT_FamilyPortrait+1","champ:Lariat","champ:FalseCounter+1","champ:Duel+1","champ:RageSigil","champ:SteelEdge+1","champ:Shatter+1","champ:TornadoPunch+1"],"relics":["champ:ChampionCrown","AT_ATBox","Molten Egg 2","Smiling Mask"],"acts_visited":["Exordium"],"potions_floor_usage":[13,15,16],"damage_taken":[{"damage":10.0,"enemies":"2 Louse","floor":2.0,"turns":2.0},{"damage":1.0,"enemies":"Cultist","floor":3.0,"turns":4.0},{"damage":0.0,"enemies":"Small Slimes","floor":4.0,"turns":5.0},{"damage":30.0,"enemies":"Lagavulin","floor":8.0,"turns":6.0},{"damage":4,"enemies":"Exordium Wildlife","floor":10,"turns":3},{"damage":20,"enemies":"downfall:FleeingMerchant","floor":11,"turns":4},{"damage":55,"enemies":"Exordium Thugs","floor":13,"turns":5},{"damage":0,"enemies":"Blue Slaver","floor":15,"turns":4},{"damage":88,"enemies":"SI_SHIV_ARCHETYPE","floor":16,"turns":8}],"seed_played":"-4218949551345678442","potions_obtained":[{"floor":0.0,"key":"bronze:BurnAndBuffPotion"},{"floor":0.0,"key":"EssenceOfSteel"},{"floor":0.0,"key":"Fruit Juice"},{"floor":2.0,"key":"SteroidPotion"},{"floor":3.0,"key":"champ:TechniquePotion"},{"floor":8.0,"key":"Block Potion"}],"is_trial":false,"path_per_floor":["R","M","M","M","?","R","T","E","?","M","$","?","M","?","M","B"],"character_chosen":"THE_CHAMP","items_purchased":["champ:SteelEdge+1"],"campfire_rested":0,"item_purchase_floors":[11],"current_hp_per_floor":[95,95,94,94,94,94,94,64,64,60,60,60,40,40,40,0,0,0],"gold":324,"neow_bonus":"THREE_SMALL_POTIONS","is_daily":false,"chose_seed":false,"campfire_upgraded":2,"win_rate":0.0,"timestamp":1611482630,"path_taken":["R","M","M","M","?","R","T","E","?","M","$","?","?","?","M","BOSS"],"items_purchased_type":["Card"],"build_version":"2020-12-22","purchased_purges":1,"victory":false,"max_hp_per_floor":[95,95,95,95,95,95,95,95,95,95,95,95,95,95,95,95,95,95],"card_choices":[{"not_picked":["champ:Haymaker","champ:PreciseThrust"],"picked":"champ:Lariat","floor":2.0},{"not_picked":["champ:CalledShot","champ:Haymaker"],"picked":"champ:Duel","floor":3.0},{"not_picked":["champ:EnGarde","champ:ShieldSigil"],"picked":"champ:FalseCounter","floor":4.0},{"not_picked":["champ:BladeFlurry+1","champ:StanceDance"],"picked":"champ:Duel+1","floor":8.0},{"not_picked":["champ:BerserkersShout","champ:Circumvent"],"picked":"champ:RageSigil","floor":10},{"not_picked":["champ:Endure","champ:BerserkersShout","champ:SkillfulDodge"],"picked":"SKIP","floor":11},{"not_picked":["champ:AdrenalArmor","champ:ShieldThrow+1"],"picked":"champ:Shatter+1","floor":13},{"not_picked":["champ:GladiatorStyle","champ:DefensiveShout"],"picked":"champ:TornadoPunch+1","floor":15}],"player_experience":402276,"relics_obtained":[{"floor":7.0,"key":"Smiling Mask"},{"floor":8.0,"key":"CeramicFish"}],"event_choices":[{"cards_removed":["Injury"],"damage_healed":0.0,"max_hp_gain":0.0,"max_hp_loss":0.0,"gold_gain":0.0,"event_name":"The Cleric","player_choice":"Card Removal","floor":9.0,"gold_loss":0.0,"damage_taken":0.0}],"is_beta":false,"boss_relics":[],"items_purged_floors":[11],"is_endless":false,"potions_floor_spawned":[2,3,4,8],"killed_by":"SI_SHIV_ARCHETYPE","ascension_level":0}}