{"host":"684z1xpuwaoqmmh1","time":1611491344,"event":{"mods":["BaseMod","Downfall","Hermit","Jorbs\u0027s Wanderer Trilogy","Marisa????????","Minty Spire (QoL Compilation)","Robot Space Explorer","Shade Mod","StSLib","The Bug Knight","The Cursed","The Dragon Tamer","The Hayseed","The Hierophant","The Marked","The Mystic","The Runesmith","The Senshi"],"gold_per_floor":[110,110,110,127,143,177,193,223,223,253,253,224,224,243,243,348,348,368,381,224,224,241,241,270,280,306,336,336,336,336],"floor_reached":29,"language":"ENG","playtime":1400,"items_purged":[],"score":368,"play_id":"2a7f440b-c775-447a-bc4d-d5d295e9b9f1","local_time":"20210124142904","is_ascension_mode":true,"campfire_choices":[{"floor":13,"key":"REST"},{"data":"TheSimpletonMod:Coffee","floor":15,"key":"SMITH"},{"data":"TheSimpletonMod:Spinach","floor":23,"key":"SMITH"},{"data":"TheSimpletonMod:Swelter","floor":28,"key":"SMITH"}],"circlet_count":0,"master_deck":["TheSimpletonMod:Strike_TheSimpleton","TheSimpletonMod:Defend_TheSimpleton","TheSimpletonMod:Defend_TheSimpleton","TheSimpletonMod:Defend_TheSimpleton","TheSimpletonMod:Haymaker","TheSimpletonMod:ReapAndSow+1","TheSimpletonMod:Germinate","TheSimpletonMod:Coffee+1","TheSimpletonMod:Aerate","TheSimpletonMod:Thresh","TheSimpletonMod:RootDown","TheSimpletonMod:OnionBloom","TheSimpletonMod:Swelter","TheSimpletonMod:Swelter+1","TheSimpletonMod:Spinach+1","TheSimpletonMod:Fecundity+1","TheSimpletonMod:Coffee+1","TheSimpletonMod:SeedCoat+1","TheSimpletonMod:SlashAndBurn","TheSimpletonMod:StockTheCellar","TheSimpletonMod:BumperCrop+1"],"relics":["TheSimpletonMod:SpudOfTheInnocent","TheSimpletonMod:NightSoil","TheSimpletonMod:TheHarvester","Art of War","PreservedInsect","Matryoshka","HornCleat","Happy Flower","Astrolabe","Guardian:BottledAnomaly","Du-Vu Doll","Frozen Egg 2","Blood Vial","Vajra","TheSimpletonMod:GardenGlove"],"acts_visited":["Exordium","TheCity"],"potions_floor_usage":[8,10,24,27],"damage_taken":[{"damage":14,"enemies":"Small Slimes","floor":1,"turns":5},{"damage":2,"enemies":"Jaw Worm","floor":4,"turns":5},{"damage":1,"enemies":"Cultist","floor":5,"turns":4},{"damage":21,"enemies":"Lagavulin","floor":6,"turns":6},{"damage":8,"enemies":"Large Slime","floor":7,"turns":5},{"damage":24,"enemies":"Gremlin Nob","floor":8,"turns":4},{"damage":10,"enemies":"3 Sentries","floor":10,"turns":3},{"damage":1,"enemies":"2 Fungi Beasts","floor":14,"turns":4},{"damage":28,"enemies":"Slime Boss","floor":16,"turns":10},{"damage":10,"enemies":"Spheric Guardian","floor":18,"turns":4},{"damage":8,"enemies":"3 Byrds","floor":19,"turns":3},{"damage":11,"enemies":"Snecko","floor":22,"turns":8},{"damage":5,"enemies":"Book of Stabbing","floor":24,"turns":5},{"damage":10,"enemies":"Centurion and Healer","floor":25,"turns":6},{"damage":8,"enemies":"Gremlin Leader","floor":27,"turns":5},{"damage":42,"enemies":"Slavers","floor":29,"turns":5}],"seed_played":"-4600510892740890855","potions_obtained":[{"floor":1,"key":"Explosive Potion"},{"floor":5,"key":"BlessingOfTheForge"},{"floor":7,"key":"PowerPotion"},{"floor":10,"key":"FearPotion"},{"floor":16,"key":"SpeedPotion"},{"floor":18,"key":"PowerPotion"},{"floor":24,"key":"Dexterity Potion"}],"is_trial":false,"path_per_floor":["M","?","?","M","M","E","M","E","T","E","?","?","R","M","R","B",null,"M","M","$","?","M","R","E","M","T","E","R","E"],"character_chosen":"THE_SIMPLETON","items_purchased":["Guardian:BottledAnomaly"],"campfire_rested":1,"item_purchase_floors":[20],"current_hp_per_floor":[58,58,58,60,63,46,42,22,22,16,9,9,31,34,34,10,59,53,49,49,49,42,42,41,35,35,33,33,0,0],"gold":336,"neow_bonus":"THREE_CARDS","is_daily":false,"chose_seed":false,"campfire_upgraded":3,"win_rate":0.0,"timestamp":1611491344,"path_taken":["M","?","?","M","?","E","M","E","T","E","?","?","R","M","R","BOSS","M","M","$","?","M","R","E","M","T","E","R","E"],"items_purchased_type":["Relic"],"build_version":"2020-12-22","purchased_purges":0,"victory":false,"max_hp_per_floor":[75,75,75,75,75,75,75,75,75,75,75,75,75,75,75,75,75,75,75,75,75,75,75,75,75,75,75,75,75,75],"card_choices":[{"not_picked":["TheSimpletonMod:DigIn","TheSimpletonMod:DoubleBarrel"],"picked":"TheSimpletonMod:Germinate","floor":0.0},{"not_picked":["TheSimpletonMod:Onions","TheSimpletonMod:ToughenUp"],"picked":"TheSimpletonMod:Coffee","floor":1},{"not_picked":["TheSimpletonMod:Onions","TheSimpletonMod:ToughenUp"],"picked":"TheSimpletonMod:Aerate","floor":4},{"not_picked":["TheSimpletonMod:SoilSample","TheSimpletonMod:PestManagement"],"picked":"TheSimpletonMod:Thresh","floor":5},{"not_picked":["TheSimpletonMod:Fertilaser","TheSimpletonMod:CropRotation"],"picked":"TheSimpletonMod:RootDown","floor":6},{"not_picked":["TheSimpletonMod:GoToMarket","TheSimpletonMod:Onions"],"picked":"TheSimpletonMod:OnionBloom","floor":7},{"not_picked":["TheSimpletonMod:CullingStrike","TheSimpletonMod:DoubleBarrel","TheSimpletonMod:Fertilaser"],"picked":"SKIP","floor":8},{"not_picked":["TheSimpletonMod:Onions","TheSimpletonMod:SaladShooter"],"picked":"TheSimpletonMod:Swelter","floor":10},{"not_picked":["TheSimpletonMod:KeenEdge","TheSimpletonMod:BumperCrop"],"picked":"TheSimpletonMod:Swelter","floor":14},{"not_picked":["TheSimpletonMod:FanTheFlames","TheSimpletonMod:Biorefinement"],"picked":"TheSimpletonMod:Spinach","floor":16},{"not_picked":["TheSimpletonMod:KeenEdge","TheSimpletonMod:Aerate","TheSimpletonMod:SaladShooter"],"picked":"SKIP","floor":18},{"not_picked":["TheSimpletonMod:ToughenUp","TheSimpletonMod:Ferment"],"picked":"TheSimpletonMod:SlashAndBurn","floor":19},{"not_picked":["TheSimpletonMod:Aerate","TheSimpletonMod:Onions+1"],"picked":"TheSimpletonMod:StockTheCellar","floor":22},{"not_picked":["TheSimpletonMod:Germinate+1","TheSimpletonMod:SoilSample","TheSimpletonMod:VineRipen"],"picked":"SKIP","floor":24},{"not_picked":["TheSimpletonMod:Sunchoke","TheSimpletonMod:OnionBloom+1"],"picked":"TheSimpletonMod:BumperCrop+1","floor":25},{"not_picked":["TheSimpletonMod:Germinate+1","TheSimpletonMod:Mulch","TheSimpletonMod:BumperCrop"],"picked":"SKIP","floor":27}],"player_experience":2931973,"relics_obtained":[{"floor":6,"key":"Art of War"},{"floor":8,"key":"PreservedInsect"},{"floor":9,"key":"Matryoshka"},{"floor":10,"key":"HornCleat"},{"floor":24,"key":"Frozen Egg 2"},{"floor":26,"key":"Blood Vial"},{"floor":26,"key":"Vajra"},{"floor":27,"key":"TheSimpletonMod:GardenGlove"}],"event_choices":[{"damage_healed":0,"gold_gain":0,"player_choice":"Grow","damage_taken":0,"max_hp_gain":0,"max_hp_loss":0,"event_name":"Living Wall","floor":2,"gold_loss":0,"cards_upgraded":["TheSimpletonMod:ReapAndSow"]},{"cards_removed":["TheSimpletonMod:Strike_TheSimpleton"],"damage_healed":0,"gold_gain":0,"player_choice":"Purged","damage_taken":0,"max_hp_gain":0,"max_hp_loss":0,"event_name":"Purifier","floor":3,"gold_loss":0},{"damage_healed":0,"gold_gain":0,"player_choice":"Success","damage_taken":7,"relics_obtained":["Happy Flower"],"max_hp_gain":0,"max_hp_loss":0,"event_name":"Scrap Ooze","floor":11,"gold_loss":0},{"damage_healed":0,"gold_gain":0,"player_choice":"Left Gold","damage_taken":0,"max_hp_gain":0,"max_hp_loss":0,"event_name":"World of Goop","floor":12,"gold_loss":29},{"damage_healed":0,"gold_gain":0,"player_choice":"Opened","damage_taken":0,"relics_obtained":["Du-Vu Doll"],"max_hp_gain":0,"max_hp_loss":0,"event_name":"The Mausoleum","floor":21,"gold_loss":0}],"is_beta":false,"boss_relics":[{"not_picked":["SacredBark","Runic Pyramid"],"picked":"Astrolabe"}],"items_purged_floors":[],"is_endless":false,"potions_floor_spawned":[1,5,7,10,16,18,24],"killed_by":"Slavers","ascension_level":6}}