{"host":"yn8qackkbxgt4nh1","time":1611475906,"event":{"mods":["BaseMod","Colored Map","Colored Powertips","DeckTracker","Minty Spire (QoL Compilation)","SuperFastMode"],"gold_per_floor":[111,128,142,154,154,154,189,189,189,189,209,219,219,236,236,312,312,331,331,331,345,345,379,379,379,379],"floor_reached":25,"language":"KOR","playtime":922,"items_purged":[],"score":413,"play_id":"08f81b5b-2fad-46fc-8a47-4a37e9f4630a","local_time":"20210124171146","is_ascension_mode":true,"campfire_choices":[{"data":"Body Slam","floor":6.0,"key":"SMITH"},{"data":"Berserk","floor":8.0,"key":"SMITH"},{"data":"Shrug It Off","floor":10.0,"key":"SMITH"},{"data":"Shockwave","floor":13.0,"key":"SMITH"},{"data":"Evolve","floor":15.0,"key":"SMITH"},{"data":"Power Through","floor":24.0,"key":"SMITH"}],"circlet_count":0,"master_deck":["AscendersBane","Strike_R","Strike_R","Strike_R","Strike_R+1","Defend_R","Defend_R","Defend_R","Defend_R","Bash+1","Berserk+1","Shrug It Off+1","Shockwave+1","Body Slam+1","Clothesline","Evolve+1","Burning Pact","Second Wind","Power Through+1","Berserk"],"relics":["Burning Blood","Matryoshka","Toy Ornithopter","Red Skull","Ornamental Fan","Busted Crown","Singing Bowl","Whetstone","Boot"],"acts_visited":["Exordium","TheCity"],"potions_floor_usage":[25,25],"damage_taken":[{"damage":12.0,"enemies":"Cultist","floor":1.0,"turns":4.0},{"damage":3.0,"enemies":"2 Louse","floor":2.0,"turns":4.0},{"damage":9.0,"enemies":"Small Slimes","floor":3.0,"turns":4.0},{"damage":5.0,"enemies":"Blue Slaver","floor":4.0,"turns":5.0},{"damage":17.0,"enemies":"Lagavulin","floor":7.0,"turns":7.0},{"damage":2.0,"enemies":"Large Slime","floor":11.0,"turns":5.0},{"damage":0.0,"enemies":"2 Fungi Beasts","floor":12.0,"turns":3.0},{"damage":8.0,"enemies":"Looter","floor":14.0,"turns":3.0},{"damage":18.0,"enemies":"The Guardian","floor":16.0,"turns":10.0},{"damage":28.0,"enemies":"Shell Parasite","floor":18.0,"turns":6.0},{"damage":0.0,"enemies":"Chosen","floor":21.0,"turns":6.0},{"damage":41.0,"enemies":"Gremlin Leader","floor":23.0,"turns":10.0},{"damage":30,"enemies":"Slavers","floor":25,"turns":3}],"seed_played":"6403599091293878539","potions_obtained":[{"floor":1.0,"key":"SkillPotion"},{"floor":2.0,"key":"LiquidBronze"},{"floor":16.0,"key":"ColorlessPotion"},{"floor":21.0,"key":"LiquidBronze"},{"floor":23.0,"key":"PowerPotion"}],"is_trial":false,"path_per_floor":["M","M","M","M","?","R","E","R","T","R","M","M","R","M","R","B",null,"M","?","?","M","T","E","R","E"],"character_chosen":"IRONCLAD","items_purchased":[],"campfire_rested":0,"item_purchase_floors":[],"current_hp_per_floor":[62,65,62,63,37,37,26,26,26,26,30,36,36,34,34,32,64,42,42,42,48,48,20,20,0,0],"gold":379,"neow_bonus":"ONE_RANDOM_RARE_CARD","is_daily":false,"chose_seed":false,"campfire_upgraded":6,"win_rate":0.0,"timestamp":1611475906,"path_taken":["M","?","M","M","?","R","E","R","T","R","M","M","R","M","R","BOSS","M","?","?","M","?","E","R","E"],"items_purchased_type":[],"build_version":"2020-12-22","purchased_purges":0,"victory":false,"max_hp_per_floor":[75,75,75,75,75,75,75,75,75,75,75,75,75,75,75,75,75,75,75,75,75,75,77,77,77,77],"card_choices":[{"not_picked":["Inflame","Dropkick"],"picked":"Shrug It Off","floor":1.0},{"not_picked":["Anger","Warcry"],"picked":"Shockwave","floor":2.0},{"not_picked":["Rupture","Reckless Charge"],"picked":"Body Slam","floor":3.0},{"not_picked":["Blood for Blood","Perfected Strike"],"picked":"Clothesline","floor":4.0},{"not_picked":["Iron Wave","Heavy Blade"],"picked":"Evolve","floor":7.0},{"not_picked":["Perfected Strike","Shockwave"],"picked":"Burning Pact","floor":11.0},{"not_picked":["Thunderclap","Wild Strike"],"picked":"Second Wind","floor":12.0},{"not_picked":["Body Slam","Anger"],"picked":"Power Through","floor":14.0},{"not_picked":["Bludgeon","Demon Form"],"picked":"Berserk","floor":16.0},{"not_picked":["Flex"],"picked":"SKIP","floor":18.0},{"not_picked":["Heavy Blade+1"],"picked":"SKIP","floor":21.0},{"not_picked":["Heavy Blade"],"picked":"Singing Bowl","floor":23.0}],"player_experience":696870,"relics_obtained":[{"floor":7.0,"key":"Toy Ornithopter"},{"floor":9.0,"key":"Red Skull"},{"floor":9.0,"key":"Ornamental Fan"},{"floor":22.0,"key":"Singing Bowl"},{"floor":22.0,"key":"Whetstone"},{"floor":23.0,"key":"Boot"}],"event_choices":[{"damage_healed":0.0,"max_hp_gain":0.0,"max_hp_loss":0.0,"gold_gain":0.0,"event_name":"Scrap Ooze","player_choice":"Success","floor":5.0,"gold_loss":0.0,"damage_taken":26.0,"relics_obtained":["Matryoshka"]},{"cards_removed":["Strike_R"],"damage_healed":0.0,"max_hp_gain":0.0,"max_hp_loss":0.0,"gold_gain":0.0,"event_name":"Back to Basics","player_choice":"Elegance","floor":19.0,"gold_loss":0.0,"damage_taken":0.0},{"damage_healed":0.0,"max_hp_gain":0.0,"max_hp_loss":0.0,"gold_gain":0.0,"event_name":"Vampires","player_choice":"Ignored","floor":20.0,"gold_loss":0.0,"damage_taken":0.0}],"is_beta":false,"boss_relics":[{"not_picked":["Runic Dome","Black Blood"],"picked":"Busted Crown"}],"items_purged_floors":[],"is_endless":false,"potions_floor_spawned":[1,2,4,7,12,16,21,23],"killed_by":"Slavers","ascension_level":17}}