{"host":"zyco7k3wn5zcc8b6","time":1611494775,"event":{"mods":["Aspiration","BaseMod","Colored Map","Conspire","Custom Start","Hubris","Infinite Spire","Minty Spire (QoL Compilation)","Relic Filter","Replay The Spire","Shop Mod","StSLib","Trackpad"],"gold_per_floor":[109,109,109,109,127,127,159,159,229,254,274,304,330,349,349,423,423,436,446,466,485,385,472,472,521,576,726,726,767,832,883,883,985,985,1026,1026,502,512,527,527,586,670,670,670,691,716,791,840,840,958,1088,1088,1122,1122,1201,1208,1216,1216,1268,1268,1268,1285,1285,1314,1314,1335,1335,1456,1456,1519,1545,1552,1588,1619,1642,1642,1672,1785,1817,1843,1812,1812,1839,1839,1958,1958,1971,2015,2022,2028,2109,2109,2160,2160,2222,2253,2258,2258,2379,2379,2429,2504,2628,2628,2640,2686,2698,2710,2710,2735,2735,2750,2759,2759,2767,2790,2799,2818,2818,3049,3099,3116,3041,3058,2948,2958,2986,2986,2995,3058,3058,3158,3172,3193,3219,3219,3306,3356,3371,2934,2954,3041,3021,3021,3135,3135,3218,3249,3276,3290,3320,3329,3329,3513,3698,3748,3748,3092,3208,3372],"floor_reached":161,"language":"ENG","playtime":7032,"items_purged":["Pain","Hallucinations","ReplayTheSpireMod:Stacked+2","hubris:Compulsion","ReplayTheSpireMod:Restless Dread","Bandage Up","Looming Evil","infinitespire:Pacifist"],"score":9834,"play_id":"0c801f1d-b906-4f0c-91f9-0968b329c7f3","local_time":"20210124172615","daily_mods":["Vintage","DeadlyEvents","Cursed Run","Elite Swarm","Uncertain Future"],"is_ascension_mode":true,"campfire_choices":[{"data":"Fire Breathing","floor":6,"key":"SMITH"},{"data":"Ghostly Armor+1","floor":6,"key":"SMITH"},{"data":"ReplayTheSpireMod:Stacked","floor":8,"key":"SMITH"},{"data":"ReplayTheSpireMod:Stacked","floor":8,"key":"SMITH"},{"data":"ReplayTheSpireMod:Stacked+1","floor":15,"key":"SMITH"},{"data":"ReplayTheSpireMod:Stacked+1","floor":15,"key":"SMITH"},{"data":"Fire Breathing+1","floor":24,"key":"SMITH"},{"data":"Fire Breathing+2","floor":24,"key":"SMITH"},{"data":"Ghostly Armor+2","floor":32,"key":"SMITH"},{"data":"Ghostly Armor+3","floor":32,"key":"SMITH"},{"data":"conspire:SpireCoStock","floor":40,"key":"SMITH"},{"data":"conspire:SpireCoStock","floor":40,"key":"SMITH"},{"data":"Fire Breathing+3","floor":44,"key":"SMITH"},{"data":"Fire Breathing+4","floor":44,"key":"SMITH"},{"data":"Fire Breathing+5","floor":49,"key":"SMITH"},{"data":"Fire Breathing+6","floor":49,"key":"SMITH"},{"data":"Fire Breathing+7","floor":58,"key":"SMITH"},{"data":"Fire Breathing+8","floor":58,"key":"SMITH"},{"data":"Fire Breathing+9","floor":60,"key":"SMITH"},{"data":"Fire Breathing+10","floor":60,"key":"SMITH"},{"data":"conspire:Blindness","floor":67,"key":"PURGE"},{"data":"hubris:Envy","floor":76,"key":"PURGE"},{"data":"Reckless Charge","floor":82,"key":"PURGE"},{"data":"Fire Breathing+11","floor":84,"key":"SMITH"},{"data":"Fire Breathing+12","floor":84,"key":"SMITH"},{"data":"Delirium","floor":92,"key":"PURGE"},{"data":"Fire Breathing+13","floor":94,"key":"SMITH"},{"data":"Fire Breathing+14","floor":94,"key":"SMITH"},{"data":"ReplayTheSpireMod:Stacked+3","floor":101,"key":"PURGE"},{"data":"CommonCold","floor":111,"key":"PURGE"},{"data":"hubris:DuctTapeCard","floor":114,"key":"SMITH"},{"data":"hubris:DuctTapeCard+4","floor":114,"key":"SMITH"},{"data":"Fire Breathing+15","floor":119,"key":"SMITH"},{"data":"Fire Breathing+16","floor":119,"key":"SMITH"},{"data":"hubris:DuctTapeCard+6","floor":128,"key":"SMITH"},{"data":"hubris:DuctTapeCard+8","floor":128,"key":"SMITH"},{"data":"Fire Breathing+17","floor":131,"key":"SMITH"},{"data":"Fire Breathing+18","floor":131,"key":"SMITH"},{"data":"hubris:Gluttony","floor":136,"key":"PURGE"},{"data":"Voices","floor":144,"key":"PURGE"},{"data":"Fire Breathing+19","floor":146,"key":"SMITH"},{"data":"Fire Breathing+20","floor":146,"key":"SMITH"},{"data":"Fire Breathing+21","floor":157,"key":"SMITH"},{"data":"Fire Breathing+22","floor":157,"key":"SMITH"}],"circlet_count":0,"master_deck":["Reckless Charge+1","Ghostly Armor+5","Fire Breathing+23","Spreading Infection","Overencumbered","Injury","infinitespire:UltimateForm","Decay","Writhe","hubris:Lust","conspire:NecroticWound","hubris:Gluttony"],"relics":["Cursed Key","Darkstone Periapt","Du-Vu Doll","trackpad:BottledShadow","Replay:Bottled Flurry","conspire:InfiniteJournal","Replay:Arrowhead","Charon\u0027s Ashes","MealTicket","infinitespire:ShieldingShard","hubris:MobiusCoin","infinitespire:Beetle Shell","Dream Catcher","hubris:GlazedTorus","Replay:WaspNest","hubris:HollowSoul","Akabeko","Magic Flower","Vajra","Replay:Kaleidoscope","conspire:BottledYoYo","Peace Pipe","trackpad:SappingStone","Ooze Armor","ReplayTheSpireMod:CursedCoin","Oddly Smooth Stone","Singing Bowl","Mark of Pain","Gremlin Food","MerchantsRug","aspiration:Nostalgia","Sizzling Blood","Replay:Wax Seal","Boot","trackpad:ByrdBGone","Gremlin Horn","Iron Hammer","Sundial","ReplayTheSpireMod:Ninjato","PreservedInsect","Counterbalance","conspire:SlowCooker","Pear","Chameleon Ring","Whetstone","infinitespire:EmpoweringShard","Bag of Marbles","hubris:IronBody","hubris:FunFungus","hubris:Icosahedron","Replay:Bottled Snecko","Durian","War Paint","hubris:ScarierMask","Unceasing Top","CeramicFish","TungstenRod","Letter Opener","infinitespire:CursedDice","Smiling Mask","trackpad:CultistFigurine","Art of War","Bronze Scales","infinitespire:BottledMercury","aspiration:TomeofQuesting","hubris:Backtick","hubris:DuctTape","trackpad:AdjectivePendant","infinitespire:Burning Sword","Mercury Hourglass","conspire:Boomerang","trackpad:ZombieHeart","aspiration:SeaSaltIceCream","StrikeDummy","Thread and Needle","aspiration:AnachronicSnailShell","trackpad:Mousetrap","Pen Nib","Orichalcum","hubris:Zylophone","infinitespire:Cupcake","conspire:TopHat","Odd Mushroom","aspiration:Lifesprig","hubris:Metronome","Red Skull","Question Card","trackpad:IceCube","hubris:MysteriousPyramids","Bag of Preparation","Coffee Dripper","trackpad:GuardianSpirit","Replay:Drink Me","Replay:Bandana","Bird Faced Urn","Eternal Feather","Lantern","trackpad:WindUpAutoDealer","Ancient Tea Set","infinitespire:FocusingShard","White Beast Statue","Happy Flower","Quantum Egg","aspiration:PoetsPen","King of Hearts","trackpad:PetRock","Medical Kit","trackpad:WondrousWand","Meat on the Bone","Potion Belt","Snack Pack","hubris:ChampionShield","ReplayTheSpireMod:Spearhead","Tiny House","hubris:EmptyBottle","infinitespire:Lucky Rock","hubris:TinFlute","Paper Frog"],"acts_visited":[],"potions_floor_usage":[18,41,50,160,160,160],"damage_taken":[{"damage":0,"enemies":"Small Slimes","floor":1,"turns":4},{"damage":0,"enemies":"Jaw Worm","floor":5,"turns":3},{"damage":15,"enemies":"Gremlin Nob","floor":7,"turns":4},{"damage":3,"enemies":"3 Sentries","floor":10,"turns":3},{"damage":0,"enemies":"Cultist","floor":11,"turns":2},{"damage":0,"enemies":"Lagavulin","floor":12,"turns":4},{"damage":7,"enemies":"3 Sentries","floor":13,"turns":4},{"damage":0,"enemies":"Looter","floor":14,"turns":2},{"damage":16,"enemies":"Hexaghost","floor":16,"turns":6},{"damage":0,"enemies":"Shell Parasite","floor":18,"turns":3},{"damage":0,"enemies":"2 Thieves","floor":19,"turns":3},{"damage":6,"enemies":"Snecko","floor":20,"turns":3},{"damage":1,"enemies":"Snake Plant","floor":21,"turns":3},{"damage":15,"enemies":"Nightmare","floor":23,"turns":4},{"damage":24,"enemies":"Slavers","floor":25,"turns":3},{"damage":0,"enemies":"Gremlin Leader","floor":29,"turns":3},{"damage":4,"enemies":"conspire:Head Lice","floor":30,"turns":3},{"damage":12,"enemies":"Cultist and Chosen","floor":31,"turns":4},{"damage":24,"enemies":"hubris:MusketHawk","floor":33,"turns":5},{"damage":19,"enemies":"3 Darklings","floor":35,"turns":3},{"damage":0,"enemies":"Orb Walker","floor":38,"turns":1},{"damage":0,"enemies":"Sphere and 2 Shapes","floor":39,"turns":3},{"damage":46,"enemies":"Giant Head","floor":41,"turns":6},{"damage":0,"enemies":"4 Shapes","floor":45,"turns":3},{"damage":9,"enemies":"Nightmare","floor":46,"turns":3},{"damage":18,"enemies":"Giant Head","floor":47,"turns":6},{"damage":31,"enemies":"R_Hoarder","floor":48,"turns":3},{"damage":53,"enemies":"Replay:Hell Engine","floor":50,"turns":6},{"damage":14,"enemies":"Donu and Deca","floor":51,"turns":3},{"damage":0,"enemies":"Jaw Worm","floor":53,"turns":1},{"damage":0,"enemies":"2 Louse","floor":55,"turns":4},{"damage":0,"enemies":"Cultist","floor":56,"turns":3},{"damage":0,"enemies":"Blue Slaver","floor":57,"turns":2},{"damage":10,"enemies":"Nightmare","floor":59,"turns":3},{"damage":12,"enemies":"3 Sentries","floor":62,"turns":4},{"damage":0,"enemies":"Gremlin Nob","floor":64,"turns":1},{"damage":0,"enemies":"3 Sentries","floor":66,"turns":4},{"damage":0,"enemies":"Hexaghost","floor":68,"turns":2},{"damage":0,"enemies":"Shell Parasite","floor":70,"turns":1},{"damage":0,"enemies":"Spheric Guardian","floor":71,"turns":3},{"damage":0,"enemies":"Centurion and Healer","floor":72,"turns":1},{"damage":0,"enemies":"3 Cultists","floor":73,"turns":5},{"damage":1,"enemies":"Slavers","floor":74,"turns":2},{"damage":0,"enemies":"Gremlin Leader","floor":75,"turns":3},{"damage":54,"enemies":"Book of Stabbing","floor":77,"turns":4},{"damage":0,"enemies":"Shelled Parasite and Fungi","floor":79,"turns":5},{"damage":0,"enemies":"Nightmare","floor":80,"turns":4},{"damage":0,"enemies":"Centurion and Healer","floor":81,"turns":3},{"damage":0,"enemies":"Automaton","floor":85,"turns":2},{"damage":0,"enemies":"Orb Walker","floor":87,"turns":1},{"damage":0,"enemies":"2 Orb Walkers","floor":88,"turns":1},{"damage":0,"enemies":"3 Shapes","floor":89,"turns":3},{"damage":0,"enemies":"Sphere and 2 Shapes","floor":90,"turns":2},{"damage":0,"enemies":"Spire Growth","floor":91,"turns":3},{"damage":0,"enemies":"R_Hoarder","floor":93,"turns":3},{"damage":0,"enemies":"Nightmare","floor":96,"turns":1},{"damage":0,"enemies":"3 Darklings","floor":97,"turns":2},{"damage":0,"enemies":"R_Hoarder","floor":99,"turns":2},{"damage":0,"enemies":"conspire:OrnateMirror","floor":102,"turns":2},{"damage":0,"enemies":"hubris:GrandSnecko","floor":103,"turns":3},{"damage":0,"enemies":"Cultist","floor":105,"turns":2},{"damage":0,"enemies":"The Mushroom Lair","floor":106,"turns":3},{"damage":0,"enemies":"Small Slimes","floor":107,"turns":1},{"damage":0,"enemies":"Jaw Worm","floor":108,"turns":1},{"damage":0,"enemies":"Nightmare","floor":110,"turns":1},{"damage":0,"enemies":"Large Slime","floor":112,"turns":1},{"damage":0,"enemies":"Looter","floor":115,"turns":3},{"damage":0,"enemies":"Gremlin Nob","floor":116,"turns":2},{"damage":0,"enemies":"Lagavulin","floor":118,"turns":2},{"damage":0,"enemies":"Fading Forest","floor":120,"turns":1},{"damage":0,"enemies":"Chosen","floor":122,"turns":1},{"damage":0,"enemies":"Spheric Guardian","floor":124,"turns":1},{"damage":0,"enemies":"Snecko","floor":126,"turns":1},{"damage":0,"enemies":"Gremlin Leader","floor":127,"turns":1},{"damage":0,"enemies":"conspire:SneckoGhost","floor":132,"turns":1},{"damage":0,"enemies":"Cultist and Chosen","floor":133,"turns":1},{"damage":0,"enemies":"Nightmare","floor":134,"turns":2},{"damage":0,"enemies":"Slavers","floor":135,"turns":1},{"damage":0,"enemies":"hubris:MusketHawk","floor":137,"turns":1},{"damage":0,"enemies":"Orb Walker","floor":139,"turns":1},{"damage":0,"enemies":"3 Darklings","floor":141,"turns":1},{"damage":0,"enemies":"Maw","floor":142,"turns":2},{"damage":0,"enemies":"Reptomancer","floor":145,"turns":1},{"damage":0,"enemies":"R_Hoarder","floor":148,"turns":1},{"damage":0,"enemies":"Reptomancer","floor":149,"turns":1},{"damage":0,"enemies":"Jaw Worm Horde","floor":150,"turns":1},{"damage":0,"enemies":"Nightmare_Alpha","floor":151,"turns":1},{"damage":0,"enemies":"infinitespire:MassOfShapes","floor":154,"turns":1},{"damage":0,"enemies":"Time Eater","floor":155,"turns":1},{"damage":0,"enemies":"Shield and Spear","floor":159,"turns":2},{"damage":103,"enemies":"The Heart","floor":160,"turns":8}],"seed_played":"3035217095917413305","potions_obtained":[{"floor":7,"key":"ColorlessPotion"},{"floor":12,"key":"Swift Potion"},{"floor":18,"key":"conspire:TimeTravelPotion"},{"floor":41,"key":"Fruit Juice"},{"floor":46,"key":"FearPotion"},{"floor":47,"key":"Adrenaline Potion"},{"floor":50,"key":"Fire Potion"},{"floor":89,"key":"Adrenaline Potion"},{"floor":145,"key":"Adrenaline Potion"},{"floor":150,"key":"Dexterity Potion"},{"floor":160,"key":"Dexterity Potion"}],"is_trial":true,"path_per_floor":["M","?","$","?","M","R","E","R","T","E","M","E","E","M","R","B",null,"M","M","M","M","?","NM","R","E","T","AVR","?","E","E","M","R","B",null,"M","AVR","$","M","M","R","E","?","T","R","M","NM","E","E","R","B","B",null,"M","?","M","M","M","R","NM","R","T","E","?","E","AVR","E","R","B",null,"M","M","M","M","E","E","R","E","T","M","NM","M","R","AVR","R","B",null,"M","?","M","M","M","R","E","R","T","NM","M","?","E","AVR","R","B","B",null,"M","?","M","M","?","NM","R","M","T","R","M","E","AVR","E","R","B",null,"M","?","M","?","M","E","R","AVR","T","R","E","M","NM","E","R","B",null,"M","$","M","M","?","R","E","R","T","E","E","M","NM","AVR","R","B","B",null,"R","$","E","B",null],"character_chosen":"IRONCLAD","items_purchased":["MerchantsRug","aspiration:Nostalgia","Replay:Wax Seal","Boot","King of Hearts","trackpad:PetRock","Medical Kit","hubris:EmptyBottle","infinitespire:Lucky Rock","hubris:TinFlute"],"campfire_rested":0,"item_purchase_floors":[37,37,37,37,140,140,140,158,158,158],"current_hp_per_floor":[75,75,75,75,75,75,60,60,66,67,71,79,74,78,78,77,85,87,87,81,86,86,78,78,60,66,72,99,99,95,87,87,77,100,87,87,106,111,111,111,78,90,96,96,111,119,118,104,104,115,126,152,168,180,182,182,182,182,182,182,188,188,188,196,201,203,203,211,211,211,211,211,211,213,215,215,169,175,201,225,225,225,225,225,233,233,233,235,235,237,238,238,241,241,247,251,255,255,258,258,258,267,276,276,277,281,282,283,283,286,286,287,293,293,294,297,297,300,300,308,231,232,232,233,233,234,237,237,237,243,243,246,247,250,254,254,263,263,264,264,268,269,269,269,272,272,278,281,283,285,290,290,290,299,307,314,314,314,317,307],"gold":3372,"neow_bonus":"","is_daily":false,"chose_seed":false,"campfire_upgraded":36,"win_rate":0.0,"timestamp":1611494775,"path_taken":["M","?","$","?","M","R","E","R","T","E","M","E","?","M","R","BOSS","M","M","M","M","?","NM","R","E","T","AVR","?","?","E","M","R","BOSS","M","AVR","?","M","M","R","E","?","T","R","M","NM","?","E","R","BOSS","BOSS","M","?","M","M","M","R","NM","R","T","E","?","E","AVR","?","R","BOSS","M","M","?","M","?","E","R","E","T","M","NM","?","R","AVR","R","BOSS","M","?","M","?","M","R","E","R","T","NM","M","?","E","AVR","R","BOSS","BOSS","M","?","M","M","?","NM","R","M","T","R","?","E","AVR","E","R","BOSS","M","?","M","?","M","E","R","AVR","T","R","E","M","NM","?","R","BOSS","M","?","M","M","?","R","E","R","T","E","?","M","NM","AVR","R","BOSS","BOSS","R","$","E","BOSS"],"items_purchased_type":["Relic","Relic","Relic","Relic","Relic","Relic","Relic","Relic","Relic","Relic"],"build_version":"2020-12-22","purchased_purges":8,"victory":true,"max_hp_per_floor":[75,75,75,75,75,75,75,75,81,81,81,81,81,81,81,87,87,87,87,87,87,87,87,87,87,93,99,99,99,99,99,99,107,107,107,107,111,111,111,111,118,130,136,136,136,138,140,142,142,150,160,160,170,182,182,182,182,182,186,186,192,194,194,196,201,203,203,211,211,211,211,211,211,213,215,215,217,223,223,225,225,225,225,225,233,233,233,235,235,237,238,238,241,241,247,251,255,255,258,258,258,267,276,276,277,281,282,283,283,286,286,287,293,293,294,297,297,300,300,308,231,232,232,233,233,234,237,237,237,243,243,246,247,250,254,254,263,263,264,264,268,269,269,269,272,272,278,281,283,285,290,290,290,299,307,314,314,314,317,326],"card_choices":[{"not_picked":["hubris:StunningStrike","Offering","Demonic Infusion"],"picked":"SKIP","floor":7},{"not_picked":["Double Tap","Corruption","Impervious"],"picked":"SKIP","floor":10},{"not_picked":["Brutality","Exhume","Impervious"],"picked":"SKIP","floor":12},{"not_picked":["Double Tap","Bludgeon","Berserk"],"picked":"SKIP","floor":13},{"not_picked":["hubris:StunningStrike","Immolate","Impervious"],"picked":"SKIP","floor":23},{"not_picked":["hubris:StunningStrike","Impervious","conspire:HitWhereItHurts"],"picked":"SKIP","floor":25},{"not_picked":["Feed","Fiend Fire","Offering"],"picked":"SKIP","floor":29},{"not_picked":["Offering","Impervious","Fiend Fire"],"picked":"SKIP","floor":30},{"not_picked":["conspire:HitWhereItHurts","Bludgeon","Fiend Fire"],"picked":"Singing Bowl","floor":33},{"not_picked":["Fiend Fire","Brutality","Eclipse"],"picked":"Singing Bowl","floor":41},{"not_picked":["Heavy Blade","Anger+1","Replay:Undeath\u0027s Touch"],"picked":"Singing Bowl","floor":42},{"not_picked":["Intimidate","Armaments","Wild Strike"],"picked":"Singing Bowl","floor":42},{"not_picked":["ReplayTheSpireMod:Corrosion Curse","Iron Wave+1","Disarm"],"picked":"Singing Bowl","floor":42},{"not_picked":["Limit Break","Demonic Infusion","Replay:Many Hands"],"picked":"Singing Bowl","floor":46},{"not_picked":["Berserk","Bludgeon","Demon Form"],"picked":"Singing Bowl","floor":47},{"not_picked":["Berserk","Demon Form","Exhume"],"picked":"Singing Bowl","floor":48},{"not_picked":["Eclipse","hubris:StunningStrike","Berserk"],"picked":"Singing Bowl","floor":50},{"not_picked":["Impervious","Demon Form","conspire:Purge"],"picked":"Singing Bowl","floor":51},{"not_picked":["infinitespire:SealOfDarkness+","ReplayTheSpireMod:Haul","infinitespire:FinalStrike"],"picked":"Singing Bowl","floor":51},{"not_picked":["infinitespire:TheBestDefense","infinitespire:FutureSight"],"picked":"infinitespire:UltimateForm","floor":54},{"not_picked":["Exhume","Immolate","Double Tap"],"picked":"Singing Bowl","floor":59},{"not_picked":["Replay:Fractal Strike","infinitespire:Fortify","infinitespire:NeuralNetwork"],"picked":"Singing Bowl","floor":59},{"not_picked":["Demon Form","Barricade","Juggernaut"],"picked":"Singing Bowl","floor":62},{"not_picked":["hubris:StunningStrike","Immolate","Bludgeon"],"picked":"Singing Bowl","floor":64},{"not_picked":["conspire:HitWhereItHurts","Demon Form","Replay:Many Hands"],"picked":"Singing Bowl","floor":66},{"not_picked":["Brutality","Fiend Fire","conspire:HitWhereItHurts"],"picked":"Singing Bowl","floor":68},{"not_picked":["Bludgeon","Feed","Demonic Infusion"],"picked":"Singing Bowl","floor":74},{"not_picked":["Feed","Demonic Infusion","Exhume"],"picked":"Singing Bowl","floor":75},{"not_picked":["Brutality","Replay:Many Hands","Berserk"],"picked":"Singing Bowl","floor":77},{"not_picked":["hubris:StunningStrike","Eclipse","Bludgeon"],"picked":"Singing Bowl","floor":80},{"not_picked":["Offering","Limit Break","conspire:Purge"],"picked":"Singing Bowl","floor":85},{"not_picked":["Headbutt+1","Abandon","True Grit+1"],"picked":"Singing Bowl","floor":88},{"not_picked":["Replay:Many Hands","Demonic Infusion","Corruption"],"picked":"Singing Bowl","floor":93},{"not_picked":["ReplayTheSpireMod:Echoes of Time","infinitespire:NeuralNetwork","infinitespire:Menacing"],"picked":"Singing Bowl","floor":96},{"not_picked":["Replay:Many Hands","Exhume","Juggernaut"],"picked":"Singing Bowl","floor":96},{"not_picked":["Fiend Fire","conspire:HitWhereItHurts","Exhume"],"picked":"Singing Bowl","floor":99},{"not_picked":["Juggernaut","Limit Break","Brutality"],"picked":"Singing Bowl","floor":102},{"not_picked":["Immolate","Bludgeon","Exhume"],"picked":"Singing Bowl","floor":103},{"not_picked":["True Grit","Defy Death","hubris:SharpeningStone"],"picked":"Singing Bowl","floor":106},{"not_picked":["Barricade","Hemogenesis","Double Tap"],"picked":"Singing Bowl","floor":110},{"not_picked":["Fiend Fire","Corruption","conspire:Purge","Demon Form"],"picked":"Singing Bowl","floor":116},{"not_picked":["conspire:Purge","Barricade","Exhume","Offering"],"picked":"Singing Bowl","floor":118},{"not_picked":["Limit Break","Eclipse","Hemogenesis","Offering"],"picked":"Singing Bowl","floor":120},{"not_picked":["conspire:Purge","Demon Form","Bludgeon","Barricade"],"picked":"Singing Bowl","floor":127},{"not_picked":["Limit Break","Berserk","Immolate","Demon Form"],"picked":"Singing Bowl","floor":132},{"not_picked":["Corruption","Berserk","Double Tap","conspire:HitWhereItHurts"],"picked":"Singing Bowl","floor":134},{"not_picked":["hubris:StunningStrike","Immolate","Fiend Fire","conspire:Purge"],"picked":"Singing Bowl","floor":135},{"not_picked":["Impervious","Immolate","Juggernaut","conspire:Purge"],"picked":"Singing Bowl","floor":137},{"not_picked":["Eclipse","Immolate","Juggernaut","Reaper"],"picked":"Singing Bowl","floor":145},{"not_picked":["conspire:Purge","Brutality","Reaper","Eclipse"],"picked":"Singing Bowl","floor":148},{"not_picked":["Corruption","Bludgeon","Exhume","Demon Form"],"picked":"Singing Bowl","floor":149},{"not_picked":["Replay:Many Hands","Exhume","conspire:Purge","Fiend Fire"],"picked":"Singing Bowl","floor":151},{"not_picked":["infinitespire:SevenWalls","hubris:Fate","infinitespire:FinalStrike"],"picked":"Singing Bowl","floor":151},{"not_picked":["Reaper","Impervious","Bludgeon","Demon Form"],"picked":"Singing Bowl","floor":154},{"not_picked":["Exhume","Eclipse","Offering","Bludgeon"],"picked":"Singing Bowl","floor":155},{"not_picked":["Perfected Strike","Warcry+1","True Grit+1","Burning Pact"],"picked":"Singing Bowl","floor":156},{"not_picked":["Exhume","Limit Break","conspire:HitWhereItHurts","Fiend Fire"],"picked":"Singing Bowl","floor":159},{"not_picked":["Berserk","Impervious","Corruption","Demon Form"],"picked":"Singing Bowl","floor":160}],"player_experience":362230,"relics_obtained":[{"floor":1,"key":"Charon\u0027s Ashes"},{"floor":5,"key":"MealTicket"},{"floor":7,"key":"infinitespire:ShieldingShard"},{"floor":9,"key":"hubris:MobiusCoin"},{"floor":10,"key":"infinitespire:Beetle Shell"},{"floor":11,"key":"Dream Catcher"},{"floor":12,"key":"Bottled Lightning"},{"floor":13,"key":"hubris:GlazedTorus"},{"floor":14,"key":"Replay:WaspNest"},{"floor":18,"key":"Akabeko"},{"floor":19,"key":"Magic Flower"},{"floor":20,"key":"Vajra"},{"floor":21,"key":"Replay:Kaleidoscope"},{"floor":23,"key":"conspire:BottledYoYo"},{"floor":25,"key":"Peace Pipe"},{"floor":26,"key":"trackpad:SappingStone"},{"floor":30,"key":"Oddly Smooth Stone"},{"floor":31,"key":"Singing Bowl"},{"floor":38,"key":"trackpad:ByrdBGone"},{"floor":39,"key":"Gremlin Horn"},{"floor":41,"key":"Iron Hammer"},{"floor":43,"key":"Sundial"},{"floor":45,"key":"trackpad:Compendium"},{"floor":46,"key":"ReplayTheSpireMod:Ninjato"},{"floor":47,"key":"PreservedInsect"},{"floor":48,"key":"Counterbalance"},{"floor":53,"key":"Pear"},{"floor":55,"key":"Chameleon Ring"},{"floor":56,"key":"Whetstone"},{"floor":57,"key":"infinitespire:EmpoweringShard"},{"floor":59,"key":"Bag of Marbles"},{"floor":61,"key":"hubris:IronBody"},{"floor":62,"key":"hubris:FunFungus"},{"floor":64,"key":"Replay:Bottled Snecko"},{"floor":66,"key":"War Paint"},{"floor":70,"key":"Unceasing Top"},{"floor":71,"key":"CeramicFish"},{"floor":72,"key":"TungstenRod"},{"floor":73,"key":"Letter Opener"},{"floor":74,"key":"infinitespire:CursedDice"},{"floor":75,"key":"Smiling Mask"},{"floor":77,"key":"trackpad:CultistFigurine"},{"floor":78,"key":"Art of War"},{"floor":79,"key":"Bronze Scales"},{"floor":80,"key":"infinitespire:BottledMercury"},{"floor":81,"key":"aspiration:TomeofQuesting"},{"floor":87,"key":"Mercury Hourglass"},{"floor":88,"key":"conspire:Boomerang"},{"floor":89,"key":"trackpad:ZombieHeart"},{"floor":90,"key":"aspiration:SeaSaltIceCream"},{"floor":91,"key":"Thread and Needle"},{"floor":93,"key":"aspiration:AnachronicSnailShell"},{"floor":95,"key":"trackpad:Mousetrap"},{"floor":96,"key":"Pen Nib"},{"floor":97,"key":"Orichalcum"},{"floor":99,"key":"hubris:Zylophone"},{"floor":105,"key":"conspire:TopHat"},{"floor":106,"key":"Odd Mushroom"},{"floor":107,"key":"aspiration:Lifesprig"},{"floor":108,"key":"hubris:Metronome"},{"floor":110,"key":"Red Skull"},{"floor":112,"key":"Question Card"},{"floor":113,"key":"trackpad:IceCube"},{"floor":115,"key":"hubris:MysteriousPyramids"},{"floor":116,"key":"Bag of Preparation"},{"floor":118,"key":"trackpad:GuardianSpirit"},{"floor":122,"key":"Replay:Bandana"},{"floor":124,"key":"Bird Faced Urn"},{"floor":126,"key":"Eternal Feather"},{"floor":127,"key":"Lantern"},{"floor":130,"key":"Ancient Tea Set"},{"floor":132,"key":"infinitespire:FocusingShard"},{"floor":133,"key":"White Beast Statue"},{"floor":134,"key":"Happy Flower"},{"floor":135,"key":"Quantum Egg"},{"floor":141,"key":"trackpad:WondrousWand"},{"floor":142,"key":"Meat on the Bone"},{"floor":145,"key":"Potion Belt"},{"floor":149,"key":"Snack Pack"},{"floor":150,"key":"hubris:ChampionShield"},{"floor":151,"key":"ReplayTheSpireMod:Spearhead"},{"floor":159,"key":"Paper Frog"}],"event_choices":[{"damage_healed":0,"gold_gain":0,"player_choice":"0 cards matched","damage_taken":0,"max_hp_gain":0,"max_hp_loss":0,"event_name":"Match and Keep!","floor":4,"gold_loss":0,"cards_obtained":[]},{"damage_healed":0,"gold_gain":0,"player_choice":"Invest 2","damage_taken":0,"max_hp_gain":0,"max_hp_loss":0,"event_name":"conspire:Investor","floor":22,"gold_loss":0},{"damage_healed":27,"gold_gain":0,"player_choice":"Full Heal","damage_taken":0,"max_hp_gain":0,"max_hp_loss":0,"event_name":"Wheel of Change","floor":28,"gold_loss":0},{"damage_healed":0,"gold_gain":0,"player_choice":"Fight","damage_taken":0,"max_hp_gain":0,"max_hp_loss":0,"event_name":"Mysterious Sphere","floor":88,"gold_loss":0},{"cards_removed":["hubris:Sloth"],"damage_healed":0,"gold_gain":0,"player_choice":"Removed Power","damage_taken":0,"max_hp_gain":0,"max_hp_loss":0,"event_name":"Falling","floor":98,"gold_loss":0},{"damage_healed":0,"gold_gain":0,"player_choice":"Fought Mushrooms","damage_taken":0,"max_hp_gain":0,"max_hp_loss":0,"event_name":"Mushrooms","floor":106,"gold_loss":0},{"damage_healed":0,"gold_gain":0,"player_choice":"Agree","damage_taken":0,"max_hp_gain":0,"max_hp_loss":0,"event_name":"conspire:LoneGhost","floor":109,"gold_loss":0},{"cards_removed":["Voices"],"damage_healed":0,"gold_gain":0,"player_choice":"Gave Gold","damage_taken":0,"max_hp_gain":0,"max_hp_loss":0,"event_name":"Beggar","floor":123,"gold_loss":75},{"cards_removed":["hubris:Sloth"],"damage_healed":0,"gold_gain":0,"player_choice":"Upgrade and Remove","damage_taken":0,"max_hp_gain":0,"max_hp_loss":0,"event_name":"Designer","floor":125,"gold_loss":110,"cards_upgraded":["infinitespire:OneForAll"]},{"damage_healed":0,"gold_gain":0,"player_choice":"Bought 1 Potion","damage_taken":0,"max_hp_gain":0,"max_hp_loss":0,"event_name":"The Woman in Blue","floor":143,"gold_loss":0}],"is_beta":false,"boss_relics":[{"not_picked":["ReplayTheSpireMod:DimensionalGlitch","Fusion Hammer"],"picked":"hubris:HollowSoul"},{"not_picked":["aspiration:WatcherSkillbook","ReplayTheSpireMod:SealedPack"],"picked":"Mark of Pain"},{"not_picked":["Abe\u0027s Treasure","Snecko Heart"],"picked":"conspire:SlowCooker"},{"not_picked":["aspiration:SecretTechniqueScroll","Honey Jar"],"picked":"hubris:ScarierMask"},{"not_picked":["SacredBark","trackpad:DemonHeart"],"picked":"infinitespire:Burning Sword"},{"not_picked":["aspiration:WatcherSkillbook","Replay:Bronze Core"],"picked":"infinitespire:Cupcake"},{"not_picked":["hubris:BlackHole","Pandora\u0027s Box"],"picked":"Replay:Drink Me"},{"not_picked":["SacredBark","Philosopher\u0027s Stone"],"picked":"aspiration:PoetsPen"},{"not_picked":["Honey Jar","conspire:SpecialSausage"],"picked":"Tiny House"}],"items_purged_floors":[37,65,83,100,117,140,152,158],"is_endless":true,"potions_floor_spawned":[7,12,14,18,23,30,35,41,46,47,50,53,56,62,64,68,70,74,77,85,89,90,91,97,103,105,112,116,118,122,124,132,134,135,137,139,141,142,145,148,149,150,151,154,155,159,160],"ascension_level":20}}