{"host":"usrgk25etjl0nf5i","time":1611521801,"event":{"mods":["2.2 Compatiblity","BaseMod","Downfall","Hubris","Minty Spire (QoL Compilation)","Permanent Neow","StSLib","SuperFastMode"],"gold_per_floor":[115,115,129,129,54,54,79,79,79,120,139,162,181,225,225,225,225],"floor_reached":16,"language":"ENG","playtime":525,"items_purged":["Regret"],"score":198,"play_id":"97a03e79-cc19-42c2-864d-c7770551854d","local_time":"20210124125641","is_ascension_mode":true,"campfire_choices":[{"data":"Armaments","floor":6,"key":"SMITH"},{"floor":15,"key":"REST"}],"circlet_count":0,"master_deck":["AscendersBane","Strike_R","Strike_R","Strike_R","Strike_R","Defend_R","Defend_R","Defend_R","Defend_R","Bash","Immolate","Armaments+1","Wild Strike","Disarm","Injury","Pummel","hubris:ReadiedAction","Juggernaut","Ghostly Armor","Headbutt"],"relics":["Burning Blood","Sundial","hubris:SlimyHat","Golden Idol","Regal Pillow","hubris:64BitClover","hubris:SphereOfDissonance"],"acts_visited":["Exordium"],"potions_floor_usage":[7,11,16],"damage_taken":[{"damage":0,"enemies":"2 Louse","floor":1,"turns":1},{"damage":3,"enemies":"Small Slimes","floor":3,"turns":3},{"damage":15,"enemies":"Lagavulin","floor":7,"turns":7},{"damage":10,"enemies":"3 Sentries","floor":10,"turns":4},{"damage":0,"enemies":"Jaw Worm","floor":11,"turns":3},{"damage":0,"enemies":"2 Fungi Beasts","floor":12,"turns":3},{"damage":17,"enemies":"Looter","floor":13,"turns":3},{"damage":23,"enemies":"Lagavulin","floor":14,"turns":7},{"damage":64,"enemies":"The Guardian","floor":16,"turns":12}],"seed_played":"4200156738806111396","potions_obtained":[{"floor":1,"key":"SteroidPotion"},{"floor":3,"key":"HeartOfIron"},{"floor":11,"key":"AttackPotion"},{"floor":14,"key":"Ancient Potion"}],"is_trial":false,"path_per_floor":["M","?","M","?","$","R","E","?","T","E","M","M","M","E","R","B"],"character_chosen":"IRONCLAD","items_purchased":[],"campfire_rested":1,"item_purchase_floors":[],"current_hp_per_floor":[57,50,53,53,53,53,44,44,44,40,46,52,41,24,63,0,0],"gold":225,"neow_bonus":"THREE_RARE_CARDS","is_daily":false,"chose_seed":false,"campfire_upgraded":1,"win_rate":0.0,"timestamp":1611521801,"path_taken":["M","?","M","?","$","R","E","?","T","E","M","M","?","E","R","BOSS"],"items_purchased_type":[],"build_version":"2020-12-22","purchased_purges":1,"victory":false,"max_hp_per_floor":[80,80,80,80,80,80,80,80,80,80,80,80,80,80,80,80,80],"card_choices":[{"not_picked":["Double Tap","Offering"],"picked":"Immolate","floor":0},{"not_picked":["Second Wind","Iron Wave"],"picked":"Armaments","floor":1},{"not_picked":["Whirlwind","Pommel Strike"],"picked":"Wild Strike","floor":3},{"not_picked":["Twin Strike","Pommel Strike"],"picked":"Disarm","floor":7},{"not_picked":["Bloodletting","Carnage"],"picked":"Pummel","floor":10},{"not_picked":["Shrug It Off","Sword Boomerang"],"picked":"hubris:ReadiedAction","floor":11},{"not_picked":["Anger","Intimidate"],"picked":"Juggernaut","floor":12},{"not_picked":["Sword Boomerang","Blood for Blood"],"picked":"Ghostly Armor","floor":13},{"not_picked":["Power Through","Pommel Strike"],"picked":"Headbutt","floor":14}],"player_experience":673805,"relics_obtained":[{"floor":7,"key":"hubris:SlimyHat"},{"floor":9,"key":"Regal Pillow"},{"floor":10,"key":"hubris:64BitClover"},{"floor":14,"key":"hubris:SphereOfDissonance"}],"event_choices":[{"cards_removed":["Strike_R"],"damage_healed":0,"gold_gain":0,"player_choice":"Card Removal","damage_taken":7,"max_hp_gain":0,"max_hp_loss":0,"event_name":"Golden Wing","floor":2,"gold_loss":0},{"damage_healed":0,"gold_gain":0,"player_choice":"Box","damage_taken":0,"relics_obtained":["Sundial"],"max_hp_gain":0,"max_hp_loss":0,"event_name":"Big Fish","floor":4,"gold_loss":0,"cards_obtained":["Regret"]},{"damage_healed":0,"gold_gain":0,"player_choice":"Take Wound","damage_taken":0,"relics_obtained":["Golden Idol"],"max_hp_gain":0,"max_hp_loss":0,"event_name":"Golden Idol","floor":8,"gold_loss":0,"cards_obtained":["Injury"]}],"is_beta":false,"boss_relics":[],"items_purged_floors":[5],"is_endless":false,"potions_floor_spawned":[1,3,11,14],"killed_by":"The Guardian","ascension_level":13}}