{"host":"dw8ij7emqco3quom","time":1611480601,"event":{"mods":["BaseMod","Minty Spire (QoL Compilation)"],"gold_per_floor":[118,135,135,135,145,145,145,145,172,97,128,203,223,223,223,325,325,343,343,267,279,279,279],"floor_reached":22,"language":"FRA","playtime":1375,"items_purged":["Defend_R"],"score":237,"play_id":"4fbf65ee-2ce9-4432-90e5-92c090817076","local_time":"20210124103001","is_ascension_mode":true,"campfire_choices":[{"data":"Body Slam","floor":6,"key":"SMITH"},{"floor":8,"key":"RECALL"},{"floor":15,"key":"REST"}],"circlet_count":0,"master_deck":["Bash","Body Slam+1","Twin Strike","Shrug It Off","Whirlwind","Shockwave","Exhume","Searing Blow","Heavy Blade","Entrench","Cleave","Fire Breathing","Bludgeon","Wild Strike","Shrug It Off","Flame Barrier","Headbutt+1"],"relics":["Burning Blood","Pen Nib","Pandora\u0027s Box","Nloth\u0027s Gift"],"acts_visited":["Exordium","TheCity"],"potions_floor_usage":[16],"damage_taken":[{"damage":1,"enemies":"Cultist","floor":1,"turns":3},{"damage":6,"enemies":"Jaw Worm","floor":2,"turns":4},{"damage":7,"enemies":"Small Slimes","floor":5,"turns":3},{"damage":18,"enemies":"Gremlin Nob","floor":11,"turns":4},{"damage":4,"enemies":"2 Fungi Beasts","floor":13,"turns":3},{"damage":67,"enemies":"Hexaghost","floor":16,"turns":10},{"damage":12,"enemies":"Chosen","floor":18,"turns":3},{"damage":47,"enemies":"Spheric Guardian","floor":21,"turns":8},{"damage":24,"enemies":"Cultist and Chosen","floor":22,"turns":4}],"seed_played":"-1995840656645917339","potions_obtained":[{"floor":2,"key":"Dexterity Potion"},{"floor":5,"key":"Ancient Potion"},{"floor":18,"key":"SpeedPotion"}],"is_trial":false,"path_per_floor":["M","M","$","?","M","R","?","R","T","$","E","?","M","?","R","B",null,"M","?","$","M","M"],"character_chosen":"IRONCLAD","items_purchased":["Flame Barrier"],"campfire_rested":1,"item_purchase_floors":[20],"current_hp_per_floor":[77,77,77,82,81,81,81,81,81,81,69,58,60,60,85,24,70,64,64,64,23,0,0],"gold":279,"neow_bonus":"RANDOM_COMMON_RELIC","is_daily":false,"chose_seed":false,"campfire_upgraded":1,"win_rate":0.0,"timestamp":1611480601,"path_taken":["M","?","$","?","M","R","?","R","T","$","E","?","?","?","R","BOSS","M","?","$","M","M"],"items_purchased_type":["Card"],"build_version":"2020-12-22","purchased_purges":1,"victory":false,"max_hp_per_floor":[80,80,80,85,85,85,85,85,85,85,85,85,85,85,85,85,85,85,85,85,85,85,85],"card_choices":[{"not_picked":["True Grit","Infernal Blade"],"picked":"Body Slam","floor":1},{"not_picked":["Clash","Combust"],"picked":"Twin Strike","floor":2},{"not_picked":["Havoc","Anger"],"picked":"Shrug It Off","floor":5},{"not_picked":["Rupture","Clash","Second Wind"],"picked":"SKIP","floor":11},{"not_picked":["Thunderclap","Pommel Strike"],"picked":"Shockwave","floor":13},{"not_picked":["Offering","Brutality"],"picked":"Exhume","floor":16},{"not_picked":["Armaments","Wild Strike"],"picked":"Shrug It Off","floor":18},{"not_picked":["Hemokinesis","Pommel Strike"],"picked":"Headbutt+1","floor":21}],"player_experience":674436,"relics_obtained":[{"floor":11,"key":"Pen Nib"}],"event_choices":[{"damage_healed":0,"gold_gain":0,"player_choice":"Donut","damage_taken":0,"max_hp_gain":5,"max_hp_loss":0,"event_name":"Big Fish","floor":4,"gold_loss":0},{"damage_healed":0,"gold_gain":0,"cards_transformed":["Strike_R"],"player_choice":"Change","damage_taken":0,"max_hp_gain":0,"max_hp_loss":0,"event_name":"Living Wall","floor":7,"gold_loss":0,"cards_obtained":["Whirlwind"]},{"damage_healed":0,"gold_gain":75,"player_choice":"Gather Gold","damage_taken":11,"max_hp_gain":0,"max_hp_loss":0,"event_name":"World of Goop","floor":12,"gold_loss":0},{"damage_healed":0,"gold_gain":0,"player_choice":"Ignored","damage_taken":0,"max_hp_gain":0,"max_hp_loss":0,"event_name":"Golden Wing","floor":14,"gold_loss":0},{"damage_healed":0,"gold_gain":0,"player_choice":"Traded Relic","damage_taken":0,"relics_obtained":["Nloth\u0027s Gift"],"max_hp_gain":0,"max_hp_loss":0,"event_name":"N\u0027loth","floor":19,"relics_lost":["Bronze Scales"],"gold_loss":0}],"is_beta":false,"boss_relics":[{"not_picked":["Black Blood","Astrolabe"],"picked":"Pandora\u0027s Box"}],"items_purged_floors":[10],"is_endless":false,"potions_floor_spawned":[2,5,18],"killed_by":"Cultist and Chosen","ascension_level":6}}