{"host":"2se5dq1do2gp0x9k","time":1611475020,"event":{"mods":["AchievementEnabler","BaseMod","Block Reminder","Colored Map","Colored Powertips","Minty Spire (QoL Compilation)","Relic Stats","StSLib","SuperFastMode"],"gold_per_floor":[114,130,55,69,69,101,101,113,113,124,97,97,114,114,114,189,189,200,10,29,54,54,54],"floor_reached":22,"language":"ENG","playtime":702,"items_purged":["Strike_G","Strike_G"],"score":376,"play_id":"23097c38-9518-4c69-b736-25df82e2250b","local_time":"20210123235700","is_ascension_mode":true,"campfire_choices":[{"floor":7,"key":"REST"},{"floor":12,"key":"REST"},{"data":"1","floor":15,"key":"LIFT"}],"circlet_count":0,"master_deck":["AscendersBane","Strike_G","Strike_G","Defend_G","Defend_G","Defend_G","Defend_G","Defend_G","Survivor","Neutralize","Crippling Poison","Dagger Spray","Poisoned Stab","Blade Dance","Dash","Phantasmal Killer","Finisher","Cloak And Dagger","Night Terror","Wraith Form v2","Crippling Poison","Footwork","Outmaneuver"],"relics":["Ring of the Snake","NeowsBlessing","Torii","Gambling Chip","Girya","Runic Pyramid","Art of War"],"acts_visited":["Exordium","TheCity"],"potions_floor_usage":[11,11,16],"damage_taken":[{"damage":0,"enemies":"Cultist","floor":1,"turns":1},{"damage":0,"enemies":"2 Louse","floor":2,"turns":1},{"damage":0,"enemies":"Small Slimes","floor":4,"turns":1},{"damage":49,"enemies":"Gremlin Nob","floor":6,"turns":5},{"damage":8,"enemies":"Blue Slaver","floor":8,"turns":4},{"damage":10,"enemies":"Large Slime","floor":10,"turns":8},{"damage":1,"enemies":"Exordium Thugs","floor":11,"turns":4},{"damage":0,"enemies":"Red Slaver","floor":13,"turns":3},{"damage":18,"enemies":"The Guardian","floor":16,"turns":15},{"damage":22,"enemies":"2 Thieves","floor":18,"turns":5},{"damage":20,"enemies":"Chosen","floor":20,"turns":6},{"damage":26,"enemies":"Shelled Parasite and Fungi","floor":22,"turns":5}],"seed_played":"7731577744056225667","potions_obtained":[{"floor":1,"key":"Dexterity Potion"},{"floor":4,"key":"EntropicBrew"},{"floor":11,"key":"CunningPotion"},{"floor":16,"key":"Regen Potion"}],"is_trial":false,"path_per_floor":["M","M","$","M","?","E","R","M","T","M","M","R","M","?","R","B",null,"M","$","M","T","M"],"character_chosen":"THE_SILENT","items_purchased":["Footwork"],"campfire_rested":2,"item_purchase_floors":[19],"current_hp_per_floor":[59,59,59,59,59,10,29,21,21,11,10,29,29,29,29,11,52,30,30,10,10,0,0],"gold":54,"neow_bonus":"THREE_ENEMY_KILL","is_daily":false,"chose_seed":false,"campfire_upgraded":0,"win_rate":0.0,"timestamp":1611475020,"path_taken":["M","M","$","M","?","E","R","M","T","?","M","R","M","?","R","BOSS","M","$","M","?","M"],"items_purchased_type":["Card"],"build_version":"2020-12-22","purchased_purges":2,"victory":false,"max_hp_per_floor":[66,66,66,66,66,66,66,66,66,66,66,66,66,66,66,66,66,66,66,66,66,66,66],"relic_stats":{"Torii":28,"counters":[12,58],"Gambling Chip":[30],"Art of War":[1],"obtain_stats":[{"Girya":9,"NeowsBlessing":0,"Torii":5,"Gambling Chip":6,"Art of War":21,"Ring of the Snake":0,"Runic Pyramid":17},{"Girya":5,"NeowsBlessing":0,"Torii":3,"Gambling Chip":4,"Art of War":11,"Ring of the Snake":0,"Runic Pyramid":9},{"Girya":12,"NeowsBlessing":0,"Torii":3,"Gambling Chip":8,"Art of War":53,"Ring of the Snake":0,"Runic Pyramid":42}],"Ring of the Snake":[24]},"card_choices":[{"not_picked":["Caltrops","Footwork"],"picked":"Crippling Poison","floor":1},{"not_picked":["Cloak And Dagger","Quick Slash"],"picked":"Dagger Spray","floor":2},{"not_picked":["Dodge and Roll","Acrobatics"],"picked":"Poisoned Stab","floor":4},{"not_picked":["Tactician","Backstab"],"picked":"Blade Dance","floor":6},{"not_picked":["Choke","Predator"],"picked":"Dash","floor":8},{"not_picked":["Blur","All Out Attack"],"picked":"Phantasmal Killer","floor":10},{"not_picked":["Deadly Poison","Quick Slash"],"picked":"Finisher","floor":11},{"not_picked":["Deflect","Escape Plan"],"picked":"Cloak And Dagger","floor":13},{"not_picked":["Tools of the Trade","Corpse Explosion"],"picked":"Wraith Form v2","floor":16},{"not_picked":["Prepared","Bane"],"picked":"Crippling Poison","floor":18},{"not_picked":["Deadly Poison","Dagger Throw"],"picked":"Outmaneuver","floor":20}],"player_experience":3957091,"relics_obtained":[{"floor":6,"key":"Gambling Chip"},{"floor":9,"key":"Girya"},{"floor":21,"key":"Art of War"}],"event_choices":[{"damage_healed":0,"gold_gain":0,"player_choice":"Gave Potion","damage_taken":0,"relics_obtained":["Torii"],"max_hp_gain":0,"max_hp_loss":0,"event_name":"WeMeetAgain","floor":5,"gold_loss":0},{"damage_healed":0,"gold_gain":0,"cards_transformed":["Strike_G"],"player_choice":"Transformed","damage_taken":0,"max_hp_gain":0,"max_hp_loss":0,"event_name":"Transmorgrifier","floor":14,"gold_loss":0,"cards_obtained":["Night Terror"]}],"is_beta":false,"boss_relics":[{"not_picked":["HoveringKite","Velvet Choker"],"picked":"Runic Pyramid"}],"items_purged_floors":[3,19],"is_endless":false,"potions_floor_spawned":[1,4,11,13,16],"killed_by":"Shelled Parasite and Fungi","ascension_level":20}}