{"host":"59cc6k4ir9ghxqag","time":1611474375,"event":{"mods":["100% Spire Juice","Arknights The Spire","BaseMod","Colored Powertips","Downfall","Hermit","Infinite Spire","Lobotomy","Marisa£®ÏF”Í°°ƒß¿Ì…≥£©","Minty Spire (QoL Compilation)","Remilia£®¿Ÿ√◊¿Ú—«£©","Replay The Spire","Shop Mod","StSLib","The Bug Knight","The Cursed","The Dragon Tamer","The Jungle","°æ“≈ŒÔø®≈∆°øREMEMod"],"gold_per_floor":[116,116,116,135,135,135,161,161,231,245,245,59,93,93,93,192,192,203,203,216,60,60,60],"floor_reached":22,"language":"ZHS","playtime":2622,"items_purged":[],"score":240,"play_id":"1254cc60-1973-4173-9c7d-81fdcb6590ee","local_time":"20210124154615","daily_mods":["SealedDeck","Diverse","Heirloom","Flight","Lethality"],"is_ascension_mode":false,"campfire_choices":[{"data":"DTMod:BreakAttack","floor":6,"key":"SMITH"},{"data":"Guardian:RefractedBeam","floor":8,"key":"SMITH"},{"data":"MachineGunSpark","floor":11,"key":"SMITH"},{"data":"Guardian:RefractedBeam+1","floor":15,"key":"SMITH"}],"circlet_count":0,"master_deck":["DTMod:BreakAttack","Protect","Metallicize","DTMod:BreakAttack+1","Armaments","Inflame","Slimebound:Schlurp","Collect","DTMod:WarmUp","ReplayTheSpireMod:Stacked","Guardian:RefractedBeam+2","champ:FanOfKnives","Quick Slash","MachineGunSpark+1","MastersStateliness","REME_WheelOfFate+1","ReplayTheSpireMod:Stacked","Pain","REME_WheelOfFate+1"],"relics":["Unceasing Top","replay:Trail_Library","REME_ComplimentaryCards","StoneCalendar","Blue Doll","Snack Pack","Nunchaku","WarpedTongs","infinitespire:PuzzleCube","Bag of Preparation","Replay:Baseball","REME_PuzzleBoxRelic","Blue Candle"],"acts_visited":["Exordium","TheCity"],"potions_floor_usage":[16],"damage_taken":[{"damage":0,"enemies":"2 Louse","floor":1,"turns":3},{"damage":2,"enemies":"Cultist","floor":4,"turns":2},{"damage":0,"enemies":"Lagavulin","floor":7,"turns":4},{"damage":0,"enemies":"Small Slimes","floor":10,"turns":3},{"damage":0,"enemies":"Gremlin Nob","floor":13,"turns":2},{"damage":37,"enemies":"Fading Forest","floor":16,"turns":11},{"damage":10,"enemies":"2 Thieves","floor":18,"turns":2},{"damage":62,"enemies":"3 Byrds","floor":20,"turns":5}],"seed_played":"5240015515992266403","potions_obtained":[{"floor":1,"key":"ColorlessPotion"},{"floor":4,"key":"Toxic Potion"},{"floor":10,"key":"infinitespire:BlackPotion"}],"is_trial":true,"path_per_floor":["M","$","?","M","?","R","E","R","T","M","R","$","E","?","R","B",null,"M","?","M","$","?"],"character_chosen":"WATCHER","items_purchased":["MastersStateliness","REME_WheelOfFate+1","REME_PuzzleBoxRelic"],"campfire_rested":0,"item_purchase_floors":[12,12,21],"current_hp_per_floor":[72,72,72,70,70,70,70,70,70,70,70,70,72,72,72,35,72,62,62,3,3,0,0],"gold":60,"neow_bonus":"","is_daily":false,"chose_seed":false,"campfire_upgraded":4,"win_rate":0.0,"timestamp":1611474375,"path_taken":["M","$","?","?","?","R","E","R","T","?","R","$","E","?","R","BOSS","M","?","?","$","?"],"items_purchased_type":["Card","Card","Relic"],"build_version":"2020-12-22","purchased_purges":0,"victory":false,"max_hp_per_floor":[72,72,72,72,72,72,72,72,72,72,72,72,72,72,72,72,72,72,72,72,72,72,72],"card_choices":[{"not_picked":["HollowMod:DashSlash","SignatureMove"],"picked":"champ:FanOfKnives","floor":1},{"not_picked":["hexamod:ChargedBarrage","BlasphemousPunishment","HollowMod:GrimmsGift"],"picked":"SKIP","floor":4},{"not_picked":["champ:Lariat","hexamod:GhostLash","hermit:Glare"],"picked":"SKIP","floor":7},{"not_picked":["champ:PerfectedStrike","DTMod:OpeningTactic"],"picked":"Quick Slash","floor":10},{"not_picked":["VampireKiss","sneckomod:UnknownClassGREEN"],"picked":"ReplayTheSpireMod:Stacked","floor":13},{"not_picked":["Occultation+1","Slimebound:ComboTackle","Slimebound:SlimeSpikes"],"picked":"SKIP","floor":18},{"not_picked":["champ:EnragedBash","PropBag","sneckomod:UnknownClassBUGKNIGHT_GRAY_COLOR"],"picked":"SKIP","floor":20}],"player_experience":530359,"relics_obtained":[{"floor":7,"key":"Blue Doll"},{"floor":9,"key":"Snack Pack"},{"floor":13,"key":"Nunchaku"}],"event_choices":[{"damage_healed":0,"gold_gain":0,"player_choice":"Cursed","damage_taken":0,"max_hp_gain":0,"max_hp_loss":0,"event_name":"Wheel of Change","floor":3,"gold_loss":0,"cards_obtained":["Decay"]},{"cards_removed":["Decay"],"damage_healed":0,"gold_gain":0,"player_choice":"Purged","damage_taken":0,"max_hp_gain":0,"max_hp_loss":0,"event_name":"Purifier","floor":5,"gold_loss":0},{"damage_healed":0,"gold_gain":0,"player_choice":"Rummage","damage_taken":0,"relics_obtained":["WarpedTongs"],"max_hp_gain":0,"max_hp_loss":0,"event_name":"Accursed Blacksmith","floor":14,"gold_loss":0,"cards_obtained":["Pain"]},{"damage_healed":0,"gold_gain":0,"player_choice":"Copied","damage_taken":0,"max_hp_gain":0,"max_hp_loss":0,"event_name":"Duplicator","floor":19,"gold_loss":0,"cards_obtained":["REME_WheelOfFate"]}],"is_beta":false,"boss_relics":[{"not_picked":["Honey Jar","Ectoplasm","ReplayTheSpireMod:DimensionalGlitch"]}],"items_purged_floors":[],"is_endless":false,"potions_floor_spawned":[1,4,10],"ascension_level":0}}