{"host":"18wi9kpcl4eah7pe","time":1611448201,"event":{"mods":["BaseMod","Colored Powertips","Downfall","Minty Spire (QoL Compilation)","StSLib"],"gold_per_floor":[99,99,99,99,99,58,106,6,17,17,48,48,58,72,92,189,189,89,100,100,200,200,112,183,202,102,102,87,87,101,135,148,148,148,148],"floor_reached":33,"language":"ENG","playtime":3079,"items_purged":[],"score":326,"play_id":"d530524d-2120-4fe7-9e38-db740eb0b5b7","local_time":"20210123183001","is_ascension_mode":true,"campfire_choices":[{"floor":1.0,"key":"RECALL"},{"data":"bronze:BuggyMess","floor":8.0,"key":"SMITH"},{"data":"bronze:Constructor","floor":10.0,"key":"SMITH"},{"floor":12.0,"key":"REST"},{"floor":18.0,"key":"REST"},{"floor":26.0,"key":"REST"},{"data":"bronze:GetLatest","floor":29,"key":"SMITH"}],"circlet_count":0,"master_deck":["bronze:Strike","bronze:Strike","bronze:Strike","bronze:Strike","bronze:Defend","bronze:Defend","bronze:Defend","bronze:Defend","bronze:Replicate","bronze:Goto","bronze:OilSpill","bronze:WhirlingStrike","bronze:WhirlingStrike","bronze:OilSpill","bronze:BuggyMess+1","bronze:Constructor+1","bronze:GetLatest+1","bronze:Iterate","bronze:ForceShield","bronze:FollowUp","bronze:Shell","bronze:Library","bronze:BuggyMess","bronze:Invalidate","bronze:Constructor+1","bronze:MaxOutput","bronze:BugBarrage+1","bronze:ItsAFeature+1","bronze:Repair"],"relics":["bronze:BronzeCore","downfall:HeartsMalice","Dream Catcher","downfall:HeartBlessingRed","hexamod:BolsterEngine","Busted Crown","downfall:HeartBlessingGreen","downfall:HeartBlessingBlue","HornCleat"],"acts_visited":["Exordium","TheCity"],"potions_floor_usage":[30,33,33],"damage_taken":[{"damage":0.0,"enemies":"Small Slimes","floor":2.0,"turns":1.0},{"damage":0.0,"enemies":"Cultist","floor":3.0,"turns":1.0},{"damage":0.0,"enemies":"Jaw Worm","floor":5.0,"turns":1.0},{"damage":5.0,"enemies":"downfall:FleeingMerchant","floor":6.0,"turns":4.0},{"damage":7.0,"enemies":"2 Fungi Beasts","floor":9.0,"turns":2.0},{"damage":15.0,"enemies":"3 Sentries","floor":11.0,"turns":5.0},{"damage":2.0,"enemies":"Red Slaver","floor":13.0,"turns":2.0},{"damage":6.0,"enemies":"Large Slime","floor":14.0,"turns":4.0},{"damage":0.0,"enemies":"Exordium Wildlife","floor":15.0,"turns":2.0},{"damage":29.0,"enemies":"WA_ARCHETYPE_RETAIN","floor":16.0,"turns":5.0},{"damage":30.0,"enemies":"Chosen","floor":19.0,"turns":7.0},{"damage":0.0,"enemies":"downfall:FleeingMerchant","floor":23.0,"turns":4.0},{"damage":3.0,"enemies":"3 Byrds","floor":25.0,"turns":3.0},{"damage":4.0,"enemies":"downfall:FleeingMerchant","floor":28.0,"turns":4.0},{"damage":6,"enemies":"Shelled Parasite and Fungi","floor":30,"turns":4},{"damage":39,"enemies":"Slavers","floor":31,"turns":4},{"damage":0,"enemies":"Snake Plant","floor":32,"turns":5},{"damage":40,"enemies":"DF_ARCHETYPE_CLAW","floor":33,"turns":5}],"seed_played":"-7407691076109052847","potions_obtained":[{"floor":4.0,"key":"sneckomod:MuddlingPotion"},{"floor":4.0,"key":"DuplicationPotion"},{"floor":4.0,"key":"EssenceOfSteel"},{"floor":9.0,"key":"Guardian:BlockOnCardUsePotion"},{"floor":11.0,"key":"Strength Potion"},{"floor":13.0,"key":"bronze:BurnAndBuffPotion"},{"floor":15.0,"key":"AttackPotion"},{"floor":19.0,"key":"Guardian:BlockOnCardUsePotion"},{"floor":31,"key":"Explosive Potion"},{"floor":32,"key":"EssenceOfSteel"}],"is_trial":false,"path_per_floor":["R","M","M","?","M","$","T","R","M","R","E","R","M","M","M","B",null,"R","M","?","?","?","$","T","M","R","?","$","R","M","E","M","B"],"character_chosen":"THE_AUTOMATON","items_purchased":["bronze:BuggyMess","bronze:MaxOutput"],"campfire_rested":3,"item_purchase_floors":[6,23],"current_hp_per_floor":[70,70,70,70,70,65,65,65,58,58,43,64,62,56,56,27,59,70,40,40,40,40,40,40,37,71,71,67,67,61,22,29,0,0,0],"gold":148,"neow_bonus":"THREE_ENEMY_KILL","is_daily":false,"chose_seed":false,"campfire_upgraded":3,"win_rate":0.0,"timestamp":1611448201,"path_taken":["R","M","M","?","?","$","T","R","M","R","E","R","M","M","M","BOSS","R","M","?","?","?","$","T","?","R","?","$","R","M","E","M","BOSS"],"items_purchased_type":["Card","Card"],"build_version":"2020-12-22","purchased_purges":0,"victory":false,"max_hp_per_floor":[70,70,70,70,70,70,70,70,70,70,70,70,70,70,70,70,70,70,70,70,70,70,70,70,70,80,80,80,80,80,80,80,80,80,80],"card_choices":[{"not_picked":["bronze:Turbo","bronze:Iterate"],"picked":"bronze:OilSpill","floor":2.0},{"not_picked":["bronze:DelayedGuard","bronze:DelayedSlice"],"picked":"bronze:WhirlingStrike","floor":3.0},{"not_picked":["bronze:Safeguard","bronze:Shield"],"picked":"bronze:WhirlingStrike","floor":5.0},{"not_picked":["bronze:BronzeArmor","bronze:DelayedSlice"],"picked":"bronze:OilSpill","floor":6.0},{"not_picked":["bronze:ForLoop","bronze:BugBarrage"],"picked":"bronze:Constructor","floor":9.0},{"not_picked":["bronze:Return","bronze:BitShift"],"picked":"bronze:GetLatest","floor":11.0},{"not_picked":["bronze:Turbo","bronze:Frontload"],"picked":"bronze:Iterate","floor":12.0},{"not_picked":["bronze:DelayedSlice","bronze:Overheat"],"picked":"bronze:ForceShield","floor":13.0},{"not_picked":["bronze:BuggyMess","bronze:Turbo"],"picked":"bronze:FollowUp","floor":14.0},{"not_picked":["bronze:ChosenStrike","bronze:BugBarrage"],"picked":"bronze:Shell","floor":15.0},{"not_picked":["bronze:Hardcode","bronze:TinkerersToolbox"],"picked":"bronze:Library","floor":16.0},{"not_picked":[],"picked":"bronze:BuggyMess","floor":18.0},{"not_picked":[],"picked":"bronze:Invalidate","floor":19.0},{"not_picked":["bronze:Flail+1"],"picked":"SKIP","floor":23.0},{"not_picked":[],"picked":"bronze:BugBarrage+1","floor":25.0},{"not_picked":[],"picked":"bronze:ItsAFeature+1","floor":28},{"not_picked":["bronze:MaxOutput+1"],"picked":"SKIP","floor":30},{"not_picked":[],"picked":"bronze:Repair","floor":31},{"not_picked":["bronze:Flail"],"picked":"SKIP","floor":32}],"player_experience":946352,"relics_obtained":[{"floor":7.0,"key":"Dream Catcher"},{"floor":11.0,"key":"hexamod:BolsterEngine"},{"floor":31,"key":"HornCleat"}],"event_choices":[{"damage_healed":0.0,"max_hp_gain":0.0,"max_hp_loss":0.0,"gold_gain":0.0,"event_name":"Lab","player_choice":"Got Potions","floor":4.0,"gold_loss":0.0,"damage_taken":0.0},{"damage_healed":0.0,"max_hp_gain":0.0,"max_hp_loss":0.0,"gold_gain":0.0,"event_name":"Vampires","player_choice":"Ignored","floor":20.0,"gold_loss":0.0,"damage_taken":0.0}],"is_beta":false,"boss_relics":[{"not_picked":["Astrolabe","Coffee Dripper"],"picked":"Busted Crown"}],"items_purged_floors":[],"is_endless":false,"potions_floor_spawned":[9,11,13,15,19,31,32],"killed_by":"DF_ARCHETYPE_CLAW","ascension_level":5}}