{"host":"ejd7fmryc2gtg4h9","time":1611474438,"event":{"mods":["AchievementEnabler","BaseMod","BetterRewards","Colored Map","Colored Powertips","Custom Start","Downfall","Hubris","Minty Spire (QoL Compilation)","Rare Cards Sparkle","StSLib"],"gold_per_floor":[99,111,111,51,51,51,103,13,13,76,87,87,187,219,229,328,328,328,340,440,455,455,473,473,484,496,496,85,95,95,80,97,195,195,195,205,255,24,24,24,48,48,60,60,72,72,72,72],"floor_reached":46,"language":"ENG","playtime":4704,"items_purged":["hubris:Lust","hubris:Despair"],"score":591,"play_id":"8cca6edf-0e8c-4377-932a-96ee9ce6b349","local_time":"20210124024718","is_ascension_mode":false,"campfire_choices":[{"data":"Slimebound:Split","floor":1,"key":"SMITH"},{"floor":6,"key":"RECALL"},{"data":"Slimebound:DouseInSlime","floor":9,"key":"SMITH"},{"floor":12,"key":"REST"},{"data":"Slimebound:MassRepurpose","floor":18,"key":"SMITH"},{"data":"Slimebound:FormOfPuddle","floor":30,"key":"SMITH"},{"data":"Slimebound:DouseInSlime","floor":35,"key":"SMITH"},{"data":"Slimebound:OneTwoCombo","floor":40,"key":"SMITH"},{"data":"Slimebound:WasteNot","floor":42,"key":"SMITH"}],"circlet_count":0,"master_deck":["Slimebound:Strike_Slimebound","Slimebound:Tackle","Slimebound:Defend_Slimebound","Slimebound:Defend_Slimebound","Slimebound:Split+1","Slimebound:CorrosiveSpit","Slimebound:MegaLick+1","Slimebound:SamplingLick","Slimebound:Prepare","Decay","hubris:Compulsion","Slimebound:Gluttony","Slimebound:SplitMire","Slimebound:Chomp","Slimebound:RallyTheTroops","Slimebound:FormOfPuddle+1","Slimebound:WasteNot+1","Slimebound:RollThrough","Slimebound:MassRepurpose+1","Slimebound:Repurpose","Slimebound:LevelUp","Slimebound:SplitMire","Writhe","Slimebound:AcidTongue+1","Slimebound:GrowthPunch","Slimebound:AcidTongue+1","Slimebound:OneTwoCombo+1","Slimebound:Dissolve","Slimebound:GoopSpray+1","Slimebound:Equalize","Slimebound:DouseInSlime+1","Slimebound:HauntingLick+1","Slimebound:OneTwoCombo+1","Slimebound:SplitAcid","Slimebound:RainOfGoop","hubris:Despair","downfall:Bewildered","Slimebound:SplitMire+1","Slimebound:Darklings","Slimebound:GoopSpray+1"],"relics":["Slimebound:AbsorbEndCombat","hubris:Towel","downfall:ExtraCursedKey","Lantern","Vajra","Toy Ornithopter","hubris:ScarierMask","hubris:PeanutButter","Black Star","hubris:CuriousFeather","Happy Flower","Ancient Tea Set","Membership Card","Juzu Bracelet"],"acts_visited":["Exordium","TheCity","TheBeyond"],"potions_floor_usage":[],"damage_taken":[{"damage":5,"enemies":"2 Louse","floor":2,"turns":3},{"damage":0,"enemies":"downfall:FleeingMerchant","floor":4,"turns":4},{"damage":18,"enemies":"downfall:FleeingMerchant","floor":8,"turns":4},{"damage":40,"enemies":"3 Sentries","floor":10,"turns":8},{"damage":3,"enemies":"Jaw Worm","floor":11,"turns":3},{"damage":26,"enemies":"downfall:Heads","floor":13,"turns":5},{"damage":25,"enemies":"3 Sentries","floor":14,"turns":5},{"damage":0,"enemies":"Small Slimes","floor":15,"turns":2},{"damage":21,"enemies":"IC_STATUS_ARCHETYPE","floor":16,"turns":7},{"damage":7,"enemies":"Shell Parasite","floor":19,"turns":3},{"damage":7,"enemies":"3 Byrds","floor":21,"turns":4},{"damage":0,"enemies":"3 Cultists","floor":23,"turns":4},{"damage":6,"enemies":"Cultist and Chosen","floor":25,"turns":6},{"damage":0,"enemies":"Sentry and Sphere","floor":26,"turns":2},{"damage":6,"enemies":"downfall:FleeingMerchant","floor":28,"turns":4},{"damage":25,"enemies":"3 Cultists","floor":29,"turns":5},{"damage":17,"enemies":"downfall:FleeingMerchant","floor":31,"turns":4},{"damage":0,"enemies":"Snecko","floor":32,"turns":3},{"damage":45,"enemies":"WA_ARCHETYPE_CALM","floor":33,"turns":8},{"damage":8,"enemies":"3 Darklings","floor":36,"turns":4},{"damage":0,"enemies":"3 Darklings","floor":37,"turns":5},{"damage":22,"enemies":"downfall:FleeingMerchant","floor":38,"turns":3},{"damage":4,"enemies":"3 Shapes","floor":43,"turns":3},{"damage":26,"enemies":"Maw","floor":45,"turns":7},{"damage":68,"enemies":"Spire Growth","floor":46,"turns":4}],"seed_played":"-1367664676448486966","potions_obtained":[{"floor":2,"key":"LiquidMemories"},{"floor":14,"key":"BlessingOfTheForge"},{"floor":25,"key":"sneckomod:MuddlingPotion"}],"is_trial":false,"path_per_floor":["R","M","?","$","?","R","T","$","R","?","M","R","?","E","M","B",null,"R","M","?","M","?","M","T","M","M","?","$","M","R","$","M","B",null,"R","M","?","$","?","R","T","R","M","?","M","M"],"character_chosen":"SLIMEBOUND","items_purchased":["Slimebound:Prepare","hubris:PeanutButter","Slimebound:OneTwoCombo","Happy Flower","Ancient Tea Set","Membership Card","Slimebound:RainOfGoop"],"campfire_rested":1,"item_purchase_floors":[4,28,28,38,38,38,38],"current_hp_per_floor":[71,68,68,71,71,71,71,59,59,23,24,45,27,10,14,1,71,71,68,68,66,66,71,71,69,69,69,69,48,48,37,45,16,71,71,65,71,53,53,53,53,53,59,59,45,0,0,0],"gold":72,"neow_bonus":"TEN_PERCENT_HP_BONUS","is_daily":false,"chose_seed":false,"campfire_upgraded":7,"win_rate":0.0,"timestamp":1611474438,"path_taken":["R","M","?","$","?","R","T","$","R","?","M","R","?","E","M","BOSS","R","M","?","M","?","M","T","?","M","?","$","M","R","?","M","BOSS","R","M","?","$","?","R","T","R","M","?","M","M"],"items_purchased_type":["Card","Relic","Card","Relic","Relic","Relic","Card"],"build_version":"2020-12-22","purchased_purges":2,"victory":false,"max_hp_per_floor":[71,71,71,71,71,71,71,71,71,71,71,71,71,71,71,71,71,71,71,71,71,71,71,71,71,71,71,71,71,71,71,71,71,71,71,71,71,71,71,71,71,71,71,71,71,71,71,71],"card_choices":[{"not_picked":["Slimebound:Equalize","Slimebound:SlimeSpikes"],"picked":"Slimebound:MegaLick","floor":2},{"not_picked":["Slimebound:PressTheAttack","Slimebound:SplitLeeching"],"picked":"Slimebound:SamplingLick","floor":4},{"not_picked":["Slimebound:GoopTackle","Slimebound:RollThrough"],"picked":"Slimebound:Gluttony","floor":8},{"not_picked":["Slimebound:GoopSpray","Slimebound:Schlurp"],"picked":"Slimebound:SplitMire","floor":10},{"not_picked":["Slimebound:GoopSpray","Slimebound:Schlurp"],"picked":"Slimebound:Chomp","floor":11},{"not_picked":["Slimebound:SplitBruiser","Slimebound:SlimeSpikes"],"picked":"Slimebound:FormOfPuddle","floor":13},{"not_picked":["Slimebound:RejuvenatingLick","Slimebound:AcidTongue"],"picked":"Slimebound:WasteNot","floor":14},{"not_picked":["Slimebound:LeadByExample","Slimebound:LeechEnergy"],"picked":"Slimebound:RollThrough","floor":15},{"not_picked":["Slimebound:DouseInSlime","Slimebound:OneTwoCombo"],"picked":"Slimebound:MassRepurpose","floor":16},{"not_picked":["Slimebound:HauntingLick","Slimebound:LeechEnergy"],"picked":"Slimebound:Repurpose","floor":19},{"not_picked":["Slimebound:Nibble","Slimebound:PressTheAttack"],"picked":"Slimebound:LevelUp","floor":21},{"not_picked":["Slimebound:SlimeBarrage","Slimebound:Grow"],"picked":"Slimebound:SplitMire","floor":23},{"not_picked":["Slimebound:SplitBruiser","Slimebound:ForwardTackle"],"picked":"Slimebound:AcidTongue+1","floor":25},{"not_picked":["Slimebound:ComboTackle","Slimebound:LeechEnergy"],"picked":"Slimebound:GrowthPunch","floor":26},{"not_picked":["Slimebound:LeechEnergy","Slimebound:LeadByExample+1"],"picked":"Slimebound:AcidTongue+1","floor":28},{"not_picked":["Slimebound:RollThrough","Slimebound:Prepare"],"picked":"Slimebound:Dissolve","floor":29},{"not_picked":["Slimebound:Dissolve+1","Slimebound:DouseInSlime"],"picked":"Slimebound:GoopSpray+1","floor":31},{"not_picked":["Slimebound:SplitLeeching","Slimebound:RainOfGoop"],"picked":"Slimebound:Equalize","floor":32},{"not_picked":["Slimebound:RallyTheTroops","Slimebound:Overexert"],"picked":"Slimebound:DouseInSlime","floor":33},{"not_picked":["Slimebound:LeechEnergy","Slimebound:SplitAcid"],"picked":"Slimebound:HauntingLick+1","floor":36},{"not_picked":["Slimebound:SlimeBarrage+1","Slimebound:MegaLick+1"],"picked":"Slimebound:OneTwoCombo","floor":37},{"not_picked":["Slimebound:GoopSpray+1","Slimebound:AcidTongue"],"picked":"Slimebound:SplitAcid","floor":38},{"not_picked":["Slimebound:SplitLeeching","Slimebound:GoopTackle"],"picked":"Slimebound:SplitMire+1","floor":43},{"not_picked":["Slimebound:LeechEnergy","Slimebound:LivingWall+1"],"picked":"Slimebound:GoopSpray+1","floor":45}],"player_experience":80548,"relics_obtained":[{"floor":7,"key":"Lantern"},{"floor":10,"key":"Vajra"},{"floor":14,"key":"Toy Ornithopter"},{"floor":37,"key":"hubris:CuriousFeather"},{"floor":41,"key":"Juzu Bracelet"}],"event_choices":[{"cards_removed":["Slimebound:Defend_Slimebound"],"damage_healed":0,"gold_gain":0,"player_choice":"Card Removal","damage_taken":0,"max_hp_gain":0,"max_hp_loss":0,"event_name":"Wheel of Change","floor":22,"gold_loss":0}],"is_beta":false,"boss_relics":[{"not_picked":["Empty Cage","Coffee Dripper"],"picked":"hubris:ScarierMask"},{"not_picked":["hubris:RunicObelisk","Runic Dome"],"picked":"Black Star"}],"items_purged_floors":[8,38],"is_endless":false,"potions_floor_spawned":[2,10,14,25,26,32,43],"killed_by":"Spire Growth","ascension_level":0}}