{"host":"52zmxm0oht7x0uft","time":1611484756,"event":{"mods":["AchievementEnabler","BaseMod","Colored Map","Minty Spire (QoL Compilation)","Quick Restart"],"gold_per_floor":[116,116,116,133,133,168,178,178,178,213,239,14,47,65,65,168,168,187,187,187,187],"floor_reached":20,"language":"ENG","playtime":1046,"items_purged":["Regret"],"score":276,"play_id":"be5d9d94-865b-49af-a974-e8174e8092a0","local_time":"20210124113916","is_ascension_mode":true,"campfire_choices":[{"data":"Crescendo","floor":8,"key":"SMITH"},{"floor":15,"key":"REST"}],"circlet_count":0,"master_deck":["Strike_P","Strike_P","Strike_P","Defend_P","Defend_P","Eruption","Vigilance","Crescendo+1","JustLucky","Wish","Brilliance","Perseverance","ClearTheMind","Devotion","Brilliance","Forethought"],"relics":["PureWater","Bag of Marbles","Pocketwatch","PreservedInsect","MealTicket","Prayer Wheel","Akabeko","HandDrill","Ornamental Fan","Empty Cage"],"acts_visited":["Exordium","TheCity"],"potions_floor_usage":[14],"damage_taken":[{"damage":0,"enemies":"Small Slimes","floor":1,"turns":3},{"damage":9,"enemies":"2 Louse","floor":4,"turns":3},{"damage":3,"enemies":"Lagavulin","floor":6,"turns":3},{"damage":2,"enemies":"Cultist","floor":7,"turns":3},{"damage":15,"enemies":"3 Sentries","floor":10,"turns":7},{"damage":0,"enemies":"Gremlin Nob","floor":13,"turns":2},{"damage":11,"enemies":"Lots of Slimes","floor":14,"turns":3},{"damage":38,"enemies":"Slime Boss","floor":16,"turns":9},{"damage":22,"enemies":"2 Thieves","floor":18,"turns":4},{"damage":11,"enemies":"Shell Parasite","floor":20,"turns":3}],"seed_played":"-838506061764938503","potions_obtained":[{"floor":1,"key":"GamblersBrew"},{"floor":7,"key":"Strength Potion"},{"floor":13,"key":"PowerPotion"},{"floor":14,"key":"DistilledChaos"}],"is_trial":false,"path_per_floor":["M","?","?","M","?","E","M","R","T","E","T","$","E","M","R","B",null,"M","?","M"],"character_chosen":"WATCHER","items_purchased":["HandDrill"],"campfire_rested":1,"item_purchase_floors":[12],"current_hp_per_floor":[72,54,54,45,45,42,40,40,40,25,25,40,40,29,50,12,72,50,38,27,27],"gold":187,"neow_bonus":"RANDOM_COMMON_RELIC","is_daily":false,"chose_seed":false,"campfire_upgraded":1,"win_rate":0.0,"timestamp":1611484756,"path_taken":["M","?","?","M","?","E","M","R","T","E","?","$","E","M","R","BOSS","M","?","M"],"items_purchased_type":["Relic"],"build_version":"2020-12-22","purchased_purges":1,"victory":false,"max_hp_per_floor":[72,72,72,72,72,72,72,72,72,72,72,72,72,72,72,72,72,72,72,72,72],"card_choices":[{"not_picked":["Vengeance","BowlingBash"],"picked":"Crescendo","floor":1},{"not_picked":["Consecrate","WaveOfTheHand"],"picked":"JustLucky","floor":4},{"not_picked":["InnerPeace","JustLucky"],"picked":"Brilliance","floor":6},{"not_picked":["JustLucky","FollowUp"],"picked":"Perseverance","floor":7},{"not_picked":["DeceiveReality","Halt","CrushJoints"],"picked":"SKIP","floor":10},{"not_picked":["Meditate","DeceiveReality","SashWhip"],"picked":"SKIP","floor":13},{"not_picked":["CarveReality","InnerPeace"],"picked":"ClearTheMind","floor":14},{"not_picked":["BowlingBash","EmptyFist"],"picked":"Devotion","floor":14},{"not_picked":["Devotion","DeusExMachina"],"picked":"Brilliance","floor":16},{"not_picked":["ThirdEye","SashWhip","Wireheading"],"picked":"SKIP","floor":18},{"not_picked":["Conclude","Evaluate","DeceiveReality"],"picked":"SKIP","floor":18}],"player_experience":363646,"relics_obtained":[{"floor":6,"key":"MealTicket"},{"floor":9,"key":"Prayer Wheel"},{"floor":10,"key":"Akabeko"},{"floor":13,"key":"Ornamental Fan"}],"event_choices":[{"damage_healed":0,"gold_gain":0,"player_choice":"Success","damage_taken":18,"relics_obtained":["Pocketwatch"],"max_hp_gain":0,"max_hp_loss":0,"event_name":"Scrap Ooze","floor":2,"gold_loss":0},{"damage_healed":0,"gold_gain":0,"player_choice":"Box","damage_taken":0,"relics_obtained":["PreservedInsect"],"max_hp_gain":0,"max_hp_loss":0,"event_name":"Big Fish","floor":3,"gold_loss":0,"cards_obtained":["Regret"]},{"damage_healed":0,"gold_gain":0,"cards_transformed":["Strike_P"],"player_choice":"Change","damage_taken":0,"max_hp_gain":0,"max_hp_loss":0,"event_name":"Living Wall","floor":5,"gold_loss":0,"cards_obtained":["Wish"]},{"damage_healed":0,"gold_gain":0,"player_choice":"CARD ","damage_taken":12,"max_hp_gain":0,"max_hp_loss":0,"event_name":"Knowing Skull","floor":19,"potions_obtained":[],"gold_loss":0,"cards_obtained":["Forethought"]}],"is_beta":false,"boss_relics":[{"not_picked":["Fusion Hammer","Runic Dome"],"picked":"Empty Cage"}],"items_purged_floors":[12],"is_endless":false,"potions_floor_spawned":[1,7,13,14],"killed_by":"Shell Parasite","ascension_level":3}}