{"host":"n9lc5i44t98l6pio","time":1611497148,"event":{"mods":["BaseMod","Curses Come First","Downfall","Minty Spire (QoL Compilation)","Replay The Spire","Say the Spire","StSLib"],"gold_per_floor":[109,119,119,138,151,177,177,204,229,229,229,229,229,258,258,361,361,344,357,64,79,176,176,188,188,188],"floor_reached":25,"language":"ENG","playtime":1139,"items_purged":["Regret"],"score":337,"play_id":"70a8eaba-61a9-47a2-b947-a7210bf617bb","local_time":"20210124150548","is_ascension_mode":true,"campfire_choices":[{"data":"Armaments","floor":7.0,"key":"SMITH"},{"floor":13.0,"key":"REST"},{"floor":15.0,"key":"RECALL"},{"floor":23,"key":"REST"}],"circlet_count":0,"master_deck":["Strike_R","Strike_R","Strike_R","Strike_R+1","Strike_R+1","Defend_R+1","Defend_R","Defend_R","Defend_R","Bash","Overencumbered","Bloodletting","Feel No Pain","Armaments+1","Inflame","Perfected Strike","Dual Wield","Delirium","Metallicize","Replay:Many Hands","ReplayReversal","Iron Wave+1","Inflame","Combust","Iron Wave+1","ReplayTheSpireMod:Splinters","Cleave","Uppercut+1","Inflame"],"relics":["Burning Blood","CultistMask","Turnip","PreservedInsect","Simple Rune","Ring of Searing","ReplayTheSpireMod:Ring of Exchange","The Courier","Replay:Bronze Core","Blue Doll","Replay:Wax Seal"],"acts_visited":["Exordium","TheCity"],"potions_floor_usage":[25],"damage_taken":[{"damage":7.0,"enemies":"2 Louse","floor":1.0,"turns":3.0},{"damage":4.0,"enemies":"Cultist","floor":2.0,"turns":3.0},{"damage":0.0,"enemies":"Small Slimes","floor":4.0,"turns":4.0},{"damage":10.0,"enemies":"Looter","floor":5.0,"turns":2.0},{"damage":18.0,"enemies":"3 Sentries","floor":6.0,"turns":11.0},{"damage":29.0,"enemies":"Lagavulin","floor":8.0,"turns":6.0},{"damage":15.0,"enemies":"3 Sentries","floor":14.0,"turns":5.0},{"damage":46.0,"enemies":"Hexaghost","floor":16.0,"turns":9.0},{"damage":21.0,"enemies":"2 Thieves","floor":18.0,"turns":5.0},{"damage":30.0,"enemies":"Spheric Guardian","floor":19.0,"turns":4.0},{"damage":23,"enemies":"Snake Plant","floor":21,"turns":3},{"damage":15,"enemies":"Snecko","floor":24,"turns":3},{"damage":42,"enemies":"Slavers","floor":25,"turns":3}],"seed_played":"-8650107532464959822","potions_obtained":[{"floor":2.0,"key":"Fire Potion"},{"floor":5.0,"key":"Adrenaline Potion"},{"floor":6.0,"key":"Reflective Coating"},{"floor":19.0,"key":"SkillPotion"}],"is_trial":false,"path_per_floor":["M","M","?","M","M","E","R","E","T","?","?","?","R","E","R","B",null,"M","M","$","M","?","R","M","E"],"character_chosen":"IRONCLAD","items_purchased":["Inflame","Blue Doll","Combust"],"campfire_rested":2,"item_purchase_floors":[20,20,20],"current_hp_per_floor":[79,80,80,80,76,64,64,41,41,41,41,41,65,56,56,16,80,65,41,41,24,24,48,39,0,0],"gold":188,"neow_bonus":"THREE_RARE_CARDS","is_daily":false,"chose_seed":false,"campfire_upgraded":1,"win_rate":0.0,"timestamp":1611497148,"path_taken":["M","M","?","?","M","E","R","E","T","?","?","?","R","E","R","BOSS","M","M","$","M","?","R","M","E"],"items_purchased_type":["Card","Relic","Card"],"build_version":"2020-12-22","purchased_purges":1,"victory":false,"max_hp_per_floor":[80,80,80,80,80,80,80,80,80,80,80,80,80,80,80,80,80,80,80,80,80,80,80,80,80,80],"card_choices":[{"not_picked":["Replay:Many Hands","Exhume"],"picked":"Offering","floor":0.0},{"not_picked":["ReplayTheSpireMod:Stacked","Warcry"],"picked":"Bloodletting","floor":1.0},{"not_picked":["Reckless Charge","Body Slam"],"picked":"Feel No Pain","floor":2.0},{"not_picked":["Pommel Strike","Iron Wave"],"picked":"Armaments","floor":4.0},{"not_picked":["Pommel Strike","Demonic Infusion"],"picked":"Inflame","floor":5.0},{"not_picked":["ReplayTheSpireMod:Strike From Hell","Sword Boomerang"],"picked":"Perfected Strike","floor":6.0},{"not_picked":["Defy Death","ReplayTheSpireMod:Corrosion Curse"],"picked":"Dual Wield","floor":8.0},{"not_picked":["Flex","Shrug It Off"],"picked":"Metallicize","floor":14.0},{"not_picked":["Reaper","Bludgeon"],"picked":"Replay:Many Hands","floor":16.0},{"not_picked":["Pommel Strike","Rampage+1"],"picked":"ReplayReversal","floor":18.0},{"not_picked":["ReplayTheSpireMod:Strike From Hell","Twin Strike"],"picked":"Iron Wave+1","floor":19.0},{"not_picked":["Flex+1","Heavy Blade"],"picked":"Iron Wave+1","floor":21},{"not_picked":["Infernal Blade","ReplayTheSpireMod:Stacked"],"picked":"Cleave","floor":22},{"not_picked":["Havoc","Fiend Fire"],"picked":"Uppercut+1","floor":22},{"not_picked":["Sword Boomerang+1","Perfected Strike"],"picked":"Inflame","floor":24}],"player_experience":179802,"relics_obtained":[{"floor":6.0,"key":"Turnip"},{"floor":8.0,"key":"PreservedInsect"},{"floor":12.0,"key":"Ring of Searing"},{"floor":12.0,"key":"ReplayTheSpireMod:Ring of Exchange"},{"floor":14.0,"key":"The Courier"},{"floor":22,"key":"Replay:Wax Seal"}],"event_choices":[{"damage_healed":0.0,"max_hp_gain":0.0,"max_hp_loss":0.0,"gold_gain":0.0,"event_name":"FaceTrader","player_choice":"Trade","floor":3.0,"gold_loss":0.0,"damage_taken":0.0,"relics_obtained":["CultistMask"]},{"damage_healed":0.0,"max_hp_gain":0.0,"max_hp_loss":0.0,"gold_gain":0.0,"event_name":"Big Fish","player_choice":"Box","floor":11.0,"gold_loss":0.0,"damage_taken":0.0,"relics_obtained":["Simple Rune"],"cards_obtained":["Regret"]}],"is_beta":false,"boss_relics":[{"not_picked":["Sling","Mark of Pain"],"picked":"Replay:Bronze Core"}],"items_purged_floors":[20],"is_endless":false,"potions_floor_spawned":[2,5,6,19],"killed_by":"Slavers","ascension_level":1}}