{"host":"j019w4cyowrad0mf","time":1611500949,"event":{"mods":["2.2 Compatiblity","Act Like it!","BaseMod","CapriCore","Gensokyo","HololiveMod","Marisa????????","Minty Spire (QoL Compilation)","Reimu??????","StSLib","Waifu the Spire","WarShipGirlsR/????R mod"],"gold_per_floor":[85,95,95,24,45,84,15,15,68,23,40,40,76,121,121,239,239,263,287,314,6,33,63,75,128,208,550,562,606,643,655,667,800,812,847,175,213,225,237,249,288,300,366,628,667,679,691,728,740,760,772,784,11,58,76,76],"floor_reached":55,"language":"ENG","playtime":3997,"items_purged":["Hololive_Recruit"],"score":1310,"play_id":"ff013bf9-6de0-4f23-bad0-b2f3ca999ba7","local_time":"20210124070909","is_ascension_mode":true,"campfire_choices":[{"data":"Hololive_CallShiranuiFlare","floor":8.0,"key":"SMITH"},{"data":"Hololive_CallYozoraMel","floor":15.0,"key":"SMITH"},{"data":"Hololive_CallSpadeEcho","floor":24.0,"key":"SMITH"},{"data":"Gensokyo:LittleGreenMen","floor":32.0,"key":"SMITH"},{"data":"Hololive_CallUsadaPekora","floor":40.0,"key":"SMITH"},{"data":"Hololive_CallAkiRosenthal","floor":42.0,"key":"SMITH"},{"data":"Gensokyo:PrivateSquare","floor":47.0,"key":"SMITH"},{"floor":49,"key":"RECALL"},{"data":"Hololive_IdolExercise","floor":52,"key":"SMITH"}],"circlet_count":0,"master_deck":["Hololive_CallNatsuiroMatsuri","Hololive_CallAkaiHaato","Hololive_CallNekomataOkayu","Hololive_CallSpadeEcho+1","Hololive_CallYogiri","Hololive_FlyingPonyTail","Hololive_FlyingPonyTail","Hololive_Rebound","Hololive_CallYozoraMel+1","Hololive_FlyingPonyTail","Hololive_CallHoshimachiSuisei","Hololive_CallShiranuiFlare+1","Hololive_RevenueBasedLive","Hololive_CallAkiRosenthal+1","Hololive_CallUsadaPekora+1","Hololive_CallNakiriAyame","Hololive_ScarfAndHalo","Hololive_Breathe","Hololive_CallShiroganeNoel","Hololive_FlyingPonyTail+1","Hololive_CallRoboco","Hololive_CallMinatoAqua","Hololive_IdolExercise+1","Hololive_CallRosalyn+1","Gensokyo:LittleGreenMen+1","Hololive_CallKiryuuCoco","Hololive_RevenueBasedLive","Hololive_StarCraft","Hololive_CallAmaneKanata","Hololive_Rebound+1","Hololive_HighAtkLowDef","Hololive_CocoNews","Hololive_CallCivia+1","Gensokyo:PrivateSquare+1","Pride","Hololive_CallAyundaRisu","Madness","Hololive_CandyCastle+1"],"relics":["Hololive_TheStar","NeowsBlessing","Hololive_LightStick","CrazyTorch:ReiMu","PreservedInsect","Shovel","Runic Pyramid","OrangePellets","Oddly Smooth Stone","MawBank","Unceasing Top","Bird Faced Urn","Orichalcum","Hololive_FriedShrimpLion","Gensokyo:MosesMiracle","Pandora\u0027s Box","Toolbox","TheAbacus","ClockworkSouvenir","Mastiff:ReiMu","Pen Nib","FossilizedHelix","RuthlessExorcism:ReiMu","Dead Branch","HandDrill","Bag of Marbles","Pear","Lizard Tail"],"acts_visited":["Exordium","Gensokyo:Gensokyo","Gensokyo:Gensokyoer","TheEnding"],"potions_floor_usage":[50,55],"damage_taken":[{"damage":0.0,"enemies":"Gensokyo:2_Kodama","floor":1.0,"turns":1.0},{"damage":0.0,"enemies":"Gensokyo:Gryphon","floor":2.0,"turns":1.0},{"damage":0.0,"enemies":"Gensokyo:3_Fairies","floor":5.0,"turns":1.0},{"damage":0.0,"enemies":"Gensokyo:Aya","floor":6.0,"turns":3.0},{"damage":0.0,"enemies":"Gensokyo:VengefulSpirit","floor":11.0,"turns":2.0},{"damage":0.0,"enemies":"Gensokyo:Cirno","floor":13.0,"turns":4.0},{"damage":0.0,"enemies":"Gensokyo:5_Fairies","floor":14.0,"turns":4.0},{"damage":0.0,"enemies":"Gensokyo:Kokoro","floor":16.0,"turns":6.0},{"damage":0.0,"enemies":"Gensokyo:CosmicMonolith","floor":18.0,"turns":4.0},{"damage":0.0,"enemies":"Gensokyo:2_Gloops","floor":19.0,"turns":4.0},{"damage":0.0,"enemies":"Gensokyo:Mirror_and_Dog","floor":20.0,"turns":5.0},{"damage":0.0,"enemies":"Gensokyo:Chomper_and_Gloop","floor":22.0,"turns":4.0},{"damage":0.0,"enemies":"Gensokyo:Reisen","floor":23.0,"turns":8.0},{"damage":0.0,"enemies":"Gensokyo:Koishi","floor":25.0,"turns":4.0},{"damage":0.0,"enemies":"Gensokyo:Reisen","floor":27.0,"turns":6.0},{"damage":0.0,"enemies":"Gensokyo:3_Gloops","floor":29.0,"turns":4.0},{"damage":0.0,"enemies":"Gensokyo:Koishi","floor":30.0,"turns":3.0},{"damage":0.0,"enemies":"Gensokyo:Eiki","floor":33.0,"turns":8.0},{"damage":0.0,"enemies":"Gensokyo:3_Bats","floor":35.0,"turns":3.0},{"damage":0.0,"enemies":"Gensokyo:3_Boulders","floor":37.0,"turns":8.0},{"damage":0.0,"enemies":"Gensokyo:Dusk_and_Dawn","floor":41.0,"turns":4.0},{"damage":2.0,"enemies":"Gensokyo:Kasen","floor":44.0,"turns":7.0},{"damage":0.0,"enemies":"Gensokyo:AtlasGolem","floor":45.0,"turns":4.0},{"damage":0,"enemies":"Gensokyo:Sharpion","floor":48,"turns":4},{"damage":0,"enemies":"Gensokyo:Shinki","floor":50,"turns":12},{"damage":0,"enemies":"Shield and Spear","floor":54,"turns":3},{"damage":85,"enemies":"The Heart","floor":55,"turns":11}],"seed_played":"-5447140443944636840","potions_obtained":[{"floor":5.0,"key":"CultistPotion"},{"floor":6.0,"key":"GamblersBrew"},{"floor":13.0,"key":"Fire Potion"},{"floor":27.0,"key":"Energy Potion"},{"floor":29.0,"key":"DistilledChaos"},{"floor":41.0,"key":"SpeedPotion"},{"floor":44.0,"key":"GrandPatriotsElixir:ReiMu"}],"is_trial":false,"path_per_floor":["M","M","?","$","M","E","$","R","T","$","M","?","E","M","R","B",null,"M","M","M","COS","M","E","R","E","T","E","?","M","E","?","R","B",null,"M","COS","M","?","T","R","M","R","T","E","M","?","R","M","R","B",null,"R","$","E","B"],"character_chosen":"Hololive_HololiveCharacter","items_purchased":["Hololive_CallYozoraMel","Hololive_CallShiranuiFlare","Hololive_RevenueBasedLive","Hololive_CallAyundaRisu","HandDrill","Bag of Marbles","Pear","Madness","SkillPotion"],"campfire_rested":0,"item_purchase_floors":[4,7,10,53,53,53,53,53,53],"current_hp_per_floor":[35,35,28,28,28,28,28,28,28,28,28,14,14,14,14,35,35,35,35,35,35,35,35,35,35,35,35,32,32,32,32,32,32,32,32,32,32,32,32,32,32,32,32,32,32,32,32,32,32,32,32,32,42,42,0,0],"gold":76,"neow_bonus":"THREE_ENEMY_KILL","is_daily":false,"chose_seed":false,"campfire_upgraded":8,"win_rate":0.0,"timestamp":1611500949,"path_taken":["M","?","?","?","?","E","$","R","T","$","M","?","E","M","R","BOSS","M","M","M","COS","M","E","R","E","T","E","?","M","E","?","R","BOSS","M","COS","M","?","?","R","?","R","T","E","M","?","R","M","R","BOSS","R","$","E","BOSS"],"items_purchased_type":["Card","Card","Card","Card","Relic","Relic","Relic","Card","Potion"],"build_version":"2020-12-22","purchased_purges":1,"victory":false,"max_hp_per_floor":[35,35,35,35,35,35,35,35,35,35,35,35,35,35,35,35,35,35,35,35,35,35,35,35,35,35,35,32,32,32,32,32,32,32,32,32,32,32,32,32,32,32,32,32,32,32,32,32,32,32,32,32,42,42,42,42],"card_choices":[{"not_picked":["Hololive_CocoNews","Hololive_Psychosis","Hololive_Drill"],"picked":"Hololive_FlyingPonyTail","floor":1.0},{"not_picked":["Hololive_OvertimeWork","Hololive_Psychosis","Hololive_Breathe"],"picked":"Hololive_Rebound","floor":2.0},{"not_picked":["Hololive_Sequa","Hololive_Rebound","Hololive_StarCraft"],"picked":"Hololive_FlyingPonyTail","floor":5.0},{"not_picked":["Hololive_Drill","Hololive_FlyingPonyTail","Hololive_StrengthChampion"],"picked":"Hololive_CallHoshimachiSuisei","floor":6.0},{"not_picked":["Hololive_Sequa","Hololive_CallYozoraMel","Hololive_FlyingPonyTail"],"picked":"Hololive_CallAkiRosenthal","floor":11.0},{"not_picked":["Hololive_SoulCatcher","Hololive_LuckPotion","Hololive_CallOzoraSubaru"],"picked":"Hololive_CallUsadaPekora","floor":13.0},{"not_picked":["Hololive_StrengthChampion","Hololive_SoulCatcher","Hololive_HuntDinosaur"],"picked":"Hololive_CallNakiriAyame","floor":14.0},{"not_picked":["Hololive_Rebirth","Hololive_AWSL","Hololive_Recruit"],"picked":"Hololive_ScarfAndHalo","floor":16.0},{"not_picked":["Hololive_Sequa","Hololive_StrengthChampion","Hololive_CallMoonaHoshinova+1"],"picked":"Hololive_Breathe","floor":18.0},{"not_picked":["Hololive_CallFriendA","Hololive_CallMomosuzuNene","Hololive_CallAyundaRisu"],"picked":"Hololive_CallShiroganeNoel","floor":19.0},{"not_picked":["Hololive_Sequa+1","Hololive_LuckPotion","Hololive_CocoNews"],"picked":"Hololive_FlyingPonyTail+1","floor":20.0},{"not_picked":["Hololive_CocoNews+1","Hololive_Breathe","Hololive_Trident"],"picked":"Hololive_CallRoboco","floor":22.0},{"not_picked":["Hololive_Trident","Hololive_CallMomosuzuNene","Hololive_Psychosis+1"],"picked":"Hololive_CallMinatoAqua","floor":23.0},{"not_picked":["Hololive_Rebound","Hololive_Psychosis","Hololive_Breathe"],"picked":"Hololive_IdolExercise","floor":25.0},{"not_picked":["Hololive_OvertimeWork","Hololive_WolfAndLamb","Hololive_HuntDinosaur+1"],"picked":"Hololive_CallRosalyn+1","floor":27.0},{"not_picked":["Gensokyo:Kunekune","Gensokyo:EightFeetTall","Gensokyo:SpontaneousHumanCombustion"],"picked":"Gensokyo:LittleGreenMen","floor":28.0},{"not_picked":["Hololive_Drill","Hololive_Rebound","Hololive_CocoNews+1"],"picked":"Hololive_CallKiryuuCoco","floor":29.0},{"not_picked":["Hololive_OvertimeWork","Hololive_StrengthChampion","Hololive_FlyingPonyTail"],"picked":"Hololive_RevenueBasedLive","floor":30.0},{"not_picked":["Hololive_AWSL","Hololive_Recruit","Hololive_ScarfAndHalo"],"picked":"Hololive_StarCraft","floor":33.0},{"not_picked":["Hololive_LuckPotion+1","Hololive_ILoveYou","Hololive_CocoNews"],"picked":"Hololive_CallAmaneKanata","floor":35.0},{"not_picked":["Hololive_StrengthChampion+1","Hololive_Psychosis","Hololive_RevenueBasedLive"],"picked":"Hololive_Rebound+1","floor":37.0},{"not_picked":[],"picked":"Hololive_HighAtkLowDef","floor":38.0},{"not_picked":["Hololive_Drill+1","Hololive_RevenueBasedLive+1","Hololive_WolfAndLamb"],"picked":"Hololive_CocoNews","floor":41.0},{"not_picked":["Hololive_LuckPotion","Hololive_OvertimeWork","Hololive_CallHoshimachiSuisei+1"],"picked":"Hololive_CallCivia+1","floor":44.0},{"not_picked":["Hololive_Psychosis","Hololive_CallCivia+1","Hololive_Drill+1","Hololive_FlyingPonyTail+1"],"picked":"SKIP","floor":45.0},{"not_picked":["Hololive_FlyingPonyTail","Hololive_Watashimo+1","Hololive_OvertimeWork+1","Hololive_RevenueBasedLive"],"picked":"SKIP","floor":48},{"not_picked":["Hololive_DiamondStrike","Hololive_Sequa+1","Hololive_Drill+1"],"picked":"Hololive_CandyCastle+1","floor":54}],"player_experience":336305,"relics_obtained":[{"floor":6.0,"key":"CrazyTorch:ReiMu"},{"floor":9.0,"key":"PreservedInsect"},{"floor":13.0,"key":"Shovel"},{"floor":23.0,"key":"MawBank"},{"floor":25.0,"key":"Unceasing Top"},{"floor":27.0,"key":"Orichalcum"},{"floor":30.0,"key":"Hololive_FriedShrimpLion"},{"floor":37.0,"key":"Gensokyo:MosesMiracle"},{"floor":39.0,"key":"Mastiff:ReiMu"},{"floor":43.0,"key":"Pen Nib"},{"floor":44.0,"key":"FossilizedHelix"},{"floor":54,"key":"Lizard Tail"}],"event_choices":[],"is_beta":false,"boss_relics":[{"not_picked":["Tiny House","Hololive_TopUpMoneyS"],"picked":"Runic Pyramid"},{"not_picked":["Hololive_ChaosS","Snecko Eye"],"picked":"Pandora\u0027s Box"}],"items_purged_floors":[53],"is_endless":false,"potions_floor_spawned":[5,6,13,14,23,25,27,29,30,41,44],"killed_by":"The Heart","ascension_level":1}}