{"host":"oehe2dxjvdgux73m","time":1611477549,"event":{"mods":["AchievementEnabler","BaseMod","Colored Map","Colored Powertips","DeckTracker","Keyboard Shortcuts","Minty Spire (QoL Compilation)","Permanent Neow","Quick Restart","StSLib","SuperFastMode"],"gold_per_floor":[118,118,136,151,166,184,184,209,209,209,240,260,307,318,318,318,318],"floor_reached":16,"language":"KOR","playtime":398,"items_purged":[],"score":187,"play_id":"7e63ca5d-369e-4fe8-8b4e-ab9735bd46c1","local_time":"20210124173909","is_ascension_mode":true,"campfire_choices":[{"data":"Perfected Strike","floor":7.0,"key":"SMITH"},{"floor":15.0,"key":"REST"}],"circlet_count":0,"master_deck":["AscendersBane","Strike_R","Strike_R","Strike_R","Strike_R","Strike_R","Defend_R","Defend_R","Defend_R","Defend_R","Bash","Perfected Strike+1","Headbutt","Corruption","Twin Strike","Battle Trance","Perfected Strike"],"relics":["Burning Blood","Odd Mushroom","White Beast Statue","Gremlin Horn","Pen Nib"],"acts_visited":["Exordium"],"potions_floor_usage":[16],"damage_taken":[{"damage":18.0,"enemies":"2 Louse","floor":1.0,"turns":5.0},{"damage":11.0,"enemies":"Cultist","floor":3.0,"turns":4.0},{"damage":7.0,"enemies":"Small Slimes","floor":4.0,"turns":3.0},{"damage":21.0,"enemies":"Looter","floor":5.0,"turns":4.0},{"damage":11.0,"enemies":"2 Fungi Beasts","floor":6.0,"turns":4.0},{"damage":18.0,"enemies":"The Mushroom Lair","floor":8.0,"turns":5.0},{"damage":41.0,"enemies":"Lagavulin","floor":11.0,"turns":6.0},{"damage":3.0,"enemies":"3 Louse","floor":12.0,"turns":3.0},{"damage":0.0,"enemies":"Large Slime","floor":14.0,"turns":4.0},{"damage":46,"enemies":"The Guardian","floor":16,"turns":8}],"seed_played":"-1054378416263345886","potions_obtained":[{"floor":0.0,"key":"Ancient Potion"},{"floor":0.0,"key":"Regen Potion"},{"floor":0.0,"key":"Energy Potion"},{"floor":1.0,"key":"ElixirPotion"},{"floor":11.0,"key":"Block Potion"},{"floor":12.0,"key":"PowerPotion"},{"floor":14.0,"key":"EssenceOfSteel"}],"is_trial":false,"path_per_floor":["M","?","M","M","M","M","R","?","T","?","E","M","T","M","R","B"],"character_chosen":"IRONCLAD","items_purchased":[],"campfire_rested":1,"item_purchase_floors":[],"current_hp_per_floor":[68,75,70,69,54,49,49,37,37,42,7,10,10,16,40,0,0],"gold":318,"neow_bonus":"THREE_SMALL_POTIONS","is_daily":false,"chose_seed":false,"campfire_upgraded":1,"win_rate":0.0,"timestamp":1611477549,"path_taken":["M","?","?","M","M","M","R","?","T","?","E","M","?","M","R","BOSS"],"items_purchased_type":[],"build_version":"2020-12-22","purchased_purges":0,"victory":false,"max_hp_per_floor":[75,75,75,75,75,75,75,75,75,80,80,80,80,80,80,80,80],"card_choices":[{"not_picked":["Thunderclap","Anger","Cleave"],"picked":"SKIP","floor":1.0},{"not_picked":["Thunderclap","Anger","Cleave"],"picked":"SKIP","floor":1.0},{"not_picked":["Iron Wave","Cleave"],"picked":"Perfected Strike","floor":3.0},{"not_picked":["Havoc","Thunderclap"],"picked":"Headbutt","floor":4.0},{"not_picked":["Flex","Clothesline"],"picked":"Corruption","floor":5.0},{"not_picked":["Havoc","Seeing Red"],"picked":"Twin Strike","floor":6.0},{"not_picked":["Pummel","Combust"],"picked":"Battle Trance","floor":11.0},{"not_picked":["Fire Breathing","Battle Trance"],"picked":"Perfected Strike","floor":12.0},{"not_picked":["Spot Weakness","Fiend Fire","Iron Wave"],"picked":"SKIP","floor":14.0}],"player_experience":311721,"relics_obtained":[{"floor":8.0,"key":"Odd Mushroom"},{"floor":9.0,"key":"White Beast Statue"},{"floor":11.0,"key":"Gremlin Horn"},{"floor":13.0,"key":"Pen Nib"}],"event_choices":[{"damage_healed":7.0,"max_hp_gain":0.0,"max_hp_loss":0.0,"gold_gain":0.0,"event_name":"Wheel of Change","player_choice":"Full Heal","floor":2.0,"gold_loss":0.0,"damage_taken":0.0},{"damage_healed":0.0,"max_hp_gain":0.0,"max_hp_loss":0.0,"gold_gain":0.0,"event_name":"Mushrooms","player_choice":"Fought Mushrooms","floor":8.0,"gold_loss":0.0,"damage_taken":0.0},{"damage_healed":0.0,"max_hp_gain":5.0,"max_hp_loss":0.0,"gold_gain":0.0,"event_name":"Big Fish","player_choice":"Donut","floor":10.0,"gold_loss":0.0,"damage_taken":0.0}],"is_beta":false,"boss_relics":[],"items_purged_floors":[],"is_endless":false,"potions_floor_spawned":[1,3,11,12,14],"killed_by":"The Guardian","ascension_level":16}}