{"host":"9ahx8fyo8ahtgkt3","time":1611451645,"event":{"mods":["BaseMod","Bestiary","Better Third Choice","BetterRewards","Colored Powertips","Conspire","Curses Come First","Downfall","Evolution","Hubris","Infinite Spire","Minty Spire (QoL Compilation)","Quick Restart","Replay The Spire","Shop Mod","Spicy Shops","StSLib","Synergy Search"],"gold_per_floor":[115,115,115,131,142,173,173,185,238,248,248,261,271,301,301,397,397,407,407,423,423,436,449,449,449],"floor_reached":24,"language":"DEU","playtime":4084,"items_purged":[],"score":262,"play_id":"e9f02da1-b8fb-4e7d-a863-619f42e30867","local_time":"20210124022725","is_ascension_mode":false,"campfire_choices":[{"floor":7,"key":"REST"},{"data":"conspire:PoisonWeapons","floor":11,"key":"SMITH"},{"data":"Dodge and Roll","floor":15,"key":"SMITH"}],"circlet_count":0,"master_deck":["Dagger Spray","conspire:GhostlyStrike","conspire:GhostlyStrike","conspire:GhostlyStrike","conspire:GhostlyStrike","conspire:GhostlyDefend","conspire:GhostlyDefend","conspire:GhostlyDefend","conspire:GhostlyDefend","conspire:GhostlyDefend","Survivor","Neutralize","conspire:GhostlyStrike","champ:Execute","ReplayTheSpireMod:The Works","All Out Attack","Flying Knee","Backflip","Reflex","conspire:PoisonWeapons+1","Dodge and Roll+1","Noxious Fumes","Outmaneuver","Tools of the Trade","Acrobatics","Tactician","Underhanded Strike","Acrobatics+1"],"relics":["Ring of the Snake","EVO:Axolotl","Durian","Question Card","conspire:TopHat","Tingsha","hubris:Backtick","Membership Card","GremlinMask","hubris:Zylophone"],"acts_visited":["Exordium","TheCity"],"potions_floor_usage":[22,24,24,24],"damage_taken":[{"damage":15,"enemies":"2 Louse","floor":1,"turns":4},{"damage":13,"enemies":"Jaw Worm","floor":4,"turns":5},{"damage":0,"enemies":"Cultist","floor":5,"turns":3},{"damage":52,"enemies":"Gremlin Nob","floor":6,"turns":6},{"damage":10,"enemies":"Exordium Wildlife","floor":8,"turns":2},{"damage":15,"enemies":"Red Slaver","floor":10,"turns":6},{"damage":29,"enemies":"Exordium Thugs","floor":12,"turns":5},{"damage":0,"enemies":"3 Louse","floor":13,"turns":1},{"damage":15,"enemies":"Replay:BlueRogue","floor":14,"turns":7},{"damage":36,"enemies":"Slime Boss","floor":16,"turns":10},{"damage":21,"enemies":"2 Thieves","floor":18,"turns":4},{"damage":26,"enemies":"Shell Parasite","floor":20,"turns":8},{"damage":5,"enemies":"3 Cultists","floor":22,"turns":4},{"damage":13,"enemies":"Centurion and Healer","floor":23,"turns":7},{"damage":20,"enemies":"Nightmare","floor":24,"turns":5}],"seed_played":"9204031165742793631","potions_obtained":[{"floor":1,"key":"FairyPotion"},{"floor":8,"key":"Swift Potion"},{"floor":12,"key":"FearPotion"},{"floor":13,"key":"GamblersBrew"},{"floor":16,"key":"SkillPotion"},{"floor":22,"key":"ColorlessPotion"}],"is_trial":false,"path_per_floor":["M","?","?","M","M","E","R","M","T","M","R","M","M","E","R","B",null,"M","?","M","AVR","M","M","NM"],"character_chosen":"THE_SILENT","items_purchased":[],"campfire_rested":1,"item_purchase_floors":[],"current_hp_per_floor":[70,70,70,67,67,25,47,47,47,32,32,23,23,23,23,20,75,54,54,38,38,33,20,0,0],"gold":449,"neow_bonus":"ONE_RARE_RELIC","is_daily":false,"chose_seed":false,"campfire_upgraded":2,"win_rate":0.0,"timestamp":1611451645,"path_taken":["M","?","?","M","?","E","R","M","T","M","R","M","M","E","R","BOSS","M","?","M","AVR","M","?","NM"],"items_purchased_type":[],"build_version":"2020-12-22","purchased_purges":0,"victory":false,"max_hp_per_floor":[75,75,75,75,75,75,75,75,75,75,75,75,75,75,75,75,75,75,75,75,75,75,75,75,75],"card_choices":[{"not_picked":["Dagger Spray","Quick Slash"],"picked":"ReplayTheSpireMod:The Works","floor":1},{"not_picked":["Outmaneuver","Dagger Spray"],"picked":"All Out Attack","floor":4},{"not_picked":["Deflect","Flechettes"],"picked":"Flying Knee","floor":5},{"not_picked":["Heel Hook","Outmaneuver"],"picked":"Backflip","floor":6},{"not_picked":["Slice","Backflip","hubris:SlightOfHand"],"picked":"Reflex","floor":8},{"not_picked":["Deflect","Deadly Poison","Backflip"],"picked":"conspire:PoisonWeapons","floor":10},{"not_picked":["All Out Attack","Glass Knife","Draining Mist"],"picked":"Dodge and Roll","floor":12},{"not_picked":["ReplayTheSpireMod:Shiv Toss","Footwork","conspire:PoisonWeapons"],"picked":"Noxious Fumes","floor":13},{"not_picked":["Sneak Up","Backflip","ReplayTheSpireMod:The Works"],"picked":"Outmaneuver","floor":14},{"not_picked":["Bullet Time","Night Terror","Phantasmal Killer"],"picked":"Tools of the Trade","floor":16},{"not_picked":["Dagger Throw","Dodge and Roll","conspire:DoublingDagger"],"picked":"Acrobatics","floor":18},{"not_picked":["Blade Dance+1","Dagger Throw","Backflip"],"picked":"Tactician","floor":20},{"not_picked":["Slice","Blade Dance+1","Dodge and Roll"],"picked":"Underhanded Strike","floor":22},{"not_picked":["Toxin Wave","Slice","Poisoned Stab"],"picked":"Acrobatics+1","floor":23}],"player_experience":2363,"relics_obtained":[{"floor":6,"key":"Question Card"},{"floor":9,"key":"conspire:TopHat"},{"floor":14,"key":"Tingsha"}],"event_choices":[{"damage_healed":0,"gold_gain":0,"player_choice":"Leave","damage_taken":0,"max_hp_gain":0,"max_hp_loss":0,"event_name":"The Cleric","floor":2,"gold_loss":0},{"damage_healed":0,"gold_gain":0,"player_choice":"Agree","damage_taken":0,"max_hp_gain":0,"max_hp_loss":0,"event_name":"conspire:LoneGhost","floor":3,"gold_loss":0},{"damage_healed":0,"gold_gain":0,"player_choice":"Trade","damage_taken":0,"relics_obtained":["GremlinMask"],"max_hp_gain":0,"max_hp_loss":0,"event_name":"FaceTrader","floor":19,"gold_loss":0}],"is_beta":false,"boss_relics":[{"not_picked":["Ring of Chaos","Replay:Drink Me"],"picked":"hubris:Backtick"}],"items_purged_floors":[],"is_endless":false,"potions_floor_spawned":[1,8,12,13,16,22],"killed_by":"Nightmare","ascension_level":0}}