{"host":"rolltorest","time":1611458652,"event":{"mods":["BaseMod","Minty Spire (QoL Compilation)","Relic Stats","Slay the Relics Exporter","StSLib"],"gold_per_floor":[114,85,85,85,61,61,96,137,137,161,197,197,222,238,238,329,329,343,357,297,297,297,340,340,359,359,399,399,415,446,471,471,564,564,580,594,594,625,648,682,682,722,722,722,747,780,800,821,821,821,821,821],"floor_reached":51,"language":"ENG","playtime":2787,"items_purged":["Strike_B"],"score":1710,"play_id":"dede9e76-a16f-4561-a574-32b9edbdaba2","local_time":"20210123192412","is_ascension_mode":true,"campfire_choices":[{"data":"Defragment","floor":6,"key":"SMITH"},{"data":"Zap","floor":12,"key":"SMITH"},{"data":"Coolheaded","floor":15,"key":"SMITH"},{"data":"Biased Cognition","floor":24,"key":"SMITH"},{"data":"Barrage","floor":32,"key":"SMITH"},{"floor":49,"key":"RECALL"}],"circlet_count":0,"master_deck":["AscendersBane","Defend_B+1","Defend_B+1","Defend_B+1","Defend_B+1","Zap+1","Dualcast","Defragment+1","Cold Snap","Sweeping Beam","Ball Lightning","Cold Snap","Compile Driver","FTL","Coolheaded+1","Biased Cognition+1","Barrage+1","Sunder","Conserve Battery","Core Surge","Machine Learning","Defragment","Thinking Ahead","Consume","Storm"],"relics":["Cracked Core","NeowsBlessing","Golden Idol","Odd Mushroom","Bird Faced Urn","Mercury Hourglass","The Courier","Velvet Choker","Enchiridion","DataDisk","Juzu Bracelet","Regal Pillow","InkBottle","Inserter","Dead Branch","Singing Bowl","Meat on the Bone","Nunchaku"],"acts_visited":["Exordium","TheCity","TheBeyond"],"potions_floor_usage":[23,30,51],"damage_taken":[{"damage":0,"enemies":"Small Slimes","floor":1,"turns":1},{"damage":0,"enemies":"The Mushroom Lair","floor":7,"turns":1},{"damage":0,"enemies":"Gremlin Nob","floor":8,"turns":1},{"damage":11,"enemies":"2 Louse","floor":10,"turns":2},{"damage":12,"enemies":"Lagavulin","floor":11,"turns":6},{"damage":2,"enemies":"Jaw Worm","floor":13,"turns":2},{"damage":0,"enemies":"2 Fungi Beasts","floor":14,"turns":2},{"damage":28,"enemies":"Hexaghost","floor":16,"turns":9},{"damage":3,"enemies":"Chosen","floor":18,"turns":4},{"damage":0,"enemies":"Spheric Guardian","floor":19,"turns":3},{"damage":0,"enemies":"Book of Stabbing","floor":23,"turns":4},{"damage":8,"enemies":"Snake Plant","floor":25,"turns":4},{"damage":0,"enemies":"Gremlin Leader","floor":27,"turns":4},{"damage":1,"enemies":"Snecko","floor":29,"turns":3},{"damage":17,"enemies":"Slavers","floor":30,"turns":3},{"damage":0,"enemies":"3 Cultists","floor":31,"turns":3},{"damage":21,"enemies":"Collector","floor":33,"turns":9},{"damage":5,"enemies":"Orb Walker","floor":35,"turns":3},{"damage":5,"enemies":"3 Shapes","floor":36,"turns":3},{"damage":0,"enemies":"Mind Bloom Boss Battle","floor":38,"turns":6},{"damage":21,"enemies":"Writhing Mass","floor":39,"turns":7},{"damage":23,"enemies":"Giant Head","floor":40,"turns":11},{"damage":35,"enemies":"Reptomancer","floor":42,"turns":7},{"damage":24,"enemies":"3 Darklings","floor":45,"turns":4},{"damage":0,"enemies":"Giant Head","floor":46,"turns":8},{"damage":16,"enemies":"4 Shapes","floor":47,"turns":4},{"damage":0,"enemies":"Sphere and 2 Shapes","floor":48,"turns":4},{"damage":19,"enemies":"Time Eater","floor":50,"turns":11},{"damage":58,"enemies":"Awakened One","floor":51,"turns":6}],"seed_played":"-2328683156600016633","potions_obtained":[{"floor":10,"key":"Weak Potion"},{"floor":13,"key":"EssenceOfSteel"},{"floor":14,"key":"Fire Potion"},{"floor":18,"key":"LiquidBronze"},{"floor":23,"key":"CultistPotion"},{"floor":30,"key":"Ancient Potion"},{"floor":35,"key":"DuplicationPotion"}],"is_trial":false,"path_per_floor":["M","$","?","?","$","R","?","E","T","M","E","R","M","M","R","B",null,"M","M","$","?","?","E","R","M","T","E","?","M","E","M","R","B",null,"M","M","?","?","M","E","?","E","T","?","M","E","M","M","R","B","B"],"character_chosen":"DEFECT","items_purchased":["Cold Snap","Sweeping Beam"],"campfire_rested":0,"item_purchase_floors":[2,5],"current_hp_per_floor":[64,64,64,57,57,57,57,57,57,48,38,38,36,38,38,12,51,52,56,56,35,35,41,41,37,37,43,43,48,39,41,41,26,55,58,61,61,64,53,43,43,20,20,20,18,44,38,50,50,45,0,0],"gold":821,"neow_bonus":"THREE_ENEMY_KILL","is_daily":false,"chose_seed":false,"campfire_upgraded":5,"win_rate":0.0,"timestamp":1611458652,"path_taken":["M","$","?","?","$","R","?","E","T","?","E","R","M","M","R","BOSS","M","M","$","?","?","E","R","M","T","E","?","M","E","M","R","BOSS","M","M","?","?","M","E","?","E","T","?","M","E","M","M","R","BOSS","BOSS"],"items_purchased_type":["Card","Card"],"build_version":"2020-12-18","purchased_purges":1,"victory":false,"max_hp_per_floor":[71,71,64,64,64,64,64,64,64,64,64,64,64,64,64,64,64,64,64,64,64,64,64,64,64,64,64,64,64,64,64,64,64,64,64,64,64,64,64,66,66,68,68,68,68,70,72,74,74,74,74,74],"relic_stats":{"Regal Pillow":0,"Inserter":[37],"Singing Bowl":10,"counters":[29,133],"Golden Idol":184,"Dead Branch":[38],"Juzu Bracelet":1,"Mercury Hourglass":[464],"Nunchaku":[5],"Bird Faced Urn":[168],"obtain_stats":[{"Regal Pillow":27,"Inserter":34,"NeowsBlessing":0,"Singing Bowl":40,"Golden Idol":3,"Dead Branch":38,"Velvet Choker":17,"Enchiridion":21,"The Courier":11,"Juzu Bracelet":26,"Odd Mushroom":7,"Mercury Hourglass":9,"DataDisk":23,"Nunchaku":46,"Bird Faced Urn":8,"Cracked Core":0,"InkBottle":30,"Meat on the Bone":42},{"Regal Pillow":13,"Inserter":17,"NeowsBlessing":0,"Singing Bowl":22,"Golden Idol":1,"Dead Branch":20,"Velvet Choker":8,"Enchiridion":10,"The Courier":5,"Juzu Bracelet":12,"Odd Mushroom":2,"Mercury Hourglass":3,"DataDisk":11,"Nunchaku":25,"Bird Faced Urn":3,"Cracked Core":0,"InkBottle":15,"Meat on the Bone":23},{"Regal Pillow":42,"Inserter":60,"NeowsBlessing":0,"Singing Bowl":90,"Golden Idol":1,"Dead Branch":72,"Velvet Choker":23,"Enchiridion":30,"The Courier":10,"Juzu Bracelet":38,"Odd Mushroom":2,"Mercury Hourglass":3,"DataDisk":34,"Nunchaku":108,"Bird Faced Urn":3,"Cracked Core":0,"InkBottle":48,"Meat on the Bone":96}],"InkBottle":[39],"Meat on the Bone":24},"card_choices":[{"not_picked":["Turbo","Steam"],"picked":"Defragment","floor":1},{"not_picked":["Rebound","Cold Snap"],"picked":"Ball Lightning","floor":7},{"not_picked":["Hologram","Creative AI"],"picked":"Cold Snap","floor":8},{"not_picked":["BootSequence","Conserve Battery"],"picked":"Compile Driver","floor":10},{"not_picked":["Auto Shields","Rebound"],"picked":"FTL","floor":11},{"not_picked":["Redo","Compile Driver"],"picked":"Coolheaded","floor":13},{"not_picked":["Conserve Battery","Sweeping Beam","Stack"],"picked":"SKIP","floor":14},{"not_picked":["Amplify","Multi-Cast"],"picked":"Biased Cognition","floor":16},{"not_picked":["Melter","Compile Driver+1"],"picked":"Barrage","floor":18},{"not_picked":["Fusion","Cold Snap","Stack"],"picked":"SKIP","floor":19},{"not_picked":["Conserve Battery","White Noise","Meteor Strike"],"picked":"SKIP","floor":23},{"not_picked":["Redo","Steam+1","Stack"],"picked":"SKIP","floor":25},{"not_picked":["Coolheaded","Go for the Eyes+1","Ball Lightning"],"picked":"SKIP","floor":27},{"not_picked":["Gash","Leap"],"picked":"Core Surge","floor":29},{"not_picked":["Go for the Eyes","Cold Snap","Tempest+1"],"picked":"SKIP","floor":30},{"not_picked":["Steam","Barrage"],"picked":"Doom and Gloom","floor":31},{"not_picked":["All For One","Thunder Strike"],"picked":"Machine Learning","floor":33},{"not_picked":["Barrage","Streamline+1"],"picked":"Defragment","floor":35},{"not_picked":["Sweeping Beam","Rebound","Barrage+1"],"picked":"SKIP","floor":36},{"not_picked":["Flash of Steel","Enlightenment"],"picked":"Thinking Ahead","floor":37},{"not_picked":["Leap","Conserve Battery"],"picked":"Consume","floor":38},{"not_picked":["Beam Cell+1","Steam Power","Go for the Eyes+1"],"picked":"SKIP","floor":39},{"not_picked":["Heatsinks","Buffer","Auto Shields"],"picked":"Singing Bowl","floor":40},{"not_picked":["Stack","Leap+1","Conserve Battery"],"picked":"Singing Bowl","floor":42},{"not_picked":["Leap","Compile Driver"],"picked":"Storm","floor":45},{"not_picked":["Compile Driver+1","Stack","Genetic Algorithm"],"picked":"Singing Bowl","floor":46},{"not_picked":["Hologram+1","Sweeping Beam","Cold Snap"],"picked":"Singing Bowl","floor":47},{"not_picked":["Storm+1","Defragment","Heatsinks"],"picked":"Singing Bowl","floor":48}],"player_experience":1770386,"relics_obtained":[{"floor":7,"key":"Odd Mushroom"},{"floor":8,"key":"Bird Faced Urn"},{"floor":9,"key":"Mercury Hourglass"},{"floor":11,"key":"The Courier"},{"floor":21,"key":"Enchiridion"},{"floor":23,"key":"DataDisk"},{"floor":26,"key":"Juzu Bracelet"},{"floor":27,"key":"Regal Pillow"},{"floor":30,"key":"InkBottle"},{"floor":38,"key":"Dead Branch"},{"floor":40,"key":"Singing Bowl"},{"floor":42,"key":"Meat on the Bone"},{"floor":46,"key":"Nunchaku"}],"event_choices":[{"damage_healed":0,"gold_gain":0,"player_choice":"Lose Max HP","damage_taken":0,"relics_obtained":["Golden Idol"],"max_hp_gain":0,"max_hp_loss":7,"event_name":"Golden Idol","floor":3,"gold_loss":0},{"cards_removed":["Strike_B"],"damage_healed":0,"gold_gain":0,"player_choice":"Card Removal","damage_taken":7,"max_hp_gain":0,"max_hp_loss":0,"event_name":"Golden Wing","floor":4,"gold_loss":0},{"damage_healed":0,"gold_gain":0,"player_choice":"Fought Mushrooms","damage_taken":0,"max_hp_gain":0,"max_hp_loss":0,"event_name":"Mushrooms","floor":7,"gold_loss":0},{"damage_healed":0,"gold_gain":0,"player_choice":"Obtained Book","damage_taken":21,"max_hp_gain":0,"max_hp_loss":0,"event_name":"Cursed Tome","floor":21,"gold_loss":0},{"damage_healed":0,"gold_gain":0,"cards_transformed":["Strike_B","Strike_B"],"player_choice":"Became Test Subject","damage_taken":0,"max_hp_gain":0,"max_hp_loss":0,"event_name":"Drug Dealer","floor":22,"gold_loss":0,"cards_obtained":["Sunder","Conserve Battery"]},{"damage_healed":0,"gold_gain":0,"player_choice":"Simplicity","damage_taken":0,"max_hp_gain":0,"max_hp_loss":0,"event_name":"Back to Basics","floor":28,"gold_loss":0,"cards_upgraded":["Defend_B","Defend_B","Defend_B","Defend_B"]},{"damage_healed":0,"gold_gain":0,"player_choice":"Memory 1","damage_taken":0,"max_hp_gain":0,"max_hp_loss":0,"event_name":"SensoryStone","floor":37,"gold_loss":0},{"damage_healed":0,"gold_gain":0,"player_choice":"Fight","damage_taken":0,"max_hp_gain":0,"max_hp_loss":0,"event_name":"MindBloom","floor":38,"gold_loss":0},{"cards_removed":["Doom and Gloom"],"damage_healed":0,"gold_gain":0,"player_choice":"Removed Attack","damage_taken":0,"max_hp_gain":0,"max_hp_loss":0,"event_name":"Falling","floor":41,"gold_loss":0},{"damage_healed":0,"gold_gain":0,"player_choice":"Ignored","damage_taken":0,"max_hp_gain":0,"max_hp_loss":0,"event_name":"Tomb of Lord Red Mask","floor":44,"gold_loss":0}],"is_beta":true,"boss_relics":[{"not_picked":["Astrolabe","Empty Cage"],"picked":"Velvet Choker"},{"not_picked":["Calling Bell","Fusion Hammer"],"picked":"Inserter"}],"items_purged_floors":[20],"is_endless":false,"potions_floor_spawned":[10,13,14,18,23,30,35,38,39,47],"killed_by":"Awakened One","ascension_level":20}}