{"host":"z9mq1tf06lkrncmk","time":1611458902,"event":{"mods":["BaseMod","Downfall","Minty Spire (QoL Compilation)","StSLib"],"gold_per_floor":[111,286,301,301,317,348,348,381,381,137,137,137],"floor_reached":11,"language":"ENG","playtime":590,"items_purged":[],"score":97,"play_id":"d66273d5-adc9-45cb-a43f-2e1507d8c904","local_time":"20210123222822","is_ascension_mode":true,"campfire_choices":[{"floor":7,"key":"REST"}],"circlet_count":0,"master_deck":["Strike_R+1","Strike_R","Strike_R","Strike_R+1","Strike_R","Defend_R","Defend_R","Defend_R","Defend_R","Bash","Clothesline","Doubt","Flame Barrier+1","Spot Weakness","Iron Wave","Flex"],"relics":["Burning Blood","Whetstone","Centennial Puzzle","The Courier","Self Forming Clay","Toolbox"],"acts_visited":["Exordium"],"potions_floor_usage":[10,11],"damage_taken":[{"damage":14,"enemies":"Small Slimes","floor":1,"turns":5},{"damage":4,"enemies":"Jaw Worm","floor":3,"turns":3},{"damage":3,"enemies":"2 Louse","floor":5,"turns":3},{"damage":24,"enemies":"3 Sentries","floor":6,"turns":8},{"damage":35,"enemies":"Lagavulin","floor":8,"turns":8},{"damage":65,"enemies":"Gremlin Nob","floor":11,"turns":5}],"seed_played":"1498307035747302477","potions_obtained":[{"floor":5,"key":"Fire Potion"},{"floor":8,"key":"CultistPotion"}],"is_trial":false,"path_per_floor":["M","?","M","?","M","E","R","E","T","$","E"],"character_chosen":"IRONCLAD","items_purchased":["Fruit Juice","Flex","Toolbox"],"campfire_rested":1,"item_purchase_floors":[10,10,10],"current_hp_per_floor":[72,72,74,74,77,59,80,51,51,56,0,0],"gold":137,"neow_bonus":"RANDOM_COMMON_RELIC","is_daily":false,"chose_seed":false,"campfire_upgraded":0,"win_rate":0.0,"timestamp":1611458902,"path_taken":["M","?","M","?","M","E","R","E","T","$","E"],"items_purchased_type":["Potion","Card","Relic"],"build_version":"2020-12-22","purchased_purges":0,"victory":false,"max_hp_per_floor":[80,80,80,80,80,80,80,80,80,85,85,85],"card_choices":[{"not_picked":["Rupture","Fire Breathing"],"picked":"Clothesline","floor":1},{"not_picked":["Burning Pact","Iron Wave"],"picked":"Flame Barrier","floor":3},{"not_picked":["Wild Strike","Pommel Strike"],"picked":"Spot Weakness","floor":5},{"not_picked":["Hemokinesis","Sentinel","Wild Strike"],"picked":"SKIP","floor":6},{"not_picked":["Intimidate","Pommel Strike"],"picked":"Iron Wave","floor":8}],"player_experience":386957,"relics_obtained":[{"floor":6,"key":"Centennial Puzzle"},{"floor":8,"key":"The Courier"},{"floor":9,"key":"Self Forming Clay"}],"event_choices":[{"damage_healed":0,"gold_gain":175,"player_choice":"AGREE","damage_taken":0,"max_hp_gain":0,"max_hp_loss":0,"event_name":"Liars Game","floor":2,"gold_loss":0,"cards_obtained":["Doubt"]},{"damage_healed":0,"gold_gain":0,"player_choice":"Grow","damage_taken":0,"max_hp_gain":0,"max_hp_loss":0,"event_name":"Living Wall","floor":4,"gold_loss":0,"cards_upgraded":["Flame Barrier"]}],"is_beta":false,"boss_relics":[],"items_purged_floors":[],"is_endless":false,"potions_floor_spawned":[5,8],"killed_by":"Gremlin Nob","ascension_level":4}}