{"host":"0iey8v53xvwqxh5z","time":1611527854,"event":{"mods":["BaseMod","BetterRewards","Hermit","Hubris","Minty Spire (QoL Compilation)","Relic Stats","Replay The Spire","Shop Mod","StSLib","The Cursed"],"gold_per_floor":[118,133,133,152,43,43,70,70,70,103,103,113,127,142,142,247,247,261,261,261,261,272,272,8,41,91,41,41,59,59,79,79,180,180,192,192,208,219,239,239,274,285,285,310,270,285,315,332,332,332,332,332,45,73,73,73],"floor_reached":55,"language":"ENG","playtime":4129,"items_purged":["Strike_G","Decay","Parasite"],"score":1000,"play_id":"a26cafbb-971c-43ca-9193-97b1bb85e202","local_time":"20210124173734","is_ascension_mode":true,"campfire_choices":[{"floor":6,"key":"REST"},{"data":"ReplayTheSpireMod:Scrap Shanks","floor":8,"key":"SMITH"},{"data":"Neutralize","floor":15,"key":"SMITH"},{"floor":23,"key":"REST"},{"data":"Noxious Fumes","floor":28,"key":"SMITH"},{"data":"Riddle With Holes","floor":30,"key":"SMITH"},{"data":"Heel Hook","floor":32,"key":"SMITH"},{"floor":40,"key":"RECALL"},{"data":"Survivor","floor":52,"key":"SMITH"}],"circlet_count":0,"master_deck":["Strike_G+1","Strike_G+1","Defend_G+1","Defend_G+1","Defend_G+1","Defend_G+1","Defend_G+1","Survivor+1","Neutralize+1","Crippling Poison+1","ReplayTheSpireMod:Scrap Shanks+1","Deflect+1","Blur+1","Escape Plan+1","Deadly Poison+1","Crippling Poison+1","Dodge and Roll+1","Blade Dance+1","Malaise+1","Malaise+1","Night Terror+1","ReplayTheSpireMod:Splinters","Burst+1","Necronomicurse","Heel Hook+1","Riddle With Holes+1","Hidden Blade+1","Noxious Fumes+1","Doppelganger+1","Cloak And Dagger+1","Blade Dance+1","Corpse Explosion+1","Backflip+1","Bouncing Flask+1","Acrobatics+1","Hidden Blade+1","Pot Of Greed+1","Pot Of Greed+1","Pot Of Greed+1","Pot Of Greed+1","Bouncing Flask+1","Sneak Up+1","Prepared+1","Choke+1","Bouncing Flask+1"],"relics":["Ring of the Snake","Paper Crane","Medical Kit","Toxic Egg 2","Ginger","Question Card","Replay:Bottled Snecko","Smiling Mask","Replay:Ancient Bell","hubris:AncientText","Iron Hammer","Calipers","Necronomicon","InkBottle","Painkiller Herb","hubris:Towel","Bronze Scales","Lantern","Grinning Jar","Toy Ornithopter","Gambling Chip","hubris:PeanutButter"],"acts_visited":["Exordium","TheCity","TheBeyond","TheEnding"],"potions_floor_usage":[16,16,33,33,33,33,44,50],"damage_taken":[{"damage":0,"enemies":"Cultist","floor":1,"turns":4},{"damage":0,"enemies":"Jaw Worm","floor":2,"turns":3},{"damage":0,"enemies":"Small Slimes","floor":4,"turns":2},{"damage":4,"enemies":"Gremlin Nob","floor":7,"turns":4},{"damage":0,"enemies":"3 Sentries","floor":10,"turns":7},{"damage":0,"enemies":"3 Louse","floor":12,"turns":2},{"damage":3,"enemies":"Lots of Slimes","floor":13,"turns":2},{"damage":0,"enemies":"Blue Slaver","floor":14,"turns":4},{"damage":18,"enemies":"Fading Forest","floor":16,"turns":11},{"damage":10,"enemies":"Chosen","floor":18,"turns":7},{"damage":9,"enemies":"2 Thieves","floor":22,"turns":4},{"damage":0,"enemies":"Book of Stabbing","floor":25,"turns":9},{"damage":4,"enemies":"Shelled Parasite and Fungi","floor":29,"turns":6},{"damage":3,"enemies":"Centurion and Healer","floor":31,"turns":6},{"damage":5,"enemies":"Collector","floor":33,"turns":11},{"damage":0,"enemies":"Orb Walker","floor":35,"turns":5},{"damage":0,"enemies":"3 Darklings","floor":37,"turns":2},{"damage":1,"enemies":"4 Shapes","floor":38,"turns":6},{"damage":0,"enemies":"Jaw Worm Horde","floor":39,"turns":5},{"damage":26,"enemies":"R_Hoarder","floor":41,"turns":7},{"damage":0,"enemies":"Sphere and 2 Shapes","floor":42,"turns":3},{"damage":18,"enemies":"Reptomancer","floor":44,"turns":8},{"damage":0,"enemies":"Maw","floor":46,"turns":7},{"damage":0,"enemies":"R_Hoarder","floor":47,"turns":6},{"damage":16,"enemies":"Transient","floor":48,"turns":5},{"damage":22,"enemies":"Replay:Hell Engine","floor":50,"turns":9},{"damage":11,"enemies":"Shield and Spear","floor":54,"turns":5},{"damage":57,"enemies":"The Heart","floor":55,"turns":5}],"seed_played":"-1479640296212968465","potions_obtained":[{"floor":2,"key":"SpeedPotion"},{"floor":3,"key":"Toxic Potion"},{"floor":3,"key":"Block Potion"},{"floor":29,"key":"EntropicBrew"},{"floor":31,"key":"AttackPotion"},{"floor":37,"key":"LiquidBronze"},{"floor":45,"key":"DistilledChaos"},{"floor":45,"key":"Swift Potion"},{"floor":46,"key":"Reflective Coating"},{"floor":49,"key":"FairyPotion"}],"is_trial":false,"path_per_floor":["M","M","?","M","$","R","E","R","T","E","?","M","M","M","R","B",null,"M","?","?","?","M","R","$","E","T","$","R","M","R","M","R","B",null,"?","?","?","?","?","T","E","?","T","E","?","?","E","?","T","B",null,"T","T","E","B"],"character_chosen":"THE_SILENT","items_purchased":["Paper Crane","Medical Kit","Toxic Egg 2","Crippling Poison+1","ReplayTheSpireMod:Scrap Shanks","Ginger","Deflect+1","Crippling Poison+1","Noxious Fumes","Doppelganger+1","Gambling Chip"],"campfire_rested":2,"item_purchase_floors":[0,0,0,0,0,0,0,5,24,24,53],"current_hp_per_floor":[30,30,30,30,30,51,47,47,47,47,47,47,44,44,44,36,70,60,44,44,44,35,56,56,56,56,56,56,52,52,49,49,44,67,67,67,67,66,66,66,40,40,40,22,22,22,26,10,10,20,67,67,67,56,0,0],"gold":73,"neow_bonus":"","is_daily":false,"chose_seed":false,"campfire_upgraded":6,"win_rate":0.0,"timestamp":1611527854,"path_taken":["M","?","?","?","?","R","E","R","T","E","?","?","M","M","R","BOSS","M","?","?","?","M","R","$","E","T","$","R","M","R","M","R","BOSS","?","?","?","?","?","T","E","?","T","E","?","?","E","?","T","BOSS","T","T","E","BOSS"],"items_purchased_type":["Relic","Relic","Relic","Card","Card","Relic","Card","Card","Card","Card","Relic"],"build_version":"2020-12-22","purchased_purges":3,"victory":false,"max_hp_per_floor":[70,70,70,70,70,70,70,70,70,70,70,70,70,70,70,70,70,70,70,70,70,70,70,70,70,70,67,67,67,67,67,67,67,67,67,67,67,67,67,67,67,67,67,67,67,67,67,67,67,67,67,67,67,67,67,67],"relic_stats":{"counters":[684,3335],"Bronze Scales":[261],"Gambling Chip":[5],"Necronomicon":[17],"Ginger":[15],"Medical Kit":[5],"Question Card":79,"Smiling Mask":125,"obtain_stats":[{"Replay:Accelerometer":42,"hubris:MysteriousPyramids":42,"Sling":53,"Ring of Searing":46,"Blood Vial":25,"Replay:Wanted Poster":38,"hubris:HerbalPaste":53,"hubris:AstralHammer":44,"Fusion Hammer":17,"HandDrill":57,"Replay:Bottled Flurry":23,"Necronomicon":19,"Replay:Bottled Steam":36,"TheCursedMod:BlackMagic101":0,"MerchantsRug":19,"Eternal Feather":23,"Pen Nib":31,"Bird Faced Urn":14,"ReplayTheSpireMod:Ring of Collecting":2,"Snecko Eye":17,"Unceasing Top":0,"hubris:Reverence":54,"Regal Pillow":6,"Torii":0,"GremlinMask":29,"King of Hearts":23,"hubris:EmptyBottle":0,"Ancient Tea Set":44,"Smiling Mask":10,"Pet Ghost":10,"Burning Blood":0,"hubris:Backtick":17,"Toolbox":3,"hubris:CuriousFeather":0,"Chemical X":0,"Replay:Bottled Eggs":28,"InkBottle":40,"Potion Belt":45,"Lee\u0027s Waffle":0,"Golden Idol":3,"hubris:64BitClover":28,"PreservedInsect":26,"Ring of Greed":5,"hubris:Towel":37,"Replay:Arrowhead":0,"hubris:Spice":0,"Ornamental Fan":0,"Ring of Misfortune":20,"Garlic":26,"Durian":9,"hubris:BottledRain":9,"Ice Cream":39,"Calipers":0,"Gremlin Horn":20,"Nilry\u0027s Codex":19,"hubris:VirtuousBlindfold":34,"hubris:TerracottaHorce":19,"Sozu":34,"Centennial Puzzle":8,"Honey Jar":0,"Philosopher\u0027s Stone":17,"Iron Hammer":0,"Girya":26,"hubris:Teleporter":13,"hubris:DuctTape":57,"ReplayTheSpireMod:CursedCoin":0,"Replay:Grab Bag":17,"Ring of Chaos":34,"WarpedTongs":2,"hubris:Zylophone":0,"OrangePellets":0,"hubris:PeanutButter":9,"Onion Ring":54,"Mirror":38,"Pocketwatch":0,"Juzu Bracelet":42,"Empty Cage":34,"Dream Catcher":6,"Nunchaku":53,"hubris:Icosahedron":9,"Chameleon Ring":11,"Red Mask":21,"Replay:Bottled Snecko":28,"hubris:MedicalManual":42,"Replay:WaspNest":53,"Odd Mushroom":10,"Medical Kit":0,"Mercury Hourglass":0,"Calling Bell":17,"Strange Spoon":0,"Cauldron":53,"Pondfish Scales":14,"HolyWater":34,"hubris:BundleOfHerbs":0,"Bag of Marbles":31,"Membership Card":0,"FossilizedHelix":6,"hubris:OldNail":0,"hubris:AncientText":17,"ReplayTheSpireMod:ShopPack":45,"TwistedFunnel":0,"Golden Egg":20,"Whetstone":44,"Ginger":0,"Bottled Tornado":27,"Boot":40,"Old Coin":5,"Replay:Ringing Soul":53,"TheCursedMod:CrystalBall":7,"hubris:DeckOfHolding":40,"MealTicket":28,"Kunai":29,"Replay:Wax Seal":0,"hubris:TinFlute":28,"Pear":58,"Counterbalance":0,"ReplayTheSpireMod:Ring of Addiction":26,"hubris:SphereOfDissonance":40,"Replay:Ancient Bell":17,"Paper Crane":0,"SlaversCollar":34,"Runic Dome":34,"hubris:TenFootPole":0,"Kintsugi":17,"Abe\u0027s Treasure":17,"Ring of the Serpent":34,"TheCursedMod:SoulVessel":46,"TheCursedMod:FourLeafCloverCharm":17,"Lantern":53,"Blue Doll":27,"StoneCalendar":53,"Painkiller Herb":34,"Bag of Preparation":46,"Replay:Multitool":40,"Cursed Key":17,"hubris:EvacipatedBox":41,"Replay:Rubber Ducky":0,"Matryoshka":6,"Ring of Peace":11,"WingedGreaves":0,"hubris:FunFungus":43,"Ring of Panic":5,"hubris:GlazedTorus":0,"TheCursedMod:BlackMagicAdvanced":34,"Thread and Needle":0,"Frozen Egg 2":0,"MawBank":13,"Bloody Idol":27,"Orrery":0,"Bottled Lightning":54,"ReplayTheSpireMod:Ring of Challenge":20,"ReplayTheSpireMod:Onyx Gauntlets":17,"ReplayTheSpireMod:Lightbulb":54,"Toy Ornithopter":9,"Mark of the Bloom":49,"hubris:CrystalStatue":34,"TheCursedMod:Tack":54,"Vajra":0,"Lizard Tail":25,"HornCleat":0,"DollysMirror":28,"Strawberry":46,"Toxic Egg 2":0,"Happy Flower":53,"Ring of Hypnosis":5,"Oddly Smooth Stone":0,"Replay:Kaleidoscope":47,"Letter Opener":53,"War Paint":0,"Question Card":17,"Replay:Baseball":21,"Bottled Flame":9,"ReplayTheSpireMod:Shallot":9,"Shuriken":9,"Bronze Scales":27,"Simple Rune":23,"Molten Egg 2":21,"Black Star":34,"ReplayTheSpireMod:TigerMarble":39,"hubris:ToyBattleship":26,"Nloth\u0027s Gift":30,"Grinning Jar":11,"Meat on the Bone":15,"ReplayFunnel":21,"Darkstone Periapt":30,"TheCursedMod:BloodyHarpoon":54,"ReplayTheSpireMod:Ring of Exchange":5,"Replay:PocketPolymizer":0,"Snecko Heart":24,"Mango":0,"Incense Burner":0,"hubris:SlimyHat":28,"ClockworkSouvenir":22,"Frozen Eye":38,"SsserpentHead":5,"Replay:Bandana":7,"Mummified Hand":53,"Pantograph":22,"Gambling Chip":0,"Replay:Drink Me":17,"Gremlin Food":28,"hubris:DisguiseKit":14,"BargainBundle":0,"Replay:Towering Pillar of Hats":0,"Quantum Egg":0,"TheCursedMod:MagicCandle":0,"Orichalcum":0,"White Beast Statue":0,"Peace Pipe":12,"CaptainsWheel":19,"Anchor":10,"TheCursedMod:OminousMark":34,"ChewingGum":53,"Ring of Fury":2,"Snack Pack":54,"Coffee Dripper":17,"hubris:GrandSneckoEye":17,"PureWater":0,"TungstenRod":44,"hubris:Potato":0,"hubris:NiceRug":53},{"Replay:Accelerometer":327,"hubris:MysteriousPyramids":107,"Sling":221,"Ring of Searing":385,"Blood Vial":12,"Replay:Wanted Poster":75,"hubris:HerbalPaste":144,"hubris:AstralHammer":50,"Fusion Hammer":397,"HandDrill":84,"Replay:Bottled Flurry":524,"Necronomicon":666,"Replay:Bottled Steam":324,"TheCursedMod:BlackMagic101":0,"MerchantsRug":398,"Eternal Feather":11,"Pen Nib":13,"Bird Faced Urn":342,"ReplayTheSpireMod:Ring of Collecting":445,"Snecko Eye":632,"Unceasing Top":146,"hubris:Reverence":197,"Regal Pillow":309,"Torii":198,"GremlinMask":292,"King of Hearts":582,"hubris:EmptyBottle":25,"Ancient Tea Set":79,"Smiling Mask":661,"Pet Ghost":61,"Burning Blood":0,"hubris:Backtick":370,"Toolbox":1,"hubris:CuriousFeather":171,"Chemical X":25,"Replay:Bottled Eggs":348,"InkBottle":326,"Potion Belt":20,"Lee\u0027s Waffle":115,"Golden Idol":59,"hubris:64BitClover":129,"PreservedInsect":41,"Ring of Greed":279,"hubris:Towel":47,"Replay:Arrowhead":25,"hubris:Spice":25,"Ornamental Fan":171,"Ring of Misfortune":424,"Garlic":12,"Durian":175,"hubris:BottledRain":200,"Ice Cream":105,"Calipers":57,"Gremlin Horn":37,"Nilry\u0027s Codex":180,"hubris:VirtuousBlindfold":351,"hubris:TerracottaHorce":65,"Sozu":586,"Centennial Puzzle":30,"Honey Jar":0,"Philosopher\u0027s Stone":7,"Iron Hammer":57,"Girya":69,"hubris:Teleporter":33,"hubris:DuctTape":83,"ReplayTheSpireMod:CursedCoin":246,"Replay:Grab Bag":604,"Ring of Chaos":493,"WarpedTongs":87,"hubris:Zylophone":25,"OrangePellets":25,"hubris:PeanutButter":4,"Onion Ring":114,"Mirror":47,"Pocketwatch":416,"Juzu Bracelet":270,"Empty Cage":213,"Dream Catcher":3,"Nunchaku":169,"hubris:Icosahedron":60,"Chameleon Ring":366,"Red Mask":97,"Replay:Bottled Snecko":129,"hubris:MedicalManual":138,"Replay:WaspNest":415,"Odd Mushroom":448,"Medical Kit":277,"Mercury Hourglass":25,"Calling Bell":578,"Strange Spoon":86,"Cauldron":196,"Pondfish Scales":63,"HolyWater":530,"hubris:BundleOfHerbs":86,"Bag of Marbles":45,"Membership Card":25,"FossilizedHelix":29,"hubris:OldNail":57,"hubris:AncientText":665,"ReplayTheSpireMod:ShopPack":243,"TwistedFunnel":624,"Golden Egg":207,"Whetstone":20,"Ginger":86,"Bottled Tornado":583,"Boot":269,"Old Coin":279,"Replay:Ringing Soul":144,"TheCursedMod:CrystalBall":90,"hubris:DeckOfHolding":106,"MealTicket":233,"Kunai":70,"Replay:Wax Seal":25,"hubris:TinFlute":183,"Pear":85,"Counterbalance":25,"ReplayTheSpireMod:Ring of Addiction":457,"hubris:SphereOfDissonance":19,"Replay:Ancient Bell":343,"Paper Crane":656,"SlaversCollar":14,"Runic Dome":236,"hubris:TenFootPole":334,"Kintsugi":229,"Abe\u0027s Treasure":154,"Ring of the Serpent":612,"TheCursedMod:SoulVessel":52,"TheCursedMod:FourLeafCloverCharm":122,"Lantern":196,"Blue Doll":127,"StoneCalendar":169,"Painkiller Herb":671,"Bag of Preparation":21,"Replay:Multitool":48,"Cursed Key":35,"hubris:EvacipatedBox":465,"Replay:Rubber Ducky":25,"Matryoshka":419,"Ring of Peace":152,"WingedGreaves":115,"hubris:FunFungus":242,"Ring of Panic":279,"hubris:GlazedTorus":86,"TheCursedMod:BlackMagicAdvanced":431,"Thread and Needle":198,"Frozen Egg 2":198,"MawBank":94,"Bloody Idol":182,"Orrery":25,"Bottled Lightning":389,"ReplayTheSpireMod:Ring of Challenge":424,"ReplayTheSpireMod:Onyx Gauntlets":604,"ReplayTheSpireMod:Lightbulb":222,"Toy Ornithopter":251,"Mark of the Bloom":80,"hubris:CrystalStatue":73,"TheCursedMod:Tack":170,"Vajra":361,"Lizard Tail":126,"HornCleat":115,"DollysMirror":12,"Strawberry":166,"Toxic Egg 2":86,"Happy Flower":196,"Ring of Hypnosis":392,"Oddly Smooth Stone":25,"Replay:Kaleidoscope":141,"Letter Opener":275,"War Paint":25,"Question Card":578,"Replay:Baseball":9,"Bottled Flame":151,"ReplayTheSpireMod:Shallot":119,"Shuriken":30,"Bronze Scales":291,"Simple Rune":98,"Molten Egg 2":124,"Black Star":46,"ReplayTheSpireMod:TigerMarble":105,"hubris:ToyBattleship":232,"Nloth\u0027s Gift":491,"Grinning Jar":5,"Meat on the Bone":63,"ReplayFunnel":258,"Darkstone Periapt":264,"TheCursedMod:BloodyHarpoon":276,"ReplayTheSpireMod:Ring of Exchange":392,"Replay:PocketPolymizer":223,"Snecko Heart":401,"Mango":25,"Incense Burner":25,"hubris:SlimyHat":69,"ClockworkSouvenir":180,"Frozen Eye":134,"SsserpentHead":476,"Replay:Bandana":119,"Mummified Hand":220,"Pantograph":97,"Gambling Chip":146,"Replay:Drink Me":604,"Gremlin Food":43,"hubris:DisguiseKit":94,"BargainBundle":361,"Replay:Towering Pillar of Hats":115,"Quantum Egg":223,"TheCursedMod:MagicCandle":25,"Orichalcum":334,"White Beast Statue":25,"Peace Pipe":62,"CaptainsWheel":123,"Anchor":176,"TheCursedMod:OminousMark":161,"ChewingGum":415,"Ring of Fury":445,"Snack Pack":24,"Coffee Dripper":95,"hubris:GrandSneckoEye":315,"PureWater":0,"TungstenRod":243,"hubris:Potato":511,"hubris:NiceRug":55},{"Replay:Accelerometer":1603,"hubris:MysteriousPyramids":566,"Sling":1169,"Ring of Searing":1948,"Blood Vial":62,"Replay:Wanted Poster":406,"hubris:HerbalPaste":727,"hubris:AstralHammer":280,"Fusion Hammer":2023,"HandDrill":443,"Replay:Bottled Flurry":2655,"Necronomicon":3226,"Replay:Bottled Steam":1591,"TheCursedMod:BlackMagic101":0,"MerchantsRug":2026,"Eternal Feather":58,"Pen Nib":66,"Bird Faced Urn":1675,"ReplayTheSpireMod:Ring of Collecting":2215,"Snecko Eye":3087,"Unceasing Top":738,"hubris:Reverence":1023,"Regal Pillow":1511,"Torii":1030,"GremlinMask":1440,"King of Hearts":2896,"hubris:EmptyBottle":130,"Ancient Tea Set":424,"Smiling Mask":3200,"Pet Ghost":338,"Burning Blood":0,"hubris:Backtick":1866,"Toolbox":3,"hubris:CuriousFeather":879,"Chemical X":130,"Replay:Bottled Eggs":1710,"InkBottle":1600,"Potion Belt":102,"Lee\u0027s Waffle":616,"Golden Idol":330,"hubris:64BitClover":664,"PreservedInsect":213,"Ring of Greed":1396,"hubris:Towel":252,"Replay:Arrowhead":130,"hubris:Spice":130,"Ornamental Fan":879,"Ring of Misfortune":2139,"Garlic":62,"Durian":896,"hubris:BottledRain":1037,"Ice Cream":557,"Calipers":327,"Gremlin Horn":188,"Nilry\u0027s Codex":930,"hubris:VirtuousBlindfold":1732,"hubris:TerracottaHorce":357,"Sozu":2918,"Centennial Puzzle":151,"Honey Jar":0,"Philosopher\u0027s Stone":32,"Iron Hammer":327,"Girya":378,"hubris:Teleporter":163,"hubris:DuctTape":439,"ReplayTheSpireMod:CursedCoin":1253,"Replay:Grab Bag":3003,"Ring of Chaos":2483,"WarpedTongs":459,"hubris:Zylophone":130,"OrangePellets":130,"hubris:PeanutButter":14,"Onion Ring":607,"Mirror":252,"Pocketwatch":2099,"Juzu Bracelet":1356,"Empty Cage":1127,"Dream Catcher":13,"Nunchaku":853,"hubris:Icosahedron":331,"Chameleon Ring":1834,"Red Mask":507,"Replay:Bottled Snecko":664,"hubris:MedicalManual":700,"Replay:WaspNest":2096,"Odd Mushroom":2235,"Medical Kit":1392,"Mercury Hourglass":130,"Calling Bell":2875,"Strange Spoon":455,"Cauldron":1017,"Pondfish Scales":347,"HolyWater":2678,"hubris:BundleOfHerbs":455,"Bag of Marbles":237,"Membership Card":130,"FossilizedHelix":143,"hubris:OldNail":327,"hubris:AncientText":3219,"ReplayTheSpireMod:ShopPack":1239,"TwistedFunnel":3066,"Golden Egg":1076,"Whetstone":102,"Ginger":455,"Bottled Tornado":2903,"Boot":1351,"Old Coin":1396,"Replay:Ringing Soul":727,"TheCursedMod:CrystalBall":470,"hubris:DeckOfHolding":562,"MealTicket":1209,"Kunai":384,"Replay:Wax Seal":130,"hubris:TinFlute":946,"Pear":448,"Counterbalance":130,"ReplayTheSpireMod:Ring of Addiction":2275,"hubris:SphereOfDissonance":95,"Replay:Ancient Bell":1685,"Paper Crane":3180,"SlaversCollar":79,"Runic Dome":1218,"hubris:TenFootPole":1640,"Kintsugi":1197,"Abe\u0027s Treasure":773,"Ring of the Serpent":3023,"TheCursedMod:SoulVessel":289,"TheCursedMod:FourLeafCloverCharm":637,"Lantern":1017,"Blue Doll":659,"StoneCalendar":853,"Painkiller Herb":3262,"Bag of Preparation":107,"Replay:Multitool":266,"Cursed Key":180,"hubris:EvacipatedBox":2310,"Replay:Rubber Ducky":130,"Matryoshka":2113,"Ring of Peace":758,"WingedGreaves":616,"hubris:FunFungus":1235,"Ring of Panic":1396,"hubris:GlazedTorus":455,"TheCursedMod:BlackMagicAdvanced":2162,"Thread and Needle":1030,"Frozen Egg 2":1030,"MawBank":487,"Bloody Idol":943,"Orrery":130,"Bottled Lightning":1968,"ReplayTheSpireMod:Ring of Challenge":2139,"ReplayTheSpireMod:Onyx Gauntlets":3003,"ReplayTheSpireMod:Lightbulb":1173,"Toy Ornithopter":1275,"Mark of the Bloom":427,"hubris:CrystalStatue":397,"TheCursedMod:Tack":863,"Vajra":1798,"Lizard Tail":654,"HornCleat":616,"DollysMirror":62,"Strawberry":832,"Toxic Egg 2":455,"Happy Flower":1017,"Ring of Hypnosis":1982,"Oddly Smooth Stone":130,"Replay:Kaleidoscope":712,"Letter Opener":1379,"War Paint":130,"Question Card":2875,"Replay:Baseball":45,"Bottled Flame":753,"ReplayTheSpireMod:Shallot":625,"Shuriken":151,"Bronze Scales":1437,"Simple Rune":510,"Molten Egg 2":644,"Black Star":245,"ReplayTheSpireMod:TigerMarble":557,"hubris:ToyBattleship":1206,"Nloth\u0027s Gift":2466,"Grinning Jar":21,"Meat on the Bone":347,"ReplayFunnel":1308,"Darkstone Periapt":1332,"TheCursedMod:BloodyHarpoon":1384,"ReplayTheSpireMod:Ring of Exchange":1982,"Replay:PocketPolymizer":1179,"Snecko Heart":2037,"Mango":130,"Incense Burner":130,"hubris:SlimyHat":378,"ClockworkSouvenir":930,"Frozen Eye":679,"SsserpentHead":2367,"Replay:Bandana":625,"Mummified Hand":1161,"Pantograph":507,"Gambling Chip":738,"Replay:Drink Me":3003,"Gremlin Food":227,"hubris:DisguiseKit":487,"BargainBundle":1798,"Replay:Towering Pillar of Hats":616,"Quantum Egg":1179,"TheCursedMod:MagicCandle":130,"Orichalcum":1640,"White Beast Statue":130,"Peace Pipe":342,"CaptainsWheel":643,"Anchor":902,"TheCursedMod:OminousMark":811,"ChewingGum":2096,"Ring of Fury":2215,"Snack Pack":121,"Coffee Dripper":498,"hubris:GrandSneckoEye":1546,"PureWater":0,"TungstenRod":1239,"hubris:Potato":2618,"hubris:NiceRug":311}],"InkBottle":[61],"Toy Ornithopter":5,"Ring of the Snake":[120]},"card_choices":[{"not_picked":["Escape Plan+1","Quick Slash"],"picked":"Blur+1","floor":1},{"not_picked":["Acrobatics+1","Bane"],"picked":"Escape Plan+1","floor":2},{"not_picked":["Backstab","Deflect+1"],"picked":"Deadly Poison+1","floor":4},{"not_picked":["Underhanded Strike","Dagger Spray"],"picked":"Dodge and Roll+1","floor":7},{"not_picked":["Flying Knee","Quick Slash","Slice"],"picked":"Blade Dance+1","floor":10},{"not_picked":["Sucker Punch","Dash","Crippling Poison+1","Eviscerate"],"picked":"SKIP","floor":12},{"not_picked":["Dodge and Roll+1","Flying Knee","Backstab","Crippling Poison+1"],"picked":"SKIP","floor":13},{"not_picked":["Bane","Deadly Poison+1","Deflect+1"],"picked":"Malaise+1","floor":14},{"not_picked":["After Image","A Thousand Cuts","Adrenaline+1"],"picked":"Night Terror+1","floor":16},{"not_picked":["hubris:Wrath","Amnesia","hubris:Sloth"],"picked":"Parasite","floor":17},{"not_picked":["Looming Evil","hubris:Lust","Shame"],"picked":"Decay","floor":17},{"not_picked":["Hallucinations","Overencumbered","Spreading Infection"],"picked":"ReplayTheSpireMod:Splinters","floor":17},{"not_picked":["Flechettes","hubris:Sniper+1","Poisoned Stab+1"],"picked":"Burst+1","floor":18},{"not_picked":["Poisoned Stab+1","Skewer","Crippling Poison+1"],"picked":"Hidden Blade+1","floor":22},{"not_picked":["Quick Slash","Masterful Stab","Dodge and Roll+1"],"picked":"Cloak And Dagger+1","floor":25},{"not_picked":["Masterful Stab+1","Die Die Die","Sucker Punch","Dodge and Roll+1"],"picked":"SKIP","floor":29},{"not_picked":["Poisoned Stab","Backflip+1","Crippling Poison+1"],"picked":"Blade Dance+1","floor":31},{"not_picked":["ReplayTheSpireMod:From All Sides","Bullet Time+1","Die Die Die"],"picked":"Corpse Explosion+1","floor":33},{"not_picked":["Poisoned Stab","Prepared+1","Dodge and Roll+1"],"picked":"Backflip+1","floor":35},{"not_picked":["Unload","Masterful Stab","Poisoned Stab","Quick Slash"],"picked":"SKIP","floor":37},{"not_picked":["Caltrops+1","PiercingWail+1","Accuracy"],"picked":"Bouncing Flask+1","floor":38},{"not_picked":["Underhanded Strike+1","Masterful Stab+1","Dodge and Roll+1"],"picked":"Acrobatics+1","floor":39},{"not_picked":["Underhanded Strike+1","Draining Mist+1","Skewer","PiercingWail+1"],"picked":"SKIP","floor":41},{"not_picked":["ReplayTheSpireMod:Scrap Shanks+1","Flying Knee","hubris:SlightOfHand+1"],"picked":"Hidden Blade+1","floor":42},{"not_picked":["hubris:SlightOfHand+1","Accuracy","Deflect+1"],"picked":"Bouncing Flask+1","floor":44},{"not_picked":["PiercingWail+1","Dagger Throw+1","Skewer+1"],"picked":"Sneak Up+1","floor":46},{"not_picked":["Slice","Backflip+1","Outmaneuver+1"],"picked":"Prepared+1","floor":47},{"not_picked":["Flying Knee+1","Tactician+1","Cloak And Dagger+1"],"picked":"Choke+1","floor":48},{"not_picked":["Dagger Spray+1","Outmaneuver+1","Crippling Poison+1"],"picked":"Bouncing Flask+1","floor":54}],"player_experience":286713,"relics_obtained":[{"floor":7,"key":"Question Card"},{"floor":9,"key":"Replay:Bottled Snecko"},{"floor":10,"key":"Smiling Mask"},{"floor":19,"key":"Necronomicon"},{"floor":25,"key":"InkBottle"},{"floor":41,"key":"Bronze Scales"},{"floor":43,"key":"Lantern"},{"floor":44,"key":"Grinning Jar"},{"floor":47,"key":"Toy Ornithopter"},{"floor":54,"key":"hubris:PeanutButter"}],"event_choices":[{"damage_healed":0,"gold_gain":0,"player_choice":"Got Potions","damage_taken":0,"max_hp_gain":0,"max_hp_loss":0,"event_name":"Lab","floor":3,"gold_loss":0},{"damage_healed":0,"gold_gain":0,"player_choice":"1 cards matched","damage_taken":0,"max_hp_gain":0,"max_hp_loss":0,"event_name":"Match and Keep!","floor":11,"gold_loss":0,"cards_obtained":["Malaise"]},{"damage_healed":0,"gold_gain":0,"player_choice":"Obtained Book","damage_taken":16,"max_hp_gain":0,"max_hp_loss":0,"event_name":"Cursed Tome","floor":19,"gold_loss":0},{"damage_healed":0,"gold_gain":0,"cards_transformed":["Strike_G","Strike_G"],"player_choice":"Became Test Subject","damage_taken":0,"max_hp_gain":0,"max_hp_loss":0,"event_name":"Drug Dealer","floor":20,"gold_loss":0,"cards_obtained":["Heel Hook","Riddle With Holes"]},{"damage_healed":0,"gold_gain":0,"player_choice":"Simplicity","damage_taken":0,"max_hp_gain":0,"max_hp_loss":0,"event_name":"Back to Basics","floor":21,"gold_loss":0,"cards_upgraded":["Strike_G","Strike_G","Defend_G","Defend_G","Defend_G","Defend_G","Defend_G"]},{"damage_healed":0,"gold_gain":0,"player_choice":"Bought 3 Potions","damage_taken":0,"max_hp_gain":0,"max_hp_loss":0,"event_name":"The Woman in Blue","floor":45,"gold_loss":0}],"is_beta":false,"boss_relics":[{"not_picked":["hubris:HollowSoul","hubris:BlackHole"],"picked":"Replay:Ancient Bell"},{"not_picked":["Strawberry","Vajra"],"picked":"hubris:AncientText"},{"not_picked":["White Beast Statue","Matryoshka"],"picked":"Iron Hammer"},{"not_picked":["WingedGreaves","Replay:Kaleidoscope"],"picked":"Calipers"},{"not_picked":["hubris:Stopwatch","Replay:Bronze Core"],"picked":"Painkiller Herb"}],"items_purged_floors":[5,24,27],"is_endless":false,"potions_floor_spawned":[2,7,10,14,29,31,37,39,46,48],"killed_by":"The Heart","ascension_level":2}}