{"host":"zhec3g4cvsmevugl","time":1611470630,"event":{"mods":["BaseMod","BetterRewards","Minty Spire (QoL Compilation)","Relic Stats","Slay-I","StSLib"],"gold_per_floor":[114,289,289,304,6,6,36,36,111,126,141,156,171,186,186,286,286,301,316,331,346,361,391,406,406,406,406,32,32,32,47,47,147,147,162,12,27,42,57,57,19,19,19,19,65,80,110,160,160,160],"floor_reached":51,"language":"ENG","playtime":2043,"items_purged":[],"score":778,"play_id":"42e7ff1a-0f3d-4cae-b146-362c054e245c","local_time":"20210124144350","daily_mods":["Draft","Colorless Cards","Terminal"],"is_ascension_mode":false,"campfire_choices":[{"data":"PanicButton","floor":6,"key":"SMITH"},{"data":"Mind Blast","floor":8,"key":"SMITH"},{"data":"Mind Blast","floor":15,"key":"SMITH"},{"floor":27,"key":"REST"},{"data":"Mind Blast","floor":29,"key":"SMITH"},{"data":"Dramatic Entrance","floor":32,"key":"SMITH"},{"data":"Magnetism","floor":40,"key":"SMITH"},{"data":"Dramatic Entrance","floor":44,"key":"SMITH"},{"data":"Noxious Fumes","floor":49,"key":"SMITH"}],"circlet_count":0,"master_deck":["Slice","Quick Slash","PanicButton+1","Flying Knee","Endless Agony","PiercingWail","Dagger Spray","PiercingWail","Quick Slash","Mind Blast+1","Poisoned Stab","Flying Knee","Dodge and Roll","Mind Blast+1","Caltrops","Poisoned Stab","Doubt","Sucker Punch","Dodge and Roll+1","Crippling Poison+1","Deadly Poison+1","Madness+1","Catalyst+1","Secret Technique+1","Adrenaline+1","Bouncing Flask+1","Sucker Punch","Deadly Poison+1","Poisoned Stab+1","Mind Blast+1","Dramatic Entrance+1","Footwork","Apotheosis+1","Backflip+1","Backflip+1","Magnetism+1","Dramatic Entrance+1","Deadly Poison+1","Metamorphosis+1","Noxious Fumes+1","Flash of Steel","Doubt","Acrobatics+1","Master of Strategy+1","Mind Blast+1"],"relics":["Ring of the Snake","Membership Card","Toxic Egg 2","Bottled Flame","Mercury Hourglass","Philosopher\u0027s Stone","Oddly Smooth Stone","Bag of Marbles","Darkstone Periapt","Turnip","Pear","NlothsMask","Cursed Key","TwistedFunnel","Happy Flower","Torii","Boot","TungstenRod"],"acts_visited":["Exordium","TheCity","TheBeyond"],"potions_floor_usage":[33,33,50,50,50],"damage_taken":[{"damage":0.0,"enemies":"Small Slimes","floor":1.0,"turns":2.0},{"damage":0.0,"enemies":"2 Louse","floor":4.0,"turns":3.0},{"damage":6,"enemies":"Lagavulin","floor":7,"turns":5},{"damage":0,"enemies":"Jaw Worm","floor":10,"turns":2},{"damage":0,"enemies":"Lots of Slimes","floor":11,"turns":1},{"damage":0,"enemies":"Gremlin Gang","floor":12,"turns":3},{"damage":0,"enemies":"2 Fungi Beasts","floor":13,"turns":3},{"damage":1,"enemies":"Blue Slaver","floor":14,"turns":2},{"damage":20,"enemies":"The Guardian","floor":16,"turns":6},{"damage":0,"enemies":"3 Byrds","floor":18,"turns":3},{"damage":0,"enemies":"Spheric Guardian","floor":19,"turns":1},{"damage":13,"enemies":"Centurion and Healer","floor":20,"turns":3},{"damage":0,"enemies":"Snake Plant","floor":21,"turns":1},{"damage":0,"enemies":"3 Cultists","floor":22,"turns":3},{"damage":10,"enemies":"Book of Stabbing","floor":23,"turns":4},{"damage":0,"enemies":"Snecko","floor":24,"turns":2},{"damage":0,"enemies":"Shelled Parasite and Fungi","floor":31,"turns":1},{"damage":3,"enemies":"Collector","floor":33,"turns":4},{"damage":6,"enemies":"3 Shapes","floor":35,"turns":1},{"damage":0,"enemies":"3 Darklings","floor":37,"turns":1},{"damage":0,"enemies":"Writhing Mass","floor":38,"turns":2},{"damage":9,"enemies":"4 Shapes","floor":39,"turns":1},{"damage":0,"enemies":"2 Orb Walkers","floor":45,"turns":1},{"damage":0,"enemies":"Transient","floor":46,"turns":5},{"damage":0,"enemies":"Reptomancer","floor":47,"turns":1},{"damage":0,"enemies":"Mind Bloom Boss Battle","floor":48,"turns":3},{"damage":22,"enemies":"Awakened One","floor":50,"turns":9}],"seed_played":"-992185634128019100","potions_obtained":[{"floor":4.0,"key":"GamblersBrew"},{"floor":7,"key":"LiquidMemories"},{"floor":14,"key":"Swift Potion"},{"floor":16,"key":"Energy Potion"},{"floor":19,"key":"Explosive Potion"},{"floor":22,"key":"PowerPotion"},{"floor":23,"key":"PowerPotion"},{"floor":33,"key":"Fire Potion"},{"floor":37,"key":"CunningPotion"}],"is_trial":false,"path_per_floor":["M","?","?","M","$","R","E","R","T","M","M","M","M","M","R","B",null,"M","M","M","M","M","E","M","?","T","R","$","R","?","M","R","B",null,"M","$","M","M","M","R","$","?","T","R","?","M","E","?","R","B",null],"character_chosen":"THE_SILENT","items_purchased":["Membership Card","Toxic Egg 2","Dodge and Roll+1","Apotheosis+1","Backflip+1","Turnip","Pear","TwistedFunnel","Happy Flower","Noxious Fumes"],"campfire_rested":1,"item_purchase_floors":[5,5,5,28,28,28,28,36,36,41],"current_hp_per_floor":[68,67,66,65,64,63,57,57,57,57,57,57,56,55,54,34,52,51,50,37,37,37,27,27,27,27,39,49,49,49,48,47,44,45,39,39,39,39,30,30,30,30,36,36,36,36,36,36,36,14],"gold":160,"neow_bonus":"","is_daily":true,"chose_seed":false,"campfire_upgraded":8,"win_rate":0.0,"timestamp":1611470630,"path_taken":["M","?","?","M","?","R","E","R","T","M","M","M","M","M","R","BOSS","M","M","?","M","?","E","M","?","T","R","$","R","?","M","R","BOSS","M","$","?","M","M","R","$","?","T","R","?","M","E","?","R","BOSS"],"items_purchased_type":["Relic","Relic","Card","Card","Card","Relic","Relic","Relic","Relic","Card"],"build_version":"2020-12-22","purchased_purges":0,"victory":true,"max_hp_per_floor":[68,67,66,65,64,63,62,61,60,59,58,57,56,55,54,53,52,51,50,49,48,47,46,45,44,43,42,51,50,49,48,47,46,45,44,43,42,41,40,39,38,37,42,41,40,39,38,37,36,35],"relic_stats":{"Darkstone Periapt":6,"Happy Flower":[7],"Torii":1,"counters":[27,72],"Turnip":[0],"Cursed Key":1,"Boot":[3],"obtain_stats":[{"Darkstone Periapt":26,"TwistedFunnel":36,"Pear":28,"Happy Flower":36,"Torii":45,"Oddly Smooth Stone":23,"Cursed Key":34,"Boot":47,"Mercury Hourglass":9,"Bottled Flame":7,"Philosopher\u0027s Stone":17,"Turnip":28,"Bag of Marbles":25,"Membership Card":5,"Toxic Egg 2":5,"TungstenRod":48,"Ring of the Snake":0,"NlothsMask":30},{"Darkstone Periapt":16,"TwistedFunnel":19,"Pear":16,"Happy Flower":19,"Torii":23,"Oddly Smooth Stone":15,"Cursed Key":18,"Boot":25,"Mercury Hourglass":3,"Bottled Flame":3,"Philosopher\u0027s Stone":9,"Turnip":16,"Bag of Marbles":16,"Membership Card":2,"Toxic Egg 2":2,"TungstenRod":26,"Ring of the Snake":0,"NlothsMask":16},{"Darkstone Periapt":44,"TwistedFunnel":50,"Pear":44,"Happy Flower":50,"Torii":54,"Oddly Smooth Stone":42,"Cursed Key":49,"Boot":60,"Mercury Hourglass":10,"Bottled Flame":10,"Philosopher\u0027s Stone":27,"Turnip":44,"Bag of Marbles":44,"Membership Card":5,"Toxic Egg 2":5,"TungstenRod":63,"Ring of the Snake":0,"NlothsMask":44}],"TungstenRod":3,"Ring of the Snake":[56],"Mercury Hourglass":[287]},"card_choices":[{"not_picked":["Backflip","Acrobatics"],"picked":"Slice","floor":0.0},{"not_picked":["Prepared","Cloak And Dagger"],"picked":"Quick Slash","floor":0.0},{"not_picked":["Enlightenment","Underhanded Strike"],"picked":"PanicButton","floor":0.0},{"not_picked":["Trip","Impatience"],"picked":"Flying Knee","floor":0.0},{"not_picked":["Finesse","Catalyst"],"picked":"Endless Agony","floor":0.0},{"not_picked":["Finisher","Acrobatics"],"picked":"PiercingWail","floor":0.0},{"not_picked":["PiercingWail","Bane"],"picked":"Dagger Spray","floor":0.0},{"not_picked":["Prepared","Deadly Poison"],"picked":"PiercingWail","floor":0.0},{"not_picked":["Cloak And Dagger","Expertise"],"picked":"Quick Slash","floor":0.0},{"not_picked":["Cloak And Dagger","Quick Slash"],"picked":"Mind Blast","floor":0.0},{"not_picked":["Deadly Poison","Backflip"],"picked":"Poisoned Stab","floor":0.0},{"not_picked":["Dodge and Roll","Cloak And Dagger"],"picked":"Flying Knee","floor":0.0},{"not_picked":["Underhanded Strike","Acrobatics"],"picked":"Dodge and Roll","floor":0.0},{"not_picked":["Predator","Escape Plan"],"picked":"Mind Blast","floor":0.0},{"not_picked":["Cloak And Dagger","Flying Knee"],"picked":"Caltrops","floor":0.0},{"not_picked":["Bane","Dark Shackles"],"picked":"Poisoned Stab","floor":1.0},{"not_picked":["Outmaneuver","Bandage Up"],"picked":"Sucker Punch","floor":4.0},{"not_picked":["Sucker Punch","Bandage Up+1"],"picked":"Crippling Poison+1","floor":7},{"not_picked":["Underhanded Strike","Acrobatics+1"],"picked":"Deadly Poison+1","floor":10},{"not_picked":["Prepared+1","Panacea+1"],"picked":"Madness+1","floor":11},{"not_picked":["Deep Breath+1","Outmaneuver+1"],"picked":"Catalyst+1","floor":12},{"not_picked":["Poisoned Stab","Crippling Poison+1"],"picked":"Secret Technique+1","floor":13},{"not_picked":["Poisoned Stab","Quick Slash","PiercingWail+1"],"picked":"SKIP","floor":14},{"not_picked":["After Image","Master of Strategy+1"],"picked":"Adrenaline+1","floor":16},{"not_picked":["Deflect+1","Escape Plan+1"],"picked":"Bouncing Flask+1","floor":18},{"not_picked":["Quick Slash+1","Distraction+1"],"picked":"Sucker Punch","floor":19},{"not_picked":["Deflect+1","Skewer"],"picked":"Deadly Poison+1","floor":20},{"not_picked":["Dagger Spray","Sucker Punch+1"],"picked":"Poisoned Stab+1","floor":21},{"not_picked":["Eviscerate+1","Expertise+1"],"picked":"Mind Blast","floor":22},{"not_picked":["Tactician+1","Outmaneuver+1"],"picked":"Dramatic Entrance","floor":23},{"not_picked":["Thinking Ahead+1","Endless Agony"],"picked":"Footwork","floor":24},{"not_picked":["Poisoned Stab","Outmaneuver+1"],"picked":"Backflip+1","floor":31},{"not_picked":["Mayhem","Storm of Steel+1"],"picked":"Magnetism","floor":33},{"not_picked":["Caltrops","Underhanded Strike"],"picked":"Dramatic Entrance","floor":35},{"not_picked":["Quick Slash+1","Dodge and Roll+1"],"picked":"Deadly Poison+1","floor":37},{"not_picked":["Flying Knee+1","Skewer+1","Sucker Punch"],"picked":"SKIP","floor":38},{"not_picked":["Reflex+1","Bandage Up+1"],"picked":"Metamorphosis+1","floor":39},{"not_picked":["Trip+1","Dark Shackles+1"],"picked":"Flash of Steel","floor":42},{"not_picked":["Poisoned Stab+1","Cloak And Dagger+1"],"picked":"Acrobatics+1","floor":45},{"not_picked":["Prepared+1","Expertise+1","Slice"],"picked":"SKIP","floor":46},{"not_picked":["Cloak And Dagger+1","Dagger Spray+1"],"picked":"Master of Strategy+1","floor":47},{"not_picked":["Dagger Spray+1","Madness+1"],"picked":"Mind Blast+1","floor":48}],"player_experience":222161,"relics_obtained":[{"floor":7,"key":"Bottled Flame"},{"floor":9,"key":"Mercury Hourglass"},{"floor":23,"key":"Oddly Smooth Stone"},{"floor":26,"key":"Darkstone Periapt"},{"floor":45,"key":"Torii"},{"floor":47,"key":"Boot"},{"floor":48,"key":"TungstenRod"}],"event_choices":[{"damage_healed":0.0,"max_hp_gain":0.0,"max_hp_loss":0.0,"gold_gain":175.0,"event_name":"Liars Game","player_choice":"AGREE","floor":2.0,"gold_loss":0.0,"damage_taken":0.0,"cards_obtained":["Doubt"]},{"damage_healed":0.0,"max_hp_gain":0.0,"max_hp_loss":0.0,"gold_gain":0.0,"event_name":"The Cleric","player_choice":"Leave","floor":3.0,"gold_loss":0.0,"damage_taken":0.0},{"damage_healed":0,"gold_gain":0,"player_choice":"Opened","damage_taken":0,"relics_obtained":["Bag of Marbles"],"max_hp_gain":0,"max_hp_loss":0,"event_name":"The Mausoleum","floor":25,"gold_loss":0},{"damage_healed":0,"gold_gain":0,"player_choice":"Trade","damage_taken":0,"relics_obtained":["NlothsMask"],"max_hp_gain":0,"max_hp_loss":0,"event_name":"FaceTrader","floor":30,"gold_loss":0},{"damage_healed":0,"gold_gain":0,"player_choice":"Memory 1","damage_taken":0,"max_hp_gain":0,"max_hp_loss":0,"event_name":"SensoryStone","floor":42,"gold_loss":0},{"damage_healed":0,"gold_gain":0,"player_choice":"Fight","damage_taken":0,"max_hp_gain":0,"max_hp_loss":0,"event_name":"Mysterious Sphere","floor":45,"gold_loss":0},{"damage_healed":0,"gold_gain":0,"player_choice":"Fight","damage_taken":0,"max_hp_gain":0,"max_hp_loss":0,"event_name":"MindBloom","floor":48,"gold_loss":0}],"is_beta":false,"boss_relics":[{"not_picked":["Ring of the Serpent","Tiny House"],"picked":"Philosopher\u0027s Stone"},{"not_picked":["WristBlade","Busted Crown"],"picked":"Cursed Key"}],"items_purged_floors":[],"is_endless":false,"potions_floor_spawned":[4,7,14,16,19,22,23,33,37,38,47],"ascension_level":0}}