{"host":"srk2drlvga69hbot","time":1611525090,"event":{"mods":["BaseMod","Bestiary","Block Reminder","Colored Map","Colored Powertips","Dark Map","DeckTracker","Highlight Path","Minty Spire (QoL Compilation)","Quick Restart","Rare Cards Sparkle","Relic Stats","SuperFastMode","Unceasing Turn Reminder"],"gold_per_floor":[119,119,44,54,54,54,88,108,108,142,142,142,142,156,156,156,156],"floor_reached":16,"language":"ZHS","playtime":434,"items_purged":["Strike_G"],"score":180,"play_id":"515bf1a1-aa55-460f-abf6-6bba2127cc70","local_time":"20210125055130","is_ascension_mode":true,"campfire_choices":[{"data":"Catalyst","floor":6,"key":"SMITH"},{"floor":15,"key":"REST"}],"circlet_count":0,"master_deck":["Strike_G","Strike_G","Strike_G","Defend_G","Defend_G","Defend_G","Defend_G","Survivor","Neutralize","Underhanded Strike","Catalyst+1","Acrobatics","Expertise","After Image","Acrobatics"],"relics":["Ring of the Snake","NeowsBlessing","Tough Bandages","Du-Vu Doll","Kunai","Thread and Needle","Golden Idol"],"acts_visited":["Exordium"],"potions_floor_usage":[10],"damage_taken":[{"damage":0,"enemies":"Jaw Worm","floor":1,"turns":1},{"damage":0,"enemies":"Cultist","floor":4,"turns":1},{"damage":0,"enemies":"Lagavulin","floor":7,"turns":1},{"damage":0,"enemies":"2 Louse","floor":8,"turns":3},{"damage":42,"enemies":"Gremlin Nob","floor":10,"turns":5},{"damage":6,"enemies":"Lots of Slimes","floor":14,"turns":12},{"damage":31,"enemies":"The Guardian","floor":16,"turns":6}],"seed_played":"-8185790338683367073","potions_obtained":[{"floor":4,"key":"BlessingOfTheForge"}],"is_trial":false,"path_per_floor":["M","?","$","M","?","R","E","M","T","E","?","?","?","M","R","B"],"character_chosen":"THE_SILENT","items_purchased":[],"campfire_rested":1,"item_purchase_floors":[],"current_hp_per_floor":[63,63,63,63,63,63,63,63,63,21,18,18,18,12,31,0,0],"gold":156,"neow_bonus":"THREE_ENEMY_KILL","is_daily":false,"chose_seed":false,"campfire_upgraded":1,"win_rate":0.0,"timestamp":1611525090,"path_taken":["M","?","$","?","?","R","E","?","T","E","?","?","?","M","R","BOSS"],"items_purchased_type":[],"build_version":"2020-12-22","purchased_purges":1,"victory":false,"max_hp_per_floor":[70,70,70,70,70,70,70,70,70,70,70,65,65,65,65,65,65],"relic_stats":{"Tough Bandages":[30],"counters":[7,29],"Golden Idol":3,"Kunai":[4],"obtain_stats":[{"Du-Vu Doll":9,"Tough Bandages":7,"NeowsBlessing":0,"Golden Idol":12,"Thread and Needle":11,"Kunai":10,"Ring of the Snake":0},{"Du-Vu Doll":4,"Tough Bandages":3,"NeowsBlessing":0,"Golden Idol":5,"Thread and Needle":5,"Kunai":5,"Ring of the Snake":0},{"Du-Vu Doll":6,"Tough Bandages":3,"NeowsBlessing":0,"Golden Idol":11,"Thread and Needle":11,"Kunai":11,"Ring of the Snake":0}],"Ring of the Snake":[14]},"card_choices":[{"not_picked":["Backflip","Deadly Poison"],"picked":"Underhanded Strike","floor":1},{"not_picked":["Blade Dance","Cloak And Dagger"],"picked":"Catalyst","floor":4},{"not_picked":["Backflip","PiercingWail"],"picked":"Acrobatics","floor":7},{"not_picked":["All Out Attack","Flying Knee"],"picked":"Expertise","floor":8},{"not_picked":["Phantasmal Killer","Setup"],"picked":"After Image","floor":10},{"not_picked":["Flying Knee","Slice"],"picked":"Acrobatics","floor":14}],"player_experience":233953,"relics_obtained":[{"floor":7,"key":"Tough Bandages"},{"floor":9,"key":"Du-Vu Doll"},{"floor":10,"key":"Kunai"}],"event_choices":[{"cards_removed":["Strike_G"],"damage_healed":0,"gold_gain":0,"player_choice":"Offered Basic","damage_taken":0,"max_hp_gain":0,"max_hp_loss":0,"event_name":"Bonfire Elementals","floor":2,"gold_loss":0},{"cards_removed":["Defend_G"],"damage_healed":0,"gold_gain":0,"player_choice":"Purged","damage_taken":0,"max_hp_gain":0,"max_hp_loss":0,"event_name":"Purifier","floor":5,"gold_loss":0},{"damage_healed":0,"gold_gain":0,"player_choice":"Success","damage_taken":3,"relics_obtained":["Thread and Needle"],"max_hp_gain":0,"max_hp_loss":0,"event_name":"Scrap Ooze","floor":11,"gold_loss":0},{"damage_healed":0,"gold_gain":0,"player_choice":"Lose Max HP","damage_taken":0,"relics_obtained":["Golden Idol"],"max_hp_gain":0,"max_hp_loss":5,"event_name":"Golden Idol","floor":12,"gold_loss":0},{"damage_healed":0,"gold_gain":0,"player_choice":"Ignored","damage_taken":0,"max_hp_gain":0,"max_hp_loss":0,"event_name":"Shining Light","floor":13,"gold_loss":0}],"is_beta":false,"boss_relics":[],"items_purged_floors":[3],"is_endless":false,"potions_floor_spawned":[4],"killed_by":"The Guardian","ascension_level":7}}