{"host":"7z9izfsmsy4azoxx","time":1611498786,"event":{"mods":["AchievementEnabler","BaseMod","Colored Map","Custom Start","Hermit","Minty Spire (QoL Compilation)","Replay The Spire","StSLib","SuperFastMode"],"gold_per_floor":[5465582,5465596,5465609,5465623,5464744,5464776,5464776,5463633,5463656,5463656,5463682,5463682,5462955,5462986,5462986,5463082,5463082,5463110,5462096,5462137,5462137,5462164,5462190,5462190],"floor_reached":23,"language":"KOR","playtime":511,"items_purged":["Strike_R","Strike_R","Strike_R","Strike_R"],"score":507,"play_id":"a6fb0355-c37e-4229-a89c-6dc2804ee26b","local_time":"20210124233306","is_ascension_mode":true,"campfire_choices":[{"data":"Rupture","floor":7.0,"key":"SMITH"},{"floor":12.0,"key":"DIG"},{"floor":15.0,"key":"DIG"}],"circlet_count":0,"master_deck":["AscendersBane","Defend_R","Defend_R","Defend_R","Defend_R","Bash","Cleave","Wild Strike","Flame Barrier","Blood for Blood","Shrug It Off","Dropkick","Trip","Evolve+1","Sword Boomerang","Inflame","Whirlwind"],"relics":["Burning Blood","Sling","Lantern","Onion Ring","Calipers","ClockworkSouvenir","Shovel","Replay:Bandana","Omamori","Bag of Preparation","Replay:Towering Pillar of Hats","BargainBundle","Replay:Multitool","SlaversCollar","Lizard Tail","Ornamental Fan","Frozen Eye"],"acts_visited":["Exordium","TheCity"],"potions_floor_usage":[22,22],"damage_taken":[{"damage":6.0,"enemies":"Cultist","floor":1.0,"turns":3.0},{"damage":16.0,"enemies":"Jaw Worm","floor":2.0,"turns":4.0},{"damage":2.0,"enemies":"2 Louse","floor":3.0,"turns":3.0},{"damage":17.0,"enemies":"Red Slaver","floor":4.0,"turns":4.0},{"damage":0.0,"enemies":"Gremlin Nob","floor":6.0,"turns":3.0},{"damage":0.0,"enemies":"2 Fungi Beasts","floor":14.0,"turns":2.0},{"damage":30.0,"enemies":"Hexaghost","floor":16.0,"turns":7.0},{"damage":26.0,"enemies":"Chosen","floor":18.0,"turns":4.0},{"damage":15.0,"enemies":"3 Byrds","floor":20.0,"turns":5.0},{"damage":57,"enemies":"Cultist and Chosen","floor":22,"turns":8},{"damage":29,"enemies":"3 Cultists","floor":23,"turns":4}],"seed_played":"-2587503024419508899","potions_obtained":[{"floor":1.0,"key":"Block Potion"},{"floor":2.0,"key":"Dexterity Potion"}],"is_trial":false,"path_per_floor":["M","M","M","M","$","E","R","$","T","?","T","R","$","M","R_BF","B",null,"M","$","M","M","M","M"],"character_chosen":"IRONCLAD","items_purchased":["Sling","Lantern","Blood for Blood","Onion Ring","LifebloodPotion","Shrug It Off","Calipers","ClockworkSouvenir","Shovel","Dropkick","Trip","Bag of Preparation","Replay:Towering Pillar of Hats","BargainBundle","Sword Boomerang","Lizard Tail","Ornamental Fan","Frozen Eye","Whirlwind"],"campfire_rested":0,"item_purchase_floors":[5,5,5,5,5,5,8,8,8,8,8,13,13,13,13,19,19,19,19],"current_hp_per_floor":[68,58,62,51,51,57,57,57,57,57,57,57,57,63,63,39,66,46,46,37,37,23,0,0],"gold":5462190,"neow_bonus":"REMOVE_CARD","is_daily":false,"chose_seed":false,"campfire_upgraded":1,"win_rate":0.0,"timestamp":1611498786,"path_taken":["M","M","M","?","$","E","R","$","T","?","?","R","$","M","R_BF","BOSS","M","$","M","M","M","M"],"items_purchased_type":["Relic","Relic","Card","Relic","Potion","Card","Relic","Relic","Relic","Card","Card","Relic","Relic","Relic","Card","Relic","Relic","Relic","Card"],"build_version":"2020-12-22","purchased_purges":4,"victory":false,"max_hp_per_floor":[75,75,75,75,75,75,75,75,75,75,75,75,75,75,75,75,75,75,75,75,75,75,75,75],"card_choices":[{"not_picked":["Life Link","Hemokinesis"],"picked":"Rupture","floor":1.0},{"not_picked":["Armaments","True Grit"],"picked":"Cleave","floor":2.0},{"not_picked":["Intimidate","Massacre"],"picked":"Wild Strike","floor":3.0},{"not_picked":["Heavy Blade","Sword Boomerang"],"picked":"Flame Barrier","floor":4.0},{"not_picked":["Clash","Eclipse","Pommel Strike"],"picked":"SKIP","floor":6.0},{"not_picked":["Armaments","Dual Wield","Heavy Blade"],"picked":"SKIP","floor":14.0},{"not_picked":["Uppercut","Feel No Pain+1"],"picked":"Inflame","floor":18.0},{"not_picked":["Clothesline","ReplayTheSpireMod:Strike From Hell","Clash"],"picked":"SKIP","floor":20.0},{"not_picked":["Flame Barrier","Reckless Charge","Replay:Undeath\u0027s Touch"],"picked":"SKIP","floor":22}],"player_experience":546377,"relics_obtained":[{"floor":11.0,"key":"Replay:Bandana"},{"floor":12.0,"key":"Omamori"},{"floor":15.0,"key":"Replay:Multitool"}],"event_choices":[],"is_beta":false,"boss_relics":[{"not_picked":["Cursed Key","Replay:Ancient Bell"],"picked":"SlaversCollar"}],"items_purged_floors":[5,8,13,19],"is_endless":false,"potions_floor_spawned":[1,2,6,20],"killed_by":"3 Cultists","ascension_level":20}}