{"host":"hqxy2g3i5ker09hc","time":1611515275,"event":{"mods":["2.2 Compatiblity","AlwaysNeverKeys","Aspiration","BaseMod","Beaked The Cultist","Better Match","Better Note","Better Sensory Stone","Better Silent Start","Better Third Choice","Better-Laid Plans","CCEM","CatGirl Mod","Chen","Conspire","Fireblade Mod","GifTheSpireLib","Gold Saver","Hubris","Ironclad Rager","Minty Spire (QoL Compilation)","MostiFishMod","Permanent Neow","Quarter Circle Forward PUNCH!","Quick Restart","Replay The Spire","Shop Mod","Small Relic Pack","Spikes Relics","StSLib","Stuff the Spire","The Animator","The Bug Knight","The Forsaken","The Wild Card","vexMod"],"gold_per_floor":[475,750,529,529,529,529,550,567,619,619,619,619,654,654,654,770,770,791,791,791,815,815,881,881,920,920,955,955,1105,1121,1121,1121,1227,1252,1491,1555,1580,1580,1580,1638,1638,1687,2305,2363,2363,2382,2439,2464,2472,2472,2472,2472,2472,2555,2567],"floor_reached":57,"language":"ENG","playtime":6323,"items_purged":["Regret","animator:Strike","animator:Strike","animator:Biyorigo+1","Voices","animator:Defend","animator:Strike+1"],"score":1811,"play_id":"729a5646-bf2b-4680-92a1-c6717e398759","local_time":"20210124200755","is_ascension_mode":true,"campfire_choices":[{"data":"animator:Aqua","floor":6.0,"key":"SMITH"},{"data":"animator:Kaijin","floor":10.0,"key":"SMITH"},{"floor":24.0,"key":"DIG"},{"floor":28,"key":"REST"}],"circlet_count":3,"master_deck":["animator:Defend_Konosuba+1","animator:Defend+1","animator:Kazuma","animator:Aqua+1","animator:Kaijin+1","animator:GuildGirl","animator:QuestionMark","animator:Yuuichirou","animator:Kazuma+1","animator:Shuna+1","animator:FielNirvalen","animator:Urushihara","animator:Megumin+16","StuffTheSpire:DeathNote","animator:EmiyaShirou","animator:Saber+1","animator:Emilia+1","animator:MaesHughes","animator:Aqua+1","animator:Genos+1","animator:Arpeggio","animator:YachiyoNanami","animator:YunYun+1","animator:Gilgamesh+13","animator:Elesis+2","StuffTheSpire:ShieldGenerator+1","animator:Witch","animator:Strike_Konosuba","animator:Zero+1","animator:Zero+1","animator:Lancer+1","Buffer+2","Flash of Steel+1","Finesse","Finisher+1","animator:Ainz+1","BlessedFruit+1","BlessedFruit+1","Capacitor+1","Capacitor+1","Defragment+1","Crystallizer+1","DiskWipe+1","animator:Kira+1","Bandage Up+1","Stack+1","ReplaySolidLightProjector","animator:Envy+1","animator:Aqua+1"],"relics":["animator:LivingPicture","animator:TheMissingPiece","DaveBox","animator:PurgingStone","aspiration:Nostalgia","PureWater","SynthV:TestCard","DiscerningMonocle","StuffTheSpire:Experiment12","Replay:Bandana","CCEMRelics:Barrel","CCEMRelics:WarHorn","Medical Kit","Replay:Baseball","animator:Buoy","aspiration:Lifesprig","Shovel","HandDrill","GiantMaggot","BrkXgEgg","relicPack:DSword","theForsaken:PaleLantern","CCEMRelics:CocoNut","CCEMRelics:GrindingGear","MerchantsRug","StuffTheSpire:Barrel","Art of War","The Courier","Regal Pillow","PreservedInsect","Strawberry","Bag of Marbles","theForsaken:Lifeblossom","ReplayTheSpireMod:Lightbulb","Pet Ghost","Replay:WaspNest","hubris:MysteriousPyramids","Blood Vial","Replay:Wax Seal","StuffTheSpire:GrapeVine","Unceasing Top","Bottled Tornado","vexMod:Dragonfruit","qcfpunch:Black_Training_Shirt","hubris:FunFungus","Tiny Chest","Blue Doll","vexMod:BarristanHead","SpikesRelics:ToyHorsey","theForsaken:HumbleEgg","animator:AlchemistGlove","aspiration:EmptySkull","animator:OldCoffin","Incense Burner","conspire:Dentures","ReplayTheSpireMod:CursedCoin","hubris:Teleporter","Lizard Tail","theForsaken:Gavel","CloakClasp","StuffTheSpire:Rhapsscallions","SnailShell","Replay:Accelerometer","StuffTheSpire:Tea","Torii","Gremlin Food","Girya","Anchor","aspiration:FetidBarrel","Replay:Rubber Ducky","hubris:Metronome","CCEMRelics:TechnogenicHelmet","conspire:GiftBox","Pocketwatch","qcfpunch:School_Backpack","Centennial Puzzle","SynthV:C4","qcfpunch:Wrestler\u0027s_Cloak","aspiration:ChemicalBlood","StuffTheSpire:OldFever","HollowMod:StagPassRelic","Shuriken","aspiration:StickyExplosives_weak","CCEMRelics:FryingPan","qcfpunch:Red_Headband","Bottled Lightning","hubris:TenFootPole","SpikesRelics:DaevaFist","conspire:DecoderRing","LugNut","hubris:SphereOfDissonance","vexMod:ScavengeHelm","Ancient Tea Set","animator:WornHelmet","Pear","Gremlin Horn","conspire:DeflatedDodgeball","BicycleWheel","Orichalcum","MealTicket","qcfpunch:Unceasing_Flame","hubris:TinFlute","vexMod:RedPlottingStone","hubris:DisguiseKit","InkBottle","Mirror","CCEMRelics:Pendulum","Juzu Bracelet","CCEMRelics:OrganicArmor","qcfpunch:Red_Beret","aspiration:FrozenJewel","Bronze Scales","animator:ShionDessert","Replay:Bottled Snecko","StuffTheSpire:Gunfinga","Toy Ornithopter","Akabeko","ReplayTheSpireMod:TigerMarble","ReplayFunnel","Blue Candle","Meat on the Bone","aspiration:HiddenCompartment","CCEMRelics:WhiteRose","conspire:Boomerang","MiniBlackHole","Bag of Preparation","CCEMRelics:FestiveHat","hubris:DeckOfHolding","hubris:SlimyHat","hubris:BundleOfHerbs","vexMod:HeadHunter","conspire:TopHat","RollingBoulder","CCEMRelics:Sandal","hubris:64BitClover","hubris:ToyBattleship","hubris:DuctTape","qcfpunch:Broken_Tusk","Replay:Mystery Machine","StuffTheSpire:HeavyRock","Dream Catcher","Molten Egg 2","SuspiciousGoo","CCEMRelics:JestersCrown","CCEMRelics:SpiritsEdge","hubris:Reverence","animator:HeavyHalberd","Oddly Smooth Stone","Omamori","TungstenRod","hubris:CrystalStatue","StuffTheSpire:Mouthbags","Vajra","CaptainsWheel","Happy Flower","Replay:Ringing Soul","ReplayTheSpireMod:Ninjato","Snack Pack","HollowMod:PaleOreRelic","Potion Belt","qcfpunch:Chain_With_Nametags","Whetstone","BrokenLever","CCEMRelics:PorcelainBowl","Technique","Singing Bowl","qcfpunch:Not_Strongest_Fighting_Style_Guidebook","War Paint","qcfpunch:Army_Boots","Boot","qcfpunch:Wild_Herbs_Ointment","StuffTheSpire:MayFlowers","Simple Rune","Frozen Egg 2","Nunchaku","ZombieTooth","Lantern","HornCleat","Replay:Bottled Steam","vexMod:FocusSash","RoseTintedShades","Red Skull","relicPack:DarknessArmor","CCEMRelics:DerglesHeadphones","hubris:PeanutButter","ShockBauble","aspiration:SeaSaltIceCream","aspiration:Nostalgia","Sizzling Blood","vexMod:CardConverter","Bottled Flame","CCEMRelics:DissonantTune","qcfpunch:White_Boots","StuffTheSpire:ForceGauntlet","animator:BattleDrones","Darkstone Periapt","StuffTheSpire:EmeraldSignet","Golden Egg","Paper Frog","Mummified Hand","Sundial","qcfpunch:Red_Gi","conspire:InfiniteJournal","Pantograph","aspiration:DefectSkillbook","CCEMRelics:TinyMinotavrHorn","vexMod:ConsolationPrize","hubris:Towel","conspire:TreasureMap","Replay:Multitool","Letter Opener","CCEMRelics:OverlyComfyChair","RetroEgg","Calipers","Onion Ring","Garlic","aspiration:HummingbirdHeart","theForsaken:ScaryMask","Replay:Bottled Flurry","qcfpunch:Necklace_of_Skulls","Thread and Needle","ReplayTheSpireMod:Shallot","Quantum Egg","hubris:BottledRain","Counterbalance","Rawhide","StuffTheSpire:SapphireSignet","beaked:ShinyBauble","Chameleon Ring","qcfpunch:Handcuffs","animator:EngravedStaff","qcfpunch:Spiky_Bracers","vexMod:InvisibilityCloak","Paper Crane","White Beast Statue","HollowMod:LifeEnderRelic","CCEMRelics:GrapeVine","aspiration:HatOfInfinitePower","Ice Cream","Question Card","StuffTheSpire:RubySignet","hubris:GlazedTorus","Gambling Chip","StuffTheSpire:Wildfire","Champion Belt","Du-Vu Doll","Charon\u0027s Ashes","Replay:Arrowhead","theForsaken:Kindling","CCEMRelics:D6","Turnip","Ornamental Fan","Mercury Hourglass","animator:HallowedScabbard","ThornShield","FossilizedHelix","CherryCoatedStake","BionicSphere","Durian","hubris:MedicalManual","WizardHat","CrustySpines","qcfpunch:Combat_Fatigues","Bird Faced Urn","qcfpunch:Lotus_Statue","hubris:Potato","StuffTheSpire:Nightcore","qcfpunch:Duffel_Bag","DaCapo","vexMod:RetaliationKit","HeavenlyBonsai","vexMod:PlasmaPancake","qcfpunch:Fighting_Gloves","hubris:CuriousFeather","hubris:Zylophone","DianDianMeat","StuffTheSpire:DarkSteelAnvil","conspire:GlowingRock","Ginger","Prayer Wheel","OriginationStaff","Pondfish Scales","StuffTheSpire:Expresso","ArrowTower","CombinedTypeHook","BlackRope","Replay:PocketPolymizer","Replay:Kaleidoscope","StoneCalendar","animator:WizardHat","hubris:Spice","StuffTheSpire:PointBlank","BranchBurnRelic","Circlet"],"acts_visited":[],"potions_floor_usage":[27,27,44],"damage_taken":[{"damage":1.0,"enemies":"Small Slimes","floor":1.0,"turns":6.0},{"damage":20.0,"enemies":"Cultist","floor":7.0,"turns":6.0},{"damage":0.0,"enemies":"2 Louse","floor":8.0,"turns":3.0},{"damage":6.0,"enemies":"Exordium Wildlife","floor":13.0,"turns":7.0},{"damage":6.0,"enemies":"Slime Boss","floor":16.0,"turns":6.0},{"damage":0.0,"enemies":"Spheric Guardian","floor":18.0,"turns":3.0},{"damage":6.0,"enemies":"Chosen","floor":21.0,"turns":6.0},{"damage":6.0,"enemies":"animator:HornedBat","floor":23.0,"turns":4.0},{"damage":49,"enemies":"Slavers","floor":25,"turns":5},{"damage":3,"enemies":"Centurion and Healer","floor":27,"turns":3},{"damage":0,"enemies":"Snake Plant","floor":30,"turns":1},{"damage":0,"enemies":"Champ","floor":33,"turns":1},{"damage":0,"enemies":"3 Darklings","floor":35,"turns":1},{"damage":0,"enemies":"conspire:MimicChest","floor":37,"turns":1},{"damage":0,"enemies":"HollowMod:StalkingDevout","floor":41,"turns":1},{"damage":0,"enemies":"Nemesis","floor":45,"turns":1},{"damage":0,"enemies":"Orb Walker","floor":47,"turns":1},{"damage":0,"enemies":"R_Hoarder","floor":48,"turns":1},{"damage":0,"enemies":"Awakened One","floor":50,"turns":2},{"damage":0,"enemies":"Shield and Spear","floor":55,"turns":1},{"damage":0,"enemies":"The Heart","floor":56,"turns":3}],"seed_played":"-3924335060514308335","potions_obtained":[{"floor":1.0,"key":"Explosive Potion"},{"floor":18.0,"key":"Toxic Potion"},{"floor":27,"key":"LifebloodPotion"},{"floor":30,"key":"Ancient Potion"},{"floor":35,"key":"ColorlessPotion"},{"floor":55,"key":"conspire:TimeTravelPotion"}],"is_trial":false,"path_per_floor":["M","?","$","?","$","R","M","M","T","R","?","$","M","$","R","B",null,"M","?","?","M","$","E","R","E","T","M","R","$","M","$","R","B",null,"M","?","?","?","R","E","R","T","$","E","$","M","E","R","B",null,"R","??","$","E","B",null],"character_chosen":"THE_ANIMATOR","items_purchased":["DiscerningMonocle","StuffTheSpire:Experiment12","Replay:Bandana","CultistPotion","Fire Potion","animator:GuildGirl","animator:QuestionMark","animator:Yuuichirou","CCEMRelics:Barrel","CCEMRelics:WarHorn","Medical Kit","aspiration:Lifesprig","Shovel","HandDrill","animator:FielNirvalen","animator:Urushihara","Adrenaline Potion","GiantMaggot","vexMod:BerryBomb","BrkXgEgg","animator:LeleiLaLalena","CCEMRelics:CocoNut","CCEMRelics:GrindingGear","animator:EmiyaShirou","animator:Saber+1","animator:Emilia+1","MerchantsRug","PreservedInsect","Strawberry","Bag of Marbles","theForsaken:Lifeblossom","ReplayTheSpireMod:Lightbulb","Pet Ghost","Replay:WaspNest","hubris:MysteriousPyramids","Blood Vial","Replay:Wax Seal","StuffTheSpire:GrapeVine","Unceasing Top","Bottled Tornado","vexMod:Dragonfruit","qcfpunch:Black_Training_Shirt","hubris:FunFungus","Tiny Chest","Blue Doll","vexMod:BarristanHead","SpikesRelics:ToyHorsey","theForsaken:HumbleEgg","animator:AlchemistGlove","aspiration:EmptySkull","animator:OldCoffin","Incense Burner","conspire:Dentures","ReplayTheSpireMod:CursedCoin","hubris:Teleporter","Lizard Tail","theForsaken:Gavel","CloakClasp","animator:Arpeggio","animator:YachiyoNanami","animator:YunYun","animator:Gilgamesh+1","animator:Spearman+1","StuffTheSpire:Rhapsscallions","SnailShell","Replay:Accelerometer","StuffTheSpire:Tea","Torii","Gremlin Food","Girya","Anchor","aspiration:FetidBarrel","Replay:Rubber Ducky","hubris:Metronome","CCEMRelics:TechnogenicHelmet","conspire:GiftBox","Pocketwatch","qcfpunch:School_Backpack","Centennial Puzzle","SynthV:C4","qcfpunch:Wrestler\u0027s_Cloak","aspiration:ChemicalBlood","StuffTheSpire:OldFever","HollowMod:StagPassRelic","Shuriken","aspiration:StickyExplosives_weak","CCEMRelics:FryingPan","qcfpunch:Red_Headband","Bottled Lightning","hubris:TenFootPole","SpikesRelics:DaevaFist","conspire:DecoderRing","LugNut","hubris:SphereOfDissonance","vexMod:ScavengeHelm","Ancient Tea Set","animator:WornHelmet","Pear","Gremlin Horn","conspire:DeflatedDodgeball","BicycleWheel","Orichalcum","MealTicket","qcfpunch:Unceasing_Flame","hubris:TinFlute","vexMod:RedPlottingStone","hubris:DisguiseKit","InkBottle","Mirror","CCEMRelics:Pendulum","Juzu Bracelet","CCEMRelics:OrganicArmor","qcfpunch:Red_Beret","aspiration:FrozenJewel","Bronze Scales","animator:ShionDessert","Replay:Bottled Snecko","StuffTheSpire:Gunfinga","Toy Ornithopter","Akabeko","ReplayTheSpireMod:TigerMarble","ReplayFunnel","Blue Candle","Meat on the Bone","aspiration:HiddenCompartment","CCEMRelics:WhiteRose","conspire:Boomerang","MiniBlackHole","Bag of Preparation","CCEMRelics:FestiveHat","hubris:DeckOfHolding","hubris:SlimyHat","hubris:BundleOfHerbs","vexMod:HeadHunter","conspire:TopHat","RollingBoulder","CCEMRelics:Sandal","hubris:64BitClover","hubris:ToyBattleship","hubris:DuctTape","qcfpunch:Broken_Tusk","Replay:Mystery Machine","StuffTheSpire:HeavyRock","Dream Catcher","Molten Egg 2","SuspiciousGoo","CCEMRelics:JestersCrown","CCEMRelics:SpiritsEdge","hubris:Reverence","animator:HeavyHalberd","Oddly Smooth Stone","Omamori","TungstenRod","hubris:CrystalStatue","StuffTheSpire:Mouthbags","Vajra","CaptainsWheel","Happy Flower","Replay:Ringing Soul","ReplayTheSpireMod:Ninjato","Snack Pack","HollowMod:PaleOreRelic","Potion Belt","qcfpunch:Chain_With_Nametags","Whetstone","BrokenLever","CCEMRelics:PorcelainBowl","Technique","Singing Bowl","qcfpunch:Not_Strongest_Fighting_Style_Guidebook","War Paint","qcfpunch:Army_Boots","Boot","qcfpunch:Wild_Herbs_Ointment","StuffTheSpire:MayFlowers","Simple Rune","Frozen Egg 2","Nunchaku","ZombieTooth","Lantern","HornCleat","Replay:Bottled Steam","vexMod:FocusSash","RoseTintedShades","Red Skull","relicPack:DarknessArmor","CCEMRelics:DerglesHeadphones","hubris:PeanutButter","ShockBauble","aspiration:SeaSaltIceCream","vexMod:CardConverter","Bottled Flame","CCEMRelics:DissonantTune","qcfpunch:White_Boots","StuffTheSpire:ForceGauntlet","animator:BattleDrones","Darkstone Periapt","StuffTheSpire:EmeraldSignet","Golden Egg","Paper Frog","Mummified Hand","Sundial","qcfpunch:Red_Gi","conspire:InfiniteJournal","Pantograph","animator:Zero","animator:Lancer+1","CCEMRelics:OverlyComfyChair","RetroEgg","Calipers","Onion Ring","Garlic","aspiration:HummingbirdHeart","theForsaken:ScaryMask","Replay:Bottled Flurry","qcfpunch:Necklace_of_Skulls","Thread and Needle","ReplayTheSpireMod:Shallot","Quantum Egg","hubris:BottledRain","Counterbalance","Rawhide","StuffTheSpire:SapphireSignet","beaked:ShinyBauble","Chameleon Ring","qcfpunch:Handcuffs","Fruit Juice","FearPotion","Strength Potion","AttackPotion","BlessingOfTheForge","Flashbang","BlessingOfTheForge","Explosive Potion","DistilledChaos","Venom Potion","SpeedPotion","Explosive Potion","Languid Potion","Weak Potion","FearPotion","SpeedPotion","LiquidMemories","LiquidBronze","PowerPotion","animator:FalseLifePotion","Dexterity Potion","SneckoOil","animator:GrowthPotion","Strength Potion","Swift Potion","SpeedPotion","Death Potion","Milkshake","Milkshake","Weak Potion","Energy Potion","animator:EngravedStaff","qcfpunch:Spiky_Bracers","vexMod:InvisibilityCloak","Paper Crane","White Beast Statue","HollowMod:LifeEnderRelic","CCEMRelics:GrapeVine","aspiration:HatOfInfinitePower","Ice Cream","Question Card","StuffTheSpire:RubySignet","hubris:GlazedTorus","Gambling Chip","StuffTheSpire:Wildfire","Champion Belt","Du-Vu Doll","Charon\u0027s Ashes","Replay:Arrowhead","theForsaken:Kindling","CCEMRelics:D6","Turnip","Ornamental Fan","animator:HallowedScabbard","ThornShield","FossilizedHelix","CherryCoatedStake","BionicSphere","Durian","hubris:MedicalManual","WizardHat","Dead Branch","CrustySpines","qcfpunch:Combat_Fatigues","Bird Faced Urn","qcfpunch:Lotus_Statue","hubris:Potato","StuffTheSpire:Nightcore","qcfpunch:Duffel_Bag","DaCapo","vexMod:RetaliationKit","HeavenlyBonsai","vexMod:PlasmaPancake","qcfpunch:Fighting_Gloves","hubris:CuriousFeather","hubris:Zylophone","DianDianMeat","StuffTheSpire:DarkSteelAnvil","conspire:GlowingRock","Ginger","Prayer Wheel","OriginationStaff","Pondfish Scales","StuffTheSpire:Expresso","ArrowTower","CombinedTypeHook","BlackRope","Replay:PocketPolymizer","Replay:Kaleidoscope","StoneCalendar","animator:WizardHat","hubris:Spice","Capacitor+1","Defragment+1","Crystallizer+1","DiskWipe+1","animator:Kira+1","Circlet"],"campfire_rested":1,"item_purchase_floors":[3,3,3,3,3,3,3,3,5,5,5,12,12,12,12,12,12,14,14,14,14,22,22,22,22,22,22,29,29,29,29,29,29,29,29,29,29,29,29,29,29,29,29,29,29,29,29,29,29,29,29,29,29,29,29,29,29,29,29,29,29,29,29,29,29,29,29,29,29,29,29,29,29,29,29,29,29,29,29,29,29,29,29,29,29,29,29,29,29,29,29,29,29,29,29,29,29,29,29,29,29,29,29,29,29,29,29,29,29,29,29,29,29,29,29,29,29,29,29,29,29,29,29,29,29,29,29,29,29,29,29,29,29,29,29,29,29,29,29,29,29,29,29,29,31,31,31,31,31,31,31,31,31,31,31,31,31,31,31,31,31,31,31,31,31,31,31,31,31,31,31,31,31,31,31,31,31,31,31,31,31,31,31,31,31,31,31,31,31,31,31,31,31,31,31,31,31,31,31,31,31,31,31,31,31,31,31,44,44,44,44,44,44,44,44,44,44,44,44,44,44,44,44,44,44,44,44,44,44,44,44,44,44,44,44,44,44,44,44,44,44,44,44,44,44,44,44,44,44,44,44,44,44,44,44,44,44,44,44,44,44,44,44,44,44,44,44,44,44,44,44,44,44,44,44,44,44,44,44,46,46,46,46,46,46,46,46,46,46,46,46,46,46,46,46,46,46,46,46,46,46,46,46,46,46,46,46,46,46,46,46,46,46,46,46,46,46,46,46,46,46,46,46,54],"current_hp_per_floor":[66,66,66,66,66,66,46,49,49,49,49,49,46,52,17,14,72,72,52,72,66,71,68,68,22,22,22,60,84,89,114,114,126,126,152,159,159,159,159,171,171,171,176,183,242,269,290,293,296,296,296,296,296,328,331],"gold":2567,"neow_bonus":"NOSTALGIA","is_daily":false,"chose_seed":false,"campfire_upgraded":2,"win_rate":0.0,"timestamp":1611515275,"path_taken":["M","?","?","?","$","R","M","?","T","R","?","$","M","?","R","BOSS","M","?","?","?","$","E","R","E","T","M","R","?","M","$","R","BOSS","M","?","?","?","R","E","R","T","$","E","$","M","E","R","BOSS","R","??","$","E","BOSS"],"items_purchased_type":["Relic","Relic","Relic","Potion","Potion","Card","Card","Card","Relic","Relic","Relic","Relic","Relic","Relic","Card","Card","Potion","Relic","Relic","Relic","Card","Relic","Relic","Card","Card","Card","Relic","Relic","Relic","Relic","Relic","Relic","Relic","Relic","Relic","Relic","Relic","Relic","Relic","Relic","Relic","Relic","Relic","Relic","Relic","Relic","Relic","Relic","Relic","Relic","Relic","Relic","Relic","Relic","Relic","Relic","Relic","Relic","Card","Card","Card","Card","Card","Relic","Relic","Relic","Relic","Relic","Relic","Relic","Relic","Relic","Relic","Relic","Relic","Relic","Relic","Relic","Relic","Relic","Relic","Relic","Relic","Relic","Relic","Relic","Relic","Relic","Relic","Relic","Relic","Relic","Relic","Relic","Relic","Relic","Relic","Relic","Relic","Relic","Relic","Relic","Relic","Relic","Relic","Relic","Relic","Relic","Relic","Relic","Relic","Relic","Relic","Relic","Relic","Relic","Relic","Relic","Relic","Relic","Relic","Relic","Relic","Relic","Relic","Relic","Relic","Relic","Relic","Relic","Relic","Relic","Relic","Relic","Relic","Relic","Relic","Relic","Relic","Relic","Relic","Relic","Relic","Relic","Relic","Relic","Relic","Relic","Relic","Relic","Relic","Relic","Relic","Relic","Relic","Relic","Relic","Relic","Relic","Relic","Relic","Relic","Relic","Relic","Relic","Relic","Relic","Relic","Relic","Relic","Relic","Relic","Relic","Relic","Relic","Relic","Relic","Relic","Relic","Relic","Relic","Relic","Relic","Relic","Relic","Relic","Relic","Relic","Relic","Relic","Relic","Relic","Relic","Relic","Relic","Relic","Relic","Relic","Relic","Relic","Relic","Relic","Relic","Relic","Relic","Card","Card","Relic","Relic","Relic","Relic","Relic","Relic","Relic","Relic","Relic","Relic","Relic","Relic","Relic","Relic","Relic","Relic","Relic","Relic","Relic","Potion","Potion","Potion","Potion","Potion","Potion","Potion","Potion","Potion","Potion","Potion","Potion","Potion","Potion","Potion","Potion","Potion","Potion","Potion","Potion","Potion","Potion","Potion","Potion","Potion","Potion","Potion","Potion","Potion","Potion","Potion","Relic","Relic","Relic","Relic","Relic","Relic","Relic","Relic","Relic","Relic","Relic","Relic","Relic","Relic","Relic","Relic","Relic","Relic","Relic","Relic","Relic","Relic","Relic","Relic","Relic","Relic","Relic","Relic","Relic","Relic","Relic","Relic","Relic","Relic","Relic","Relic","Relic","Relic","Relic","Relic","Relic","Relic","Relic","Relic","Relic","Relic","Relic","Relic","Relic","Relic","Relic","Relic","Relic","Relic","Relic","Relic","Relic","Relic","Relic","Relic","Relic","Card","Card","Card","Card","Card","Undefined"],"build_version":"2020-12-22","purchased_purges":7,"victory":true,"max_hp_per_floor":[66,66,66,66,66,66,66,66,66,66,66,66,66,72,72,72,72,72,72,72,72,77,77,77,77,77,77,77,101,101,114,114,126,126,152,159,159,159,159,171,171,171,176,183,242,269,290,293,296,296,296,296,296,328,331],"card_choices":[{"not_picked":["animator:Elsword","animator:Lu"],"picked":"animator:Kaijin","floor":1.0},{"not_picked":["animator:Arpeggio","animator:YuiTsuruno","animator:Entoma","animator:Rider"],"picked":"animator:Kazuma","floor":7.0},{"not_picked":["animator:KrulTepes","animator:Yoichi","animator:DolaSchwi","animator:RinTohsaka"],"picked":"animator:Shuna","floor":8.0},{"not_picked":["animator:Vanir","animator:Darkness","animator:Kazuma","animator:Aqua"],"picked":"animator:Megumin","floor":13.0},{"not_picked":["animator:Eve+1","animator:Father+1","animator:Rimuru","animator:Guren+1"],"picked":"animator:Biyorigo+1","floor":16.0},{"not_picked":["animator:SakuraMatou","animator:CowGirl","animator:IrohaTamaki","animator:Shinoa","animator:Benimaru"],"picked":"SKIP","floor":18.0},{"not_picked":["animator:Viivi","animator:DolaSchwi+1","animator:RoryMercury","animator:Jibril+1"],"picked":"animator:Gillette+1","floor":21.0},{"not_picked":["animator:Tet","animator:Shinoa","animator:Kuribayashi","animator:UneriGinkaku"],"picked":"animator:MaesHughes","floor":23.0},{"not_picked":["animator:Kazuma","animator:YunYun","animator:Mitsurugi","animator:Darkness"],"picked":"animator:Aqua","floor":25},{"not_picked":["animator:ShinjiMatou","animator:Entoma+1","animator:Shuna","animator:ElricEdward"],"picked":"animator:Genos+1","floor":27},{"not_picked":["animator:Rimuru","animator:Albedo"],"picked":"animator:Elesis","floor":29},{"not_picked":["animator:Sonic","Coolheaded"],"picked":"StuffTheSpire:ShieldGenerator","floor":30},{"not_picked":["animator:Arpeggio","animator:Spearman+1","animator:Ain","animator:Shichika","beaked:Roost"],"picked":"animator:Witch","floor":30},{"not_picked":["animator:Cirno+1","animator:Magilou+1","animator:QuestionMark+1","animator:MamizouFutatsuiwa+1","animator:HououinKyouma+1"],"picked":"SKIP","floor":30},{"not_picked":["animator:Kuroyukihime+1","animator:IchigoKurosaki+1","animator:Canti+1","animator:Patchouli+1","animator:Cirno+1"],"picked":"Singing Bowl","floor":33},{"not_picked":["Machine Learning+1","MostiFishMod:Distribution"],"picked":"Buffer+1","floor":33},{"not_picked":["animator:FeridBathory+1","animator:Shizu+1","animator:Elesis+1","animator:Saber+1","animator:Ainz+1","beaked:CheekyTricks"],"picked":"Singing Bowl","floor":33},{"not_picked":["animator:Kuroyukihime+1","animator:NononJakuzure+1","animator:Patchouli+1","animator:Canti+1","animator:MamizouFutatsuiwa+1","animator:Lelouch+1"],"picked":"Singing Bowl","floor":35},{"not_picked":["Replay:AtTheReady","Perseverance","LessonLearned+1"],"picked":"Singing Bowl","floor":35},{"not_picked":["StuffTheSpire:ShieldGenerator","StuffTheSpire:CleanHardDrive+1","Streamline+1","animator:Raven+1","animator:TukaLunaMarceau+1","animator:Assassin+1","beaked:StickSmack"],"picked":"Singing Bowl","floor":35},{"not_picked":["Indignation","animator:YunYun+1","Meditate"],"picked":"Singing Bowl","floor":37},{"not_picked":["Gash+1","animator:TukaLunaMarceau+1","animator:Sloth+1","animator:MaesHughes+1","Amplify+1","animator:Shion+1","beaked:TuckingFeathers"],"picked":"Singing Bowl","floor":37},{"not_picked":["Prepared+1","Cloak And Dagger"],"picked":"Finisher+1","floor":41},{"not_picked":["animator:PinaCoLada","animator:Elesis+1"],"picked":"animator:Ainz","floor":41},{"not_picked":["ReplayTheSpireMod:Fabricate Wheel+1","StuffTheSpire:Synthwave+1","ICR:ChainLightning+1","Compile Driver+1","Cold Snap+1","StuffTheSpire:Plugnplay+1","beaked:StunningBlow"],"picked":"Singing Bowl","floor":41},{"not_picked":["animator:Boros","animator:SwordMaiden","animator:Wiz","animator:Elesis+1"],"picked":"Singing Bowl","floor":45},{"not_picked":["animator:Berserker+1","StuffTheSpire:LoadUp+1","Sweeping Beam+1","animator:Assassin+1","animator:DolaSchwi+1","Thunder Strike+1","animator:Jibril+1","beaked:BounceBack"],"picked":"Singing Bowl","floor":45},{"not_picked":[],"picked":"Bandage Up","floor":47},{"not_picked":["ICR:ChainLightning+1","animator:Hakurou+1","animator:YuiTsuruno+1","animator:SakuraMatou","animator:MaesHughes+1","Loop+1","conspire:SharedLibrary+1","beaked:DigDeep"],"picked":"Singing Bowl","floor":47},{"not_picked":["Conserve Battery+1","animator:HiiragiShinya","animator:Yoichi+1","StuffTheSpire:LoadUp+1","animator:Konayuki+1","animator:Laby+1","beaked:Roost"],"picked":"Stack+1","floor":47},{"not_picked":["Panacea"],"picked":"Singing Bowl","floor":48},{"not_picked":["animator:Sora","animator:GuildGirl+1","animator:Elesis+1","animator:HigakiRinne"],"picked":"Singing Bowl","floor":48},{"not_picked":["animator:Shuna+1","animator:IzunaHatsuse+1","animator:Millim+1","Buffer+1","Tempest","Blizzard+1","beaked:DigDeep"],"picked":"ReplaySolidLightProjector","floor":48},{"not_picked":["animator:Eve","animator:Sora","animator:Spearman+1"],"picked":"animator:Envy","floor":55},{"not_picked":["animator:TukaLunaMarceau+1","animator:Shigure+1","Capacitor+1","Glacier+1","animator:ChaikaBohdan+1","Panic Button+1","beaked:HuntressSpirit"],"picked":"animator:Aqua","floor":55}],"player_experience":698082,"relics_obtained":[{"floor":1.0,"key":"SynthV:TestCard"},{"floor":9.0,"key":"Replay:Baseball"},{"floor":11.0,"key":"animator:Buoy"},{"floor":23.0,"key":"StuffTheSpire:Barrel"},{"floor":24.0,"key":"Art of War"},{"floor":25,"key":"The Courier"},{"floor":26,"key":"Regal Pillow"},{"floor":37,"key":"vexMod:ConsolationPrize"},{"floor":41,"key":"Replay:Multitool"},{"floor":43,"key":"Letter Opener"},{"floor":45,"key":"Mercury Hourglass"},{"floor":48,"key":"StuffTheSpire:PointBlank"},{"floor":55,"key":"Circlet"},{"floor":55,"key":"Circlet"}],"event_choices":[{"damage_healed":0.0,"max_hp_gain":0.0,"max_hp_loss":0.0,"gold_gain":275.0,"event_name":"Golden Shrine","player_choice":"Desecrate","floor":2.0,"gold_loss":0.0,"damage_taken":0.0,"cards_obtained":["Regret"]},{"damage_healed":0.0,"max_hp_gain":0.0,"max_hp_loss":0.0,"gold_gain":0.0,"event_name":"Wheel of Change","player_choice":"Relic","floor":11.0,"gold_loss":0.0,"damage_taken":0.0},{"damage_healed":24.0,"max_hp_gain":0.0,"max_hp_loss":0.0,"gold_gain":0.0,"event_name":"The Library","player_choice":"Heal","floor":20.0,"gold_loss":0.0,"damage_taken":0.0}],"is_beta":false,"boss_relics":[{"not_picked":["StuffTheSpire:ModemDavis","qcfpunch:Killian_Engine_Alpha"],"picked":"theForsaken:PaleLantern"},{"not_picked":["OneHitWonderSystem","conspire:SlowCooker"],"picked":"aspiration:DefectSkillbook"}],"items_purged_floors":[3,12,14,22,29,44,46],"is_endless":false,"potions_floor_spawned":[1,18,25,27,30,35,41,45,47,48,55],"ascension_level":2}}