{"host":"vumwfieg2b2mnrfl","time":1611464660,"event":{"mods":["AchievementEnabler","BaseMod","Minty Spire (QoL Compilation)","Rare Cards Sparkle","Relic Stats"],"gold_per_floor":[114,114,140,168,196,208,208],"floor_reached":6,"language":"ENG","playtime":208,"items_purged":[],"score":70,"play_id":"2b3509a4-ad1f-4823-a3a6-f99ab5148dc2","local_time":"20210123230420","is_ascension_mode":true,"campfire_choices":[],"circlet_count":0,"master_deck":["AscendersBane","Strike_G","Strike_G","Strike_G","Strike_G","Strike_G","Defend_G","Defend_G","Defend_G","Defend_G","Defend_G","Survivor","Neutralize","Writhe","PiercingWail","Endless Agony","Poisoned Stab"],"relics":["Ring of the Snake","Mango","Golden Idol","MawBank"],"acts_visited":["Exordium"],"potions_floor_usage":[6],"damage_taken":[{"damage":2,"enemies":"2 Louse","floor":1,"turns":2},{"damage":4,"enemies":"Jaw Worm","floor":4,"turns":5},{"damage":3,"enemies":"Cultist","floor":5,"turns":4},{"damage":37,"enemies":"3 Sentries","floor":6,"turns":6}],"seed_played":"-2141368349836912438","potions_obtained":[{"floor":1,"key":"SkillPotion"}],"is_trial":false,"path_per_floor":["M","?","T","M","M","E"],"character_chosen":"THE_SILENT","items_purchased":[],"campfire_rested":0,"item_purchase_floors":[],"current_hp_per_floor":[71,43,43,39,36,0,0],"gold":208,"neow_bonus":"ONE_RARE_RELIC","is_daily":false,"chose_seed":false,"campfire_upgraded":0,"win_rate":0.0,"timestamp":1611464660,"path_taken":["M","?","?","M","M","E"],"items_purchased_type":[],"build_version":"2020-12-22","purchased_purges":0,"victory":false,"max_hp_per_floor":[80,80,80,80,80,80,80],"relic_stats":{"counters":[4,17],"Golden Idol":6,"MawBank":36,"obtain_stats":[{"Golden Idol":2,"Mango":0,"MawBank":3,"Ring of the Snake":0},{"Golden Idol":1,"Mango":0,"MawBank":1,"Ring of the Snake":0},{"Golden Idol":2,"Mango":0,"MawBank":2,"Ring of the Snake":0}],"Ring of the Snake":[8]},"card_choices":[{"not_picked":["Flying Knee","Tactician"],"picked":"PiercingWail","floor":1},{"not_picked":["Slice","Bane"],"picked":"Endless Agony","floor":4},{"not_picked":["Prepared","A Thousand Cuts"],"picked":"Poisoned Stab","floor":5}],"player_experience":453364,"relics_obtained":[{"floor":3,"key":"MawBank"}],"event_choices":[{"damage_healed":0,"gold_gain":0,"player_choice":"Take Damage","damage_taken":28,"relics_obtained":["Golden Idol"],"max_hp_gain":0,"max_hp_loss":0,"event_name":"Golden Idol","floor":2,"gold_loss":0}],"is_beta":false,"boss_relics":[],"items_purged_floors":[],"is_endless":false,"potions_floor_spawned":[1],"killed_by":"3 Sentries","ascension_level":19}}