{"host":"2se5dq1do2gp0x9k","time":1611465287,"event":{"mods":["AchievementEnabler","BaseMod","Block Reminder","Colored Map","Colored Powertips","Minty Spire (QoL Compilation)","Relic Stats","StSLib","SuperFastMode"],"gold_per_floor":[118,118,268,286,156,156,168,168,168,168,184,84,109,126,126,201,201,221,221,96,11,25,25,52,65,65,65,96,96,96,112,112,186,186,201,213,213,264,264,292,292,327,353,388,413,413,431,447,447,447,447,447],"floor_reached":51,"language":"ENG","playtime":1526,"items_purged":["Doubt","Strike_G","Strike_G"],"score":1617,"play_id":"0a56497c-d6ee-4e8a-8ed1-1f4767984e64","local_time":"20210123211447","is_ascension_mode":true,"campfire_choices":[{"data":"Noxious Fumes","floor":6.0,"key":"SMITH"},{"data":"Catalyst","floor":8.0,"key":"SMITH"},{"data":"Deadly Poison","floor":10.0,"key":"SMITH"},{"floor":15.0,"key":"REST"},{"data":"Deadly Poison","floor":23.0,"key":"SMITH"},{"data":"Catalyst","floor":30.0,"key":"SMITH"},{"floor":32.0,"key":"REST"},{"data":"Burst","floor":41.0,"key":"SMITH"},{"floor":49.0,"key":"RECALL"}],"circlet_count":0,"master_deck":["AscendersBane","Strike_G","Strike_G+1","Defend_G","Defend_G","Defend_G","Defend_G","Defend_G","Survivor","Neutralize","Noxious Fumes+1","Deadly Poison+1","Poisoned Stab","Catalyst+1","Deadly Poison+1","Dagger Spray","Corpse Explosion","PiercingWail","PiercingWail","Dash","Catalyst+1","Necronomicurse","Dash","Burst+1","Blur","Panacea","Blind","PanicButton","Catalyst","Concentrate","Crippling Poison"],"relics":["Ring of the Snake","NeowsBlessing","Matryoshka","Whetstone","Runic Pyramid","Nunchaku","FossilizedHelix","Bronze Scales","The Courier","Necronomicon","Tingsha","Akabeko","Pear","Sozu","Thread and Needle","Happy Flower","StrikeDummy","Mummified Hand","StoneCalendar","Darkstone Periapt"],"acts_visited":["Exordium","TheCity","TheBeyond"],"potions_floor_usage":[51],"damage_taken":[{"damage":0.0,"enemies":"2 Louse","floor":1.0,"turns":1.0},{"damage":0.0,"enemies":"Small Slimes","floor":4.0,"turns":1.0},{"damage":0.0,"enemies":"Jaw Worm","floor":7.0,"turns":1.0},{"damage":7.0,"enemies":"Blue Slaver","floor":11.0,"turns":3.0},{"damage":43.0,"enemies":"Gremlin Nob","floor":13.0,"turns":4.0},{"damage":10.0,"enemies":"Looter","floor":14.0,"turns":4.0},{"damage":10.0,"enemies":"Hexaghost","floor":16.0,"turns":5.0},{"damage":0.0,"enemies":"Chosen","floor":18.0,"turns":4.0},{"damage":20.0,"enemies":"2 Thieves","floor":22.0,"turns":4.0},{"damage":2.0,"enemies":"Gremlin Leader","floor":24.0,"turns":6.0},{"damage":0.0,"enemies":"3 Cultists","floor":25.0,"turns":2.0},{"damage":5.0,"enemies":"Book of Stabbing","floor":28.0,"turns":5.0},{"damage":0.0,"enemies":"Sentry and Sphere","floor":31.0,"turns":5.0},{"damage":34.0,"enemies":"Collector","floor":33.0,"turns":7.0},{"damage":0.0,"enemies":"Orb Walker","floor":35.0,"turns":2.0},{"damage":0.0,"enemies":"3 Shapes","floor":36.0,"turns":4.0},{"damage":0.0,"enemies":"2 Orb Walkers","floor":38.0,"turns":3.0},{"damage":0.0,"enemies":"Giant Head","floor":40.0,"turns":4.0},{"damage":6.0,"enemies":"Reptomancer","floor":42.0,"turns":2.0},{"damage":0.0,"enemies":"Nemesis","floor":44.0,"turns":5.0},{"damage":0.0,"enemies":"Mind Bloom Boss Battle","floor":45.0,"turns":3.0},{"damage":0.0,"enemies":"Writhing Mass","floor":47.0,"turns":3.0},{"damage":16.0,"enemies":"Jaw Worm Horde","floor":48.0,"turns":5.0},{"damage":18,"enemies":"Awakened One","floor":50,"turns":13},{"damage":18,"enemies":"Donu and Deca","floor":51,"turns":5}],"seed_played":"5751191657261368239","potions_obtained":[{"floor":4.0,"key":"BlessingOfTheForge"},{"floor":7.0,"key":"Dexterity Potion"},{"floor":13.0,"key":"Poison Potion"},{"floor":16.0,"key":"SneckoOil"},{"floor":18.0,"key":"Fruit Juice"},{"floor":31.0,"key":"Swift Potion"}],"is_trial":false,"path_per_floor":["M","?","?","M","$","R","M","R","T","R","M","$","E","M","R","B",null,"M","?","$","?","M","R","E","M","T","?","E","T","R","M","R","B",null,"M","M","?","?","?","E","R","E","T","E","?","T","M","M","R","B","B"],"character_chosen":"THE_SILENT","items_purchased":["Poisoned Stab"],"campfire_rested":2,"item_purchase_floors":[5],"current_hp_per_floor":[59,64,64,64,64,64,64,64,64,64,57,57,14,4,25,15,57,57,57,57,57,37,37,35,35,35,14,14,24,24,24,49,15,68,68,68,58,58,58,58,58,52,52,52,52,52,52,36,36,18,0,0],"gold":447,"neow_bonus":"THREE_ENEMY_KILL","is_daily":false,"chose_seed":false,"campfire_upgraded":6,"win_rate":0.0,"timestamp":1611465287,"path_taken":["M","?","?","M","$","R","M","R","T","R","?","$","E","M","R","BOSS","M","?","$","?","M","R","E","M","T","?","E","?","R","?","R","BOSS","M","M","?","?","?","E","R","E","T","E","?","?","M","M","R","BOSS","BOSS"],"items_purchased_type":["Card"],"build_version":"2020-12-22","purchased_purges":3,"victory":false,"max_hp_per_floor":[66,71,71,71,71,71,71,71,71,71,71,71,71,71,71,71,71,71,71,71,71,71,71,71,71,71,71,76,86,86,86,86,86,86,86,86,86,86,86,86,86,86,86,86,86,86,86,86,86,86,86,86],"relic_stats":{"Darkstone Periapt":0,"Happy Flower":[12],"counters":[25,101],"Tingsha":[36],"StoneCalendar":[0],"Whetstone":["Strike_G","Strike_G"],"Sozu":4,"Nunchaku":[8],"Mummified Hand":[4],"Bronze Scales":[207],"Necronomicon":[21],"obtain_stats":[{"Darkstone Periapt":46,"Pear":29,"NeowsBlessing":0,"Happy Flower":40,"Tingsha":28,"Thread and Needle":38,"StoneCalendar":45,"The Courier":26,"Whetstone":13,"Akabeko":29,"Sozu":34,"Nunchaku":21,"Matryoshka":9,"Mummified Hand":44,"Bronze Scales":26,"Necronomicon":27,"StrikeDummy":42,"FossilizedHelix":24,"Ring of the Snake":0,"Runic Pyramid":17},{"Darkstone Periapt":21,"Pear":12,"NeowsBlessing":0,"Happy Flower":18,"Tingsha":12,"Thread and Needle":17,"StoneCalendar":21,"The Courier":11,"Whetstone":5,"Akabeko":12,"Sozu":14,"Nunchaku":8,"Matryoshka":3,"Mummified Hand":20,"Bronze Scales":11,"Necronomicon":11,"StrikeDummy":19,"FossilizedHelix":10,"Ring of the Snake":0,"Runic Pyramid":7},{"Darkstone Periapt":75,"Pear":40,"NeowsBlessing":0,"Happy Flower":65,"Tingsha":40,"Thread and Needle":61,"StoneCalendar":75,"The Courier":35,"Whetstone":10,"Akabeko":40,"Sozu":52,"Nunchaku":23,"Matryoshka":3,"Mummified Hand":72,"Bronze Scales":35,"Necronomicon":35,"StrikeDummy":67,"FossilizedHelix":33,"Ring of the Snake":0,"Runic Pyramid":19}],"Ring of the Snake":[50]},"card_choices":[{"not_picked":["Deadly Poison","Acrobatics"],"picked":"Noxious Fumes","floor":1.0},{"not_picked":["Expertise","Poisoned Stab"],"picked":"Deadly Poison","floor":4.0},{"not_picked":["Heel Hook","Predator"],"picked":"Catalyst","floor":7.0},{"not_picked":["Caltrops","Acrobatics"],"picked":"Deadly Poison","floor":11.0},{"not_picked":["Endless Agony","Bane"],"picked":"Dagger Spray","floor":13.0},{"not_picked":["Choke","Skewer","Quick Slash"],"picked":"SKIP","floor":14.0},{"not_picked":["Bullet Time","Glass Knife"],"picked":"Corpse Explosion","floor":16.0},{"not_picked":["Catalyst","Expertise"],"picked":"PiercingWail","floor":18.0},{"not_picked":["Dagger Spray","Flying Knee"],"picked":"PiercingWail","floor":22.0},{"not_picked":["Expertise","Poisoned Stab+1"],"picked":"Dash","floor":24.0},{"not_picked":["Dagger Spray","Outmaneuver"],"picked":"Catalyst","floor":25.0},{"not_picked":["Well Laid Plans","Doppelganger"],"picked":"Dash","floor":28.0},{"not_picked":["Cloak And Dagger","Slice","Choke"],"picked":"SKIP","floor":31.0},{"not_picked":["Doppelganger","Corpse Explosion"],"picked":"Burst","floor":33.0},{"not_picked":["Caltrops+1","Underhanded Strike"],"picked":"Blur","floor":35.0},{"not_picked":["Infinite Blades","Bane","Dagger Spray"],"picked":"SKIP","floor":36.0},{"not_picked":["Flash of Steel","Thinking Ahead"],"picked":"Panacea","floor":37.0},{"not_picked":["Flash of Steel","Panache"],"picked":"Blind","floor":37.0},{"not_picked":["Dramatic Entrance","HandOfGreed"],"picked":"PanicButton","floor":37.0},{"not_picked":["Calculated Gamble","Blade Dance"],"picked":"Catalyst","floor":38.0},{"not_picked":["A Thousand Cuts","Eviscerate","Blade Dance"],"picked":"SKIP","floor":40.0},{"not_picked":["Infinite Blades+1","Dodge and Roll","Blade Dance"],"picked":"SKIP","floor":42.0},{"not_picked":["Acrobatics","Quick Slash","Dagger Spray"],"picked":"SKIP","floor":44.0},{"not_picked":["Flying Knee","Reflex"],"picked":"Concentrate","floor":45.0},{"not_picked":["Infinite Blades","Blade Dance","Backflip"],"picked":"SKIP","floor":47.0},{"not_picked":["Prepared","Noxious Fumes"],"picked":"Crippling Poison","floor":48.0}],"player_experience":3946734,"relics_obtained":[{"floor":9.0,"key":"Matryoshka"},{"floor":13.0,"key":"Whetstone"},{"floor":24.0,"key":"FossilizedHelix"},{"floor":26.0,"key":"Bronze Scales"},{"floor":26.0,"key":"The Courier"},{"floor":27.0,"key":"Necronomicon"},{"floor":28.0,"key":"Tingsha"},{"floor":29.0,"key":"Akabeko"},{"floor":29.0,"key":"Pear"},{"floor":38.0,"key":"Thread and Needle"},{"floor":40.0,"key":"Happy Flower"},{"floor":42.0,"key":"StrikeDummy"},{"floor":44.0,"key":"Mummified Hand"},{"floor":45.0,"key":"StoneCalendar"},{"floor":46.0,"key":"Darkstone Periapt"}],"event_choices":[{"damage_healed":0.0,"max_hp_gain":5.0,"max_hp_loss":0.0,"gold_gain":0.0,"event_name":"Big Fish","player_choice":"Donut","floor":2.0,"gold_loss":0.0,"damage_taken":0.0},{"damage_healed":0.0,"max_hp_gain":0.0,"max_hp_loss":0.0,"gold_gain":150.0,"event_name":"Liars Game","player_choice":"AGREE","floor":3.0,"gold_loss":0.0,"damage_taken":0.0,"cards_obtained":["Doubt"]},{"damage_healed":0.0,"max_hp_gain":0.0,"max_hp_loss":0.0,"gold_gain":0.0,"event_name":"The Mausoleum","player_choice":"Ignored","floor":19.0,"gold_loss":0.0,"damage_taken":0.0},{"damage_healed":0.0,"max_hp_gain":0.0,"max_hp_loss":0.0,"gold_gain":0.0,"event_name":"Addict","player_choice":"Obtained Relic","floor":21.0,"gold_loss":85.0,"damage_taken":0.0,"relics_obtained":["Nunchaku"]},{"damage_healed":0.0,"max_hp_gain":0.0,"max_hp_loss":0.0,"gold_gain":0.0,"event_name":"Cursed Tome","player_choice":"Obtained Book","floor":27.0,"gold_loss":0.0,"damage_taken":21.0},{"damage_healed":0.0,"max_hp_gain":0.0,"max_hp_loss":0.0,"gold_gain":0.0,"event_name":"SensoryStone","player_choice":"Memory 3","floor":37.0,"gold_loss":0.0,"damage_taken":10.0},{"damage_healed":0.0,"max_hp_gain":0.0,"max_hp_loss":0.0,"gold_gain":0.0,"event_name":"Mysterious Sphere","player_choice":"Fight","floor":38.0,"gold_loss":0.0,"damage_taken":0.0},{"cards_removed":["Strike_G"],"damage_healed":0.0,"max_hp_gain":0.0,"max_hp_loss":0.0,"gold_gain":0.0,"event_name":"Falling","player_choice":"Removed Attack","floor":39.0,"gold_loss":0.0,"damage_taken":0.0},{"damage_healed":0.0,"max_hp_gain":0.0,"max_hp_loss":0.0,"gold_gain":0.0,"event_name":"MindBloom","player_choice":"Fight","floor":45.0,"gold_loss":0.0,"damage_taken":0.0}],"is_beta":false,"boss_relics":[{"not_picked":["Fusion Hammer","Snecko Eye"],"picked":"Runic Pyramid"},{"not_picked":["Cursed Key","Tiny House"],"picked":"Sozu"}],"items_purged_floors":[5,12,20],"is_endless":false,"potions_floor_spawned":[4,7,13,16,18,25,31,38,40,45,48],"killed_by":"Donu and Deca","ascension_level":20}}