{"host":"4amcrcg6ktw8dbzk","time":1611487283,"event":{"mods":["ATMod(°¢èªMod)","Act Like it!","BaseMod","Dota2Spire","Gensokyo","Hallownest","Minty Spire (QoL Compilation)","MostiFishMod","Spicy Shops","StSLib","Waifu the Spire"],"gold_per_floor":[20,20,20,38,49,75,75,88,142,142,158,188,202,236,236,314,314,326,65,84,84,104,131,180,180,180,215,435,435,460,472,472,551,551,568,585,500,512,286,313,133,133,133,161,175,207,227,238,238,238,238,238,238,171,481,606],"floor_reached":57,"language":"ZHS","playtime":8554,"items_purged":["Strike_B","Strike_B","Strike_B"],"score":3643,"play_id":"7185a8d5-7f72-40ab-9736-30100e1139fd","local_time":"20210124192123","is_ascension_mode":true,"campfire_choices":[{"data":"MostiFishMod:SephirahHod","floor":7,"key":"SMITH"},{"floor":10,"key":"REST"},{"floor":15,"key":"RECALL"},{"floor":25,"key":"REST"},{"data":"Seek","floor":29,"key":"SMITH"},{"floor":32,"key":"REST"},{"data":"White Noise","floor":42,"key":"SMITH"},{"data":"White Noise","floor":49,"key":"SMITH"},{"data":"Hallownest:skillKingdomsEdgeMap","floor":53,"key":"SMITH"}],"circlet_count":1,"master_deck":["AscendersBane","Strike_B+1","Zap","Dualcast","MostiFishMod:SephirahHod+1","AT_RightCognition+1","Hallownest:skillSlugHide","Hallownest:skillSlugHide","Hallownest:skillSlugHide+1","Hallownest:skillSlugHide","Hallownest:skillSlugHide+1","Sunder","Ball Lightning","Skim","Glacier","White Noise+1","MostiFishMod:Prepare","Meteor Strike+1","Coolheaded","MostiFishMod:SephirahHod+1","Redo","Hologram","Defragment","Capacitor","Seek+1","Defragment","Fusion","MostiFishMod:TalkingToTheRain","MostiFishMod:GatherIntelligence+1","Hallownest:skillKingdomsEdgeMap+1","Turbo","Double Energy","Redo+1","White Noise+1","Chill+1","Fission"],"relics":["Cracked Core","DaveBox","AT_ATBox","MostiFishMod:Hod","SynthV:TestCard","Hallownest:DreamNailRelic","Dota2Spire:LinkenSphere","Strawberry","Thread and Needle","xbg","Membership Card","Hallownest:NailmastersGloryRelic","Bottled Tornado","Dota2Spire:PhaseBoots","Boot","Anchor","ChiXiaoBlade","Bottled Lightning","Dota2Spire:ShivaGuard","Hallownest:StagBellRelic1","The Courier","Singing Bowl","OriginationStaff","DiscerningMonocle","OrangePellets","AT_ForceNature","AT_BellowingDragoncrestRing","Dota2Spire:DrumOfEndurance","Pantograph","Vajra","AT_Kusabimaru","Dota2Spire:EtherealBlade","DataDisk","Pen Nib","ImprovedEquipment","Bag of Preparation","AT_MibuBalloonWealth","Dota2Spire:Vanguard","FossilizedHelix","AT_DeathDance","AT_ArchangelStaff","Dota2Spire:EchoSabre","AT_PhaseBoots","CaptainsWheel","CombinedTypeHook","StrikeDummy","Centennial Puzzle","Mercury Hourglass","Akabeko","SynthV:C4","AT_EbonyIvory","Dota2Spire:MagicBottle","Lizard Tail","Dota2Spire:CrimsonGuard","Mango","InkBottle","Du-Vu Doll","Gambling Chip","Lantern","Dota2Spire:ShadowBlade","Dota2Spire:ArcaneBoots","Oddly Smooth Stone","Dota2Spire:ArmletOfMordiggian","AT_RedTearstoneRing","Dota2Spire:BladeMail","Cables","Kunai","Bag of Marbles","Ice Cream","Nunchaku","AT_LudenTempest","Dota2Spire:AghanimScepter","TungstenRod","Torii","Bird Faced Urn","Dota2Spire:OrchidMalevolence","Bronze Scales","Toy Ornithopter","Dota2Spire:LotusOrb","Mummified Hand","Blood Vial","AT_RabadonDeathcap","Dota2Spire:PowerTreads","Dota2Spire:HandOfMidas","Gremlin Horn","Orichalcum","Dota2Spire:MantaStyle","HornCleat","Bottled Flame","War Paint","DaCapo","AT_ChloranthyRing","Turnip","Pocketwatch","Blue Candle","Dota2Spire:EyeOfSkadi","Dota2Spire:MonkeyKingBar","Dota2Spire:Desolator","AT_SunfireAegis","Whetstone","AT_BladeRuinedKing","MostiFishMod:Haymaker","Emotion Chip","Dota2Spire:MaskOfMadness","Sundial","Calipers","Dota2Spire:BattleFury","AT_BellDemon","Symbiotic Virus","White Beast Statue","AT_ImmortalShieldbow","AT_TheCollector","Ginger","Dota2Spire:DivineRapier","AT_SilvercatRing","ArrowTower","Eternal Feather","Dota2Spire:Butterfly","Dota2Spire:HeartOfTarrasque","Letter Opener","Pear","Dota2Spire:AssaultCuirass","Ornamental Fan","Dota2Spire:BlackKingBar","SentryEyes","Dota2Spire:Satanic","Dota2Spire:Mjollnir","Incense Burner","AT_GoldPhoenixTree","BionicSphere","Unceasing Top","StoneCalendar","AT_Manta","AT_GuinsooRageblade","Circlet"],"acts_visited":["Exordium","Hallownest:Greenpath","Hallownest:CityofTears","TheEnding"],"potions_floor_usage":[56],"damage_taken":[{"damage":0,"enemies":"Hallownest:monsterHuskWarrior","floor":1,"turns":4},{"damage":8,"enemies":"Hallownest:2_Tiktiks_and_1_Crawlid","floor":4,"turns":4},{"damage":0,"enemies":"Hallownest:monsterHuskGuard","floor":5,"turns":3},{"damage":19,"enemies":"Hallownest:eliteCrystalGuardian","floor":6,"turns":4},{"damage":15,"enemies":"Hallownest:2_Tiktiks_1_Baldur_1_Crawlid","floor":8,"turns":4},{"damage":4,"enemies":"Hallownest:1_Baldur_1_Crawlid_1_Warrior","floor":11,"turns":4},{"damage":0,"enemies":"Hallownest:eliteVengeflyKing","floor":12,"turns":5},{"damage":9,"enemies":"Hallownest:1_Ooma_and_2_Uuma","floor":13,"turns":7},{"damage":0,"enemies":"Hallownest:eliteMossKnight","floor":14,"turns":6},{"damage":1,"enemies":"Hallownest:BossBrokenVessel","floor":16,"turns":10},{"damage":0,"enemies":"Hallownest:Flukemon_and_Top","floor":18,"turns":3},{"damage":2,"enemies":"Hallownest:3_Youths","floor":20,"turns":4},{"damage":2,"enemies":"Hallownest:Warrior_and_Youth","floor":22,"turns":4},{"damage":0,"enemies":"Hallownest:Nosk","floor":23,"turns":7},{"damage":6,"enemies":"Hallownest:Glutton_and_Coward","floor":24,"turns":4},{"damage":0,"enemies":"Hallownest:eliteWatcherKnight","floor":27,"turns":7},{"damage":0,"enemies":"Hallownest:Nosk","floor":30,"turns":4},{"damage":11,"enemies":"Hallownest:2_Husk_Sentries","floor":31,"turns":3},{"damage":17,"enemies":"Hallownest:BossMantisLord","floor":33,"turns":3},{"damage":8,"enemies":"Hallownest:3_Siblings","floor":35,"turns":4},{"damage":0,"enemies":"Hallownest:Shield_Heavy","floor":36,"turns":3},{"damage":0,"enemies":"Hallownest:2_Great","floor":38,"turns":4},{"damage":28,"enemies":"Hallownest:StalkingDevout","floor":40,"turns":3},{"damage":0,"enemies":"Hallownest:eliteHiveKnight","floor":44,"turns":2},{"damage":0,"enemies":"Hallownest:monsterPrimalAspid","floor":45,"turns":2},{"damage":0,"enemies":"Hallownest:StalkingDevout","floor":46,"turns":2},{"damage":0,"enemies":"Hallownest:Slobbering_and_Violent","floor":47,"turns":2},{"damage":0,"enemies":"Hallownest:2_Great","floor":48,"turns":2},{"damage":0,"enemies":"Hallownest:Radiance","floor":50,"turns":2},{"damage":0,"enemies":"Hallownest:BossHollowKnight","floor":51,"turns":2},{"damage":0,"enemies":"Shield and Spear","floor":55,"turns":1},{"damage":0,"enemies":"The Heart","floor":56,"turns":4}],"seed_played":"168370483495440627","potions_obtained":[{"floor":4,"key":"Energy Potion"},{"floor":5,"key":"LiquidMemories"}],"is_trial":false,"path_per_floor":["M","?","?","M","M","E","R","M","T","R","M","E","M","E","R","B",null,"M","$","M","?","M","E","M","R","T","E","?","R","E","M","R","B",null,"M","M","?","M","$","E","?","R","T","E","M","E","M","M","R","B","B",null,"R","$","E","B",null],"character_chosen":"DEFECT","items_purchased":["Membership Card","DollysMirror","Redo","Bottled Lightning","Double Energy","DiscerningMonocle","OrangePellets","AT_ForceNature","AT_BellowingDragoncrestRing","Dota2Spire:DrumOfEndurance","Pantograph","Vajra","AT_Kusabimaru","Dota2Spire:EtherealBlade","DataDisk","Pen Nib","ImprovedEquipment","Bag of Preparation","AT_MibuBalloonWealth","Dota2Spire:Vanguard","FossilizedHelix","AT_DeathDance","AT_ArchangelStaff","Dota2Spire:EchoSabre","AT_SpeedBoots","CaptainsWheel","CombinedTypeHook","StrikeDummy","Centennial Puzzle","Mercury Hourglass","Akabeko","SynthV:C4","AT_EbonyIvory","Dota2Spire:MagicBottle","Lizard Tail","Dota2Spire:CrimsonGuard","Mango","InkBottle","Du-Vu Doll","Gambling Chip","Lantern","Dota2Spire:ShadowBlade","Dota2Spire:ArcaneBoots","Oddly Smooth Stone","Dota2Spire:ArmletOfMordiggian","AT_RedTearstoneRing","Dota2Spire:BladeMail","Cables","Kunai","Bag of Marbles","Ice Cream","Nunchaku","AT_LudenTempest","Dota2Spire:AghanimScepter","TungstenRod","Torii","Bird Faced Urn","Dota2Spire:OrchidMalevolence","Bronze Scales","Toy Ornithopter","Dota2Spire:LotusOrb","Mummified Hand","Blood Vial","AT_RabadonDeathcap","Dota2Spire:PowerTreads","Dota2Spire:HandOfMidas","Gremlin Horn","Orichalcum","Dota2Spire:MantaStyle","HornCleat","Bottled Flame","War Paint","DaCapo","AT_ChloranthyRing","Turnip","Pocketwatch","Blue Candle","Dota2Spire:EyeOfSkadi","Dota2Spire:MonkeyKingBar","Dota2Spire:Desolator","AT_SunfireAegis","Whetstone","AT_BladeRuinedKing","MostiFishMod:Haymaker","Emotion Chip","Dota2Spire:MaskOfMadness","Sundial","Calipers","Dota2Spire:BattleFury","AT_BellDemon","Symbiotic Virus","White Beast Statue","AT_ImmortalShieldbow","AT_TheCollector","Ginger","Dota2Spire:DivineRapier","AT_SilvercatRing","ArrowTower","Eternal Feather","Dota2Spire:Butterfly","Dota2Spire:HeartOfTarrasque","Letter Opener","Pear","Dota2Spire:AssaultCuirass","Ornamental Fan","Dota2Spire:BlackKingBar","SentryEyes","Dota2Spire:Satanic","Dota2Spire:Mjollnir","Incense Burner","AT_GoldPhoenixTree","BionicSphere","Unceasing Top","StoneCalendar","AT_Manta","BlessingOfTheForge","LiquidBronze","Energy Potion","CultistPotion","PowerPotion","AT_GuinsooRageblade"],"campfire_rested":3,"item_purchase_floors":[19,19,19,39,39,54,54,54,54,54,54,54,54,54,54,54,54,54,54,54,54,54,54,54,54,54,54,54,54,54,54,54,54,54,54,54,54,54,54,54,54,54,54,54,54,54,54,54,54,54,54,54,54,54,54,54,54,54,54,54,54,54,54,54,54,54,54,54,54,54,54,54,54,54,54,54,54,54,54,54,54,54,54,54,54,54,54,54,54,54,54,54,54,54,54,54,54,54,54,54,54,54,54,54,54,54,54,54,54,54,54,54,54,54,54,54,54,54,54,54,54],"current_hp_per_floor":[78,78,78,70,70,51,51,36,36,61,57,64,55,55,55,54,83,83,83,81,81,79,79,73,92,92,92,92,92,92,81,92,75,88,80,80,80,80,80,52,52,52,52,54,54,56,58,58,58,58,58,88,88,125,131,135],"gold":606,"neow_bonus":"TWENTY_PERCENT_HP_BONUS","is_daily":false,"chose_seed":false,"campfire_upgraded":5,"win_rate":0.0,"timestamp":1611487283,"path_taken":["M","?","?","M","M","E","R","M","T","R","M","E","?","E","R","BOSS","M","$","M","?","M","E","M","R","T","E","?","R","E","M","R","BOSS","M","M","?","M","$","E","?","R","T","E","M","E","M","M","R","BOSS","BOSS","R","$","E","BOSS"],"items_purchased_type":["Relic","Relic","Card","Relic","Card","Relic","Relic","Relic","Relic","Relic","Relic","Relic","Relic","Relic","Relic","Relic","Relic","Relic","Relic","Relic","Relic","Relic","Relic","Relic","Relic","Relic","Relic","Relic","Relic","Relic","Relic","Relic","Relic","Relic","Relic","Relic","Relic","Relic","Relic","Relic","Relic","Relic","Relic","Relic","Relic","Relic","Relic","Relic","Relic","Relic","Relic","Relic","Relic","Relic","Relic","Relic","Relic","Relic","Relic","Relic","Relic","Relic","Relic","Relic","Relic","Relic","Relic","Relic","Relic","Relic","Relic","Relic","Relic","Relic","Relic","Relic","Relic","Relic","Relic","Relic","Relic","Relic","Relic","Relic","Relic","Relic","Relic","Relic","Relic","Relic","Relic","Relic","Relic","Relic","Relic","Relic","Relic","Relic","Relic","Relic","Relic","Relic","Relic","Relic","Relic","Relic","Relic","Relic","Relic","Relic","Relic","Relic","Relic","Relic","Relic","Potion","Potion","Potion","Potion","Potion","Relic"],"build_version":"2020-12-22","purchased_purges":3,"victory":true,"max_hp_per_floor":[85,85,85,85,85,85,85,85,85,85,85,92,92,92,92,92,92,92,92,92,92,92,92,92,92,92,92,92,92,92,92,92,92,92,92,92,92,92,92,92,92,92,92,94,94,96,98,98,98,98,98,98,98,135,135,135],"card_choices":[{"not_picked":["Steam","MostiFishMod:Impulse","Stack"],"picked":"SKIP","floor":1},{"not_picked":["Conserve Battery","Hologram","Go for the Eyes","Chaos"],"picked":"Sunder","floor":4},{"not_picked":["Rebound","Fusion","Go for the Eyes","Coolheaded"],"picked":"Ball Lightning","floor":5},{"not_picked":["Stack","MostiFishMod:StarOceanB","AT_RobotInSpace","Redo"],"picked":"Skim","floor":6},{"not_picked":["Blizzard","AT_HeatAcrobatics","Beam Cell","Go for the Eyes","Cold Snap"],"picked":"SKIP","floor":8},{"not_picked":["Barrage","Turbo","AT_EMC2","Sweeping Beam"],"picked":"Glacier","floor":11},{"not_picked":["Auto Shields","AT_HeatAcrobatics","Steam","MostiFishMod:FluxCapactior"],"picked":"White Noise","floor":12},{"not_picked":["AT_HeatAcrobatics","Leap","BootSequence","Reinforced Body","Ball Lightning"],"picked":"SKIP","floor":13},{"not_picked":["MostiFishMod:Nova","FTL","Go for the Eyes","Blizzard"],"picked":"MostiFishMod:Prepare","floor":14},{"not_picked":["MostiFishMod:DeathFromBelow","MostiFishMod:Tomorrow","MostiFishMod:StarOceanB","MostiFishMod:DawningShadow"],"picked":"Meteor Strike","floor":16},{"not_picked":["Beam Cell","Darkness","Sunder+1","Loop+1"],"picked":"Coolheaded","floor":18},{"not_picked":["Redo","Glacier","AT_ThunderBolt+1","Tempest"],"picked":"Hologram","floor":20},{"not_picked":["Barrage","Steam Power","Cold Snap+1","Rebound"],"picked":"Defragment","floor":22},{"not_picked":["AT_WarpDrive","Steam","Rebound","Sweeping Beam"],"picked":"Capacitor","floor":23},{"not_picked":["Fission","Reprogram","Ball Lightning","Hologram","Auto Shields"],"picked":"SKIP","floor":24},{"not_picked":["MostiFishMod:PushDownKick","Compile Driver+1","Darkness","Reprogram+1"],"picked":"Seek","floor":27},{"not_picked":["Leap","Conserve Battery","Stack","Rip and Tear+1"],"picked":"Defragment","floor":30},{"not_picked":["Rebound","Gash","Streamline","Compile Driver"],"picked":"Fusion","floor":31},{"not_picked":["Meteor Strike","Buffer","Electrodynamics","Thunder Strike"],"picked":"MostiFishMod:TalkingToTheRain","floor":33},{"not_picked":["Stack","Leap","Compile Driver+1","Consume"],"picked":"MostiFishMod:GatherIntelligence+1","floor":35},{"not_picked":["Leap","MostiFishMod:PushDownKick+1","Stack+1","Sweeping Beam","Rebound+1"],"picked":"SKIP","floor":36},{"not_picked":["Hello World+1","Capacitor","Consume+1","Sweeping Beam+1"],"picked":"Turbo","floor":38},{"not_picked":["Static Discharge+1","Stack+1","Barrage","Redo+1","MostiFishMod:StrandedSiren"],"picked":"SKIP","floor":40},{"not_picked":["Static Discharge+1","Stack+1","Barrage","MostiFishMod:StrandedSiren"],"picked":"Redo+1","floor":40},{"not_picked":["BootSequence","Glacier","Redo","Steam","Beam Cell+1"],"picked":"Singing Bowl","floor":44},{"not_picked":["Cold Snap","Hologram","Conserve Battery","Barrage+1"],"picked":"White Noise","floor":45},{"not_picked":["Compile Driver","AT_HeatAcrobatics+1","BootSequence","Chaos+1","MostiFishMod:Tomorrow"],"picked":"Singing Bowl","floor":46},{"not_picked":["Streamline+1","Compile Driver","Conserve Battery+1","MostiFishMod:Impulse","Stack"],"picked":"Singing Bowl","floor":47},{"not_picked":["Beam Cell","Cold Snap","Darkness+1","Redo"],"picked":"Chill+1","floor":48},{"not_picked":["AT_HeatAcrobatics","Turbo","Static Discharge","Go for the Eyes"],"picked":"Fission","floor":55}],"player_experience":378709,"relics_obtained":[{"floor":1,"key":"SynthV:TestCard"},{"floor":6,"key":"Dota2Spire:LinkenSphere"},{"floor":12,"key":"Strawberry"},{"floor":14,"key":"Thread and Needle"},{"floor":23,"key":"Bottled Tornado"},{"floor":26,"key":"Dota2Spire:PhaseBoots"},{"floor":27,"key":"Boot"},{"floor":30,"key":"Anchor"},{"floor":40,"key":"Dota2Spire:ShivaGuard"},{"floor":43,"key":"The Courier"},{"floor":44,"key":"Singing Bowl"},{"floor":46,"key":"OriginationStaff"},{"floor":55,"key":"Circlet"}],"event_choices":[],"is_beta":false,"boss_relics":[{"not_picked":["JellyFishMachine","TakeMeEscape"],"picked":"xbg"},{"not_picked":["MoonlightInvasionPlan","AT_MortalBlade"],"picked":"ChiXiaoBlade"}],"items_purged_floors":[19,39,54],"is_endless":false,"potions_floor_spawned":[4,5,11,14,16,22,27,30,44,46,47,48,55],"ascension_level":20}}