{"host":"9viy3memdfgcf4vy","time":1611515941,"event":{"mods":["BaseMod","Colored Map","Downfall","Minty Spire (QoL Compilation)","StSLib"],"gold_per_floor":[99,118,135,151,301,326,350,369,397,297,317,332,332,46,63,165,165,165,183,183,183,196,33,33,63,63,81,115,168,186,216,226,331,331,131,143,143,143,189,200,200,232,80,80,80,107,107,124,134,134,134,134],"floor_reached":50,"language":"ENG","playtime":3922,"items_purged":["downfall:Icky","downfall:Bewildered"],"score":711,"play_id":"a9f8b223-9430-4d1c-af15-bb5a46f2ee8c","local_time":"20210124211901","is_ascension_mode":true,"campfire_choices":[{"floor":1,"key":"RECALL"},{"floor":10,"key":"REST"},{"floor":13,"key":"REST"},{"data":"champ:TripleStrike","floor":18,"key":"SMITH"},{"data":"champ:FanOfKnives","floor":26,"key":"SMITH"},{"data":"Apotheosis","floor":35,"key":"SMITH"},{"data":"champ:Improvising","floor":44,"key":"SMITH"},{"data":"champ:Strike","floor":47,"key":"PURGE"}],"circlet_count":0,"master_deck":["champ:Strike+1","champ:Strike","champ:Strike+1","champ:Defend","champ:Defend+1","champ:Defend","champ:Execute","champ:Taunt","champ:FaceSlap","champ:FocusedBerserking","champ:StanceDance","champ:GutPunch","champ:StanceDance","champ:ArenaPreparation","champ:RageSigil","champ:TripleStrike+1","champ:PreciseThrust","champ:FanOfKnives+1","champ:AdrenalArmor+1","champ:Duel","Apotheosis+1","champ:PreciseThrust+1","champ:CalledShot","champ:Improvising+1","champ:StanceDance","expansioncontent:AwakenDeath","champ:FanOfKnives","champ:EnragedBash+1"],"relics":["SacredBark","Nunchaku","Vajra","Happy Flower","downfall:HeartBlessingRed","Bag of Marbles","Velvet Choker","sneckomod:BabySnecko","champ:BerserkersGuideToSlaughter","Whetstone","HornCleat","champ:DefensiveTrainingManual","Prayer Wheel","Philosopher\u0027s Stone","downfall:HeartBlessingGreen","downfall:HeartBlessingBlue","Omamori","Torii","Thread and Needle","champ:FightingForDummies","PreservedInsect","Peace Pipe"],"acts_visited":["Exordium","TheCity","TheBeyond"],"potions_floor_usage":[9,9,12,16,25,28,31,31,31,33,39,50],"damage_taken":[{"damage":15,"enemies":"Cultist","floor":2,"turns":5},{"damage":10,"enemies":"Small Slimes","floor":3,"turns":3},{"damage":18,"enemies":"Jaw Worm","floor":4,"turns":5},{"damage":70,"enemies":"3 Sentries","floor":6,"turns":10},{"damage":19,"enemies":"Red Slaver","floor":8,"turns":5},{"damage":31,"enemies":"Lagavulin","floor":9,"turns":6},{"damage":42,"enemies":"Exordium Thugs","floor":11,"turns":4},{"damage":10,"enemies":"Large Slime","floor":12,"turns":2},{"damage":15,"enemies":"downfall:FleeingMerchant","floor":14,"turns":4},{"damage":9,"enemies":"2 Fungi Beasts","floor":15,"turns":2},{"damage":68,"enemies":"SI_SHIV_ARCHETYPE","floor":16,"turns":5},{"damage":46,"enemies":"Spheric Guardian","floor":19,"turns":4},{"damage":2,"enemies":"Shell Parasite","floor":22,"turns":2},{"damage":35,"enemies":"downfall:FleeingMerchant","floor":23,"turns":4},{"damage":6,"enemies":"Gremlin Leader","floor":25,"turns":3},{"damage":20,"enemies":"3 Cultists","floor":27,"turns":2},{"damage":35,"enemies":"Slavers","floor":28,"turns":3},{"damage":45,"enemies":"downfall:FleeingMerchant","floor":29,"turns":4},{"damage":25,"enemies":"Cultist and Chosen","floor":30,"turns":4},{"damage":10,"enemies":"Book of Stabbing","floor":31,"turns":2},{"damage":25,"enemies":"Centurion and Healer","floor":32,"turns":3},{"damage":59,"enemies":"WA_ARCHETYPE_CALM","floor":33,"turns":5},{"damage":16,"enemies":"Orb Walker","floor":36,"turns":2},{"damage":12,"enemies":"2 Orb Walkers","floor":39,"turns":2},{"damage":10,"enemies":"3 Shapes","floor":40,"turns":2},{"damage":40,"enemies":"Reptomancer","floor":42,"turns":4},{"damage":27,"enemies":"Nemesis","floor":46,"turns":3},{"damage":1,"enemies":"Jaw Worm Horde","floor":48,"turns":3},{"damage":45,"enemies":"Transient","floor":49,"turns":5},{"damage":91,"enemies":"DF_ARCHETYPE_ORBS","floor":50,"turns":3}],"seed_played":"-959388820510202345","potions_obtained":[{"floor":4,"key":"Strength Potion"},{"floor":6,"key":"ColorlessPotion"},{"floor":9,"key":"Fire Potion"},{"floor":12,"key":"bronze:BurnAndBuffPotion"},{"floor":15,"key":"DistilledChaos"},{"floor":16,"key":"Energy Potion"},{"floor":27,"key":"EntropicBrew"},{"floor":30,"key":"Strength Potion"},{"floor":32,"key":"CultistPotion"},{"floor":33,"key":"CultistPotion"},{"floor":36,"key":"LiquidMemories"},{"floor":42,"key":"champ:TechniquePotion"}],"is_trial":false,"path_per_floor":["R","M","M","M","?","E","T","M","E","R","M","M","R","$","M","B",null,"R","M","?","?","M","$","T","E","R","M","E","$","M","E","M","B",null,"R","M","?","?","?","M","T","E","$","R","?","E","R","M","M","B"],"character_chosen":"THE_CHAMP","items_purchased":["Bag of Marbles","champ:RageSigil","Whetstone","Apotheosis","PreservedInsect"],"campfire_rested":2,"item_purchase_floors":[14,14,23,29,43],"current_hp_per_floor":[90,85,85,82,82,42,42,33,17,44,17,17,44,44,40,12,90,90,74,74,74,72,72,72,76,76,86,76,86,90,90,90,90,90,100,100,100,100,93,100,100,85,85,85,77,70,70,79,89,0,0,0],"gold":134,"neow_bonus":"BOSS_RELIC","is_daily":false,"chose_seed":false,"campfire_upgraded":4,"win_rate":0.0,"timestamp":1611515941,"path_taken":["R","M","M","?","?","E","T","M","E","R","M","M","R","$","M","BOSS","R","M","?","?","M","?","T","E","R","M","E","$","?","E","M","BOSS","R","M","?","?","?","M","T","E","$","R","?","E","R","?","M","BOSS"],"items_purchased_type":["Relic","Card","Relic","Card","Relic"],"build_version":"2020-12-22","purchased_purges":2,"victory":false,"max_hp_per_floor":[90,90,90,90,90,90,90,90,90,90,90,90,90,90,90,90,90,90,90,90,90,90,90,90,90,90,90,90,90,90,90,90,90,90,100,100,100,100,100,100,100,100,100,100,100,100,100,100,100,100,100,100],"card_choices":[{"not_picked":["champ:BringItOn","champ:TornadoPunch"],"picked":"champ:FaceSlap","floor":2},{"not_picked":["champ:Backstep","champ:FalseCounter","champ:Shatter"],"picked":"SKIP","floor":3},{"not_picked":["champ:Backstep","champ:FlashCut"],"picked":"champ:FocusedBerserking","floor":4},{"not_picked":["champ:SetATrap","champ:DancingMaster","champ:IronFortress"],"picked":"SKIP","floor":6},{"not_picked":["champ:EnGarde","champ:PreemptiveStrike"],"picked":"champ:StanceDance","floor":8},{"not_picked":["champ:BladeFlurry","champ:FaceSlap"],"picked":"champ:GutPunch","floor":9},{"not_picked":["champ:BerserkersShout","champ:EndlessRage"],"picked":"champ:StanceDance","floor":11},{"not_picked":["champ:TornadoPunch","champ:RisingSlash","champ:FaceSlap"],"picked":"SKIP","floor":12},{"not_picked":["champ:Endure","champ:Lariat"],"picked":"champ:ArenaPreparation","floor":14},{"not_picked":["champ:PreemptiveStrike","champ:GutPunch","champ:FlashCut"],"picked":"SKIP","floor":15},{"not_picked":["champ:EnchantSword","champ:DancingMaster"],"picked":"champ:TripleStrike","floor":16},{"not_picked":["champ:RecklessLeap","champ:FlashCut"],"picked":"champ:PreciseThrust","floor":19},{"not_picked":["champ:FlashCut","champ:DefensiveShout"],"picked":"champ:FanOfKnives","floor":22},{"not_picked":["champ:EnGarde+1","champ:PerfectedStrike","champ:Haymaker"],"picked":"SKIP","floor":23},{"not_picked":["champ:ShieldSlam","champ:Backstep","champ:Circumvent+1"],"picked":"SKIP","floor":25},{"not_picked":["champ:BerserkerStyle+1","champ:DefensiveShout","champ:SkillfulDodge"],"picked":"SKIP","floor":27},{"not_picked":["champ:FalseCounter","champ:SkillfulDodge"],"picked":"champ:AdrenalArmor+1","floor":28},{"not_picked":["champ:IgnorePain","champ:BerserkersShout"],"picked":"champ:Duel","floor":29},{"not_picked":["champ:CalledShot","champ:PerfectedStrike"],"picked":"champ:PreciseThrust+1","floor":30},{"not_picked":["champ:GutPunch","champ:RageSigil","champ:Parry"],"picked":"SKIP","floor":31},{"not_picked":["champ:BladeFlurry+1","champ:Circumvent"],"picked":"champ:CalledShot","floor":32},{"not_picked":["champ:Backstep","champ:DefensiveShout+1","champ:EnGarde"],"picked":"SKIP","floor":32},{"not_picked":["champ:EnchantShield","champ:EnchantSword"],"picked":"champ:Improvising","floor":33},{"not_picked":["champ:GutPunch+1","champ:DefensiveShout"],"picked":"champ:StanceDance","floor":36},{"not_picked":["champ:Haymaker","champ:FaceSlap","champ:BerserkersShout+1"],"picked":"SKIP","floor":36},{"not_picked":["expansioncontent:PolyBeam","expansioncontent:Hexaburn"],"picked":"expansioncontent:AwakenDeath","floor":37},{"not_picked":["champ:TornadoPunch","champ:Backstep"],"picked":"champ:FanOfKnives","floor":40},{"not_picked":["champ:StanceDance","champ:PerfectedStrike+1","champ:AdrenalArmor+1"],"picked":"SKIP","floor":40},{"not_picked":["champ:Haymaker+1","champ:TornadoPunch+1","champ:BladeFlurry+1"],"picked":"SKIP","floor":42},{"not_picked":["champ:RageSigil","champ:StanceDance"],"picked":"champ:EnragedBash+1","floor":46},{"not_picked":["champ:SetATrap+1","champ:CalledShot+1","champ:SteelEdge"],"picked":"SKIP","floor":48},{"not_picked":["champ:GutPunch+1","champ:DefensiveShout","champ:EndlessRage+1"],"picked":"SKIP","floor":48},{"not_picked":["champ:FancyFootwork","champ:PerfectedStrike+1","champ:Parry+1"],"picked":"SKIP","floor":49},{"not_picked":["champ:FlashCut","champ:StanceDance","champ:ShieldSigil+1"],"picked":"SKIP","floor":49}],"player_experience":387689,"relics_obtained":[{"floor":6,"key":"Nunchaku"},{"floor":7,"key":"Vajra"},{"floor":9,"key":"Happy Flower"},{"floor":25,"key":"HornCleat"},{"floor":28,"key":"champ:DefensiveTrainingManual"},{"floor":31,"key":"Prayer Wheel"},{"floor":38,"key":"Omamori"},{"floor":39,"key":"Torii"},{"floor":41,"key":"Thread and Needle"},{"floor":42,"key":"champ:FightingForDummies"},{"floor":46,"key":"Peace Pipe"}],"event_choices":[{"damage_healed":0,"gold_gain":0,"player_choice":"Fight","damage_taken":0,"max_hp_gain":0,"max_hp_loss":0,"event_name":"Mysterious Sphere","floor":39,"gold_loss":0}],"is_beta":false,"boss_relics":[{"not_picked":["Pandora\u0027s Box","Coffee Dripper"],"picked":"Velvet Choker"},{"not_picked":["Runic Pyramid","expansioncontent:StudyCardRelic"],"picked":"Philosopher\u0027s Stone"}],"items_purged_floors":[14,29],"is_endless":false,"potions_floor_spawned":[4,6,9,12,15,16,27,30,32,33,36,42,46],"killed_by":"DF_ARCHETYPE_ORBS","ascension_level":4}}