{"host":"w8hjdfrntrrvtiu5","time":1611459909,"event":{"mods":["AchievementEnabler","BaseMod","BetterRewards","Conspire","Hubris","Marisa????????","Minty Spire (QoL Compilation)","Shop Mod","StSLib","Td1madao Mod","The Animator","egg","everything is the same but u backflip on backflip"],"gold_per_floor":[112,112,112,112,125,125,125,125,150,176,191,191,206,223,223,223,223],"floor_reached":16,"language":"ENG","playtime":340,"items_purged":[],"score":175,"play_id":"1c9c1072-4e8e-4a08-a0c5-c7e1ae0817f6","local_time":"20210123224509","is_ascension_mode":true,"campfire_choices":[{"data":"Consume","floor":6.0,"key":"SMITH"},{"data":"Multi-Cast","floor":8.0,"key":"SMITH"},{"floor":12.0,"key":"REST"},{"floor":15.0,"key":"REST"}],"circlet_count":0,"master_deck":["AscendersBane","Strike_B","Strike_B","Strike_B","Strike_B","Defend_B","Defend_B","Defend_B","Zap","Dualcast","Multi-Cast+1","Redo","Consume+1","Leap","Defragment","Barrage","Conserve Battery"],"relics":["Cracked Core","hubris:Towel","Mummified Hand","Anchor","DataDisk","Gambling Chip"],"acts_visited":["Exordium"],"potions_floor_usage":[],"damage_taken":[{"damage":7.0,"enemies":"Jaw Worm","floor":1.0,"turns":3.0},{"damage":10.0,"enemies":"Small Slimes","floor":5.0,"turns":2.0},{"damage":25.0,"enemies":"Gremlin Nob","floor":10.0,"turns":4.0},{"damage":0.0,"enemies":"2 Louse","floor":11.0,"turns":2.0},{"damage":8.0,"enemies":"Blue Slaver","floor":13.0,"turns":3.0},{"damage":5.0,"enemies":"Exordium Thugs","floor":14.0,"turns":3.0},{"damage":38,"enemies":"Slime Boss","floor":16,"turns":6}],"seed_played":"1451075761860328508","potions_obtained":[{"floor":1.0,"key":"FearPotion"},{"floor":10.0,"key":"SpeedPotion"}],"is_trial":false,"path_per_floor":["M","?","?","T","M","R","T","R","T","E","M","R","M","M","R","B"],"character_chosen":"DEFECT","items_purchased":[],"campfire_rested":2,"item_purchase_floors":[],"current_hp_per_floor":[57,50,50,50,40,40,40,40,40,15,15,36,28,23,44,6,6],"gold":223,"neow_bonus":"ONE_RANDOM_RARE_CARD","is_daily":false,"chose_seed":false,"campfire_upgraded":2,"win_rate":0.0,"timestamp":1611459909,"path_taken":["M","?","?","?","M","R","?","R","T","E","?","R","M","M","R","BOSS"],"items_purchased_type":[],"build_version":"2020-12-22","purchased_purges":0,"victory":false,"max_hp_per_floor":[71,71,71,71,71,71,71,71,71,71,71,71,71,71,71,71,71],"card_choices":[{"not_picked":["Sunder","Stack"],"picked":"Redo","floor":1.0},{"not_picked":["Heatsinks","conspire:Rain"],"picked":"Consume","floor":5.0},{"not_picked":["Sweeping Beam","Steam"],"picked":"Leap","floor":10.0},{"not_picked":["Hologram","hubris:Ukulele"],"picked":"Defragment","floor":11.0},{"not_picked":["hubris:Ukulele","Compile Driver"],"picked":"Barrage","floor":13.0},{"not_picked":["hubris:SpecializedCircuitry","Barrage"],"picked":"Conserve Battery","floor":14.0}],"player_experience":2402205,"relics_obtained":[{"floor":4.0,"key":"Mummified Hand"},{"floor":7.0,"key":"Anchor"},{"floor":9.0,"key":"DataDisk"},{"floor":10.0,"key":"Gambling Chip"}],"event_choices":[{"cards_removed":["Defend_B"],"damage_healed":0.0,"max_hp_gain":0.0,"max_hp_loss":0.0,"gold_gain":0.0,"event_name":"Golden Wing","player_choice":"Card Removal","floor":2.0,"gold_loss":0.0,"damage_taken":7.0}],"is_beta":false,"boss_relics":[],"items_purged_floors":[],"is_endless":false,"potions_floor_spawned":[1,10,11],"killed_by":"Slime Boss","ascension_level":15}}