{"host":"c52z9ixzgdjttcmx","time":1611465632,"event":{"mods":["BaseMod","Colored Powertips","Downfall","Filter the Spire","Minty Spire (QoL Compilation)","Rare Cards Sparkle","Relic Stats","StSLib"],"gold_per_floor":[99,99,99,99,99,99,122,136,153,171,185,18,18,38,49,49,49,49],"floor_reached":16,"language":"ENG","playtime":895,"items_purged":[],"score":92,"play_id":"e2be340b-a256-4318-b855-cd140b5b3334","local_time":"20210123232032","is_ascension_mode":false,"campfire_choices":[{"data":"Guardian:TwinSlam","floor":1,"key":"SMITH"},{"data":"Guardian:Incinerate","floor":6,"key":"SMITH"}],"circlet_count":0,"master_deck":["Guardian:Strike_Guardian","Guardian:Strike_Guardian","Guardian:Strike_Guardian","Guardian:Strike_Guardian","Guardian:Defend_Guardian","Guardian:Defend_Guardian","Guardian:Defend_Guardian","Guardian:Defend_Guardian","Guardian:CurlUp+1","Guardian:TwinSlam+1","Guardian:GuardianWhirl","Regret","Guardian:Incinerate+1","Guardian:StasisField","Guardian:Recover","Guardian:PrimingBeam","Guardian:Gem_Lightblue","Guardian:VentSteam","Guardian:TimeBomb","Guardian:SphericShield","Guardian:Gem_Blue","Guardian:PrismaticBeam","Guardian:Gem_Red","Guardian:TemporalShield","Guardian:DecasProtection","Guardian:PiercingHide","Guardian:VentSteam"],"relics":["Guardian:ModeShifter","downfall:HeartsMalice","Prayer Wheel","Potion Belt","Membership Card"],"acts_visited":["Exordium"],"potions_floor_usage":[],"damage_taken":[{"damage":0,"enemies":"2 Louse","floor":2,"turns":1},{"damage":0,"enemies":"Cultist","floor":4,"turns":1},{"damage":0,"enemies":"Jaw Worm","floor":5,"turns":1},{"damage":5,"enemies":"3 Louse","floor":8,"turns":5},{"damage":19,"enemies":"Exordium Thugs","floor":9,"turns":6},{"damage":9,"enemies":"3 Louse","floor":10,"turns":5},{"damage":13,"enemies":"Lots of Slimes","floor":11,"turns":4},{"damage":6,"enemies":"downfall:FleeingMerchant","floor":12,"turns":4},{"damage":10,"enemies":"Blue Slaver","floor":14,"turns":3},{"damage":8,"enemies":"Exordium Thugs","floor":15,"turns":8},{"damage":17,"enemies":"IC_STATUS_ARCHETYPE","floor":16,"turns":4}],"seed_played":"1237819356749648081","potions_obtained":[{"floor":8,"key":"Guardian:DefensiveModePotion"},{"floor":10,"key":"GamblersBrew"},{"floor":11,"key":"sneckomod:MuddlingPotion"},{"floor":14,"key":"champ:CounterPotion"}],"is_trial":false,"path_per_floor":["R","M","?","M","M","R","T","M","M","M","M","$","?","M","M","B"],"character_chosen":"GUARDIAN","items_purchased":["Membership Card"],"campfire_rested":0,"item_purchase_floors":[12],"current_hp_per_floor":[80,80,80,80,80,80,80,75,56,47,34,28,28,18,10,0,0,0],"gold":49,"neow_bonus":"THREE_ENEMY_KILL","is_daily":false,"chose_seed":false,"campfire_upgraded":2,"win_rate":0.0,"timestamp":1611465632,"path_taken":["R","M","?","M","M","R","T","M","M","M","M","$","?","M","M","BOSS"],"items_purchased_type":["Relic"],"build_version":"2020-12-22","purchased_purges":0,"victory":false,"max_hp_per_floor":[80,80,80,80,80,80,80,80,80,80,80,80,80,80,80,80,80,80],"relic_stats":{"counters":[11,39],"Prayer Wheel":8,"obtain_stats":[{"Potion Belt":7,"Guardian:ModeShifter":0,"downfall:HeartsMalice":0,"Prayer Wheel":3,"Membership Card":12},{"Potion Belt":3,"Guardian:ModeShifter":0,"downfall:HeartsMalice":0,"Prayer Wheel":1,"Membership Card":8},{"Potion Belt":0,"Guardian:ModeShifter":0,"downfall:HeartsMalice":0,"Prayer Wheel":0,"Membership Card":24}]},"card_choices":[{"not_picked":["Guardian:ShieldSpikes","Guardian:CrystalBeam"],"picked":"Guardian:GuardianWhirl","floor":2},{"not_picked":["Guardian:WalkerClaw","Guardian:TemporalShield"],"picked":"Guardian:Incinerate","floor":4},{"not_picked":["Guardian:Suspension","Guardian:Incinerate"],"picked":"Guardian:Gem_Purple","floor":4},{"not_picked":["Guardian:Suspension","Guardian:GuardianWhirl"],"picked":"Guardian:StasisField","floor":5},{"not_picked":["Guardian:ArmoredProtocol","Guardian:PiercingHide"],"picked":"Guardian:Gem_White","floor":5},{"not_picked":["Guardian:ArmoredProtocol","Guardian:Incinerate"],"picked":"Guardian:Recover","floor":8},{"not_picked":["Guardian:MultiBeam","Guardian:Emergency"],"picked":"Guardian:PrimingBeam","floor":8},{"not_picked":["Guardian:ShieldCharger","Guardian:Gem_White"],"picked":"Guardian:Gem_Lightblue","floor":9},{"not_picked":["Guardian:PrismaticBeam","Guardian:Reroute"],"picked":"Guardian:VentSteam","floor":9},{"not_picked":["Guardian:Gem_Red","Guardian:TemporalStrike"],"picked":"Guardian:TimeBomb","floor":10},{"not_picked":["Guardian:ShieldCharger","Guardian:Gem_Red"],"picked":"Guardian:SphericShield","floor":10},{"not_picked":["Guardian:Gem_White","Guardian:PolyBeam"],"picked":"Guardian:Gem_Blue","floor":11},{"not_picked":["Guardian:ShieldCharger","Guardian:Planning"],"picked":"Guardian:PrismaticBeam","floor":11},{"not_picked":["Guardian:VentSteam","Guardian:MultiBeam"],"picked":"Guardian:Gem_Red","floor":12},{"not_picked":["Guardian:WalkerClaw","Guardian:Reroute"],"picked":"Guardian:TemporalShield","floor":14},{"not_picked":["Guardian:GuardianWhirl","Guardian:TimeBomb"],"picked":"Guardian:DecasProtection","floor":14},{"not_picked":["Guardian:ShieldCharger","Guardian:Gem_Cyan"],"picked":"Guardian:PiercingHide","floor":15},{"not_picked":["Guardian:Gem_Green","Guardian:WalkerClaw"],"picked":"Guardian:VentSteam","floor":15}],"player_experience":3339842,"relics_obtained":[{"floor":7,"key":"Potion Belt"}],"event_choices":[{"damage_healed":0,"gold_gain":0,"player_choice":"Box","damage_taken":0,"relics_obtained":["Prayer Wheel"],"max_hp_gain":0,"max_hp_loss":0,"event_name":"Big Fish","floor":3,"gold_loss":0,"cards_obtained":["Regret"]}],"is_beta":false,"boss_relics":[],"items_purged_floors":[],"is_endless":false,"potions_floor_spawned":[8,10,11,14],"killed_by":"IC_STATUS_ARCHETYPE","ascension_level":0}}