{"host":"zghbuvjjzzk6yre0","time":1611518421,"event":{"mods":["2.2 Compatiblity","AchievementEnabler","Act Like it!","Aspiration","BaseMod","Bestiary","Card Forge","Colored Powertips","Conspire","Curses Come First","Custom Start","Downfall","Halation","Hubris","Minty Spire (QoL Compilation)","Q\u0027s Relics","Quick Restart","Reorder Act Four","Replay The Spire","StSLib","Strawberry Spire","Synergy Search","vexMod"],"gold_per_floor":[111,111,111,3,23,23,23,55,125,125,191,205,205,56,231,326,326,341,341,341,352,366,366,399,399,426,426,516,526,546,565,565,667,667,685,698,744,724,743,743,781,537,537,557,562,562,562],"floor_reached":45,"language":"ENG","playtime":3465,"items_purged":[],"score":511,"play_id":"13df4bd6-f1db-46b8-807d-1a908125a577","local_time":"20210124210021","is_ascension_mode":false,"campfire_choices":[{"floor":6.0,"key":"RECALL"},{"floor":10.0,"key":"REST"},{"floor":23,"key":"REST"},{"floor":25,"key":"REST"},{"floor":27,"key":"REST"},{"floor":32,"key":"REST"},{"floor":40,"key":"REST"}],"circlet_count":0,"master_deck":["champ:Strike+1","champ:Strike+1","champ:Strike+1","champ:Strike+1","champ:Defend+1","champ:Defend+1","champ:Defend+1","champ:Defend+1","champ:Execute+1","champ:Taunt+1","champ:StanceDance+1","champ:ShieldWall+1","champ:StanceDance+1","champ:StanceDance+1","champ:ShieldWall+1","champ:DeathBlow+1","champ:BladeFlurry+1","Feed+1","champ:GutPunch+1","champ:GutPunch+1","champ:Circumvent+1","champ:IronFortress+1","champ:StanceDance+1","Rupture+1","champ:TornadoPunch+1","champ:StrikeOfGenius+1","champ:PerfectedStrike+1","champ:TornadoPunch+1","champ:FaceSlap+1","champ:FlashCut+1","champ:EnGarde+1"],"relics":["Hammer of Thor","Seething Fire","Anvil of the Gods","halation:PrussianBluePaint","Mirror","m_IronCrown","PreservedInsect","QRelics:BlueBlood","hubris:Icosahedron","halation:BottledLove","QRelics:PufferfishSpines","QRelics:ScienceAwry","QRelics:QuiltedPurse","Smiling Mask","Blood Vial","QRelics:BladedBoots"],"acts_visited":["Exordium","TheCity","TheBeyond"],"potions_floor_usage":[31,31,37,39,41,41,41],"damage_taken":[{"damage":13.0,"enemies":"Jaw Worm","floor":1.0,"turns":5.0},{"damage":0.0,"enemies":"2 Louse","floor":5.0,"turns":2.0},{"damage":38.0,"enemies":"Lagavulin","floor":8.0,"turns":5.0},{"damage":30.0,"enemies":"conspire:RoseBush","floor":12.0,"turns":3.0},{"damage":93.0,"enemies":"Hexaghost","floor":16.0,"turns":8.0},{"damage":38.0,"enemies":"Chosen","floor":18.0,"turns":4.0},{"damage":43,"enemies":"3 Byrds","floor":21,"turns":4},{"damage":54,"enemies":"3 Cultists","floor":22,"turns":4},{"damage":61,"enemies":"conspire:Head Lice","floor":24,"turns":7},{"damage":34,"enemies":"Sentry and Sphere","floor":29,"turns":3},{"damage":33,"enemies":"Cultist and Chosen","floor":30,"turns":6},{"damage":45,"enemies":"3 Cultists","floor":31,"turns":4},{"damage":53,"enemies":"Collector","floor":33,"turns":6},{"damage":55,"enemies":"3 Shapes","floor":35,"turns":5},{"damage":12,"enemies":"Orb Walker","floor":36,"turns":3},{"damage":68,"enemies":"2 Orb Walkers","floor":37,"turns":5},{"damage":50,"enemies":"3 Darklings","floor":39,"turns":5},{"damage":54,"enemies":"Nemesis","floor":41,"turns":5},{"damage":42,"enemies":"Jaw Worm Horde","floor":44,"turns":4},{"damage":53,"enemies":"Maw","floor":45,"turns":5}],"seed_played":"9204162234627308786","potions_obtained":[{"floor":2.0,"key":"Fruit Juice"},{"floor":5.0,"key":"champ:OpenerPotion"},{"floor":8.0,"key":"Fire Potion"},{"floor":18.0,"key":"Explosive Potion"},{"floor":30,"key":"Energy Potion"},{"floor":33,"key":"BlessingOfTheForge"},{"floor":35,"key":"Adrenaline Potion"},{"floor":38,"key":"DistilledChaos"},{"floor":39,"key":"Weak Potion"}],"is_trial":false,"path_per_floor":["M","?","?","$","M","R","$","E","T","R","?","M","?","$","R","B",null,"M","?","?","M","M","R","E","R","T","R","?","M","M","M","R","B",null,"M","M","?","?","M","R","E","$","T","M","M"],"character_chosen":"THE_CHAMP","items_purchased":["champ:ShieldWall","champ:StanceDance","PreservedInsect","Blood Vial","Doom Potion"],"campfire_rested":6,"item_purchase_floors":[4,4,14,42,42],"current_hp_per_floor":[96,101,94,94,94,94,94,76,76,104,104,104,104,104,104,52,104,97,100,103,92,77,104,84,104,104,104,92,96,97,90,112,100,112,86,95,70,73,41,78,42,45,48,40,0,0,0],"gold":562,"neow_bonus":"TEN_PERCENT_HP_BONUS","is_daily":false,"chose_seed":false,"campfire_upgraded":0,"win_rate":0.0,"timestamp":1611518421,"path_taken":["M","?","?","?","?","R","?","E","T","R","?","M","?","$","R","BOSS","M","?","?","M","M","R","E","R","T","R","?","M","?","M","R","BOSS","M","M","?","?","?","R","E","$","T","M","M"],"items_purchased_type":["Card","Card","Relic","Relic","Potion"],"build_version":"2020-12-22","purchased_purges":0,"victory":false,"max_hp_per_floor":[99,104,104,104,104,104,104,104,104,104,104,104,104,104,104,104,104,104,104,104,104,104,104,104,104,104,104,104,108,108,112,112,112,112,116,116,116,116,116,116,116,116,116,116,116,116,116],"card_choices":[{"not_picked":["champ:EnragedBash","champ:GladiatorStyle"],"picked":"champ:StanceDance","floor":1.0},{"not_picked":["champ:AdrenalArmor","champ:RapidStrikes"],"picked":"champ:ShieldWall","floor":5.0},{"not_picked":["champ:FaceSlap","champ:DancingMaster"],"picked":"champ:DeathBlow","floor":8.0},{"not_picked":["champ:Shatter","champ:CrookedStrike"],"picked":"champ:BladeFlurry","floor":12.0},{"not_picked":["champ:Devastate","Double Tap"],"picked":"Feed","floor":16.0},{"not_picked":["champ:SetATrap","champ:CalledShot"],"picked":"champ:GutPunch+1","floor":18.0},{"not_picked":["champ:PreciseThrust","champ:Encircle"],"picked":"champ:GutPunch+1","floor":21},{"not_picked":["champ:BladeFlurry+1","champ:CrownThrow"],"picked":"champ:Circumvent+1","floor":22},{"not_picked":["champ:FlashCut","champ:RapidStrikes"],"picked":"champ:IronFortress","floor":24},{"not_picked":["champ:EnGarde","Twin Strike"],"picked":"champ:StanceDance","floor":29},{"not_picked":["champ:Endure","ReplayTheSpireMod:Muscle Training"],"picked":"Rupture","floor":30},{"not_picked":["ReplayTheSpireMod:LeadingStrike+1","champ:EnGarde+1"],"picked":"champ:TornadoPunch","floor":31},{"not_picked":["Hemogenesis","champ:CheapShot"],"picked":"champ:StrikeOfGenius","floor":33},{"not_picked":["champ:ShieldWall+1","champ:Haymaker+1"],"picked":"champ:PerfectedStrike","floor":35},{"not_picked":["champ:StanceDance+1","champ:BringItOn+1"],"picked":"champ:TornadoPunch+1","floor":36},{"not_picked":["champ:DefensiveShout+1","champ:SetATrap"],"picked":"champ:FaceSlap+1","floor":39},{"not_picked":["champ:SwordThrow","champ:RapidStrikes+1"],"picked":"champ:FlashCut+1","floor":41},{"not_picked":["champ:FaceSlap","champ:PreemptiveStrike"],"picked":"champ:EnGarde","floor":44}],"player_experience":237806,"relics_obtained":[{"floor":8.0,"key":"Mirror"},{"floor":24,"key":"halation:BottledLove"},{"floor":26,"key":"QRelics:PufferfishSpines"},{"floor":37,"key":"QRelics:QuiltedPurse"},{"floor":41,"key":"Smiling Mask"},{"floor":43,"key":"QRelics:BladedBoots"}],"event_choices":[{"damage_healed":0.0,"max_hp_gain":0.0,"max_hp_loss":0.0,"gold_gain":0.0,"event_name":"Scrap Ooze","player_choice":"Success","floor":3.0,"gold_loss":0.0,"damage_taken":7.0,"relics_obtained":["halation:PrussianBluePaint"]},{"damage_healed":0.0,"max_hp_gain":0.0,"max_hp_loss":0.0,"gold_gain":66.0,"event_name":"Golden Wing","player_choice":"Gained Gold","floor":11.0,"gold_loss":0.0,"damage_taken":0.0},{"damage_healed":0.0,"max_hp_gain":0.0,"max_hp_loss":0.0,"gold_gain":175.0,"event_name":"Liars Game","player_choice":"AGREE","floor":15.0,"gold_loss":0.0,"damage_taken":0.0,"cards_obtained":["Doubt"]},{"damage_healed":0.0,"max_hp_gain":0.0,"max_hp_loss":0.0,"gold_gain":0.0,"event_name":"Vampires","player_choice":"Ignored","floor":20.0,"gold_loss":0.0,"damage_taken":0.0},{"damage_healed":0,"gold_gain":90,"player_choice":"GOLD ","damage_taken":12,"max_hp_gain":0,"max_hp_loss":0,"event_name":"Knowing Skull","floor":28,"potions_obtained":[],"gold_loss":0,"cards_obtained":[]},{"damage_healed":0,"gold_gain":0,"player_choice":"Fight","damage_taken":0,"max_hp_gain":0,"max_hp_loss":0,"event_name":"Mysterious Sphere","floor":37,"gold_loss":0},{"damage_healed":0,"gold_gain":0,"player_choice":"Bought 1 Potion","damage_taken":0,"max_hp_gain":0,"max_hp_loss":0,"event_name":"The Woman in Blue","floor":38,"gold_loss":0}],"is_beta":false,"boss_relics":[{"not_picked":["Empty Cage","Replay:Wanted Poster"],"picked":"QRelics:BlueBlood"},{"not_picked":["QRelics:LockAndKey","QRelics:XMarksTheSpot"],"picked":"QRelics:ScienceAwry"}],"items_purged_floors":[],"is_endless":false,"potions_floor_spawned":[5,8,18,30,33,35,39],"killed_by":"Maw","ascension_level":0}}