{"host":"f0gpob8hq9vgebej","time":1611459547,"event":{"mods":["AchievementEnabler","BaseMod","Minty Spire (QoL Compilation)","Quick Restart","SuperFastMode"],"gold_per_floor":[116,134,146,156,156,156,175,100,176,191,209,209,209,284,284,380,380,399,8,25,25,39,39,14,14,14,37,50,149,167,177,177,276,276,291,304,5,5,25,25,44,60,60,60,60,85,102,129,129,129],"floor_reached":51,"language":"KOR","playtime":1037,"items_purged":["Strike_B","Writhe","Streamline"],"score":1069,"play_id":"d59fc5c7-8d2a-43ce-8376-dd04a999f12d","local_time":"20210124123907","is_ascension_mode":true,"campfire_choices":[{"data":"Creative AI","floor":6.0,"key":"SMITH"},{"data":"Zap","floor":13,"key":"SMITH"},{"floor":15,"key":"REST"},{"data":"Storm","floor":23,"key":"SMITH"},{"data":"Self Repair","floor":25,"key":"SMITH"},{"data":"Biased Cognition","floor":32,"key":"SMITH"},{"data":"Buffer","floor":40,"key":"SMITH"},{"data":"Electrodynamics","floor":49,"key":"SMITH"}],"circlet_count":0,"master_deck":["Zap+1","Electrodynamics+1","Ball Lightning","Static Discharge","Conserve Battery","Creative AI+1","Turbo","Force Field+1","Biased Cognition+1","Tempest+1","Rip and Tear","Steam Power+1","Steam+1","Storm+1","Stack+1","Self Repair+1","Recycle+1","Conserve Battery+1","Conserve Battery+1","White Noise+1","Seek+1","Auto Shields+1","Buffer+1","Self Repair+1","Apotheosis+1","Finesse+1","Chill+1","Consume+1","Seek+1","Double Energy+1","Steam Power+1"],"relics":["Cracked Core","Toxic Egg 2","Pandora\u0027s Box","Mummified Hand","WingedGreaves","Ancient Tea Set","Regal Pillow","Runic Pyramid","Blue Candle","Bag of Marbles","Blood Vial"],"acts_visited":["Exordium","TheCity","TheBeyond"],"potions_floor_usage":[10,10,16,33,41,48,50],"damage_taken":[{"damage":1.0,"enemies":"2 Louse","floor":1.0,"turns":2.0},{"damage":0.0,"enemies":"Small Slimes","floor":2.0,"turns":3.0},{"damage":6.0,"enemies":"Cultist","floor":3.0,"turns":3.0},{"damage":14.0,"enemies":"Exordium Wildlife","floor":4.0,"turns":2.0},{"damage":5,"enemies":"Looter","floor":7,"turns":3},{"damage":24,"enemies":"Exordium Thugs","floor":10,"turns":3},{"damage":4,"enemies":"3 Louse","floor":11,"turns":3},{"damage":42,"enemies":"The Guardian","floor":16,"turns":10},{"damage":22,"enemies":"2 Thieves","floor":18,"turns":3},{"damage":6,"enemies":"3 Byrds","floor":20,"turns":2},{"damage":0,"enemies":"Snecko","floor":22,"turns":3},{"damage":15,"enemies":"Shelled Parasite and Fungi","floor":28,"turns":3},{"damage":0,"enemies":"Cultist and Chosen","floor":30,"turns":3},{"damage":0,"enemies":"Chosen and Byrds","floor":31,"turns":3},{"damage":0,"enemies":"Automaton","floor":33,"turns":3},{"damage":27,"enemies":"3 Darklings","floor":35,"turns":2},{"damage":0,"enemies":"Orb Walker","floor":36,"turns":3},{"damage":27,"enemies":"Spire Growth","floor":39,"turns":3},{"damage":5,"enemies":"Transient","floor":41,"turns":5},{"damage":2,"enemies":"Maw","floor":42,"turns":5},{"damage":20,"enemies":"Nemesis","floor":46,"turns":3},{"damage":16,"enemies":"3 Darklings","floor":47,"turns":2},{"damage":0,"enemies":"Reptomancer","floor":48,"turns":5},{"damage":68,"enemies":"Time Eater","floor":50,"turns":9}],"seed_played":"-5803394204224708102","potions_obtained":[{"floor":3.0,"key":"Swift Potion"},{"floor":7,"key":"Energy Potion"},{"floor":10,"key":"Regen Potion"},{"floor":18,"key":"DuplicationPotion"},{"floor":20,"key":"Fire Potion"},{"floor":30,"key":"FearPotion"},{"floor":33,"key":"DuplicationPotion"},{"floor":39,"key":"EssenceOfSteel"},{"floor":47,"key":"PowerPotion"}],"is_trial":false,"path_per_floor":["M","M","M","M","?","R","M","$","T","M","M","?","R","?","R","B",null,"M","$","M","?","M","R","$","R","T","T","M","?","M","M","R","B",null,"M","M","$","?","M","R","M","M","T","?","?","E","M","E","R","B",null],"character_chosen":"DEFECT","items_purchased":["Mummified Hand","Self Repair","Conserve Battery+1","Apotheosis+1"],"campfire_rested":1,"item_purchase_floors":[19,19,24,37],"current_hp_per_floor":[67,67,61,47,52,52,47,47,47,23,19,19,19,8,32,5,61,39,39,40,40,47,47,47,47,47,47,42,42,52,52,52,62,76,59,79,79,79,62,62,77,80,80,80,80,70,64,80,80,32],"gold":129,"neow_bonus":"THREE_RARE_CARDS","is_daily":false,"chose_seed":false,"campfire_upgraded":7,"win_rate":0.0,"timestamp":1611459547,"path_taken":["M","M","M","M","?","R","M","$","T","M","M","?","R","?","R","BOSS","M","$","M","?","M","R","?","R","T","?","?","?","M","M","R","BOSS","M","M","$","?","M","R","M","M","T","?","?","E","?","E","R","BOSS"],"items_purchased_type":["Relic","Card","Card","Card"],"build_version":"2020-12-22","purchased_purges":3,"victory":true,"max_hp_per_floor":[75,75,75,75,80,80,80,80,80,80,80,80,80,80,80,80,80,80,80,80,80,80,80,80,80,80,80,80,80,80,80,80,80,80,80,80,80,80,80,80,80,80,80,80,80,80,80,80,80,80],"card_choices":[{"not_picked":["Rainbow","Meteor Strike"],"picked":"Electrodynamics","floor":0.0},{"not_picked":["Go for the Eyes","Redo"],"picked":"Ball Lightning","floor":1.0},{"not_picked":["Ball Lightning","Go for the Eyes"],"picked":"Static Discharge","floor":2.0},{"not_picked":["Turbo","Go for the Eyes"],"picked":"Conserve Battery","floor":3.0},{"not_picked":["Redo","Darkness"],"picked":"Creative AI","floor":4.0},{"not_picked":["Go for the Eyes","Chaos"],"picked":"Turbo","floor":7},{"not_picked":["Cold Snap","Melter","Compile Driver"],"picked":"SKIP","floor":10},{"not_picked":["Blizzard","Beam Cell"],"picked":"Force Field+1","floor":11},{"not_picked":["Meteor Strike","Machine Learning"],"picked":"Biased Cognition","floor":16},{"not_picked":["Barrage","Sweeping Beam","Reprogram+1"],"picked":"SKIP","floor":18},{"not_picked":["Go for the Eyes","Sunder+1"],"picked":"Recycle+1","floor":20},{"not_picked":["Turbo+1","Streamline"],"picked":"Conserve Battery+1","floor":22},{"not_picked":["Glacier+1","Stack+1"],"picked":"White Noise+1","floor":28},{"not_picked":["BootSequence+1","Coolheaded+1"],"picked":"Seek+1","floor":30},{"not_picked":["Conserve Battery+1","Ball Lightning"],"picked":"Auto Shields+1","floor":31},{"not_picked":["Seek+1","Multi-Cast+1"],"picked":"Buffer","floor":33},{"not_picked":["Gash+1","Streamline+1"],"picked":"Self Repair+1","floor":35},{"not_picked":["Go for the Eyes","Gash","Cold Snap+1"],"picked":"SKIP","floor":36},{"not_picked":["Trip+1","Forethought+1"],"picked":"Finesse+1","floor":38},{"not_picked":["Conserve Battery+1","Sunder+1"],"picked":"Chill+1","floor":39},{"not_picked":["Coolheaded+1","Gash+1"],"picked":"Consume+1","floor":41},{"not_picked":["Aggregate+1","Coolheaded+1"],"picked":"Seek+1","floor":42},{"not_picked":["Skim+1","Leap+1"],"picked":"Double Energy+1","floor":46},{"not_picked":["Sweeping Beam+1","Cold Snap","Hologram+1"],"picked":"SKIP","floor":47},{"not_picked":["Creative AI","Consume+1"],"picked":"Steam Power+1","floor":48}],"player_experience":243093,"relics_obtained":[{"floor":9,"key":"Toxic Egg 2"},{"floor":26,"key":"Ancient Tea Set"},{"floor":27,"key":"Regal Pillow"},{"floor":43,"key":"Blue Candle"},{"floor":46,"key":"Bag of Marbles"},{"floor":48,"key":"Blood Vial"}],"event_choices":[{"damage_healed":0.0,"max_hp_gain":5.0,"max_hp_loss":0.0,"gold_gain":0.0,"event_name":"Big Fish","player_choice":"Donut","floor":5.0,"gold_loss":0.0,"damage_taken":0.0},{"damage_healed":0,"gold_gain":0,"player_choice":"Ignored","damage_taken":0,"max_hp_gain":0,"max_hp_loss":0,"event_name":"Golden Idol","floor":12,"gold_loss":0},{"damage_healed":0,"gold_gain":75,"player_choice":"Gather Gold","damage_taken":11,"max_hp_gain":0,"max_hp_loss":0,"event_name":"World of Goop","floor":14,"gold_loss":0},{"damage_healed":0,"gold_gain":0,"player_choice":"Gave Potion","damage_taken":0,"relics_obtained":["WingedGreaves"],"max_hp_gain":0,"max_hp_loss":0,"event_name":"WeMeetAgain","floor":21,"gold_loss":0},{"damage_healed":0,"gold_gain":99,"player_choice":"Stole From Cult","damage_taken":0,"max_hp_gain":0,"max_hp_loss":0,"event_name":"Nest","floor":29,"gold_loss":0},{"damage_healed":0,"gold_gain":0,"player_choice":"Memory 1","damage_taken":0,"max_hp_gain":0,"max_hp_loss":0,"event_name":"SensoryStone","floor":38,"gold_loss":0},{"damage_healed":0,"gold_gain":0,"player_choice":"Ignored","damage_taken":0,"max_hp_gain":0,"max_hp_loss":0,"event_name":"Mysterious Sphere","floor":44,"gold_loss":0},{"cards_removed":["Dualcast"],"damage_healed":0,"gold_gain":0,"player_choice":"Purged","damage_taken":0,"max_hp_gain":0,"max_hp_loss":0,"event_name":"Purifier","floor":45,"gold_loss":0}],"is_beta":false,"boss_relics":[{"not_picked":["Busted Crown","Fusion Hammer"],"picked":"Pandora\u0027s Box"},{"not_picked":["Astrolabe","SlaversCollar"],"picked":"Runic Pyramid"}],"items_purged_floors":[8,19,37],"is_endless":false,"potions_floor_spawned":[3,7,10,18,20,30,33,39,47],"ascension_level":8}}