{"host":"yn8qackkbxgt4nh1","time":1611483343,"event":{"mods":["BaseMod","Colored Map","Colored Powertips","DeckTracker","Minty Spire (QoL Compilation)","SuperFastMode"],"gold_per_floor":[119,138,108,126,140,168,184,184,184,184,214,139,139,39,39,39,39],"floor_reached":16,"language":"KOR","playtime":437,"items_purged":["Strike_R","Strike_R"],"score":204,"play_id":"bdaac592-dc78-4281-9b3f-a149324eb814","local_time":"20210124191543","is_ascension_mode":true,"campfire_choices":[{"data":"Blood for Blood","floor":8,"key":"SMITH"},{"data":"Bash","floor":10,"key":"SMITH"},{"floor":15,"key":"REST"}],"circlet_count":0,"master_deck":["AscendersBane","Strike_R","Strike_R","Strike_R","Defend_R","Defend_R","Defend_R","Defend_R","Bash+1","Twin Strike","Blood for Blood+1","Cleave","Ghostly Armor"],"relics":["Burning Blood","NeowsBlessing","Akabeko","Self Forming Clay","Darkstone Periapt","Dead Branch"],"acts_visited":["Exordium"],"potions_floor_usage":[1,6,16,16],"damage_taken":[{"damage":0,"enemies":"Cultist","floor":1,"turns":1},{"damage":0,"enemies":"Jaw Worm","floor":2,"turns":1},{"damage":0,"enemies":"Small Slimes","floor":4,"turns":1},{"damage":14,"enemies":"Blue Slaver","floor":5,"turns":4},{"damage":41,"enemies":"Lagavulin","floor":6,"turns":6},{"damage":1,"enemies":"2 Fungi Beasts","floor":7,"turns":3},{"damage":30,"enemies":"3 Sentries","floor":11,"turns":6},{"damage":43,"enemies":"Slime Boss","floor":16,"turns":7}],"seed_played":"3000951279692315747","potions_obtained":[{"floor":1,"key":"Fruit Juice"},{"floor":3,"key":"Swift Potion"},{"floor":3,"key":"SteroidPotion"},{"floor":6,"key":"SkillPotion"}],"is_trial":false,"path_per_floor":["M","M","?","M","M","E","M","R","T","R","E","$","T","$","R","B"],"character_chosen":"IRONCLAD","items_purchased":[],"campfire_rested":1,"item_purchase_floors":[],"current_hp_per_floor":[79,80,80,80,72,37,42,42,42,42,18,18,18,18,42,0,0],"gold":39,"neow_bonus":"THREE_ENEMY_KILL","is_daily":false,"chose_seed":false,"campfire_upgraded":2,"win_rate":0.0,"timestamp":1611483343,"path_taken":["M","?","?","M","?","E","M","R","T","R","E","?","?","$","R","BOSS"],"items_purchased_type":[],"build_version":"2020-12-22","purchased_purges":2,"victory":false,"max_hp_per_floor":[80,80,80,80,80,80,80,80,80,80,80,80,80,80,80,80,80],"card_choices":[{"not_picked":["Seeing Red","Clash"],"picked":"Twin Strike","floor":1},{"not_picked":["Shrug It Off","Warcry"],"picked":"Blood for Blood","floor":2},{"not_picked":["True Grit","Heavy Blade","Warcry"],"picked":"SKIP","floor":4},{"not_picked":["Entrench","Twin Strike"],"picked":"Cleave","floor":5},{"not_picked":["Sword Boomerang","Burning Pact","Entrench"],"picked":"SKIP","floor":6},{"not_picked":["Exhume","Feel No Pain","Iron Wave"],"picked":"SKIP","floor":7},{"not_picked":["Heavy Blade","Sentinel"],"picked":"Ghostly Armor","floor":11}],"player_experience":698153,"relics_obtained":[{"floor":6,"key":"Akabeko"},{"floor":9,"key":"Self Forming Clay"},{"floor":11,"key":"Darkstone Periapt"},{"floor":13,"key":"Dead Branch"}],"event_choices":[{"damage_healed":0,"gold_gain":0,"player_choice":"Bought 2 Potions","damage_taken":0,"max_hp_gain":0,"max_hp_loss":0,"event_name":"The Woman in Blue","floor":3,"gold_loss":0}],"is_beta":false,"boss_relics":[],"items_purged_floors":[12,14],"is_endless":false,"potions_floor_spawned":[1,6,7],"killed_by":"Slime Boss","ascension_level":17}}