{"host":"v3mpq6flurzldi5g","time":1611452289,"event":{"mods":["AchievementEnabler","BaseMod","Colored Powertips","Highlight Path","Minty Spire (QoL Compilation)","StSLib"],"gold_per_floor":[111,130,130,149,74,74,109,109,181,181,193,209,209,226,226,322,322,341,359,359,359,459,459,484,484,484,499,499,519,19,36,36,36,36],"floor_reached":33,"language":"ENG","playtime":1379,"items_purged":["Shame","Strike_B"],"score":414,"play_id":"2e6675fb-e6ca-4f3c-84b3-1411bf2a8087","local_time":"20210123203809","is_ascension_mode":true,"campfire_choices":[{"data":"Defragment","floor":6,"key":"SMITH"},{"floor":8,"key":"REST"},{"floor":10,"key":"REST"},{"floor":15,"key":"REST"},{"floor":23,"key":"REST"},{"floor":25,"key":"REST"},{"floor":28,"key":"REST"},{"floor":32,"key":"REST"}],"circlet_count":0,"master_deck":["AscendersBane","Strike_B+1","Strike_B","Strike_B","Defend_B","Defend_B","Defend_B","Defend_B","Zap+1","Dualcast","Defragment+1","Redo","Ball Lightning","Auto Shields","Glacier","Reboot","Static Discharge","Conserve Battery","Rainbow","Leap+1"],"relics":["Cracked Core","StoneCalendar","Blood Vial","Singing Bowl","Philosopher\u0027s Stone","PreservedInsect","Sundial","Matryoshka"],"acts_visited":["Exordium","TheCity"],"potions_floor_usage":[14,16,24,29,31,33],"damage_taken":[{"damage":4,"enemies":"Small Slimes","floor":1,"turns":4},{"damage":1,"enemies":"2 Louse","floor":2,"turns":3},{"damage":0,"enemies":"Cultist","floor":4,"turns":3},{"damage":43,"enemies":"Lagavulin","floor":7,"turns":6},{"damage":14,"enemies":"Blue Slaver","floor":11,"turns":4},{"damage":23,"enemies":"Exordium Thugs","floor":12,"turns":4},{"damage":0,"enemies":"Exordium Wildlife","floor":14,"turns":4},{"damage":8,"enemies":"Hexaghost","floor":16,"turns":8},{"damage":38,"enemies":"3 Byrds","floor":18,"turns":5},{"damage":1,"enemies":"Shell Parasite","floor":19,"turns":7},{"damage":55,"enemies":"Gremlin Leader","floor":24,"turns":9},{"damage":24,"enemies":"Chosen and Byrds","floor":27,"turns":7},{"damage":17,"enemies":"Snake Plant","floor":29,"turns":4},{"damage":8,"enemies":"Sentry and Sphere","floor":31,"turns":7},{"damage":42,"enemies":"Collector","floor":33,"turns":7}],"seed_played":"-4235595793663921231","potions_obtained":[{"floor":11,"key":"LiquidBronze"},{"floor":12,"key":"SkillPotion"},{"floor":16,"key":"SneckoOil"},{"floor":19,"key":"DistilledChaos"},{"floor":24,"key":"Swift Potion"},{"floor":29,"key":"EssenceOfSteel"}],"is_trial":false,"path_per_floor":["M","M","?","M","$","R","E","R","T","R","M","M","?","M","R","B",null,"M","M","?","$","?","R","E","R","T","M","R","M","$","M","R","B"],"character_chosen":"DEFECT","items_purchased":["Matryoshka","Rainbow"],"campfire_rested":7,"item_purchase_floors":[30,30],"current_hp_per_floor":[64,63,63,63,63,63,20,42,42,64,52,31,16,20,43,37,67,33,36,36,36,36,60,9,33,33,11,35,20,20,14,38,0,0],"gold":36,"neow_bonus":"ONE_RARE_RELIC","is_daily":false,"chose_seed":false,"campfire_upgraded":1,"win_rate":0.0,"timestamp":1611452289,"path_taken":["M","M","?","M","$","R","E","R","T","R","M","M","?","M","R","BOSS","M","M","?","?","?","R","E","R","T","M","R","M","$","?","R","BOSS"],"items_purchased_type":["Relic","Card"],"build_version":"2020-12-22","purchased_purges":2,"victory":false,"max_hp_per_floor":[75,75,75,75,75,75,75,75,75,75,75,75,75,77,77,77,77,79,81,81,81,81,81,83,83,83,83,83,83,83,83,83,83,83],"card_choices":[{"not_picked":["Beam Cell","Doom and Gloom"],"picked":"Defragment","floor":1},{"not_picked":["Turbo","Stack"],"picked":"Redo","floor":2},{"not_picked":["Compile Driver","Coolheaded"],"picked":"Ball Lightning","floor":4},{"not_picked":["Barrage","Steam","Turbo"],"picked":"SKIP","floor":7},{"not_picked":["Aggregate","Doom and Gloom"],"picked":"Auto Shields","floor":11},{"not_picked":["Auto Shields","Chill"],"picked":"Glacier","floor":12},{"not_picked":["Heatsinks","Aggregate","Multi-Cast"],"picked":"Singing Bowl","floor":14},{"not_picked":["Creative AI","Amplify"],"picked":"Reboot","floor":16},{"not_picked":["Genetic Algorithm","Redo+1","Cold Snap"],"picked":"Singing Bowl","floor":18},{"not_picked":["Melter+1","Sweeping Beam+1","Go for the Eyes"],"picked":"Singing Bowl","floor":19},{"not_picked":["Barrage","Streamline","Go for the Eyes"],"picked":"Singing Bowl","floor":24},{"not_picked":["Stack","Coolheaded"],"picked":"Static Discharge","floor":27},{"not_picked":["Redo","Chaos"],"picked":"Conserve Battery","floor":29},{"not_picked":["Compile Driver","Self Repair"],"picked":"Leap+1","floor":31}],"player_experience":1020792,"relics_obtained":[{"floor":7,"key":"Blood Vial"},{"floor":9,"key":"Singing Bowl"},{"floor":24,"key":"PreservedInsect"},{"floor":26,"key":"Sundial"}],"event_choices":[{"damage_healed":0,"gold_gain":0,"player_choice":"Ignored","damage_taken":0,"max_hp_gain":0,"max_hp_loss":0,"event_name":"Liars Game","floor":3,"gold_loss":0},{"damage_healed":0,"gold_gain":0,"player_choice":"Entered Light","damage_taken":15,"max_hp_gain":0,"max_hp_loss":0,"event_name":"Shining Light","floor":13,"gold_loss":0,"cards_upgraded":["Zap","Strike_B"]},{"damage_healed":0,"gold_gain":0,"player_choice":"Ignored","damage_taken":0,"max_hp_gain":0,"max_hp_loss":0,"event_name":"N\u0027loth","floor":20,"gold_loss":0},{"damage_healed":0,"gold_gain":100,"player_choice":"Pray","damage_taken":0,"max_hp_gain":0,"max_hp_loss":0,"event_name":"Golden Shrine","floor":22,"gold_loss":0}],"is_beta":false,"boss_relics":[{"not_picked":["Fusion Hammer","Runic Pyramid"],"picked":"Philosopher\u0027s Stone"}],"items_purged_floors":[5,30],"is_endless":false,"potions_floor_spawned":[11,12,16,19,24,27,29],"killed_by":"Collector","ascension_level":11}}