{"host":"p9t7qd83igtcp2bh","time":1611468846,"event":{"mods":["2.2 Compatiblity","AchievementEnabler","BaseMod","Colored Map","Colored Powertips","Custom Start","DeckTracker","Keyboard Shortcuts","Minty Spire (QoL Compilation)","Permanent Neow","StSLib","SuperFastMode","everything is the same but u backflip on backflip"],"gold_per_floor":[117,117,129,54,129,129,145,174,199,199,46,46,81,93,93,165,165,178,53,53,71,71,71,81,116,141,154,189,189,189,205,205,280,330,349,363,363,363],"floor_reached":37,"language":"KOR","playtime":1212,"items_purged":["Strike_P","Defend_P","Strike_P"],"score":730,"play_id":"22a1820a-cda1-4ed4-929b-6df6e4f4de2b","local_time":"20210124151406","is_ascension_mode":true,"campfire_choices":[{"data":"Eruption","floor":6.0,"key":"SMITH"},{"floor":12,"key":"REST"},{"data":"PathToVictory","floor":15,"key":"SMITH"},{"data":"MentalFortress","floor":23,"key":"SMITH"},{"data":"Sanctity","floor":29,"key":"SMITH"},{"floor":32,"key":"RECALL"}],"circlet_count":0,"master_deck":["AscendersBane","Strike_P","Defend_P","Defend_P+1","Defend_P","Eruption+1","Vigilance","Protect","EmptyFist","PathToVictory+1","EmptyBody","Sanctity+1","DeusExMachina","FearNoEvil","MentalFortress+1"],"relics":["PureWater","NeowsBlessing","Omamori","Bag of Marbles","Meat on the Bone","Yang","Runic Pyramid","Blood Vial","Nunchaku","Bronze Scales","Tiny House"],"acts_visited":["Exordium","TheCity","TheBeyond"],"potions_floor_usage":[8,8,14,16,21,25,25,25,25],"damage_taken":[{"damage":0.0,"enemies":"Cultist","floor":1.0,"turns":1.0},{"damage":0.0,"enemies":"2 Louse","floor":3.0,"turns":2.0},{"damage":0.0,"enemies":"Jaw Worm","floor":7.0,"turns":1.0},{"damage":32,"enemies":"Gremlin Nob","floor":8,"turns":3},{"damage":11,"enemies":"Lagavulin","floor":13,"turns":6},{"damage":1,"enemies":"3 Louse","floor":14,"turns":3},{"damage":12,"enemies":"The Guardian","floor":16,"turns":14},{"damage":24,"enemies":"Spheric Guardian","floor":18,"turns":8},{"damage":6,"enemies":"3 Byrds","floor":21,"turns":6},{"damage":6,"enemies":"Centurion and Healer","floor":24,"turns":8},{"damage":20,"enemies":"Gremlin Leader","floor":25,"turns":7},{"damage":19,"enemies":"Snake Plant","floor":27,"turns":5},{"damage":4,"enemies":"Book of Stabbing","floor":28,"turns":7},{"damage":7,"enemies":"Snecko","floor":31,"turns":6},{"damage":12,"enemies":"Collector","floor":33,"turns":10},{"damage":38,"enemies":"3 Shapes","floor":35,"turns":6},{"damage":5,"enemies":"Orb Walker","floor":36,"turns":5},{"damage":41,"enemies":"Transient","floor":37,"turns":5}],"seed_played":"6201362972143157191","potions_obtained":[{"floor":3.0,"key":"EntropicBrew"},{"floor":13,"key":"Fire Potion"},{"floor":14,"key":"Fruit Juice"},{"floor":18,"key":"Weak Potion"},{"floor":21,"key":"EntropicBrew"},{"floor":24,"key":"Regen Potion"},{"floor":31,"key":"PowerPotion"},{"floor":34,"key":"EssenceOfSteel"}],"is_trial":false,"path_per_floor":["M","$","M","$","?","R","M","E","T","?","$","R","E","M","R","B",null,"M","$","?","M","?","R","M","E","T","M","E","R","?","M","R","B",null,"M","M","M"],"character_chosen":"WATCHER","items_purchased":["EmptyBody"],"campfire_rested":1,"item_purchase_floors":[11],"current_hp_per_floor":[61,61,61,61,50,50,50,18,18,7,7,27,28,44,44,44,66,42,42,42,48,27,27,33,40,40,35,45,45,45,40,40,42,74,50,47,8,8],"gold":363,"neow_bonus":"THREE_ENEMY_KILL","is_daily":false,"chose_seed":false,"campfire_upgraded":4,"win_rate":0.0,"timestamp":1611468846,"path_taken":["M","?","?","$","?","R","M","E","T","?","$","R","E","M","R","BOSS","M","$","?","M","?","R","M","E","T","M","E","R","?","M","R","BOSS","M","M","?"],"items_purchased_type":["Card"],"build_version":"2020-12-22","purchased_purges":3,"victory":false,"max_hp_per_floor":[68,68,68,68,68,68,68,68,68,68,68,68,68,73,73,73,73,73,73,73,73,78,78,78,78,78,78,78,78,78,78,78,78,83,83,83,83,83],"card_choices":[{"not_picked":["Evaluate","Fasting2"],"picked":"Protect","floor":1.0},{"not_picked":["WindmillStrike","Swivel"],"picked":"EmptyFist","floor":3.0},{"not_picked":["EmptyBody","FlurryOfBlows"],"picked":"PathToVictory","floor":7.0},{"not_picked":["BowlingBash","ClearTheMind","SignatureMove"],"picked":"SKIP","floor":8},{"not_picked":["Judgement","Vengeance"],"picked":"Sanctity","floor":13},{"not_picked":["Prostrate","Evaluate","Wallop"],"picked":"SKIP","floor":14},{"not_picked":["Ragnarok","Devotion"],"picked":"DeusExMachina","floor":16},{"not_picked":["Consecrate","Weave"],"picked":"FearNoEvil","floor":18},{"not_picked":["ForeignInfluence","JustLucky","Study"],"picked":"SKIP","floor":21},{"not_picked":["Vengeance","FlurryOfBlows","Crescendo"],"picked":"SKIP","floor":24},{"not_picked":["FlyingSleeves","FlurryOfBlows","Consecrate"],"picked":"SKIP","floor":25},{"not_picked":["FlyingSleeves","ThirdEye","Indignation"],"picked":"SKIP","floor":27},{"not_picked":["Swivel","BowlingBash","DeceiveReality"],"picked":"SKIP","floor":28},{"not_picked":["EmptyBody","Consecrate","Wireheading"],"picked":"SKIP","floor":31},{"not_picked":["DeceiveReality","JustLucky+1","Halt"],"picked":"SKIP","floor":35},{"not_picked":["WaveOfTheHand","FollowUp+1","JustLucky"],"picked":"SKIP","floor":36}],"player_experience":678219,"relics_obtained":[{"floor":8,"key":"Omamori"},{"floor":9,"key":"Bag of Marbles"},{"floor":13,"key":"Yang"},{"floor":25,"key":"Blood Vial"},{"floor":26,"key":"Nunchaku"},{"floor":28,"key":"Bronze Scales"}],"event_choices":[{"damage_healed":0.0,"max_hp_gain":0.0,"max_hp_loss":0.0,"gold_gain":75.0,"event_name":"World of Goop","player_choice":"Gather Gold","floor":5.0,"gold_loss":0.0,"damage_taken":11.0},{"damage_healed":0,"gold_gain":0,"player_choice":"Success","damage_taken":11,"relics_obtained":["Meat on the Bone"],"max_hp_gain":0,"max_hp_loss":0,"event_name":"Scrap Ooze","floor":10,"gold_loss":0},{"damage_healed":0,"gold_gain":0,"player_choice":"Read","damage_taken":0,"max_hp_gain":0,"max_hp_loss":0,"event_name":"The Library","floor":20,"gold_loss":0,"cards_obtained":["MentalFortress"]},{"damage_healed":0,"gold_gain":0,"player_choice":"Shed Blood","damage_taken":26,"max_hp_gain":5,"max_hp_loss":0,"event_name":"Forgotten Altar","floor":22,"gold_loss":0},{"cards_removed":["Strike_P"],"damage_healed":0,"gold_gain":0,"player_choice":"Offered Basic","damage_taken":0,"max_hp_gain":0,"max_hp_loss":0,"event_name":"Bonfire Elementals","floor":30,"gold_loss":0}],"is_beta":false,"boss_relics":[{"not_picked":["HolyWater","Black Star"],"picked":"Runic Pyramid"},{"not_picked":["Snecko Eye","Busted Crown"],"picked":"Tiny House"}],"items_purged_floors":[4,11,19],"is_endless":false,"potions_floor_spawned":[3,13,14,18,21,24,31],"killed_by":"Transient","ascension_level":15}}