{"host":"clf2hd4adhiiw0zf","time":1611478703,"event":{"mods":["AchievementEnabler","BaseMod","Beaked The Cultist","Bestiary","Dark Map","Downfall","Gremlin Mod","Hermit","Jorbs\u0027s Wanderer Trilogy","Marisa????????","Minty Spire (QoL Compilation)","Shop Mod","StSLib","The Cursed","The Servant 0.9.4","UnlockEverythingMod"],"gold_per_floor":[99,110,110,110,129,144,144,144,144,144],"floor_reached":8,"language":"ENG","playtime":387,"items_purged":[],"score":51,"play_id":"6831eeb5-1fdb-4323-acfe-19e668e0507e","local_time":"20210124015823","is_ascension_mode":true,"campfire_choices":[{"data":"Chrysalis","floor":1,"key":"SMITH"}],"circlet_count":0,"master_deck":["champ:Strike","champ:Strike","champ:Strike","champ:Strike","champ:Defend","champ:Defend","champ:Defend","champ:Execute","champ:Taunt","Chrysalis+1","champ:GladiatorStyle","champ:FancyFootwork","champ:IronFortress"],"relics":["champ:ChampionCrown","downfall:BrokenWingStatue","Gremlin Horn"],"acts_visited":["Exordium"],"potions_floor_usage":[],"damage_taken":[{"damage":10,"enemies":"Cultist","floor":2,"turns":5},{"damage":38,"enemies":"Small Slimes","floor":5,"turns":6},{"damage":16,"enemies":"2 Louse","floor":6,"turns":4},{"damage":98,"enemies":"Gremlin Nob","floor":8,"turns":5}],"seed_played":"8264919456166473665","potions_obtained":[{"floor":6,"key":"Regen Potion"}],"is_trial":false,"path_per_floor":["R","M","?","?","M","M","T","E"],"character_chosen":"THE_CHAMP","items_purchased":[],"campfire_rested":0,"item_purchase_floors":[],"current_hp_per_floor":[81,81,81,81,68,62,62,0,0,0],"gold":144,"neow_bonus":"RANDOM_COLORLESS_2","is_daily":false,"chose_seed":false,"campfire_upgraded":1,"win_rate":0.0,"timestamp":1611478703,"path_taken":["R","M","?","?","M","?","T","E"],"items_purchased_type":[],"build_version":"2020-12-22","purchased_purges":0,"victory":false,"max_hp_per_floor":[81,81,81,81,81,81,81,81,81,81],"card_choices":[{"not_picked":["Metamorphosis","Mayhem"],"picked":"Chrysalis","floor":0},{"not_picked":["champ:AdrenalArmor","champ:ShieldSigil"],"picked":"champ:GladiatorStyle","floor":2},{"not_picked":["champ:CrownThrow","champ:EnGarde"],"picked":"champ:FancyFootwork","floor":5},{"not_picked":["champ:AdrenalArmor","champ:GutPunch"],"picked":"champ:IronFortress","floor":6}],"player_experience":101155,"relics_obtained":[{"floor":7,"key":"Gremlin Horn"}],"event_choices":[{"cards_removed":["champ:Defend"],"damage_healed":0,"gold_gain":0,"player_choice":"Offered Basic","damage_taken":0,"max_hp_gain":0,"max_hp_loss":0,"event_name":"Bonfire Elementals","floor":4,"gold_loss":0}],"is_beta":false,"boss_relics":[],"items_purged_floors":[],"is_endless":false,"potions_floor_spawned":[6],"killed_by":"Gremlin Nob","ascension_level":2}}