{"host":"ayh4nqhr0ddw4ozv","time":1611524628,"event":{"mods":["BaseMod","Minty Spire (QoL Compilation)","Relic Stats","Replay The Spire","Robot Space Explorer","StSLib"],"gold_per_floor":[111,111,122,140,153,153,163,3,27,62,62,81,81,95,95,171,171,191,116,185,199,199,199,214,214,214,249,149,149,149,197,197,270,270,285,285,335,346,24,56,56,84,84,84,101,114,126,136,136,136,136,136,39,68,68],"floor_reached":56,"language":"ENG","playtime":4122,"items_purged":["Accuracy","Poisoned Stab","Delirium"],"score":2009,"play_id":"c2bf86ca-5194-46ca-a574-ac321a5943cf","local_time":"20210124134348","is_ascension_mode":true,"campfire_choices":[{"data":"Poisoned Stab","floor":6.0,"key":"SMITH"},{"floor":13.0,"key":"REST"},{"floor":15.0,"key":"DIG"},{"floor":23,"key":"REST"},{"floor":25,"key":"REST"},{"floor":32,"key":"REST"},{"floor":41,"key":"RECALL"},{"floor":44,"key":"REST"},{"floor":49,"key":"REST"},{"floor":52,"key":"REST"}],"circlet_count":0,"master_deck":["AscendersBane","Survivor+1","Neutralize+1","Poisoned Stab+1","Endless Agony+1","Dagger Throw","Well Laid Plans","Poison Darts+1","Poison Darts","Finisher+1","ReplayTheSpireMod:Necrosis","Well Laid Plans","Adrenaline","ReplayTheSpireMod:Speed Training","Sneak Up+1","Venomology","Backflip","Leg Sweep","Noxious Fumes+1","Calculated Gamble","Deflect+1","Wraith Form v2+1","Backflip+1","Sucker Punch","Dodge and Roll+1","Draining Mist","Poisoned Stab+1","Deadly Poison+1","Acrobatics","Catalyst"],"relics":["SlaversCollar","PreservedInsect","Gremlin Food","ReplayTheSpireMod:TigerMarble","ReplayTheSpireMod:Lightbulb","Replay:Grab Bag","Replay:Bronze Core","Fusion Hammer","Pandora\u0027s Box","Tiny Chest","Frozen Egg 2","Basket Of Snakes","MutagenicStrength","Ancient Tea Set","Ring of Chaos","Ring of Peace","Ring of Hypnosis","TwistedFunnel","The Courier","ReplayTheSpireMod:Ninjato","Kunai"],"acts_visited":["Exordium","TheCity","TheBeyond","TheEnding"],"potions_floor_usage":[21,24,33,47,47,54,55,55,55,55],"damage_taken":[{"damage":0.0,"enemies":"2 Louse","floor":1.0,"turns":4.0},{"damage":2.0,"enemies":"Cultist","floor":3.0,"turns":4.0},{"damage":0.0,"enemies":"Small Slimes","floor":4.0,"turns":3.0},{"damage":8.0,"enemies":"2 Fungi Beasts","floor":5.0,"turns":4.0},{"damage":7.0,"enemies":"Exordium Wildlife","floor":7.0,"turns":3.0},{"damage":10.0,"enemies":"Lagavulin","floor":10.0,"turns":6.0},{"damage":1.0,"enemies":"Blue Slaver","floor":12.0,"turns":3.0},{"damage":0.0,"enemies":"2 Fungi Beasts","floor":14.0,"turns":2.0},{"damage":17.0,"enemies":"Slime Boss","floor":16.0,"turns":12.0},{"damage":10.0,"enemies":"Shell Parasite","floor":18.0,"turns":3.0},{"damage":7,"enemies":"3 Byrds","floor":21,"turns":4},{"damage":0,"enemies":"Snake Plant","floor":24,"turns":4},{"damage":9,"enemies":"Replay:Snechameleon","floor":27,"turns":4},{"damage":30,"enemies":"Collector","floor":33,"turns":6},{"damage":0,"enemies":"3 Shapes","floor":35,"turns":5},{"damage":0,"enemies":"3 Darklings","floor":38,"turns":7},{"damage":0,"enemies":"Giant Head","floor":40,"turns":7},{"damage":0,"enemies":"R_Hoarder","floor":42,"turns":6},{"damage":0,"enemies":"Maw","floor":45,"turns":6},{"damage":11,"enemies":"Transient","floor":46,"turns":5},{"damage":0,"enemies":"4 Shapes","floor":47,"turns":4},{"damage":0,"enemies":"Sphere and 2 Shapes","floor":48,"turns":5},{"damage":23,"enemies":"Awakened One","floor":50,"turns":16},{"damage":12,"enemies":"Shield and Spear","floor":54,"turns":4},{"damage":48,"enemies":"The Heart","floor":55,"turns":10}],"seed_played":"-7448263436403608334","potions_obtained":[{"floor":3.0,"key":"CultistPotion"},{"floor":4.0,"key":"Fruit Juice"},{"floor":7.0,"key":"SpeedPotion"},{"floor":20.0,"key":"Energy Potion"},{"floor":21,"key":"Explosive Potion"},{"floor":24,"key":"FairyPotion"},{"floor":35,"key":"Energy Potion"},{"floor":40,"key":"EntropicBrew"},{"floor":47,"key":"Block Potion"},{"floor":48,"key":"Ancient Potion"},{"floor":54,"key":"Dexterity Potion"}],"is_trial":false,"path_per_floor":["M","?","M","M","M","R","M","$","T","E","?","M","R","M","R","B",null,"M","$","?","M","?","R","M","R","T","E","$","?","?","T","R","B",null,"M","?","?","M","$","E","R","E","T","R","M","M","M","M","R","B",null,"R","$","E","B",null],"character_chosen":"THE_SILENT","items_purchased":["PreservedInsect","TwistedFunnel","Dodge and Roll","Acrobatics","Catalyst"],"campfire_rested":7,"item_purchase_floors":[8,39,39,53,53],"current_hp_per_floor":[59,59,57,57,49,49,47,47,47,37,16,15,36,36,36,19,58,48,48,20,13,13,34,34,55,55,46,46,46,51,51,71,41,64,64,64,64,64,64,64,64,64,64,71,71,60,60,60,71,52,66,71,71,59,11],"gold":68,"neow_bonus":"BOSS_RELIC","is_daily":false,"chose_seed":false,"campfire_upgraded":1,"win_rate":0.0,"timestamp":1611524628,"path_taken":["M","?","?","M","M","R","M","$","T","E","?","M","R","M","R","BOSS","M","$","?","M","?","R","M","R","T","E","$","?","?","?","R","BOSS","M","?","?","M","$","E","R","E","T","R","M","M","M","M","R","BOSS","R","$","E","BOSS"],"items_purchased_type":["Relic","Relic","Card","Card","Card"],"build_version":"2020-12-22","purchased_purges":3,"victory":true,"max_hp_per_floor":[66,66,66,66,66,66,71,71,71,71,71,71,71,71,71,71,71,71,71,71,71,71,71,71,71,71,71,71,71,71,71,71,71,71,71,71,71,71,71,71,71,71,71,71,71,71,71,71,71,71,71,71,71,71,71],"relic_stats":{"counters":[25,137],"Pandora\u0027s Box":["Finisher","ReplayTheSpireMod:Necrosis","Poisoned Stab","Well Laid Plans","Adrenaline","ReplayTheSpireMod:Speed Training","Sneak Up","Venomology","Accuracy"],"Tiny Chest":1,"PreservedInsect":419,"Kunai":[2],"obtain_stats":[{"Gremlin Food":9,"TwistedFunnel":39,"ReplayTheSpireMod:Ninjato":42,"Ring of Hypnosis":36,"Replay:Grab Bag":17,"Basket Of Snakes":27,"PreservedInsect":8,"Ring of Chaos":34,"The Courier":40,"Frozen Egg 2":26,"Ancient Tea Set":31,"SlaversCollar":0,"Replay:Bronze Core":17,"MutagenicStrength":29,"Ring of Peace":36,"Pandora\u0027s Box":17,"Tiny Chest":20,"Fusion Hammer":17,"ReplayTheSpireMod:TigerMarble":10,"Kunai":54,"ReplayTheSpireMod:Lightbulb":15,"Ring of the Snake":0},{"Gremlin Food":5,"TwistedFunnel":16,"ReplayTheSpireMod:Ninjato":18,"Ring of Hypnosis":15,"Replay:Grab Bag":9,"Basket Of Snakes":13,"PreservedInsect":5,"Ring of Chaos":14,"The Courier":17,"Frozen Egg 2":12,"Ancient Tea Set":13,"SlaversCollar":0,"Replay:Bronze Core":9,"MutagenicStrength":13,"Ring of Peace":15,"Pandora\u0027s Box":9,"Tiny Chest":10,"Fusion Hammer":9,"ReplayTheSpireMod:TigerMarble":6,"Kunai":24,"ReplayTheSpireMod:Lightbulb":8,"Ring of the Snake":0},{"Gremlin Food":18,"TwistedFunnel":74,"ReplayTheSpireMod:Ninjato":87,"Ring of Hypnosis":67,"Replay:Grab Bag":41,"Basket Of Snakes":56,"PreservedInsect":18,"Ring of Chaos":62,"The Courier":81,"Frozen Egg 2":52,"Ancient Tea Set":56,"SlaversCollar":0,"Replay:Bronze Core":41,"MutagenicStrength":56,"Ring of Peace":67,"Pandora\u0027s Box":41,"Tiny Chest":44,"Fusion Hammer":41,"ReplayTheSpireMod:TigerMarble":24,"Kunai":127,"ReplayTheSpireMod:Lightbulb":29,"Ring of the Snake":0}]},"card_choices":[{"not_picked":["Deadly Poison","Toxin Wave"],"picked":"Poisoned Stab","floor":1.0},{"not_picked":["Dodge and Roll","Choke"],"picked":"Endless Agony","floor":3.0},{"not_picked":["Concentrate","Acrobatics"],"picked":"Deadly Poison","floor":4.0},{"not_picked":["ReplayTheSpireMod:Tripwire","Accuracy"],"picked":"Dagger Throw","floor":5.0},{"not_picked":["Concentrate","Outmaneuver"],"picked":"Well Laid Plans","floor":7.0},{"not_picked":["Blade Dance","Deflect"],"picked":"Poison Darts","floor":10.0},{"not_picked":["Heel Hook","Fluid Movement","Deadly Poison"],"picked":"SKIP","floor":12.0},{"not_picked":["Backstab","Outmaneuver","Hidden Blade"],"picked":"SKIP","floor":14.0},{"not_picked":["Die Die Die","Envenom"],"picked":"Poison Darts","floor":16.0},{"not_picked":["Slice","Acrobatics"],"picked":"Backflip","floor":18.0},{"not_picked":["Dash","Slice"],"picked":"Leg Sweep","floor":20.0},{"not_picked":["Terror","Bane+1"],"picked":"Noxious Fumes+1","floor":21},{"not_picked":["Acrobatics","Dash+1"],"picked":"Calculated Gamble","floor":24},{"not_picked":["Storm of Steel","Flying Knee"],"picked":"Deflect+1","floor":27},{"not_picked":["Malaise","ReplayTheSpireMod:Necrosis"],"picked":"Wraith Form v2+1","floor":33},{"not_picked":["Dodge and Roll","Skewer"],"picked":"Backflip","floor":35},{"not_picked":["Setup","Choke"],"picked":"Sucker Punch","floor":38},{"not_picked":["Skewer","Blade Dance"],"picked":"Draining Mist","floor":40},{"not_picked":["Toxin Wave","ReplayTheSpireMod:Shiv Toss+1","Flying Knee"],"picked":"SKIP","floor":42},{"not_picked":["Infinite Blades+1","Deadly Poison+1"],"picked":"Poisoned Stab+1","floor":45},{"not_picked":["Slice","Dagger Throw"],"picked":"Deadly Poison+1","floor":46},{"not_picked":["Doppelganger","Fluid Movement+1","Masterful Stab"],"picked":"SKIP","floor":47},{"not_picked":["Slice","Prepared","Caltrops+1"],"picked":"SKIP","floor":48},{"not_picked":["Bane","Sucker Punch","ReplayTheSpireMod:Shiv Toss"],"picked":"SKIP","floor":54}],"player_experience":375107,"relics_obtained":[{"floor":9.0,"key":"Gremlin Food"},{"floor":10.0,"key":"ReplayTheSpireMod:TigerMarble"},{"floor":15.0,"key":"ReplayTheSpireMod:Lightbulb"},{"floor":20.0,"key":"Tiny Chest"},{"floor":26,"key":"Frozen Egg 2"},{"floor":27,"key":"Basket Of Snakes"},{"floor":31,"key":"Ancient Tea Set"},{"floor":36,"key":"Ring of Peace"},{"floor":36,"key":"Ring of Hypnosis"},{"floor":40,"key":"The Courier"},{"floor":42,"key":"ReplayTheSpireMod:Ninjato"},{"floor":54,"key":"Kunai"}],"event_choices":[{"cards_removed":["Strike_G"],"damage_healed":0.0,"max_hp_gain":0.0,"max_hp_loss":0.0,"gold_gain":0.0,"event_name":"Purifier","player_choice":"Purged","floor":2.0,"gold_loss":0.0,"damage_taken":0.0},{"damage_healed":0.0,"max_hp_gain":0.0,"max_hp_loss":0.0,"gold_gain":0.0,"event_name":"Shining Light","player_choice":"Entered Light","floor":11.0,"gold_loss":0.0,"damage_taken":21.0,"cards_upgraded":["Defend_G","Poison Darts"]},{"damage_healed":0,"gold_gain":0,"player_choice":"Ignored","damage_taken":0,"max_hp_gain":0,"max_hp_loss":0,"event_name":"The Mausoleum","floor":22,"gold_loss":0},{"damage_healed":0,"gold_gain":0,"player_choice":"Inject Mutagens","damage_taken":0,"relics_obtained":["MutagenicStrength"],"max_hp_gain":0,"max_hp_loss":0,"event_name":"Drug Dealer","floor":29,"gold_loss":0},{"cards_removed":["Deadly Poison"],"damage_healed":5,"gold_gain":0,"player_choice":"Offered Common","damage_taken":0,"max_hp_gain":0,"max_hp_loss":0,"event_name":"Bonfire Elementals","floor":30,"gold_loss":0},{"cards_removed":["Deadly Poison"],"damage_healed":5,"gold_gain":0,"player_choice":"Offered Special","damage_taken":0,"max_hp_gain":0,"max_hp_loss":0,"event_name":"Bonfire Elementals","floor":30,"gold_loss":0},{"damage_healed":0,"gold_gain":50,"player_choice":"Pray","damage_taken":0,"max_hp_gain":0,"max_hp_loss":0,"event_name":"Golden Shrine","floor":37,"gold_loss":0}],"is_beta":false,"boss_relics":[{"not_picked":["Astrolabe","SacredBark"],"picked":"Replay:Grab Bag"},{"not_picked":["Runic Dome","Ectoplasm"],"picked":"Replay:Bronze Core"},{"not_picked":["Cursed Key","Philosopher\u0027s Stone"],"picked":"Fusion Hammer"},{"not_picked":["Snecko Scales","Empty Cage"],"picked":"Pandora\u0027s Box"},{"not_picked":["Velvet Choker","Kintsugi"],"picked":"Ring of Chaos"}],"items_purged_floors":[19,28,39],"is_endless":false,"potions_floor_spawned":[3,4,7,16,21,24,33,35,40,42,47,48,54],"ascension_level":16}}