{"host":"ji1fk25fd1ga4ji1","time":1611486179,"event":{"mods":["2.2 Compatiblity","BaseMod","Colored Map","DeckTracker","Minty Spire (QoL Compilation)","Permanent Neow","Quick Restart","StSLib","SuperFastMode"],"gold_per_floor":[115,125,140,140,65,65,65,97,97,97,97,124,150,150,150,252,252,270,170,170,45,55,89,89,121,121,121,150,181,215,233,233,333,333,345,345,260,274,274,307,335,363,432,466,492,523,549,347,347,347,347,347,311,343,343],"floor_reached":56,"language":"KOR","playtime":1232,"items_purged":["True Grit","Inflame","Sword Boomerang","Bloodletting","Pummel"],"score":1887,"play_id":"371f31e7-eb5e-4dfe-832e-54d3b9d076bc","local_time":"20210124200259","daily_mods":["Draft","Heirloom","Flight","DeadlyEvents","Elite Swarm"],"is_ascension_mode":true,"campfire_choices":[{"data":"Evolve","floor":6.0,"key":"SMITH"},{"floor":7.0,"key":"RECALL"},{"data":"Fire Breathing","floor":10.0,"key":"SMITH"},{"data":"Fire Breathing","floor":11.0,"key":"SMITH"},{"data":"Offering","floor":15.0,"key":"SMITH"},{"data":"Power Through","floor":24.0,"key":"SMITH"},{"data":"Battle Trance","floor":27.0,"key":"SMITH"},{"data":"Warcry","floor":32.0,"key":"SMITH"},{"floor":49,"key":"REST"},{"data":"Barricade","floor":52,"key":"SMITH"}],"circlet_count":0,"master_deck":["Warcry+1","Ghostly Armor","Fire Breathing+1","Evolve+1","Power Through+1","Battle Trance+1","Fire Breathing+1","Offering+1","Fire Breathing+1","Offering+1","Berserk","Dual Wield+1","Barricade+1","Disarm+1","Impervious+1"],"relics":["Burning Blood","Gambling Chip","Eternal Feather","Ancient Tea Set","MealTicket","Nloth\u0027s Gift","Thread and Needle","Smiling Mask","Toxic Egg 2","Sundial","Darkstone Periapt","Sozu","Charon\u0027s Ashes","PreservedInsect","Singing Bowl","Art of War","Letter Opener","Red Skull","Question Card","ClockworkSouvenir","Lizard Tail"],"acts_visited":["Exordium","TheCity","TheBeyond","TheEnding"],"potions_floor_usage":[55,55,55],"damage_taken":[{"damage":3.0,"enemies":"Jaw Worm","floor":1.0,"turns":1.0},{"damage":0.0,"enemies":"2 Louse","floor":2.0,"turns":2.0},{"damage":0.0,"enemies":"Cultist","floor":3.0,"turns":2.0},{"damage":3.0,"enemies":"Lagavulin","floor":8.0,"turns":4.0},{"damage":3.0,"enemies":"3 Sentries","floor":12.0,"turns":3.0},{"damage":9.0,"enemies":"Gremlin Nob","floor":13.0,"turns":3.0},{"damage":6.0,"enemies":"Slime Boss","floor":16.0,"turns":2.0},{"damage":6.0,"enemies":"Spheric Guardian","floor":18.0,"turns":3.0},{"damage":6.0,"enemies":"3 Byrds","floor":22.0,"turns":2.0},{"damage":6.0,"enemies":"Gremlin Leader","floor":23.0,"turns":3.0},{"damage":6.0,"enemies":"Slavers","floor":25.0,"turns":2.0},{"damage":6.0,"enemies":"Book of Stabbing","floor":28.0,"turns":3.0},{"damage":15.0,"enemies":"Gremlin Leader","floor":29.0,"turns":3.0},{"damage":12.0,"enemies":"Slavers","floor":30.0,"turns":2.0},{"damage":6.0,"enemies":"Centurion and Healer","floor":31.0,"turns":2.0},{"damage":12.0,"enemies":"Champ","floor":33.0,"turns":4.0},{"damage":6.0,"enemies":"3 Shapes","floor":35.0,"turns":2.0},{"damage":12.0,"enemies":"3 Darklings","floor":38.0,"turns":2.0},{"damage":14.0,"enemies":"Reptomancer","floor":40.0,"turns":2.0},{"damage":21.0,"enemies":"Nemesis","floor":41.0,"turns":3.0},{"damage":17.0,"enemies":"Reptomancer","floor":42.0,"turns":3.0},{"damage":6.0,"enemies":"Nemesis","floor":44.0,"turns":3.0},{"damage":12.0,"enemies":"Giant Head","floor":45.0,"turns":3.0},{"damage":12.0,"enemies":"Nemesis","floor":46.0,"turns":3.0},{"damage":12,"enemies":"Reptomancer","floor":47,"turns":2},{"damage":15,"enemies":"Time Eater","floor":50,"turns":3},{"damage":12,"enemies":"Shield and Spear","floor":54,"turns":2},{"damage":29,"enemies":"The Heart","floor":55,"turns":5}],"seed_played":"4555635073018496758","potions_obtained":[{"floor":2.0,"key":"ElixirPotion"},{"floor":12.0,"key":"SkillPotion"},{"floor":18.0,"key":"Energy Potion"},{"floor":28.0,"key":"EntropicBrew"},{"floor":29.0,"key":"PowerPotion"}],"is_trial":true,"path_per_floor":["M","M","M","?","$","R","R","E","T","R","R","E","E","?","R","B",null,"M","$","?","$","M","E","R","E","T","R","E","E","E","M","R","B",null,"M","?","$","M","$","E","E","E","T","E","E","E","E","$","R","B",null,"R","$","E","B",null],"character_chosen":"IRONCLAD","items_purchased":["Dual Wield+1","ClockworkSouvenir","Disarm+1"],"campfire_rested":1,"item_purchase_floors":[37,48,53],"current_hp_per_floor":[80,80,80,80,80,80,80,80,80,80,80,80,77,82,85,85,85,85,85,85,85,85,85,85,85,85,85,85,76,70,70,76,70,85,85,85,85,79,85,77,62,51,51,53,49,43,39,54,87,78,91,91,91,85,62],"gold":343,"neow_bonus":"","is_daily":false,"chose_seed":false,"campfire_upgraded":8,"win_rate":0.0,"timestamp":1611486179,"path_taken":["M","M","M","?","$","R","R","E","T","R","R","E","E","?","R","BOSS","BOSS","M","$","?","$","M","E","R","E","T","R","E","?","E","?","R","BOSS","M","?","$","?","$","E","E","E","T","E","?","E","E","?","R","BOSS","R","$","E","BOSS"],"items_purchased_type":["Card","Relic","Card"],"build_version":"2020-12-22","purchased_purges":5,"victory":true,"max_hp_per_floor":[80,80,80,80,80,80,80,80,80,80,80,80,80,85,85,85,85,85,85,85,85,85,85,85,85,85,85,85,85,85,85,85,85,85,85,85,85,85,85,85,85,85,85,87,89,89,91,91,91,91,91,91,91,91,91],"card_choices":[{"not_picked":["Sword Boomerang","Body Slam"],"picked":"Armaments","floor":0.0},{"not_picked":["Perfected Strike","Headbutt"],"picked":"Thunderclap","floor":0.0},{"not_picked":["Rupture","Burning Pact"],"picked":"Warcry","floor":0.0},{"not_picked":["Heavy Blade","True Grit"],"picked":"Pummel","floor":0.0},{"not_picked":["Sword Boomerang","Thunderclap"],"picked":"Wild Strike","floor":0.0},{"not_picked":["Cleave","Body Slam"],"picked":"Ghostly Armor","floor":0.0},{"not_picked":["Flex","Cleave"],"picked":"Fire Breathing","floor":0.0},{"not_picked":["Armaments","Heavy Blade"],"picked":"Inflame","floor":0.0},{"not_picked":["Twin Strike","Burning Pact"],"picked":"Evolve","floor":0.0},{"not_picked":["Dual Wield","Flex"],"picked":"Power Through","floor":0.0},{"not_picked":["True Grit","Armaments"],"picked":"Bloodletting","floor":0.0},{"not_picked":["Spot Weakness","Sever Soul"],"picked":"Sword Boomerang","floor":0.0},{"not_picked":["Clash","Headbutt"],"picked":"True Grit","floor":0.0},{"not_picked":["Second Wind","Uppercut"],"picked":"Battle Trance","floor":0.0},{"not_picked":["Dark Embrace","Sever Soul"],"picked":"Twin Strike","floor":0.0},{"not_picked":["True Grit","Perfected Strike"],"picked":"Fire Breathing","floor":1.0},{"not_picked":["Wild Strike","Sword Boomerang","Thunderclap"],"picked":"SKIP","floor":2.0},{"not_picked":["Metallicize","Dark Embrace","Headbutt"],"picked":"SKIP","floor":3.0},{"not_picked":["Impervious","Exhume","Barricade"],"picked":"SKIP","floor":8.0},{"not_picked":["Demon Form","Brutality"],"picked":"Offering","floor":12.0},{"not_picked":["Impervious","Demon Form","Feed"],"picked":"SKIP","floor":13.0},{"not_picked":["Wild Strike","Anger+1","Headbutt"],"picked":"SKIP","floor":18.0},{"not_picked":["Evolve","Cleave"],"picked":"Fire Breathing+1","floor":22.0},{"not_picked":["Reaper","Brutality","Corruption"],"picked":"SKIP","floor":23.0},{"not_picked":["Juggernaut","Feed","Immolate"],"picked":"SKIP","floor":25.0},{"not_picked":["Berserk","Immolate"],"picked":"Offering+1","floor":28.0},{"not_picked":["Berserk","Bludgeon","Brutality"],"picked":"SKIP","floor":29.0},{"not_picked":["Bludgeon","Impervious+1","Corruption"],"picked":"SKIP","floor":30.0},{"not_picked":["Clash+1","Feel No Pain","Twin Strike"],"picked":"SKIP","floor":31.0},{"not_picked":["Impervious+1","Brutality"],"picked":"Berserk","floor":33.0},{"not_picked":["Carnage+1","Battle Trance+1","Bloodletting+1"],"picked":"SKIP","floor":35.0},{"not_picked":["True Grit+1","Wild Strike","Pummel"],"picked":"SKIP","floor":38.0},{"not_picked":["Exhume+1","Barricade","Limit Break+1"],"picked":"SKIP","floor":40.0},{"not_picked":["Double Tap+1","Limit Break+1","Brutality"],"picked":"SKIP","floor":41.0},{"not_picked":["Corruption","Immolate","Berserk"],"picked":"SKIP","floor":42.0},{"not_picked":["Berserk","Reaper","Feed"],"picked":"Singing Bowl","floor":44.0},{"not_picked":["Offering+1","Fiend Fire","Brutality"],"picked":"Singing Bowl","floor":45.0},{"not_picked":["Reaper","Immolate"],"picked":"Barricade","floor":46},{"not_picked":["Corruption","Berserk","Feed"],"picked":"Singing Bowl","floor":47},{"not_picked":["Berserk","Juggernaut","Immolate"],"picked":"Impervious+1","floor":54}],"player_experience":476869,"relics_obtained":[{"floor":8.0,"key":"Eternal Feather"},{"floor":12.0,"key":"Ancient Tea Set"},{"floor":13.0,"key":"MealTicket"},{"floor":23.0,"key":"Thread and Needle"},{"floor":25.0,"key":"Smiling Mask"},{"floor":26.0,"key":"Toxic Egg 2"},{"floor":28.0,"key":"Sundial"},{"floor":30.0,"key":"Darkstone Periapt"},{"floor":40.0,"key":"Charon\u0027s Ashes"},{"floor":42.0,"key":"PreservedInsect"},{"floor":43.0,"key":"Singing Bowl"},{"floor":44.0,"key":"Art of War"},{"floor":45.0,"key":"Letter Opener"},{"floor":46,"key":"Red Skull"},{"floor":47,"key":"Question Card"},{"floor":54,"key":"Lizard Tail"}],"event_choices":[{"cards_removed":["Armaments"],"damage_healed":0.0,"max_hp_gain":0.0,"max_hp_loss":0.0,"gold_gain":0.0,"event_name":"Living Wall","player_choice":"Forget","floor":4.0,"gold_loss":0.0,"damage_taken":0.0},{"damage_healed":0.0,"max_hp_gain":5.0,"max_hp_loss":0.0,"gold_gain":0.0,"event_name":"Big Fish","player_choice":"Donut","floor":14.0,"gold_loss":0.0,"damage_taken":0.0},{"damage_healed":0.0,"max_hp_gain":0.0,"max_hp_loss":0.0,"gold_gain":0.0,"event_name":"N\u0027loth","player_choice":"Traded Relic","floor":20.0,"relics_lost":["Empty Cage"],"gold_loss":0.0,"damage_taken":0.0,"relics_obtained":["Nloth\u0027s Gift"]},{"cards_removed":["Wild Strike"],"damage_healed":0.0,"max_hp_gain":0.0,"max_hp_loss":0.0,"gold_gain":0.0,"event_name":"Falling","player_choice":"Removed Attack","floor":36.0,"gold_loss":0.0,"damage_taken":0.0}],"is_beta":false,"boss_relics":[{"not_picked":["Tiny House","Coffee Dripper"],"picked":"Empty Cage"},{"not_picked":["SlaversCollar","Velvet Choker"],"picked":"Sozu"}],"items_purged_floors":[5,19,21,37,48],"is_endless":false,"potions_floor_spawned":[2,12,18,22,28,29,35,38,45,46,47],"ascension_level":1}}