{"host":"uzp1tn8qxn9571p9","time":1611459947,"event":{"mods":["BaseMod","Colored Map","Colored Powertips","Hermit","Minty Spire (QoL Compilation)","StSLib","The Hierophant","óô»ðÖ¸ÄÏ"],"gold_per_floor":[113,113,137,137,137,137,14,14,39,64,83,114,114,114],"floor_reached":13,"language":"ZHS","playtime":353,"items_purged":["Strike_B"],"score":84,"play_id":"01420c46-9c33-477e-9822-10f193cdac61","local_time":"20210124114547","is_ascension_mode":true,"campfire_choices":[{"data":"Dualcast","floor":6,"key":"SMITH"},{"data":"Beam Cell","floor":8,"key":"SMITH"}],"circlet_count":0,"master_deck":["Strike_B+1","Strike_B","Strike_B+1","Defend_B","Defend_B","Defend_B","Defend_B","Zap+1","Dualcast+1","Defragment","Beam Cell+1","Sweeping Beam","Hello World","Static Discharge","Leap"],"relics":["Runic Dome","Golden Idol","Odd Mushroom"],"acts_visited":["Exordium"],"potions_floor_usage":[12,13],"damage_taken":[{"damage":3,"enemies":"Jaw Worm","floor":1,"turns":4},{"damage":7,"enemies":"Small Slimes","floor":3,"turns":4},{"damage":0,"enemies":"2 Louse","floor":10,"turns":2},{"damage":23,"enemies":"Exordium Thugs","floor":11,"turns":4},{"damage":8,"enemies":"The Mushroom Lair","floor":12,"turns":3},{"damage":1,"enemies":"Lagavulin","floor":13,"turns":4}],"seed_played":"-1133797129306248388","potions_obtained":[{"floor":1,"key":"PotionOfCapacity"},{"floor":10,"key":"Explosive Potion"},{"floor":12,"key":"DistilledChaos"}],"is_trial":false,"path_per_floor":["M","?","M","?","?","R","$","R","T","M","M","?","E"],"character_chosen":"DEFECT","items_purchased":["Sweeping Beam"],"campfire_rested":0,"item_purchase_floors":[7],"current_hp_per_floor":[72,54,47,32,32,32,32,32,32,32,9,1,0,0],"gold":114,"neow_bonus":"BOSS_RELIC","is_daily":false,"chose_seed":false,"campfire_upgraded":2,"win_rate":0.0,"timestamp":1611459947,"path_taken":["M","?","M","?","?","R","$","R","T","?","M","?","E"],"items_purchased_type":["Card"],"build_version":"2020-12-22","purchased_purges":1,"victory":false,"max_hp_per_floor":[75,75,75,75,75,75,75,75,75,75,75,75,75,75],"card_choices":[{"not_picked":["Recycle","Fusion"],"picked":"Defragment","floor":1},{"not_picked":["Storm","Steam"],"picked":"Beam Cell","floor":3},{"not_picked":["Consume","Steam Power"],"picked":"Hello World","floor":10},{"not_picked":["Coolheaded","Barrage"],"picked":"Static Discharge","floor":11},{"not_picked":["Hologram","Stack"],"picked":"Leap","floor":12}],"player_experience":379029,"relics_obtained":[{"floor":12,"key":"Odd Mushroom"}],"event_choices":[{"damage_healed":0,"gold_gain":0,"player_choice":"Take Damage","damage_taken":18,"relics_obtained":["Golden Idol"],"max_hp_gain":0,"max_hp_loss":0,"event_name":"Golden Idol","floor":2,"gold_loss":0},{"damage_healed":0,"gold_gain":0,"player_choice":"Entered Light","damage_taken":15,"max_hp_gain":0,"max_hp_loss":0,"event_name":"Shining Light","floor":4,"gold_loss":0,"cards_upgraded":["Strike_B","Strike_B"]},{"damage_healed":0,"gold_gain":0,"player_choice":"Upgraded","damage_taken":0,"max_hp_gain":0,"max_hp_loss":0,"event_name":"Upgrade Shrine","floor":5,"gold_loss":0,"cards_upgraded":["Zap"]},{"damage_healed":0,"gold_gain":0,"player_choice":"Fought Mushrooms","damage_taken":0,"max_hp_gain":0,"max_hp_loss":0,"event_name":"Mushrooms","floor":12,"gold_loss":0}],"is_beta":false,"boss_relics":[],"items_purged_floors":[7],"is_endless":false,"potions_floor_spawned":[1,10,12],"killed_by":"Lagavulin","ascension_level":3}}