{"host":"ooe12lh8pgcirntb","time":1611463921,"event":{"mods":["AchievementEnabler","Act Like it!","BaseMod","Beaked The Cultist","ChefMod","Colored Map","Colored Powertips","Downfall","Minty Spire (QoL Compilation)","StSLib","The Animator","The Bug Knight","The Disciple","The Hierophant","The Problem Sleuth"],"gold_per_floor":[131,15,32,68,68,102,102,123,149,199,374,378,378],"floor_reached":12,"language":"ENG","playtime":1451,"items_purged":[],"score":80,"play_id":"75644586-f45f-47bf-96a9-529ac15aaccf","local_time":"20210123235201","is_ascension_mode":false,"campfire_choices":[{"floor":7,"key":"REST"}],"circlet_count":0,"master_deck":["animator:Strike_GoblinSlayer","animator:Defend_GoblinSlayer","animator:Strike","animator:Strike","animator:Strike","animator:Defend","animator:Defend","animator:Defend","animator:LizardPriest","animator:DwarfShaman","animator:Shizu","animator:Hakurou","animator:Megumin+2","animator:GuildGirl","animator:Darkness","animator:Priestess","Pain","animator:GoblinSlayer","animator:Cocytus","animator:HighElfArcher","Doubt"],"relics":["animator:LivingPicture","animator:TheMissingPiece","WarpedTongs","Bottled Lightning","Boot"],"acts_visited":["Exordium"],"potions_floor_usage":[12,12,12],"damage_taken":[{"damage":0,"enemies":"Small Slimes","floor":1,"turns":4},{"damage":9,"enemies":"Cultist","floor":3,"turns":4},{"damage":0,"enemies":"2 Louse","floor":4,"turns":3},{"damage":34,"enemies":"Gremlin Nob","floor":6,"turns":6},{"damage":16,"enemies":"Looter","floor":8,"turns":4},{"damage":14,"enemies":"Lots of Slimes","floor":10,"turns":4},{"damage":16,"enemies":"3 Sentries","floor":12,"turns":3}],"seed_played":"7992937160502585281","potions_obtained":[{"floor":3,"key":"LiquidMemories"},{"floor":4,"key":"SteroidPotion"},{"floor":8,"key":"ColorlessPotion"}],"is_trial":false,"path_per_floor":["M","$","M","M","?","E","R","M","T","M","?","E"],"character_chosen":"THE_ANIMATOR","items_purchased":["animator:Megumin","animator:GuildGirl"],"campfire_rested":1,"item_purchase_floors":[2,2],"current_hp_per_floor":[66,66,57,57,57,24,44,28,28,14,14,0,0],"gold":378,"neow_bonus":"ONE_RANDOM_RARE_CARD","is_daily":false,"chose_seed":false,"campfire_upgraded":0,"win_rate":0.0,"timestamp":1611463921,"path_taken":["M","$","M","M","?","E","R","M","T","?","?","E"],"items_purchased_type":["Card","Card"],"build_version":"2020-12-22","purchased_purges":0,"victory":false,"max_hp_per_floor":[66,66,66,66,66,67,67,67,67,67,67,67,67],"card_choices":[{"not_picked":["animator:DwarfShaman","animator:Kazuma"],"picked":"animator:Hakurou","floor":1},{"not_picked":["animator:Cocytus","animator:Vanir"],"picked":"animator:Darkness","floor":3},{"not_picked":["animator:GuildGirl","animator:Gluttony"],"picked":"animator:Priestess","floor":4},{"not_picked":["animator:HighElfArcher","animator:LizardPriest"],"picked":"animator:GoblinSlayer","floor":6},{"not_picked":["animator:Yoichi","animator:Konayuki"],"picked":"animator:Cocytus","floor":8},{"not_picked":["animator:Cocytus","animator:Shuna"],"picked":"animator:HighElfArcher","floor":10}],"player_experience":691423,"relics_obtained":[{"floor":6,"key":"Bottled Lightning"},{"floor":9,"key":"Boot"}],"event_choices":[{"damage_healed":0,"gold_gain":0,"player_choice":"Rummage","damage_taken":0,"relics_obtained":["WarpedTongs"],"max_hp_gain":0,"max_hp_loss":0,"event_name":"Accursed Blacksmith","floor":5,"gold_loss":0,"cards_obtained":["Pain"]},{"damage_healed":0,"gold_gain":175,"player_choice":"AGREE","damage_taken":0,"max_hp_gain":0,"max_hp_loss":0,"event_name":"Liars Game","floor":11,"gold_loss":0,"cards_obtained":["Doubt"]}],"is_beta":false,"boss_relics":[],"items_purged_floors":[],"is_endless":false,"potions_floor_spawned":[3,4,8],"killed_by":"3 Sentries","ascension_level":0}}