{"host":"kjcsj8kbkx3w6fc4","time":1611455796,"event":{"mods":["2.2 Compatiblity","Aspiration","BaseMod","Better Third Choice","Conspire","Downfall","Hermit","Infinite Spire","Minty Spire (QoL Compilation)","Permanent Neow","StSLib","The Cursed"],"gold_per_floor":[99,114,133,171,171,189,189,189,208,158,158,175,175,40,72,182,182,82,82,111,102,102,102,125,179,179,239,278,309,309,309],"floor_reached":29,"language":"ENG","playtime":2226,"items_purged":[],"score":233,"play_id":"b1fe2ebd-91d9-4c1a-83a7-a6ab499e4e0d","local_time":"20210123213636","is_ascension_mode":false,"campfire_choices":[{"data":"Slimebound:Tackle","floor":1,"key":"SMITH"},{"data":"Slimebound:Split","floor":8,"key":"SMITH"},{"floor":11,"key":"RECALL"},{"data":"Slimebound:LeechingTouch","floor":18,"key":"SMITH"},{"data":"Slimebound:GoopSpray","floor":26,"key":"SMITH"}],"circlet_count":0,"master_deck":["Slimebound:Strike_Slimebound","Slimebound:Strike_Slimebound","Slimebound:Tackle+1","Slimebound:Defend_Slimebound","Slimebound:Defend_Slimebound","Slimebound:Defend_Slimebound","Slimebound:Defend_Slimebound","Slimebound:Split+1","Slimebound:CorrosiveSpit","Slimebound:SplitBruiser","Slimebound:MegaLick","Slimebound:Gluttony","Slimebound:PressTheAttack","Slimebound:Prepare","conspire:SpireCoStock","Slimebound:Repurpose","Slimebound:FirmFortitude","Slimebound:LeechingTouch+1","Slimebound:MinionMaster","infinitespire:Starlight","Slimebound:AcidTongue","Pride","Pain","Slimebound:GoopSpray+1","Slimebound:LevelUp","Slimebound:Chomp"],"relics":["Slimebound:AbsorbEndCombat","Smiling Mask","Lantern","Question Card","Orichalcum","aspiration:FutureDiary","downfall:HeartBlessingRed","infinitespire:Midas Blood","aspiration:HiddenCompartment","WarpedTongs","Anchor","aspiration:ChemicalBlood"],"acts_visited":["Exordium","TheCity"],"potions_floor_usage":[14,20,28,28,29,29,29],"damage_taken":[{"damage":2,"enemies":"conspire:RoseBush","floor":2,"turns":3},{"damage":0,"enemies":"2 Louse","floor":3,"turns":2},{"damage":6,"enemies":"conspire:MimicChest","floor":4,"turns":5},{"damage":7,"enemies":"Cultist","floor":6,"turns":3},{"damage":11,"enemies":"Blue Slaver","floor":9,"turns":3},{"damage":11,"enemies":"2 Fungi Beasts","floor":12,"turns":3},{"damage":2,"enemies":"downfall:FleeingMerchant","floor":14,"turns":4},{"damage":8,"enemies":"Red Slaver","floor":15,"turns":3},{"damage":39,"enemies":"DF_ARCHETYPE_STREAMLINE","floor":16,"turns":12},{"damage":0,"enemies":"conspire:FuzzyDice","floor":20,"turns":4},{"damage":8,"enemies":"downfall:FleeingMerchant","floor":21,"turns":4},{"damage":20,"enemies":"3 Byrds","floor":25,"turns":6},{"damage":37,"enemies":"Slavers","floor":27,"turns":6},{"damage":27,"enemies":"3 Cultists","floor":28,"turns":6},{"damage":33,"enemies":"Gremlin Leader","floor":29,"turns":5}],"seed_played":"-4000826679125870812","potions_obtained":[{"floor":3,"key":"DuplicationPotion"},{"floor":4,"key":"SpeedPotion"},{"floor":16,"key":"AttackPotion"},{"floor":25,"key":"Slimebound:SlimedPotion"}],"is_trial":false,"path_per_floor":["R","M","M","?","?","M","T","R","M","?","R","M","?","$","M","B",null,"R","AVR","M","$","?","?","T","M","R","E","M","E"],"character_chosen":"SLIMEBOUND","items_purchased":["Orichalcum"],"campfire_rested":0,"item_purchase_floors":[14],"current_hp_per_floor":[65,65,65,61,61,56,56,56,47,47,47,42,63,65,59,28,65,65,65,65,65,65,65,65,47,47,31,12,0,0,0],"gold":309,"neow_bonus":"RANDOM_COMMON_RELIC","is_daily":false,"chose_seed":false,"campfire_upgraded":4,"win_rate":0.0,"timestamp":1611455796,"path_taken":["R","M","M","?","?","M","T","R","M","?","R","M","?","$","M","BOSS","R","AVR","M","$","?","?","T","M","R","E","?","E"],"items_purchased_type":["Relic"],"build_version":"2020-12-22","purchased_purges":0,"victory":false,"max_hp_per_floor":[65,65,65,65,65,65,65,65,65,65,65,65,65,65,65,65,65,65,65,65,65,65,65,65,65,65,65,65,65,65,65],"card_choices":[{"not_picked":["Slimebound:LeadByExample","Slimebound:PressTheAttack"],"picked":"Slimebound:SplitBruiser","floor":2},{"not_picked":["Slimebound:SplitMire","Slimebound:SplitBruiser"],"picked":"Slimebound:MegaLick","floor":3},{"not_picked":["Slimebound:Equalize","Slimebound:RejuvenatingLick"],"picked":"Slimebound:Gluttony","floor":4},{"not_picked":["Slimebound:LeechEnergy","Slimebound:ComboTackle"],"picked":"Slimebound:PressTheAttack","floor":6},{"not_picked":["Slimebound:SplitLeeching","Slimebound:GoopSpray","Slimebound:RainOfGoop"],"picked":"Slimebound:Prepare","floor":9},{"not_picked":["Slimebound:Schlurp","Slimebound:SlimeBarrage","Slimebound:Replication"],"picked":"Slimebound:Repurpose","floor":12},{"not_picked":["Slimebound:SelfFormingGoo","Slimebound:Gluttony","Slimebound:Equalize"],"picked":"Slimebound:FirmFortitude","floor":14},{"not_picked":["Slimebound:ViciousTackle","Slimebound:HauntingLick","Slimebound:FinishingTackle"],"picked":"Slimebound:LeechingTouch","floor":15},{"not_picked":["Slimebound:SelfFormingGoo","Slimebound:PrepareCrush","Slimebound:OneTwoCombo"],"picked":"Slimebound:MinionMaster","floor":16},{"not_picked":["Slimebound:SlimeTap","Slimebound:RollThrough","Slimebound:Gluttony","Slimebound:Chomp+1"],"picked":"SKIP","floor":20},{"not_picked":["Slimebound:ItLooksTasty+1","Slimebound:PressTheAttack","Slimebound:SplitMire+1"],"picked":"Slimebound:AcidTongue","floor":21},{"not_picked":["Slimebound:RainOfGoop+1","Slimebound:HauntingLick","Slimebound:LevelUp+1"],"picked":"Slimebound:GoopSpray","floor":25},{"not_picked":["Slimebound:PressTheAttack","Slimebound:ItLooksTasty+1","Slimebound:SplitBruiser"],"picked":"Slimebound:LevelUp","floor":27},{"not_picked":["Slimebound:ComboTackle","Slimebound:GoopSpray","Slimebound:SplitBruiser"],"picked":"Slimebound:Chomp","floor":28}],"player_experience":132685,"relics_obtained":[{"floor":4,"key":"Lantern"},{"floor":7,"key":"Question Card"},{"floor":24,"key":"Anchor"},{"floor":27,"key":"aspiration:ChemicalBlood"}],"event_choices":[{"cards_removed":["Slimebound:Strike_Slimebound"],"damage_healed":0,"gold_gain":0,"player_choice":"Card Removal","damage_taken":0,"max_hp_gain":0,"max_hp_loss":0,"event_name":"The Cleric","floor":5,"gold_loss":0},{"damage_healed":0,"gold_gain":0,"player_choice":"Invest 1","damage_taken":0,"max_hp_gain":0,"max_hp_loss":0,"event_name":"conspire:Investor","floor":10,"gold_loss":0},{"damage_healed":21,"gold_gain":0,"player_choice":"Banana","damage_taken":0,"max_hp_gain":0,"max_hp_loss":0,"event_name":"Big Fish","floor":13,"gold_loss":0},{"damage_healed":0,"gold_gain":0,"player_choice":"Stole Relic","damage_taken":0,"relics_obtained":["aspiration:HiddenCompartment"],"max_hp_gain":0,"max_hp_loss":0,"event_name":"Addict","floor":22,"gold_loss":0,"cards_obtained":["Pride"]},{"damage_healed":0,"gold_gain":0,"player_choice":"Rummage","damage_taken":0,"relics_obtained":["WarpedTongs"],"max_hp_gain":0,"max_hp_loss":0,"event_name":"Accursed Blacksmith","floor":23,"gold_loss":0,"cards_obtained":["Pain"]}],"is_beta":false,"boss_relics":[{"not_picked":["bronze:MakeshiftBattery","SlaversCollar"],"picked":"aspiration:FutureDiary"}],"items_purged_floors":[],"is_endless":false,"potions_floor_spawned":[3,4,16,25],"killed_by":"Gremlin Leader","ascension_level":0}}