{"host":"txhhdwa0hqfs4jhb","time":1611510063,"event":{"mods":["BaseMod","Better Third Choice","Filter the Spire","Fox Events","Minty Spire (QoL Compilation)","Relic Stats","Slay-I","StSLib","Thieving Mod"],"gold_per_floor":[112,112,129,48,48,82,97,128,128,128,140,156,156,183,183,256,256,274,284,824,837,837,837],"floor_reached":22,"language":"ENG","playtime":972,"items_purged":[],"score":534,"play_id":"549ef97a-22df-4ab8-8cb9-5bba23ed612d","local_time":"20210124174103","is_ascension_mode":true,"campfire_choices":[{"data":"Cloak And Dagger","floor":13,"key":"SMITH"},{"data":"Cloak And Dagger","floor":15,"key":"SMITH"}],"circlet_count":0,"master_deck":["AscendersBane","Survivor","Neutralize","Poisoned Stab","Backflip","Dash","Die Die Die","Blade Dance","Cloak And Dagger+1","Cloak And Dagger+1","Blur","Leg Sweep","Glass Knife","Tools of the Trade","Eviscerate","Outmaneuver","Dodge and Roll","Bane","Burst","Well Laid Plans","Sucker Punch","After Image","Acrobatics","Prepared"],"relics":["WristBlade","ClockworkSouvenir","Vajra","Tingsha","Bottled Lightning","Strawberry","Pandora\u0027s Box"],"acts_visited":["Exordium","TheCity"],"potions_floor_usage":[6,16,18,22],"damage_taken":[{"damage":0,"enemies":"Jaw Worm","floor":1,"turns":5},{"damage":2,"enemies":"2 Louse","floor":3,"turns":4},{"damage":14,"enemies":"Gremlin Nob","floor":6,"turns":5},{"damage":0,"enemies":"Small Slimes","floor":7,"turns":2},{"damage":7,"enemies":"3 Sentries","floor":8,"turns":5},{"damage":2,"enemies":"Blue Slaver","floor":11,"turns":2},{"damage":3,"enemies":"Red Slaver","floor":12,"turns":2},{"damage":0,"enemies":"Gremlin Nob","floor":14,"turns":3},{"damage":0,"enemies":"The Guardian","floor":16,"turns":12},{"damage":0,"enemies":"2 Thieves","floor":18,"turns":3},{"damage":5,"enemies":"Chosen","floor":19,"turns":4},{"damage":5,"enemies":"Snake Plant","floor":21,"turns":5},{"damage":6,"enemies":"Shelled Parasite and Fungi","floor":22,"turns":1}],"seed_played":"-3833015734546010650","potions_obtained":[{"floor":3,"key":"SpeedPotion"},{"floor":12,"key":"Dexterity Potion"},{"floor":14,"key":"SpeedPotion"},{"floor":16,"key":"SneckoOil"}],"is_trial":false,"path_per_floor":["M","?","M","$","?","E","M","E","T","?","M","M","R","E","R","B",null,"M","M","?","M","M"],"character_chosen":"THE_SILENT","items_purchased":["Dash"],"campfire_rested":0,"item_purchase_floors":[4],"current_hp_per_floor":[59,52,50,50,50,36,36,29,29,51,49,46,46,53,53,53,68,68,63,6,1,0,0],"gold":837,"neow_bonus":"BOSS_RELIC","is_daily":false,"chose_seed":false,"campfire_upgraded":2,"win_rate":0.0,"timestamp":1611510063,"path_taken":["M","?","M","$","?","E","M","E","T","?","M","M","R","E","R","BOSS","M","M","?","?","M"],"items_purchased_type":["Card"],"build_version":"2020-12-22","purchased_purges":0,"victory":false,"max_hp_per_floor":[66,66,66,66,66,66,66,66,66,66,66,66,66,73,73,73,73,73,73,73,73,73,73],"relic_stats":{"counters":[13,53],"Tingsha":[13],"Pandora\u0027s Box":["Tools of the Trade","Eviscerate","Outmaneuver","Dodge and Roll","Bane","Burst","Well Laid Plans","Sucker Punch","After Image"],"obtain_stats":[{"WristBlade":0,"Strawberry":14,"Vajra":6,"Tingsha":8,"Pandora\u0027s Box":17,"Bottled Lightning":9,"Ring of the Snake":0,"ClockworkSouvenir":4},{"WristBlade":0,"Strawberry":8,"Vajra":3,"Tingsha":5,"Pandora\u0027s Box":9,"Bottled Lightning":5,"Ring of the Snake":0,"ClockworkSouvenir":2},{"WristBlade":0,"Strawberry":28,"Vajra":14,"Tingsha":21,"Pandora\u0027s Box":40,"Bottled Lightning":21,"Ring of the Snake":0,"ClockworkSouvenir":9}]},"card_choices":[{"not_picked":["Sucker Punch","Dagger Throw"],"picked":"Poisoned Stab","floor":1},{"not_picked":["PiercingWail","Bane"],"picked":"Backflip","floor":3},{"not_picked":["PiercingWail","Endless Agony"],"picked":"Die Die Die","floor":6},{"not_picked":["Noxious Fumes","Quick Slash"],"picked":"Blade Dance","floor":7},{"not_picked":["Poisoned Stab","Crippling Poison"],"picked":"Cloak And Dagger","floor":8},{"not_picked":["Heel Hook","Deadly Poison"],"picked":"Cloak And Dagger","floor":11},{"not_picked":["Terror","Dodge and Roll"],"picked":"Blur","floor":12},{"not_picked":["Deadly Poison","Crippling Poison"],"picked":"Leg Sweep","floor":14},{"not_picked":["Doppelganger","Night Terror"],"picked":"Glass Knife","floor":16},{"not_picked":["Expertise","Finisher"],"picked":"Acrobatics","floor":18},{"not_picked":["Outmaneuver","Slice"],"picked":"Prepared","floor":19},{"not_picked":["Choke","Flechettes","Finisher"],"picked":"SKIP","floor":21}],"player_experience":287242,"relics_obtained":[{"floor":6,"key":"Vajra"},{"floor":8,"key":"Tingsha"},{"floor":9,"key":"Bottled Lightning"},{"floor":14,"key":"Strawberry"}],"event_choices":[{"cards_removed":["Strike_G"],"damage_healed":0,"gold_gain":0,"player_choice":"Card Removal","damage_taken":7,"max_hp_gain":0,"max_hp_loss":0,"event_name":"Golden Wing","floor":2,"gold_loss":0},{"damage_healed":0,"gold_gain":0,"player_choice":"Leave","damage_taken":0,"max_hp_gain":0,"max_hp_loss":0,"event_name":"The Cleric","floor":5,"gold_loss":0},{"damage_healed":22,"gold_gain":0,"player_choice":"Banana","damage_taken":0,"max_hp_gain":0,"max_hp_loss":0,"event_name":"Big Fish","floor":10,"gold_loss":0},{"damage_healed":0,"gold_gain":540,"player_choice":"GOLD GOLD GOLD GOLD GOLD GOLD ","damage_taken":57,"max_hp_gain":0,"max_hp_loss":0,"event_name":"Knowing Skull","floor":20,"potions_obtained":[],"gold_loss":0,"cards_obtained":[]}],"is_beta":false,"boss_relics":[{"not_picked":["Empty Cage","SacredBark"],"picked":"Pandora\u0027s Box"}],"items_purged_floors":[],"is_endless":false,"potions_floor_spawned":[3,12,14,16],"killed_by":"Shelled Parasite and Fungi","ascension_level":18}}