{"host":"ew66i0vuc7r9fnl7","time":1611476216,"event":{"mods":["Arknights The Spire","BaseMod","DeckTracker","Minty Spire (QoL Compilation)","StSLib"],"gold_per_floor":[116,116,135,150,150,150,176,201,201,201,276,300,225,236,236,236,236],"floor_reached":16,"language":"KOR","playtime":545,"items_purged":["ats:Strike G"],"score":102,"play_id":"ac16309f-fdc6-4d2e-9405-c292d4449825","local_time":"20210124171656","is_ascension_mode":false,"campfire_choices":[{"data":"ats:Emotion Absorption","floor":6,"key":"SMITH"},{"data":"ats:Soul Absorption","floor":10,"key":"SMITH"},{"floor":15,"key":"REST"}],"circlet_count":0,"master_deck":["ats:Strike C","ats:Strike S","ats:Armor Crushing Shot","ats:Defend","ats:Defend","ats:Defend","ats:Defend","ats:Emotion Absorption+1","ats:Very Hot Blade","ats:Apocalypse","ats:Mental Burst","ats:Soul Absorption+1","ats:Absolute Focus"],"relics":["ats:Sanity","NeowsBlessing","CeramicFish","ats:Originium","Blue Candle","Matryoshka"],"acts_visited":["Exordium"],"potions_floor_usage":[16,16],"damage_taken":[{"damage":0,"enemies":"Small Slimes","floor":1,"turns":1},{"damage":0,"enemies":"Cultist","floor":3,"turns":1},{"damage":0,"enemies":"2 Louse","floor":4,"turns":1},{"damage":22,"enemies":"Gremlin Nob","floor":7,"turns":4},{"damage":17,"enemies":"2 Fungi Beasts","floor":8,"turns":4},{"damage":11,"enemies":"Red Slaver","floor":12,"turns":3},{"damage":15,"enemies":"Large Slime","floor":14,"turns":6},{"damage":62,"enemies":"The Guardian","floor":16,"turns":8}],"seed_played":"6697826925959421242","potions_obtained":[{"floor":1,"key":"ColorlessPotion"},{"floor":7,"key":"EssenceOfSteel"}],"is_trial":false,"path_per_floor":["M","?","M","M","?","R","E","M","T","R","?","M","$","M","R","B"],"character_chosen":"DOCTOR_CLASS","items_purchased":[],"campfire_rested":1,"item_purchase_floors":[],"current_hp_per_floor":[72,72,72,72,65,65,43,36,36,36,25,19,19,9,30,0,0],"gold":236,"neow_bonus":"THREE_ENEMY_KILL","is_daily":false,"chose_seed":false,"campfire_upgraded":2,"win_rate":0.0,"timestamp":1611476216,"path_taken":["M","?","M","?","?","R","E","M","T","R","?","M","$","M","R","BOSS"],"items_purchased_type":[],"build_version":"2020-12-22","purchased_purges":1,"victory":false,"max_hp_per_floor":[72,72,72,72,72,72,72,72,72,72,72,72,72,72,72,72,72],"card_choices":[{"not_picked":["ats:Burning Ground","ats:Powerful Strike","ats:Guard Mode"],"picked":"SKIP","floor":1},{"not_picked":["ats:Assault Order","ats:Blood Oath"],"picked":"ats:Apocalypse","floor":3},{"not_picked":["ats:Blood Oath","ats:Flexible Camouflage"],"picked":"ats:Mental Burst","floor":4},{"not_picked":["ats:Neurotoxin","ats:Red Shift","ats:Leaping Hammer"],"picked":"SKIP","floor":7},{"not_picked":["ats:Leaping Hammer","ats:Beaten Up"],"picked":"ats:Soul Absorption","floor":8},{"not_picked":["ats:Cat Scratch","ats:Sunburst"],"picked":"ats:Absolute Focus","floor":12},{"not_picked":["ats:Absolute Focus","ats:Charging Defense","ats:Flexible Camouflage"],"picked":"SKIP","floor":14}],"player_experience":609769,"relics_obtained":[{"floor":7,"key":"ats:Originium"},{"floor":7,"key":"Blue Candle"},{"floor":9,"key":"Matryoshka"}],"event_choices":[{"damage_healed":0,"gold_gain":0,"cards_transformed":["ats:Strike V"],"player_choice":"Transformed","damage_taken":0,"max_hp_gain":0,"max_hp_loss":0,"event_name":"Transmorgrifier","floor":2,"gold_loss":0,"cards_obtained":["ats:Very Hot Blade"]},{"damage_healed":0,"gold_gain":0,"player_choice":"Success","damage_taken":7,"relics_obtained":["CeramicFish"],"max_hp_gain":0,"max_hp_loss":0,"event_name":"Scrap Ooze","floor":5,"gold_loss":0},{"damage_healed":0,"gold_gain":75,"player_choice":"Gather Gold","damage_taken":11,"max_hp_gain":0,"max_hp_loss":0,"event_name":"World of Goop","floor":11,"gold_loss":0}],"is_beta":false,"boss_relics":[],"items_purged_floors":[13],"is_endless":false,"potions_floor_spawned":[1,7],"killed_by":"The Guardian","ascension_level":0}}