{"host":"5fpb1gzflhq9886n","time":1611460571,"event":{"mods":["AchievementEnabler","BaseMod","Colored Map","Colored Powertips","Minty Spire (QoL Compilation)","Permanent Neow"],"gold_per_floor":[111,111,130,150,165,165,200,200,200,200,165,183,28,61,61,162,162,180,196,196,196],"floor_reached":20,"language":"ENG","playtime":1336,"items_purged":[],"score":221,"play_id":"60daf8d9-1290-488a-ac78-cd6f3708854e","local_time":"20210123225611","is_ascension_mode":true,"campfire_choices":[{"floor":6.0,"key":"REST"},{"floor":8.0,"key":"REST"},{"floor":15.0,"key":"REST"}],"circlet_count":0,"master_deck":["Strike_G","Strike_G","Strike_G","Strike_G","Strike_G","Defend_G","Defend_G","Defend_G","Defend_G","Defend_G","Survivor","Neutralize","Envenom","Dagger Throw","Finisher","Footwork","Crippling Poison","All Out Attack","Blade Dance","Backstab","Storm of Steel","Deadly Poison","Riddle With Holes"],"relics":["Ring of the Snake","StrikeDummy","Calipers","Akabeko","The Specimen","Velvet Choker"],"acts_visited":["Exordium","TheCity"],"potions_floor_usage":[],"damage_taken":[{"damage":15.0,"enemies":"Jaw Worm","floor":1.0,"turns":6.0},{"damage":1.0,"enemies":"Cultist","floor":3.0,"turns":4.0},{"damage":12.0,"enemies":"2 Louse","floor":4.0,"turns":3.0},{"damage":9.0,"enemies":"Looter","floor":5.0,"turns":4.0},{"damage":29.0,"enemies":"3 Sentries","floor":7.0,"turns":10.0},{"damage":0.0,"enemies":"Exordium Wildlife","floor":12.0,"turns":2.0},{"damage":25.0,"enemies":"Gremlin Nob","floor":14.0,"turns":4.0},{"damage":37,"enemies":"The Guardian","floor":16,"turns":11},{"damage":17,"enemies":"Spheric Guardian","floor":18,"turns":4},{"damage":29,"enemies":"Shell Parasite","floor":19,"turns":8},{"damage":28,"enemies":"Snake Plant","floor":20,"turns":3}],"seed_played":"5522125310514977934","potions_obtained":[{"floor":1.0,"key":"EntropicBrew"},{"floor":12.0,"key":"Poison Potion"},{"floor":16,"key":"AttackPotion"},{"floor":19,"key":"SpeedPotion"}],"is_trial":false,"path_per_floor":["M","?","M","M","M","R","E","R","T","?","?","M","$","E","R","B",null,"M","M","M"],"character_chosen":"THE_SILENT","items_purchased":["Akabeko"],"campfire_rested":3,"item_purchase_floors":[13],"current_hp_per_floor":[55,55,54,42,33,54,25,46,46,46,63,63,63,38,59,22,70,53,24,0,0],"gold":196,"neow_bonus":"ONE_RANDOM_RARE_CARD","is_daily":false,"chose_seed":false,"campfire_upgraded":0,"win_rate":0.0,"timestamp":1611460571,"path_taken":["M","?","?","M","M","R","E","R","T","?","?","M","?","E","R","BOSS","M","M","?"],"items_purchased_type":["Relic"],"build_version":"2020-12-22","purchased_purges":0,"victory":false,"max_hp_per_floor":[70,70,70,70,70,70,70,70,70,70,70,70,70,70,70,70,70,70,70,70,70],"card_choices":[{"not_picked":["Reflex","Predator"],"picked":"Dagger Throw","floor":1.0},{"not_picked":["Acrobatics","Deflect"],"picked":"Finisher","floor":3.0},{"not_picked":["Sucker Punch","Eviscerate"],"picked":"Footwork","floor":4.0},{"not_picked":["Outmaneuver","Choke"],"picked":"Crippling Poison","floor":5.0},{"not_picked":["Adrenaline","Heel Hook"],"picked":"All Out Attack","floor":7.0},{"not_picked":["Flechettes","PiercingWail"],"picked":"Blade Dance","floor":12.0},{"not_picked":["Prepared","Escape Plan"],"picked":"Backstab","floor":14.0},{"not_picked":["Tools of the Trade","A Thousand Cuts"],"picked":"Storm of Steel","floor":16},{"not_picked":["Poisoned Stab","Caltrops"],"picked":"Deadly Poison","floor":18},{"not_picked":["Heel Hook+1","Poisoned Stab"],"picked":"Riddle With Holes","floor":19}],"player_experience":757225,"relics_obtained":[{"floor":7.0,"key":"StrikeDummy"},{"floor":9.0,"key":"Calipers"},{"floor":14.0,"key":"The Specimen"}],"event_choices":[{"damage_healed":0.0,"max_hp_gain":0.0,"max_hp_loss":0.0,"gold_gain":0.0,"event_name":"Purifier","player_choice":"Ignored","floor":2.0,"gold_loss":0.0,"damage_taken":0.0},{"damage_healed":0.0,"max_hp_gain":0.0,"max_hp_loss":0.0,"gold_gain":0.0,"event_name":"Shining Light","player_choice":"Ignored","floor":10.0,"gold_loss":0.0,"damage_taken":0.0},{"damage_healed":17.0,"max_hp_gain":0.0,"max_hp_loss":0.0,"gold_gain":0.0,"event_name":"The Cleric","player_choice":"Healed","floor":11.0,"gold_loss":35.0,"damage_taken":0.0}],"is_beta":false,"boss_relics":[{"not_picked":["Tiny House","Ring of the Serpent"],"picked":"Velvet Choker"}],"items_purged_floors":[],"is_endless":false,"potions_floor_spawned":[1,5,12,16,19],"killed_by":"Snake Plant","ascension_level":4}}