{"host":"q9718omregw4er46","time":1611511607,"event":{"mods":["BaseMod","Bestiary","Colored Powertips","Custom Start","Highlight Path","Minty Spire (QoL Compilation)","Practice Mode","Quick Restart","Relic Stats"],"gold_per_floor":[119,36,48,48,98,123,141,159,185,205,236,236,261,273,273,347,347,360,375,38,38,73,73,106,106,131,131,161,175,200,220,220,297,297,316,366,198,168,183,218,218,229,229,264,282,282,282],"floor_reached":46,"language":"ENG","playtime":4489,"items_purged":["Strike_R"],"score":1241,"play_id":"a9e5a7dd-5c6f-40d7-9b3b-ccc75e891359","local_time":"20210124230647","is_ascension_mode":true,"campfire_choices":[{"data":"Bash","floor":12.0,"key":"SMITH"},{"data":"Flame Barrier","floor":15.0,"key":"SMITH"},{"data":"Feed","floor":23.0,"key":"SMITH"},{"floor":27.0,"key":"REST"},{"floor":32.0,"key":"REST"},{"floor":41.0,"key":"REST"}],"circlet_count":0,"master_deck":["AscendersBane","Defend_R","Defend_R","Defend_R","Defend_R","Bash+1","Rampage","Feed+1","Combust","Cleave","Twin Strike+1","Flame Barrier+1","Thunderclap","Corruption","Carnage","Bite","Bite","Bite","Bite+1","Bite","Barricade","Clothesline","Armaments+1","Havoc+1","Spot Weakness+1","Impervious+1","Battle Trance+1","Feed+1","Offering+1","Carnage+1","Berserk"],"relics":["Burning Blood","NeowsBlessing","Potion Belt","Toy Ornithopter","Anchor","Snecko Eye","Toxic Egg 2","Red Mask","Thread and Needle","Question Card","Regal Pillow","Peace Pipe","Whetstone","Mark of Pain","DollysMirror","Vajra","Juzu Bracelet"],"acts_visited":["Exordium","TheCity","TheBeyond"],"potions_floor_usage":[46,46],"damage_taken":[{"damage":0.0,"enemies":"Small Slimes","floor":1.0,"turns":1.0},{"damage":0.0,"enemies":"2 Louse","floor":3.0,"turns":3.0},{"damage":0.0,"enemies":"Lagavulin","floor":6.0,"turns":1.0},{"damage":10.0,"enemies":"Cultist","floor":7.0,"turns":4.0},{"damage":21.0,"enemies":"Lots of Slimes","floor":8.0,"turns":5.0},{"damage":16.0,"enemies":"Blue Slaver","floor":10.0,"turns":4.0},{"damage":34.0,"enemies":"Gremlin Nob","floor":11.0,"turns":4.0},{"damage":25.0,"enemies":"3 Sentries","floor":13.0,"turns":6.0},{"damage":23.0,"enemies":"Large Slime","floor":14.0,"turns":6.0},{"damage":48.0,"enemies":"Hexaghost","floor":16.0,"turns":10.0},{"damage":26.0,"enemies":"Shell Parasite","floor":18.0,"turns":7.0},{"damage":18.0,"enemies":"Chosen","floor":19.0,"turns":4.0},{"damage":21.0,"enemies":"Masked Bandits","floor":22.0,"turns":5.0},{"damage":48.0,"enemies":"Slavers","floor":24.0,"turns":8.0},{"damage":69.0,"enemies":"Gremlin Leader","floor":28.0,"turns":9.0},{"damage":11.0,"enemies":"Snake Plant","floor":29.0,"turns":5.0},{"damage":15.0,"enemies":"Slavers","floor":30.0,"turns":5.0},{"damage":55.0,"enemies":"Cultist and Chosen","floor":31.0,"turns":7.0},{"damage":113.0,"enemies":"Champ","floor":33.0,"turns":26.0},{"damage":4.0,"enemies":"3 Shapes","floor":35.0,"turns":6.0},{"damage":46.0,"enemies":"3 Darklings","floor":39.0,"turns":5.0},{"damage":59.0,"enemies":"Reptomancer","floor":40.0,"turns":7.0},{"damage":36.0,"enemies":"Maw","floor":42.0,"turns":9.0},{"damage":35.0,"enemies":"Giant Head","floor":44.0,"turns":8.0},{"damage":79,"enemies":"Jaw Worm Horde","floor":45,"turns":6},{"damage":41,"enemies":"Nemesis","floor":46,"turns":4}],"seed_played":"8426713206629384072","potions_obtained":[{"floor":7.0,"key":"Block Potion"},{"floor":8.0,"key":"Swift Potion"},{"floor":10.0,"key":"BloodPotion"},{"floor":11.0,"key":"FearPotion"},{"floor":16.0,"key":"HeartOfIron"},{"floor":24.0,"key":"LiquidBronze"},{"floor":29.0,"key":"CultistPotion"},{"floor":31.0,"key":"ElixirPotion"},{"floor":33.0,"key":"SteroidPotion"},{"floor":38.0,"key":"EntropicBrew"},{"floor":39.0,"key":"Swift Potion"},{"floor":42.0,"key":"EssenceOfSteel"},{"floor":44.0,"key":"Energy Potion"}],"is_trial":false,"path_per_floor":["M","$","M","?","?","E","M","M","T","M","E","R","E","M","R","B",null,"M","M","$","?","?","R","E","T","T","R","E","M","E","M","R","B",null,"M","?","$","?","M","E","R","M","T","E","M","E"],"character_chosen":"IRONCLAD","items_purchased":["Feed","Toxic Egg 2","DollysMirror"],"campfire_rested":3,"item_purchase_floors":[2,20,37],"current_hp_per_floor":[74,74,78,83,75,84,83,71,71,66,43,43,29,17,17,7,80,65,55,55,55,64,64,43,43,43,92,46,45,52,18,69,29,99,109,109,109,109,86,46,101,87,87,76,18,0,0],"gold":282,"neow_bonus":"THREE_ENEMY_KILL","is_daily":false,"chose_seed":false,"campfire_upgraded":3,"win_rate":0.0,"timestamp":1611511607,"path_taken":["M","$","M","?","?","E","?","M","T","M","E","R","E","M","R","BOSS","M","?","$","?","?","R","E","?","T","R","E","M","E","M","R","BOSS","M","?","?","?","?","E","R","M","T","E","M","E"],"items_purchased_type":["Card","Relic","Relic"],"build_version":"2020-12-22","purchased_purges":1,"victory":false,"max_hp_per_floor":[75,75,78,83,83,86,89,92,92,95,98,98,101,104,104,104,104,107,107,107,107,110,110,114,114,114,114,118,118,122,122,122,122,122,126,126,126,126,130,134,134,134,134,134,142,142,142],"relic_stats":{"Peace Pipe":0,"Regal Pillow":45,"counters":[26,165],"Snecko Eye":[196,206,225,197],"Juzu Bracelet":0,"Whetstone":["Twin Strike","Bite"],"Question Card":11,"obtain_stats":[{"Potion Belt":6,"Regal Pillow":26,"NeowsBlessing":0,"Vajra":40,"Thread and Needle":24,"Juzu Bracelet":44,"Whetstone":30,"Question Card":25,"Burning Blood":0,"Blood Vial":9,"Peace Pipe":28,"Anchor":13,"DollysMirror":37,"Snecko Eye":17,"Mark of Pain":34,"Red Mask":22,"Toxic Egg 2":20,"Toy Ornithopter":11},{"Potion Belt":3,"Regal Pillow":14,"NeowsBlessing":0,"Vajra":22,"Thread and Needle":14,"Juzu Bracelet":24,"Whetstone":17,"Question Card":14,"Burning Blood":0,"Blood Vial":5,"Peace Pipe":15,"Anchor":8,"DollysMirror":20,"Snecko Eye":10,"Mark of Pain":19,"Red Mask":13,"Toxic Egg 2":12,"Toy Ornithopter":7},{"Potion Belt":5,"Regal Pillow":68,"NeowsBlessing":0,"Vajra":138,"Thread and Needle":68,"Juzu Bracelet":155,"Whetstone":87,"Question Card":68,"Burning Blood":0,"Blood Vial":14,"Peace Pipe":77,"Anchor":28,"DollysMirror":126,"Snecko Eye":44,"Mark of Pain":120,"Red Mask":60,"Toxic Egg 2":55,"Toy Ornithopter":22}],"Burning Blood":145,"Toy Ornithopter":40},"card_choices":[{"not_picked":["Flex","Havoc"],"picked":"Rampage","floor":1.0},{"not_picked":["Rage","Searing Blow","Body Slam"],"picked":"SKIP","floor":3.0},{"not_picked":["Metallicize","Thunderclap"],"picked":"Combust","floor":6.0},{"not_picked":["Headbutt","Iron Wave","Dropkick"],"picked":"SKIP","floor":7.0},{"not_picked":["Blood for Blood","Second Wind"],"picked":"Cleave","floor":8.0},{"not_picked":["Perfected Strike","Dual Wield"],"picked":"Twin Strike","floor":10.0},{"not_picked":["Clash","Sword Boomerang"],"picked":"Flame Barrier","floor":11.0},{"not_picked":["Dual Wield","Iron Wave"],"picked":"Thunderclap","floor":13.0},{"not_picked":["Sword Boomerang","Clash","Intimidate"],"picked":"SKIP","floor":14.0},{"not_picked":["Feed","Berserk"],"picked":"Corruption","floor":16.0},{"not_picked":["Heavy Blade","Rage"],"picked":"Carnage","floor":18.0},{"not_picked":["Cleave","Pommel Strike","Headbutt"],"picked":"SKIP","floor":19.0},{"not_picked":["Blood for Blood","Anger"],"picked":"Barricade","floor":24.0},{"not_picked":["Perfected Strike","Bloodletting+1","Spot Weakness+1"],"picked":"Clothesline","floor":28.0},{"not_picked":["Body Slam","Heavy Blade","Anger"],"picked":"Armaments+1","floor":29.0},{"not_picked":["Clash","Searing Blow","Rampage"],"picked":"Havoc+1","floor":30.0},{"not_picked":["Evolve","Ghostly Armor+1","Twin Strike"],"picked":"Spot Weakness+1","floor":31.0},{"not_picked":["Berserk","Corruption","Reaper"],"picked":"Impervious+1","floor":33.0},{"not_picked":["Wild Strike","Blood for Blood","Armaments+1"],"picked":"Battle Trance+1","floor":35.0},{"not_picked":["Clash","Second Wind+1","Pommel Strike","Twin Strike"],"picked":"SKIP","floor":39.0},{"not_picked":["Reckless Charge","True Grit+1","Flex+1"],"picked":"Offering+1","floor":40.0},{"not_picked":["Warcry+1","Fire Breathing","Iron Wave"],"picked":"Carnage+1","floor":42.0},{"not_picked":["Havoc+1","Rage+1","Bloodletting+1"],"picked":"Berserk","floor":44.0},{"not_picked":["Second Wind+1","Warcry+1","Pummel","Infernal Blade+1"],"picked":"SKIP","floor":45}],"player_experience":1252428,"relics_obtained":[{"floor":6.0,"key":"Potion Belt"},{"floor":9.0,"key":"Blood Vial"},{"floor":11.0,"key":"Toy Ornithopter"},{"floor":13.0,"key":"Anchor"},{"floor":22.0,"key":"Red Mask"},{"floor":24.0,"key":"Thread and Needle"},{"floor":25.0,"key":"Question Card"},{"floor":26.0,"key":"Regal Pillow"},{"floor":28.0,"key":"Peace Pipe"},{"floor":30.0,"key":"Whetstone"},{"floor":40.0,"key":"Vajra"},{"floor":44.0,"key":"Juzu Bracelet"}],"event_choices":[{"damage_healed":0.0,"max_hp_gain":5.0,"max_hp_loss":0.0,"gold_gain":0.0,"event_name":"Big Fish","player_choice":"Donut","floor":4.0,"gold_loss":0.0,"damage_taken":0.0},{"damage_healed":0.0,"max_hp_gain":0.0,"max_hp_loss":0.0,"gold_gain":50.0,"event_name":"FaceTrader","player_choice":"Touch","floor":5.0,"gold_loss":0.0,"damage_taken":8.0},{"damage_healed":0.0,"max_hp_gain":0.0,"max_hp_loss":0.0,"gold_gain":0.0,"event_name":"Vampires","player_choice":"Became a vampire (Vial)","floor":21.0,"relics_lost":["Blood Vial"],"gold_loss":0.0,"damage_taken":0.0,"cards_obtained":["Bite","Bite","Bite","Bite","Bite"]},{"damage_healed":0.0,"max_hp_gain":0.0,"max_hp_loss":0.0,"gold_gain":0.0,"event_name":"Masked Bandits","player_choice":"Fought Bandits","floor":22.0,"gold_loss":0.0,"damage_taken":0.0},{"damage_healed":0.0,"max_hp_gain":0.0,"max_hp_loss":0.0,"gold_gain":50.0,"event_name":"Golden Shrine","player_choice":"Pray","floor":36.0,"gold_loss":0.0,"damage_taken":0.0},{"damage_healed":0.0,"max_hp_gain":0.0,"max_hp_loss":0.0,"gold_gain":0.0,"event_name":"The Woman in Blue","player_choice":"Bought 2 Potions","floor":38.0,"gold_loss":0.0,"damage_taken":0.0}],"is_beta":false,"boss_relics":[{"not_picked":["Busted Crown","Ectoplasm"],"picked":"Snecko Eye"},{"not_picked":["Pandora\u0027s Box","Philosopher\u0027s Stone"],"picked":"Mark of Pain"}],"items_purged_floors":[20],"is_endless":false,"potions_floor_spawned":[7,8,10,11,14,16,24,29,31,33,39,42,44],"killed_by":"Nemesis","ascension_level":20}}