{"host":"8dhn6p16jorj0i1s","time":1611520388,"event":{"mods":["AchievementEnabler","BaseMod","Colored Map","DeckTracker","Highlight Path","Minty Spire (QoL Compilation)","Permanent Neow","Quick Restart"],"gold_per_floor":[117,117,117,117,128,128,138,40,40,70,87,105,105,121,121,221,221,237,36,50,0,0,0,11,11,11,27,126,126,41,68,68,172,172,185,204,204,223,239,267,267,280,280,297,297,324,324,354,354,354,354,354,17,48,48,48],"floor_reached":55,"language":"ENG","playtime":4170,"items_purged":["Strike_P","Defend_P","Strike_P"],"score":1251,"play_id":"33a97789-7efe-44f4-982f-57dd6a5e3b8a","local_time":"20210124213308","is_ascension_mode":true,"campfire_choices":[{"data":"Eruption","floor":6,"key":"SMITH"},{"data":"Vigilance","floor":13,"key":"SMITH"},{"data":"Prostrate","floor":15,"key":"SMITH"},{"data":"Devotion","floor":23,"key":"SMITH"},{"data":"Pray","floor":25,"key":"SMITH"},{"data":"MentalFortress","floor":29,"key":"SMITH"},{"data":"Worship","floor":32,"key":"SMITH"},{"data":"Defend_P","floor":41,"key":"PURGE"},{"data":"Scrawl","floor":47,"key":"SMITH"},{"floor":49,"key":"RECALL"},{"data":"Worship","floor":52,"key":"SMITH"}],"circlet_count":0,"master_deck":["Eruption+1","Vigilance+1","Brilliance","Protect+1","MentalFortress+1","Prostrate+1","Pray+1","Devotion+1","CarveReality+1","Brilliance","Worship+1","Scrawl+1","Worship+1","FlurryOfBlows+1","Adaptation","Wallop"],"relics":["PureWater","Bronze Scales","Smiling Mask","Coffee Dripper","DollysMirror","Nloth\u0027s Gift","Prayer Wheel","Ornamental Fan","Centennial Puzzle","Busted Crown","Peace Pipe","HornCleat","Pen Nib","FossilizedHelix","Unceasing Top"],"acts_visited":["Exordium","TheCity","TheBeyond","TheEnding"],"potions_floor_usage":[12,18,24,46,55,55],"damage_taken":[{"damage":0,"enemies":"Small Slimes","floor":1,"turns":4},{"damage":0,"enemies":"Jaw Worm","floor":5,"turns":3},{"damage":0,"enemies":"Cultist","floor":7,"turns":2},{"damage":11,"enemies":"Lagavulin","floor":10,"turns":5},{"damage":6,"enemies":"Looter","floor":11,"turns":3},{"damage":0,"enemies":"Lots of Slimes","floor":12,"turns":3},{"damage":0,"enemies":"Blue Slaver","floor":14,"turns":4},{"damage":1,"enemies":"The Guardian","floor":16,"turns":7},{"damage":19,"enemies":"2 Thieves","floor":18,"turns":4},{"damage":0,"enemies":"Chosen","floor":20,"turns":3},{"damage":0,"enemies":"3 Cultists","floor":24,"turns":3},{"damage":12,"enemies":"Shelled Parasite and Fungi","floor":27,"turns":3},{"damage":13,"enemies":"Book of Stabbing","floor":31,"turns":5},{"damage":0,"enemies":"Collector","floor":33,"turns":6},{"damage":11,"enemies":"3 Darklings","floor":35,"turns":3},{"damage":9,"enemies":"3 Shapes","floor":36,"turns":2},{"damage":0,"enemies":"Maw","floor":38,"turns":3},{"damage":0,"enemies":"3 Darklings","floor":39,"turns":3},{"damage":0,"enemies":"Giant Head","floor":40,"turns":3},{"damage":0,"enemies":"4 Shapes","floor":42,"turns":2},{"damage":0,"enemies":"Sphere and 2 Shapes","floor":44,"turns":1},{"damage":0,"enemies":"Reptomancer","floor":46,"turns":1},{"damage":5,"enemies":"Giant Head","floor":48,"turns":2},{"damage":0,"enemies":"Awakened One","floor":50,"turns":4},{"damage":0,"enemies":"Shield and Spear","floor":54,"turns":2},{"damage":67,"enemies":"The Heart","floor":55,"turns":5}],"seed_played":"-7909796728889669049","potions_obtained":[{"floor":1,"key":"BottledMiracle"},{"floor":7,"key":"EssenceOfSteel"},{"floor":14,"key":"DuplicationPotion"},{"floor":16,"key":"SpeedPotion"},{"floor":18,"key":"LiquidMemories"},{"floor":33,"key":"SpeedPotion"},{"floor":39,"key":"Dexterity Potion"},{"floor":42,"key":"DistilledChaos"},{"floor":44,"key":"DistilledChaos"}],"is_trial":false,"path_per_floor":["M","?","?","T","M","R","M","$","T","E","M","M","R","M","R","B",null,"M","$","M","$","?","R","M","R","T","M","?","R","?","E","R","B",null,"M","M","?","M","M","E","R","M","T","M","?","E","R","E","R","B",null,"R","$","E","B"],"character_chosen":"WATCHER","items_purchased":["Prostrate","DollysMirror","FossilizedHelix","Adaptation"],"campfire_rested":0,"item_purchase_floors":[8,19,53,53],"current_hp_per_floor":[65,52,45,45,45,45,45,45,45,34,28,28,28,28,28,27,56,37,37,37,37,37,37,37,37,37,25,25,25,25,12,12,12,52,41,32,65,65,65,65,65,65,65,65,65,65,65,60,60,60,64,64,64,64,0,0],"gold":48,"neow_bonus":"TRANSFORM_TWO_CARDS","is_daily":false,"chose_seed":false,"campfire_upgraded":9,"win_rate":0.0,"timestamp":1611520388,"path_taken":["M","?","?","?","M","R","M","$","T","E","M","M","R","M","R","BOSS","M","?","M","$","?","R","M","R","T","?","?","R","?","E","R","BOSS","M","M","?","M","M","E","R","M","T","?","?","E","R","E","R","BOSS","R","$","E","BOSS"],"items_purchased_type":["Card","Relic","Relic","Card"],"build_version":"2020-12-22","purchased_purges":3,"victory":false,"max_hp_per_floor":[65,65,65,65,65,65,65,65,65,65,65,65,65,65,65,65,65,65,65,65,65,65,65,65,65,65,65,65,65,65,65,65,65,65,65,65,65,65,65,65,65,65,65,65,65,65,65,65,65,65,65,65,65,65,65,65],"card_choices":[{"not_picked":["EmptyFist","FlurryOfBlows"],"picked":"Protect","floor":1},{"not_picked":["FollowUp","Consecrate","JustLucky"],"picked":"SKIP","floor":5},{"not_picked":["JustLucky","PathToVictory"],"picked":"MentalFortress","floor":7},{"not_picked":["Wireheading","ConjureBlade"],"picked":"Pray","floor":10},{"not_picked":["PathToVictory","EmptyFist","Evaluate"],"picked":"SKIP","floor":11},{"not_picked":["FollowUp","CrushJoints","Consecrate"],"picked":"SKIP","floor":12},{"not_picked":["Alpha","Consecrate","EmptyBody"],"picked":"SKIP","floor":14},{"not_picked":["Omniscience","ConjureBlade"],"picked":"Devotion","floor":16},{"not_picked":["EmptyFist","Protect"],"picked":"CarveReality+1","floor":18},{"not_picked":["Weave","FlyingSleeves","Protect"],"picked":"SKIP","floor":20},{"not_picked":["Study","Crescendo","LikeWater"],"picked":"SKIP","floor":24},{"not_picked":["LessonLearned","Halt+1"],"picked":"Worship","floor":27},{"not_picked":["ForeignInfluence","FollowUp","WindmillStrike"],"picked":"SKIP","floor":27},{"not_picked":["CrushJoints","WindmillStrike","ForeignInfluence"],"picked":"SKIP","floor":31},{"not_picked":["DeusExMachina","ConjureBlade"],"picked":"Scrawl","floor":33},{"not_picked":[],"picked":"Worship","floor":35},{"not_picked":["MentalFortress+1"],"picked":"SKIP","floor":35},{"not_picked":["SashWhip+1"],"picked":"SKIP","floor":36},{"not_picked":["Blasphemy"],"picked":"SKIP","floor":36},{"not_picked":["Collect"],"picked":"SKIP","floor":38},{"not_picked":["FlurryOfBlows"],"picked":"SKIP","floor":38},{"not_picked":[],"picked":"FlurryOfBlows+1","floor":39},{"not_picked":["PathToVictory+1"],"picked":"SKIP","floor":39},{"not_picked":["FlyingSleeves+1"],"picked":"SKIP","floor":40},{"not_picked":["Prostrate+1"],"picked":"SKIP","floor":42},{"not_picked":["Crescendo"],"picked":"SKIP","floor":42},{"not_picked":["ClearTheMind"],"picked":"SKIP","floor":44},{"not_picked":["Sanctity+1"],"picked":"SKIP","floor":44},{"not_picked":["FlyingSleeves+1"],"picked":"SKIP","floor":46},{"not_picked":["Wireheading+1"],"picked":"SKIP","floor":48},{"not_picked":[],"picked":"Wallop","floor":54}],"player_experience":468610,"relics_obtained":[{"floor":4,"key":"Art of War"},{"floor":9,"key":"Bronze Scales"},{"floor":10,"key":"Smiling Mask"},{"floor":26,"key":"Prayer Wheel"},{"floor":31,"key":"Centennial Puzzle"},{"floor":40,"key":"Peace Pipe"},{"floor":46,"key":"HornCleat"},{"floor":48,"key":"Pen Nib"},{"floor":54,"key":"Unceasing Top"}],"event_choices":[{"damage_healed":0,"gold_gain":0,"player_choice":"Entered Light","damage_taken":13,"max_hp_gain":0,"max_hp_loss":0,"event_name":"Shining Light","floor":2,"gold_loss":0,"cards_upgraded":["Defend_P","Protect"]},{"cards_removed":["Defend_P"],"damage_healed":0,"gold_gain":0,"player_choice":"Card Removal","damage_taken":7,"max_hp_gain":0,"max_hp_loss":0,"event_name":"Golden Wing","floor":3,"gold_loss":0},{"damage_healed":0,"gold_gain":0,"player_choice":"Traded Relic","damage_taken":0,"relics_obtained":["Nloth\u0027s Gift"],"max_hp_gain":0,"max_hp_loss":0,"event_name":"N\u0027loth","floor":22,"relics_lost":["Art of War"],"gold_loss":0},{"damage_healed":0,"gold_gain":99,"player_choice":"Stole From Cult","damage_taken":0,"max_hp_gain":0,"max_hp_loss":0,"event_name":"Nest","floor":28,"gold_loss":0},{"damage_healed":0,"gold_gain":0,"player_choice":"Obtained Relic","damage_taken":0,"relics_obtained":["Ornamental Fan"],"max_hp_gain":0,"max_hp_loss":0,"event_name":"Addict","floor":30,"gold_loss":85},{"cards_removed":["Weave"],"damage_healed":33,"gold_gain":0,"player_choice":"Offered Uncommon","damage_taken":0,"max_hp_gain":0,"max_hp_loss":0,"event_name":"Bonfire Elementals","floor":37,"gold_loss":0},{"cards_removed":["Defend_P"],"damage_healed":0,"gold_gain":0,"player_choice":"Removed Skill","damage_taken":0,"max_hp_gain":0,"max_hp_loss":0,"event_name":"Falling","floor":45,"gold_loss":0}],"is_beta":false,"boss_relics":[{"not_picked":["Ectoplasm","SacredBark"],"picked":"Coffee Dripper"},{"not_picked":["Fusion Hammer","Runic Dome"],"picked":"Busted Crown"}],"items_purged_floors":[8,19,21],"is_endless":false,"potions_floor_spawned":[1,7,14,16,18,20,33,39,42,44],"killed_by":"The Heart","ascension_level":7}}