{"host":"u499vgr0907g2fby","time":1611510485,"event":{"mods":["BaseMod","Downfall","Googly Eyes","Minty Spire (QoL Compilation)","StSLib"],"gold_per_floor":[99,118,118,134,134,154,201,230,230,257,257,277,296,0,15,15,15,15],"floor_reached":16,"language":"ENG","playtime":1153,"items_purged":[],"score":112,"play_id":"d7b0467c-cc7e-43d2-b215-b4549b040b94","local_time":"20210124134805","is_ascension_mode":false,"campfire_choices":[{"data":"bronze:Goto","floor":1,"key":"SMITH"},{"data":"bronze:BronzeOrb","floor":9,"key":"SMITH"},{"data":"bronze:Fortify","floor":11,"key":"SMITH"}],"circlet_count":0,"master_deck":["bronze:Strike","bronze:Strike","bronze:Strike","bronze:Strike","bronze:Defend","bronze:Defend","bronze:Defend","bronze:Defend","bronze:Replicate","bronze:Goto+1","bronze:BronzeArmor","bronze:BronzeOrb","bronze:BronzeOrb+1","bronze:CutThrough","bronze:DigitalCarnage","bronze:Fortify+1","bronze:GetLatest","bronze:ChildClass","bronze:Optimize","bronze:Turbo"],"relics":["bronze:BronzeCore","bronze:SilverBullet","Centennial Puzzle","Bag of Marbles","Incense Burner","Membership Card","Oddly Smooth Stone"],"acts_visited":["Exordium"],"potions_floor_usage":[16],"damage_taken":[{"damage":0,"enemies":"Jaw Worm","floor":2,"turns":7},{"damage":0,"enemies":"Cultist","floor":4,"turns":3},{"damage":0,"enemies":"2 Louse","floor":6,"turns":2},{"damage":27,"enemies":"Gremlin Nob","floor":8,"turns":4},{"damage":9,"enemies":"3 Sentries","floor":10,"turns":3},{"damage":1,"enemies":"Exordium Thugs","floor":12,"turns":3},{"damage":0,"enemies":"Exordium Wildlife","floor":13,"turns":2},{"damage":2,"enemies":"downfall:FleeingMerchant","floor":14,"turns":4},{"damage":0,"enemies":"Lots of Slimes","floor":15,"turns":1},{"damage":24,"enemies":"DF_ARCHETYPE_STREAMLINE","floor":16,"turns":3}],"seed_played":"8871282828878997196","potions_obtained":[{"floor":6,"key":"Strength Potion"},{"floor":8,"key":"Ancient Potion"},{"floor":12,"key":"sneckomod:MuddlingPotion"},{"floor":13,"key":"Energy Potion"}],"is_trial":false,"path_per_floor":["R","M","?","M","?","M","T","E","R","E","R","M","M","$","M","B"],"character_chosen":"THE_AUTOMATON","items_purchased":["Membership Card","bronze:Optimize","Oddly Smooth Stone","bronze:Turbo"],"campfire_rested":0,"item_purchase_floors":[14,14,14,14],"current_hp_per_floor":[77,77,59,59,59,59,59,32,32,23,23,22,22,20,20,0,0,0],"gold":15,"neow_bonus":"TEN_PERCENT_HP_BONUS","is_daily":false,"chose_seed":false,"campfire_upgraded":3,"win_rate":0.0,"timestamp":1611510485,"path_taken":["R","M","?","M","?","?","T","E","R","E","R","M","M","$","M","BOSS"],"items_purchased_type":["Relic","Card","Relic","Card"],"build_version":"2020-12-22","purchased_purges":0,"victory":false,"max_hp_per_floor":[77,77,77,77,77,77,77,77,77,77,77,77,77,77,77,77,77,77],"card_choices":[{"not_picked":["bronze:BugBarrage","bronze:BuggyMess"],"picked":"bronze:BronzeArmor","floor":2},{"not_picked":["bronze:BronzeArmor","bronze:CutThrough"],"picked":"bronze:BronzeOrb","floor":4},{"not_picked":["bronze:Deprecate","bronze:BitShift"],"picked":"bronze:CutThrough","floor":6},{"not_picked":["bronze:DelayedSlice","bronze:BurnOut"],"picked":"bronze:DigitalCarnage","floor":8},{"not_picked":["bronze:DelayedSlice","bronze:Frontload"],"picked":"bronze:Fortify","floor":10},{"not_picked":["bronze:ChosenStrike","bronze:WildBeam"],"picked":"bronze:GetLatest","floor":12},{"not_picked":["bronze:CleanCode","bronze:Frontload","bronze:BugBarrage"],"picked":"SKIP","floor":13},{"not_picked":["bronze:DigitalCarnage","bronze:SpaghettiCode"],"picked":"bronze:ChildClass","floor":14},{"not_picked":["bronze:BitShift","bronze:Branch","bronze:Overheat"],"picked":"SKIP","floor":15}],"player_experience":1980503,"relics_obtained":[{"floor":7,"key":"Centennial Puzzle"},{"floor":8,"key":"Bag of Marbles"},{"floor":10,"key":"Incense Burner"}],"event_choices":[{"damage_healed":0,"gold_gain":0,"player_choice":"Success","damage_taken":18,"relics_obtained":["bronze:SilverBullet"],"max_hp_gain":0,"max_hp_loss":0,"event_name":"Scrap Ooze","floor":3,"gold_loss":0}],"is_beta":false,"boss_relics":[],"items_purged_floors":[],"is_endless":false,"potions_floor_spawned":[6,8,12,13],"killed_by":"DF_ARCHETYPE_STREAMLINE","ascension_level":0}}