{"host":"hszimsrtxxc2k25w","time":1611518336,"event":{"mods":["AchievementEnabler","BaseMod","Colored Map","DeckTracker","Minty Spire (QoL Compilation)","Rare Cards Sparkle","SuperFastMode"],"gold_per_floor":[109,109,132,57,132,132,176,191,238,261,261,261,281,300,300,300,300],"floor_reached":16,"language":"KOR","playtime":279,"items_purged":["Strike_G"],"score":241,"play_id":"835e2de9-512b-461c-948e-aa4d51b0056e","local_time":"20210125045856","is_ascension_mode":true,"campfire_choices":[{"data":"Dagger Throw","floor":6,"key":"SMITH"},{"data":"Venomology","floor":12,"key":"SMITH"},{"data":"Deadly Poison","floor":15,"key":"SMITH"}],"circlet_count":0,"master_deck":["AscendersBane","Strike_G","Strike_G","Strike_G","Strike_G","Defend_G","Defend_G","Defend_G","Defend_G","Defend_G","Survivor","Neutralize","Dagger Throw+1","Riddle With Holes","Venomology+1","Dagger Spray","Blade Dance","Deadly Poison+1"],"relics":["Ring of the Snake","NeowsBlessing","Golden Idol","MealTicket","Akabeko"],"acts_visited":["Exordium"],"potions_floor_usage":[13,16,16],"damage_taken":[{"damage":0,"enemies":"Small Slimes","floor":1,"turns":1},{"damage":0,"enemies":"Jaw Worm","floor":3,"turns":1},{"damage":0,"enemies":"Lagavulin","floor":7,"turns":1},{"damage":0,"enemies":"Cultist","floor":8,"turns":3},{"damage":9,"enemies":"Lots of Slimes","floor":10,"turns":4},{"damage":0,"enemies":"Exordium Thugs","floor":13,"turns":2},{"damage":0,"enemies":"Blue Slaver","floor":14,"turns":2},{"damage":54,"enemies":"The Guardian","floor":16,"turns":11}],"seed_played":"3825300543617250675","potions_obtained":[{"floor":3,"key":"Poison Potion"}],"is_trial":false,"path_per_floor":["M","?","M","$","?","R","E","M","T","M","?","R","M","M","R","B"],"character_chosen":"THE_SILENT","items_purchased":[],"campfire_rested":0,"item_purchase_floors":[],"current_hp_per_floor":[59,59,59,59,48,48,48,48,48,39,39,39,39,39,39,0,0],"gold":300,"neow_bonus":"THREE_ENEMY_KILL","is_daily":false,"chose_seed":false,"campfire_upgraded":3,"win_rate":0.0,"timestamp":1611518336,"path_taken":["M","?","M","?","?","R","E","M","T","M","?","R","M","M","R","BOSS"],"items_purchased_type":[],"build_version":"2020-12-22","purchased_purges":1,"victory":false,"max_hp_per_floor":[66,60,60,60,60,60,60,60,60,60,60,60,60,60,60,60,60],"card_choices":[{"not_picked":["Backflip","Flying Knee","Deflect"],"picked":"SKIP","floor":1},{"not_picked":["Dodge and Roll","Sucker Punch"],"picked":"Dagger Throw","floor":3},{"not_picked":["Backflip","Sucker Punch"],"picked":"Riddle With Holes","floor":7},{"not_picked":["Outmaneuver","Backflip"],"picked":"Venomology","floor":8},{"not_picked":["Riddle With Holes","Cloak And Dagger"],"picked":"Dagger Spray","floor":10},{"not_picked":["Concentrate","All Out Attack"],"picked":"Blade Dance","floor":13},{"not_picked":["Escape Plan","Bane"],"picked":"Deadly Poison","floor":14}],"player_experience":640597,"relics_obtained":[{"floor":7,"key":"MealTicket"},{"floor":9,"key":"Akabeko"}],"event_choices":[{"damage_healed":0,"gold_gain":0,"player_choice":"Lose Max HP","damage_taken":0,"relics_obtained":["Golden Idol"],"max_hp_gain":0,"max_hp_loss":6,"event_name":"Golden Idol","floor":2,"gold_loss":0},{"damage_healed":0,"gold_gain":75,"player_choice":"Gather Gold","damage_taken":11,"max_hp_gain":0,"max_hp_loss":0,"event_name":"World of Goop","floor":5,"gold_loss":0},{"damage_healed":0,"gold_gain":0,"player_choice":"0 cards matched","damage_taken":0,"max_hp_gain":0,"max_hp_loss":0,"event_name":"Match and Keep!","floor":11,"gold_loss":0,"cards_obtained":[]}],"is_beta":false,"boss_relics":[],"items_purged_floors":[4],"is_endless":false,"potions_floor_spawned":[3,10,13],"killed_by":"The Guardian","ascension_level":18}}