{"host":"oehe2dxjvdgux73m","time":1611474198,"event":{"mods":["AchievementEnabler","BaseMod","Colored Map","Colored Powertips","DeckTracker","Keyboard Shortcuts","Minty Spire (QoL Compilation)","Permanent Neow","Quick Restart","StSLib","SuperFastMode"],"gold_per_floor":[114,134,184,202,215,246,256,256,327,347,347,359,394,407,407,481,481,497,497,517,535,545,545,296,296,296,296,296,324,337,351,351,351,351],"floor_reached":33,"language":"KOR","playtime":947,"items_purged":[],"score":566,"play_id":"b7f70473-4e10-4bd4-9726-9ab4fc6ce228","local_time":"20210124164318","is_ascension_mode":true,"campfire_choices":[{"data":"Glass Knife","floor":8.0,"key":"SMITH"},{"data":"Terror","floor":15.0,"key":"SMITH"},{"floor":23.0,"key":"REST"},{"data":"Noxious Fumes","floor":25.0,"key":"SMITH"},{"data":"Neutralize","floor":27.0,"key":"SMITH"},{"floor":32.0,"key":"REST"}],"circlet_count":0,"master_deck":["AscendersBane","Defend_G","Defend_G","Defend_G","Defend_G","Defend_G","Survivor","Neutralize+1","Cloak And Dagger","Glass Knife+1","Dash+1","Blade Dance","Dagger Spray","Backflip","Dagger Throw+1","Backstab","Terror+1","Noxious Fumes+1","Backflip+1","Doppelganger+1","Deflect+1","PiercingWail+1","Blade Dance","PiercingWail","Flechettes+1"],"relics":["Ring of the Snake","Tiny Chest","Pear","Calipers","Astrolabe","Whetstone","Mummified Hand","Ginger","Strawberry"],"acts_visited":["Exordium","TheCity"],"potions_floor_usage":[33],"damage_taken":[{"damage":1.0,"enemies":"Small Slimes","floor":1.0,"turns":4.0},{"damage":6.0,"enemies":"Cultist","floor":2.0,"turns":4.0},{"damage":0.0,"enemies":"Jaw Worm","floor":4.0,"turns":3.0},{"damage":0.0,"enemies":"2 Fungi Beasts","floor":5.0,"turns":3.0},{"damage":20.0,"enemies":"3 Sentries","floor":6.0,"turns":7.0},{"damage":3.0,"enemies":"Blue Slaver","floor":7.0,"turns":4.0},{"damage":4.0,"enemies":"Red Slaver","floor":10.0,"turns":2.0},{"damage":0.0,"enemies":"Large Slime","floor":12.0,"turns":4.0},{"damage":3.0,"enemies":"Gremlin Nob","floor":13.0,"turns":3.0},{"damage":0.0,"enemies":"Blue Slaver","floor":14.0,"turns":2.0},{"damage":15.0,"enemies":"Slime Boss","floor":16.0,"turns":9.0},{"damage":13.0,"enemies":"Spheric Guardian","floor":18.0,"turns":5.0},{"damage":17.0,"enemies":"Chosen","floor":20.0,"turns":6.0},{"damage":1.0,"enemies":"3 Cultists","floor":21.0,"turns":5.0},{"damage":11.0,"enemies":"Snake Plant","floor":22.0,"turns":3.0},{"damage":21.0,"enemies":"Slavers","floor":29.0,"turns":8.0},{"damage":0.0,"enemies":"Snecko","floor":30.0,"turns":3.0},{"damage":0.0,"enemies":"Chosen and Byrds","floor":31.0,"turns":5.0},{"damage":47,"enemies":"Automaton","floor":33,"turns":6}],"seed_played":"-7524180678116439021","potions_obtained":[{"floor":2.0,"key":"PowerPotion"},{"floor":4.0,"key":"Swift Potion"},{"floor":6.0,"key":"Strength Potion"},{"floor":16.0,"key":"SmokeBomb"},{"floor":18.0,"key":"Explosive Potion"},{"floor":21.0,"key":"CunningPotion"},{"floor":30.0,"key":"SneckoOil"}],"is_trial":false,"path_per_floor":["M","M","?","M","M","E","M","R","T","M","?","M","E","M","R","B",null,"M","?","M","M","M","R","$","R","T","R","T","E","M","M","R","B"],"character_chosen":"THE_SILENT","items_purchased":["Blade Dance","Whetstone","PiercingWail"],"campfire_rested":2,"item_purchase_floors":[24,24,24],"current_hp_per_floor":[58,52,46,46,46,26,23,23,33,29,29,29,26,26,26,11,55,42,42,25,24,13,34,34,34,34,34,34,20,20,20,43,0,0],"gold":351,"neow_bonus":"TRANSFORM_TWO_CARDS","is_daily":false,"chose_seed":false,"campfire_upgraded":4,"win_rate":0.0,"timestamp":1611474198,"path_taken":["M","M","?","M","M","E","M","R","T","?","?","M","E","M","R","BOSS","M","?","M","M","M","R","$","R","T","R","?","E","M","M","R","BOSS"],"items_purchased_type":["Card","Relic","Card"],"build_version":"2020-12-22","purchased_purges":0,"victory":false,"max_hp_per_floor":[60,60,60,60,60,60,60,60,70,70,70,70,70,70,70,70,70,70,70,70,70,70,70,70,70,70,70,70,77,77,77,77,77,77],"card_choices":[{"not_picked":["Cloak And Dagger","Dagger Throw"],"picked":"Dash","floor":1.0},{"not_picked":["Finisher","Predator"],"picked":"Blade Dance","floor":2.0},{"not_picked":["Deadly Poison","Outmaneuver"],"picked":"Dagger Spray","floor":4.0},{"not_picked":["Dagger Spray","Choke","Endless Agony"],"picked":"SKIP","floor":5.0},{"not_picked":["All Out Attack","Blur"],"picked":"Backflip","floor":6.0},{"not_picked":["Cloak And Dagger","Acrobatics"],"picked":"Dagger Throw","floor":7.0},{"not_picked":["Masterful Stab","Crippling Poison"],"picked":"Backstab","floor":10.0},{"not_picked":["Bouncing Flask","Bane","Prepared"],"picked":"SKIP","floor":12.0},{"not_picked":["Dodge and Roll","Predator"],"picked":"Terror","floor":13.0},{"not_picked":["Quick Slash","Bane"],"picked":"Noxious Fumes","floor":14.0},{"not_picked":["Riddle With Holes","Flying Knee","Noxious Fumes"],"picked":"SKIP","floor":18.0},{"not_picked":["Dodge and Roll","Predator","Poisoned Stab"],"picked":"SKIP","floor":20.0},{"not_picked":["Tactician","Escape Plan+1"],"picked":"PiercingWail+1","floor":21.0},{"not_picked":["Sucker Punch","Dodge and Roll","Bane"],"picked":"SKIP","floor":22.0},{"not_picked":["Deflect","Infinite Blades+1","Dash"],"picked":"SKIP","floor":29.0},{"not_picked":["Tactician","Endless Agony"],"picked":"Flechettes+1","floor":30.0},{"not_picked":["Dodge and Roll","Outmaneuver","Prepared"],"picked":"SKIP","floor":31.0}],"player_experience":308698,"relics_obtained":[{"floor":6.0,"key":"Tiny Chest"},{"floor":9.0,"key":"Pear"},{"floor":13.0,"key":"Calipers"},{"floor":26.0,"key":"Mummified Hand"},{"floor":28.0,"key":"Ginger"},{"floor":29.0,"key":"Strawberry"}],"event_choices":[{"damage_healed":0.0,"max_hp_gain":0.0,"max_hp_loss":0.0,"gold_gain":50.0,"event_name":"FaceTrader","player_choice":"Touch","floor":3.0,"gold_loss":0.0,"damage_taken":6.0},{"damage_healed":0.0,"max_hp_gain":0.0,"max_hp_loss":0.0,"gold_gain":0.0,"event_name":"Liars Game","player_choice":"Ignored","floor":11.0,"gold_loss":0.0,"damage_taken":0.0},{"damage_healed":0.0,"max_hp_gain":0.0,"max_hp_loss":0.0,"gold_gain":0.0,"event_name":"The Mausoleum","player_choice":"Ignored","floor":19.0,"gold_loss":0.0,"damage_taken":0.0}],"is_beta":false,"boss_relics":[{"not_picked":["SacredBark","Runic Dome"],"picked":"Astrolabe"}],"items_purged_floors":[],"is_endless":false,"potions_floor_spawned":[2,4,5,6,16,18,21,30,31],"killed_by":"Automaton","ascension_level":20}}