{"host":"v3mpq6flurzldi5g","time":1611501165,"event":{"mods":["AchievementEnabler","BaseMod","Colored Powertips","Highlight Path","Minty Spire (QoL Compilation)","StSLib"],"gold_per_floor":[118,118,134,152,117,117,117,117,186,221,234,254,269,279,279,381,381,364,374,392,131,145,145,145,145],"floor_reached":24,"language":"ENG","playtime":1007,"items_purged":[],"score":313,"play_id":"b034c391-067e-4e44-97de-b6cfb4c3e6d0","local_time":"20210124101245","is_ascension_mode":true,"campfire_choices":[{"data":"Loop","floor":6,"key":"SMITH"},{"data":"Defend_B","floor":8,"key":"SMITH"},{"floor":15,"key":"REST"},{"floor":23,"key":"REST"}],"circlet_count":0,"master_deck":["AscendersBane","Strike_B","Strike_B","Strike_B","Defend_B+1","Defend_B","Defend_B","Defend_B","Zap","Dualcast","Loop+1","Rebound","Chaos","Auto Shields","Leap","Doom and Gloom","Rainbow","Static Discharge","Compile Driver"],"relics":["Cracked Core","Strawberry","HornCleat","CaptainsWheel","SacredBark","Meat on the Bone"],"acts_visited":["Exordium","TheCity"],"potions_floor_usage":[10,13,16,22,22],"damage_taken":[{"damage":4,"enemies":"Jaw Worm","floor":1,"turns":4},{"damage":1,"enemies":"Cultist","floor":3,"turns":3},{"damage":2,"enemies":"2 Louse","floor":4,"turns":3},{"damage":45,"enemies":"Gremlin Nob","floor":10,"turns":5},{"damage":0,"enemies":"2 Fungi Beasts","floor":11,"turns":4},{"damage":8,"enemies":"Blue Slaver","floor":12,"turns":4},{"damage":0,"enemies":"3 Louse","floor":13,"turns":3},{"damage":0,"enemies":"Looter","floor":14,"turns":4},{"damage":10,"enemies":"Slime Boss","floor":16,"turns":5},{"damage":7,"enemies":"2 Thieves","floor":18,"turns":5},{"damage":13,"enemies":"3 Byrds","floor":19,"turns":4},{"damage":44,"enemies":"Shelled Parasite and Fungi","floor":20,"turns":8},{"damage":0,"enemies":"Snecko","floor":22,"turns":4},{"damage":63,"enemies":"Cultist and Chosen","floor":24,"turns":6}],"seed_played":"7947910722630100179","potions_obtained":[{"floor":4,"key":"EntropicBrew"},{"floor":11,"key":"Fire Potion"},{"floor":12,"key":"LiquidBronze"},{"floor":16,"key":"SteroidPotion"},{"floor":20,"key":"Strength Potion"}],"is_trial":false,"path_per_floor":["M","?","M","M","?","R","$","R","T","E","M","M","M","M","R","B",null,"M","M","M","$","M","R","M"],"character_chosen":"DEFECT","items_purchased":["Meat on the Bone"],"campfire_rested":2,"item_purchase_floors":[21],"current_hp_per_floor":[71,64,63,61,81,81,81,81,81,36,36,28,28,28,52,42,72,65,52,8,8,20,44,0,0],"gold":145,"neow_bonus":"RANDOM_COMMON_RELIC","is_daily":false,"chose_seed":false,"campfire_upgraded":2,"win_rate":0.0,"timestamp":1611501165,"path_taken":["M","?","M","M","?","R","?","R","T","E","M","?","M","?","R","BOSS","M","M","M","$","M","R","M"],"items_purchased_type":["Relic"],"build_version":"2020-12-22","purchased_purges":0,"victory":false,"max_hp_per_floor":[82,82,82,82,82,82,82,82,82,82,82,82,82,82,82,82,82,82,82,82,82,82,82,82,82],"card_choices":[{"not_picked":["Compile Driver","Capacitor"],"picked":"Loop","floor":1},{"not_picked":["FTL","Consume"],"picked":"Rebound","floor":3},{"not_picked":["Hello World","Beam Cell","Steam"],"picked":"SKIP","floor":4},{"not_picked":["Gash","Stack","Hologram"],"picked":"SKIP","floor":10},{"not_picked":["FTL","Go for the Eyes"],"picked":"Chaos","floor":11},{"not_picked":["Beam Cell","Rebound"],"picked":"Auto Shields","floor":12},{"not_picked":["Consume","Rip and Tear"],"picked":"Leap","floor":13},{"not_picked":["Hologram","Coolheaded"],"picked":"Doom and Gloom","floor":14},{"not_picked":["All For One","Fission"],"picked":"Rainbow","floor":16},{"not_picked":["Gash","Beam Cell"],"picked":"Static Discharge","floor":18},{"not_picked":["Reprogram","Aggregate","Coolheaded"],"picked":"SKIP","floor":19},{"not_picked":["Gash","Stack"],"picked":"Compile Driver","floor":20},{"not_picked":["Sweeping Beam","Stack","Beam Cell"],"picked":"SKIP","floor":22}],"player_experience":1022841,"relics_obtained":[{"floor":9,"key":"HornCleat"},{"floor":10,"key":"CaptainsWheel"}],"event_choices":[{"cards_removed":["Strike_B"],"damage_healed":0,"gold_gain":0,"player_choice":"Card Removal","damage_taken":7,"max_hp_gain":0,"max_hp_loss":0,"event_name":"Golden Wing","floor":2,"gold_loss":0},{"damage_healed":20,"gold_gain":0,"player_choice":"Healed","damage_taken":0,"max_hp_gain":0,"max_hp_loss":0,"event_name":"The Cleric","floor":5,"gold_loss":35}],"is_beta":false,"boss_relics":[{"not_picked":["Velvet Choker","Snecko Eye"],"picked":"SacredBark"}],"items_purged_floors":[],"is_endless":false,"potions_floor_spawned":[4,11,12,16,20],"killed_by":"Cultist and Chosen","ascension_level":11}}