{"host":"8c7ixdz8x9d2d2wv","time":1611532372,"event":{"mods":["AYAYA","BaseMod","Better Altar","Better Sensory Stone","Better Third Choice","Better-Laid Plans","BetterRewards","Colored Map","Colored Powertips","Curses Come First","Dark Map","Defuse TimeMaze Blight","Emptier Cage","Good Game Mod","Highlight Path","Minty Spire (QoL Compilation)","Quick Restart","Rare Cards Sparkle","Relic Sorter","Remove Card Discount Mod","Reorder Act Four","Shop Mod","StSLib","Transform Curses","Uncapped","everything is the same but u backflip on backflip"],"gold_per_floor":[111,111,111,7,28,43,68,107,132,156,156,156,179,130,130,260,260,276,375,375,89,29,29,53,97,97,97,115,115,115,115,115,240,240,259,259,14,314,333,333,347,347,347,347,65,65,88,127,139,151,151],"floor_reached":50,"language":"ENG","playtime":2500,"items_purged":["Strike_G","Defend_G","Strike_G","Strike_G","Survivor","Strike_G","Strike_G","Defend_G","Defend_G","Defend_G","Defend_G","Defend_G","Forethought","Catalyst+1"],"score":591,"play_id":"1107559e-d014-4d3b-8e2c-77c76eda5409","local_time":"20210125005252","is_ascension_mode":false,"campfire_choices":[{"data":"Cloak And Dagger","floor":11,"key":"SMITH"},{"data":"Cloak And Dagger","floor":15,"key":"SMITH"},{"data":"Burst","floor":23,"key":"SMITH"},{"data":"After Image","floor":27,"key":"SMITH"},{"data":"Caltrops","floor":30,"key":"SMITH"},{"data":"Caltrops","floor":32,"key":"SMITH"},{"data":"Well Laid Plans","floor":40,"key":"SMITH"},{"data":"Dodge and Roll","floor":42,"key":"SMITH"},{"data":"Deflect","floor":44,"key":"SMITH"},{"data":"Madness","floor":49,"key":"SMITH"}],"circlet_count":0,"master_deck":["Cloak And Dagger+1","Caltrops+1","Deflect+1","Cloak And Dagger+1","Dodge and Roll+1","Caltrops+1","After Image+1","Burst+1","Deflect","Footwork+1","Well Laid Plans+1","Madness+1","Madness"],"relics":["Ring of the Snake","REME:ComplimentaryCards","NeowsBlessing","Golden Idol","Blood Vial","Oddly Smooth Stone","MerchantsRug","Red Mask","HornCleat","MutagenicStrength","Singing Bowl","Ninja Scroll","Happy Flower","OrangePellets","MawBank"],"acts_visited":["Exordium","TheCity","TheBeyond"],"potions_floor_usage":[8,8,50,50,50],"damage_taken":[{"damage":0,"enemies":"Jaw Worm","floor":1,"turns":1},{"damage":0,"enemies":"2 Louse","floor":5,"turns":1},{"damage":0,"enemies":"Cultist","floor":6,"turns":1},{"damage":0,"enemies":"3 Louse","floor":7,"turns":5},{"damage":3,"enemies":"Lagavulin","floor":8,"turns":5},{"damage":0,"enemies":"2 Fungi Beasts","floor":10,"turns":4},{"damage":0,"enemies":"Blue Slaver","floor":13,"turns":4},{"damage":36,"enemies":"The Guardian","floor":16,"turns":16},{"damage":0,"enemies":"3 Byrds","floor":18,"turns":4},{"damage":0,"enemies":"Chosen","floor":24,"turns":6},{"damage":16,"enemies":"Masked Bandits","floor":25,"turns":5},{"damage":0,"enemies":"3 Cultists","floor":28,"turns":6},{"damage":0,"enemies":"Collector","floor":33,"turns":14},{"damage":0,"enemies":"3 Darklings","floor":35,"turns":7},{"damage":15,"enemies":"Orb Walker","floor":39,"turns":7},{"damage":2,"enemies":"4 Shapes","floor":41,"turns":7},{"damage":0,"enemies":"3 Darklings","floor":47,"turns":3},{"damage":0,"enemies":"Giant Head","floor":48,"turns":7},{"damage":72,"enemies":"Time Eater","floor":50,"turns":10}],"seed_played":"4581875301962354783","potions_obtained":[{"floor":1,"key":"ColorlessPotion"},{"floor":6,"key":"PowerPotion"},{"floor":8,"key":"SmokeBomb"},{"floor":33,"key":"BlessingOfTheForge"},{"floor":47,"key":"Explosive Potion"},{"floor":48,"key":"LiquidBronze"}],"is_trial":false,"path_per_floor":["M","?","?","$","M","M","M","E","T","M","R","?","M","$","R","B",null,"M","?","?","$","$","R","M","?","T","R","M","?","R","?","R","B",null,"M","?","$","?","M","R","M","R","T","R","$","?","M","E","R","B"],"character_chosen":"THE_SILENT","items_purchased":["Cloak And Dagger","Caltrops","Caltrops","Oddly Smooth Stone","MerchantsRug","Burst","Deflect","Singing Bowl","Happy Flower","OrangePellets"],"campfire_rested":0,"item_purchase_floors":[4,4,14,21,21,21,22,37,45,45],"current_hp_per_floor":[70,53,53,53,53,53,53,50,50,50,50,43,43,43,43,7,70,70,70,70,70,70,70,70,54,54,54,56,56,56,56,56,58,70,70,70,70,70,57,57,59,59,59,59,59,50,54,58,58,0,0],"gold":151,"neow_bonus":"THREE_ENEMY_KILL","is_daily":false,"chose_seed":false,"campfire_upgraded":10,"win_rate":0.0,"timestamp":1611532372,"path_taken":["M","?","?","?","?","M","M","E","T","M","R","?","M","$","R","BOSS","M","?","?","?","$","R","M","?","T","R","M","?","R","?","R","BOSS","M","?","$","?","?","R","M","R","T","R","$","?","M","E","R","BOSS"],"items_purchased_type":["Card","Card","Card","Relic","Relic","Card","Card","Relic","Relic","Relic"],"build_version":"2020-12-22","purchased_purges":14,"victory":false,"max_hp_per_floor":[70,70,70,70,70,70,70,70,70,70,70,70,70,70,70,70,70,70,70,70,70,70,70,70,70,70,70,70,70,70,70,70,70,70,70,70,70,70,72,72,74,74,74,74,74,74,76,78,78,78,78],"card_choices":[{"not_picked":["Sucker Punch","Flechettes","Choke"],"picked":"SKIP","floor":1},{"not_picked":["Transmutation","PanicButton"],"picked":"Forethought","floor":3},{"not_picked":["Flechettes","Dodge and Roll"],"picked":"Deflect","floor":5},{"not_picked":["Predator","Eviscerate","Blade Dance"],"picked":"SKIP","floor":6},{"not_picked":["Sucker Punch","Terror"],"picked":"Cloak And Dagger","floor":7},{"not_picked":["PiercingWail","Bane","Unload"],"picked":"SKIP","floor":8},{"not_picked":["Dagger Spray","Bane","Prepared"],"picked":"SKIP","floor":10},{"not_picked":["Terror","Concentrate"],"picked":"Dodge and Roll","floor":13},{"not_picked":["Storm of Steel","Unload"],"picked":"After Image","floor":16},{"not_picked":["Finisher","Blade Dance+1","Dagger Spray+1"],"picked":"SKIP","floor":18},{"not_picked":["Blade Dance","Bane"],"picked":"Footwork+1","floor":24},{"not_picked":["Acrobatics","Quick Slash"],"picked":"Well Laid Plans","floor":25},{"not_picked":["Quick Slash+1","Expertise+1","Sucker Punch"],"picked":"SKIP","floor":28},{"not_picked":["Dagger Throw+1","Acrobatics"],"picked":"Catalyst+1","floor":35},{"not_picked":["Outmaneuver","Infinite Blades+1","Acrobatics+1"],"picked":"Singing Bowl","floor":39},{"not_picked":["Setup+1","Deflect","Flechettes"],"picked":"Singing Bowl","floor":41},{"not_picked":["Deflect+1","Sucker Punch+1","Cloak And Dagger"],"picked":"Singing Bowl","floor":47},{"not_picked":["Quick Slash","Choke","Dagger Spray"],"picked":"Singing Bowl","floor":48}],"player_experience":681652,"relics_obtained":[{"floor":8,"key":"Ancient Tea Set"},{"floor":25,"key":"Red Mask"},{"floor":26,"key":"HornCleat"},{"floor":43,"key":"Ninja Scroll"},{"floor":48,"key":"MawBank"}],"event_choices":[{"damage_healed":0,"gold_gain":0,"player_choice":"Take Damage","damage_taken":17,"relics_obtained":["Golden Idol"],"max_hp_gain":0,"max_hp_loss":0,"event_name":"Golden Idol","floor":2,"gold_loss":0},{"damage_healed":0,"gold_gain":1,"player_choice":"1","damage_taken":0,"max_hp_gain":0,"max_hp_loss":0,"event_name":"betterStone:BetterStone","floor":3,"gold_loss":0},{"damage_healed":0,"gold_gain":99,"player_choice":"Steal","damage_taken":0,"max_hp_gain":0,"max_hp_loss":0,"event_name":"betterThird:BetterNest","floor":19,"gold_loss":0},{"damage_healed":0,"gold_gain":0,"player_choice":"Opened","damage_taken":0,"relics_obtained":["Blood Vial"],"max_hp_gain":0,"max_hp_loss":0,"event_name":"The Mausoleum","floor":20,"gold_loss":0},{"damage_healed":0,"gold_gain":0,"player_choice":"Fought Bandits","damage_taken":0,"max_hp_gain":0,"max_hp_loss":0,"event_name":"Masked Bandits","floor":25,"gold_loss":0},{"damage_healed":0,"gold_gain":0,"player_choice":"Inject Mutagens","damage_taken":0,"relics_obtained":["MutagenicStrength"],"max_hp_gain":0,"max_hp_loss":0,"event_name":"Drug Dealer","floor":29,"gold_loss":0},{"damage_healed":0,"gold_gain":0,"player_choice":"Ignored","damage_taken":0,"max_hp_gain":0,"max_hp_loss":0,"event_name":"Ghosts","floor":31,"gold_loss":0},{"cards_removed":["Neutralize"],"damage_healed":0,"gold_gain":0,"player_choice":"Removed Attack","damage_taken":0,"max_hp_gain":0,"max_hp_loss":0,"event_name":"Falling","floor":36,"gold_loss":0},{"damage_healed":0,"gold_gain":300,"player_choice":"Gold","damage_taken":0,"max_hp_gain":0,"max_hp_loss":0,"event_name":"Wheel of Change","floor":38,"gold_loss":0},{"damage_healed":0,"gold_gain":0,"player_choice":"Embrace Madness","damage_taken":9,"max_hp_gain":0,"max_hp_loss":0,"event_name":"Winding Halls","floor":46,"gold_loss":0,"cards_obtained":["Madness","Madness"]}],"is_beta":false,"boss_relics":[{"not_picked":["Pandora\u0027s Box","Calling Bell"],"picked":"SacredBark"},{"not_picked":["Philosopher\u0027s Stone","Runic Pyramid"],"picked":"Empty Cage"}],"items_purged_floors":[4,4,4,4,4,14,14,14,14,14,22,22,22,45],"is_endless":false,"potions_floor_spawned":[1,6,8,33,47,48],"killed_by":"Time Eater","ascension_level":0}}