{"host":"amnup8uv961nil3y","time":1611522054,"event":{"mods":["Act Like it!","Aspiration","BaseMod","Bestiary","Better Altar","Better Match","Better Sensory Stone","Better Synergies","Better Third Choice","Block Reminder","Challenge The Spire","Colored Map","Colored Powertips","Colorless Booster Pack","Conspire","DeckTracker","Disable Question Mark Monsters","Elementarium","Energized Spire","Evolution","GifTheSpireLib","Halation","HexUI Lib","Highlight Path","Hubris","Infinite Spire","Lotus Mark","Menagerie","Minty Spire (QoL Compilation)","Pale of the Ancients","Potion Indicator Mod","Quarter Circle Forward PUNCH!","Random Character Button","Relic Stats","Replay The Spire","Reworked Bosses","Shop Mod","Small Relic Pack","Spicy Shops","Spikes Relics","StSLib","Stuff the Spire","Swap Starting Deck Mod","The Disciple","The Jungle","Trackpad","Useless Jewels Mod","Wandering Minibosses","vexMod"],"gold_per_floor":[109,109,128,138,154,182,182,213,262,296,296,296,307,307,307,412,412,432,432,432,444,177,177,210,210,210,241,259,270,250,277,277,277,277],"floor_reached":33,"language":"ENG","playtime":3259,"items_purged":[],"score":355,"play_id":"d6eaabde-64e9-43f6-afdd-bb895af32c31","local_time":"20210124210054","is_ascension_mode":true,"campfire_choices":[{"data":"LockedWarPaint","floor":7.0,"key":"SMITH"},{"data":"PatternShift","floor":12.0,"key":"SMITH"},{"data":"LockedAnchor","floor":15.0,"key":"SMITH"},{"data":"LockedLightning","floor":23.0,"key":"SMITH"},{"data":"LockedMedicine","floor":32.0,"key":"SMITH"}],"circlet_count":1,"master_deck":["Strike_Br","Strike_Br","Strike_Br","Strike_Br","Defend_Br","Defend_Br","Defend_Br","SecondHand","PatternShift+1","Moderato","LockedWarPaint+1","Fragmentalize","LockedAnchor+1","ExoVibe","TickedOff","Pendulum","LockedLightning+1","LockedAnchor","LockedAnchor+1","Parity","SlimeSpray+1","HandsUpB","LockedMedicine+1","BlueShift+1","WatchCommand+1","BlueShift"],"relics":["Chronometer","aspiration:Nostalgia","Sizzling Blood","relicPack:OneForAll","SpikesRelics:ToyHorsey","Eternal Feather","Bronze Scales","trackpad:Compendium","halation:PinkSoulGem","halation:Prosthetics","trackpad:WondrousWand","Runic Pyramid","InkBottle","StuffTheSpire:Mouthbags","Regal Pillow","aspiration:Lifesprig","Circlet"],"acts_visited":["Exordium","TheCity"],"potions_floor_usage":[33],"damage_taken":[{"damage":3.0,"enemies":"Small Slimes","floor":1.0,"turns":8.0},{"damage":0.0,"enemies":"conspire:RoseBush","floor":3.0,"turns":4.0},{"damage":0.0,"enemies":"2 Louse","floor":4.0,"turns":3.0},{"damage":0.0,"enemies":"conspire:2 RoseBushes","floor":5.0,"turns":8.0},{"damage":5.0,"enemies":"Replay:BlueRogue","floor":6.0,"turns":10.0},{"damage":10.0,"enemies":"Gremlin Nob","floor":8.0,"turns":5.0},{"damage":30.0,"enemies":"Replay:BlueRogue","floor":10.0,"turns":9.0},{"damage":0.0,"enemies":"Red Slaver","floor":13.0,"turns":5.0},{"damage":2.0,"enemies":"Slime Boss","floor":16.0,"turns":22.0},{"damage":0.0,"enemies":"Shell Parasite","floor":18.0,"turns":5.0},{"damage":2.0,"enemies":"3 Byrds","floor":21.0,"turns":3.0},{"damage":18.0,"enemies":"conspire:Head Lice","floor":24.0,"turns":14.0},{"damage":6.0,"enemies":"Slavers","floor":27.0,"turns":4.0},{"damage":0.0,"enemies":"3 Cultists","floor":28.0,"turns":2.0},{"damage":0.0,"enemies":"Snake Plant","floor":29.0,"turns":4.0},{"damage":5.0,"enemies":"Replay:Snechameleon","floor":31.0,"turns":5.0},{"damage":29,"enemies":"hubris:MusketHawk","floor":33,"turns":9}],"seed_played":"8164971534539760432","potions_obtained":[{"floor":4.0,"key":"Fire Potion"},{"floor":5.0,"key":"SpeedPotion"},{"floor":6.0,"key":"Block Potion"},{"floor":13.0,"key":"SteroidPotion"},{"floor":16.0,"key":"DuplicationPotion"},{"floor":18.0,"key":"Milkshake"},{"floor":27.0,"key":"Swift Potion"},{"floor":30.0,"key":"qcfpunch:Challenger_Coin"},{"floor":31.0,"key":"AttackPotion"}],"is_trial":false,"path_per_floor":["M","?","M","M","M","E","R","E","T","E","?","R","M","?","R","B",null,"M","?","AVR","M","$","R","E","?","T","E","M","M","?","E","R","B"],"character_chosen":"CHRONO_CLASS","items_purchased":["InkBottle","Parity"],"campfire_rested":0,"item_purchase_floors":[22,22],"current_hp_per_floor":[69,69,69,69,69,68,68,62,62,36,36,45,49,52,61,63,37,37,37,37,37,37,37,23,7,7,5,9,13,13,12,27,0,0],"gold":277,"neow_bonus":"NOSTALGIA","is_daily":false,"chose_seed":false,"campfire_upgraded":5,"win_rate":0.0,"timestamp":1611522054,"path_taken":["M","?","M","M","M","E","R","E","T","E","?","R","M","?","R","BOSS","M","?","AVR","?","$","R","E","?","T","E","M","M","?","E","R","BOSS"],"items_purchased_type":["Relic","Card"],"build_version":"2020-12-22","purchased_purges":0,"victory":false,"max_hp_per_floor":[69,69,69,69,69,69,69,69,69,69,69,69,69,72,72,72,37,37,37,37,37,37,37,37,37,37,37,37,37,37,37,37,37,37],"relic_stats":{"Regal Pillow":0,"counters":[17,119],"Bronze Scales":[272],"Eternal Feather":33,"obtain_stats":[{"Regal Pillow":27,"aspiration:Lifesprig":31,"aspiration:Nostalgia":0,"Dead Branch":24,"Circlet":0,"Eternal Feather":8,"Sizzling Blood":0,"trackpad:WondrousWand":20,"halation:Prosthetics":17,"relicPack:OneForAll":2,"BranchBurnRelic":32,"SpikesRelics:ToyHorsey":6,"StuffTheSpire:Mouthbags":26,"Chronometer":0,"Bronze Scales":9,"trackpad:Compendium":10,"halation:PinkSoulGem":11,"InkBottle":22,"Runic Pyramid":20},{"Regal Pillow":13,"aspiration:Lifesprig":16,"aspiration:Nostalgia":0,"Dead Branch":12,"Circlet":0,"Eternal Feather":6,"Sizzling Blood":0,"trackpad:WondrousWand":10,"halation:Prosthetics":9,"relicPack:OneForAll":1,"BranchBurnRelic":16,"SpikesRelics:ToyHorsey":5,"StuffTheSpire:Mouthbags":12,"Chronometer":0,"Bronze Scales":6,"trackpad:Compendium":7,"halation:PinkSoulGem":7,"InkBottle":11,"Runic Pyramid":10},{"Regal Pillow":100,"aspiration:Lifesprig":110,"aspiration:Nostalgia":0,"Dead Branch":96,"Circlet":0,"Eternal Feather":38,"Sizzling Blood":0,"trackpad:WondrousWand":79,"halation:Prosthetics":74,"relicPack:OneForAll":8,"BranchBurnRelic":110,"SpikesRelics:ToyHorsey":33,"StuffTheSpire:Mouthbags":96,"Chronometer":0,"Bronze Scales":38,"trackpad:Compendium":47,"halation:PinkSoulGem":47,"InkBottle":82,"Runic Pyramid":79}],"InkBottle":[13]},"card_choices":[{"not_picked":["CrunchTime","Parity"],"picked":"Tempo","floor":1.0},{"not_picked":["ResonantCall","PrimeTime"],"picked":"LockedWarPaint","floor":3.0},{"not_picked":["LockedAnchor","LockedWhetstone"],"picked":"BlueShift","floor":4.0},{"not_picked":["Echoward","ReapSow"],"picked":"Fragmentalize","floor":5.0},{"not_picked":["LockedUrn","Break"],"picked":"LockedAnchor","floor":6.0},{"not_picked":["LockedWarPaint","BeatsPerMinute"],"picked":"ExoVibe","floor":8.0},{"not_picked":["Recurrance","AlternateTimeline"],"picked":"TickedOff","floor":10.0},{"not_picked":["LockedBlood","Goo"],"picked":"Pendulum","floor":13.0},{"not_picked":["OracleForm","LockedCalendar"],"picked":"LockedLightning","floor":16.0},{"not_picked":["LockedTurtyl","LockedBlood+1"],"picked":"LockedAnchor","floor":18.0},{"not_picked":["WakeUpCall","VestedLegacy+1"],"picked":"LockedAnchor+1","floor":21.0},{"not_picked":["LockedUrn+1","Echoward"],"picked":"SlimeSpray+1","floor":24.0},{"not_picked":["LockedWarPaint+1","LockedMedicine"],"picked":"HandsUpB","floor":27.0},{"not_picked":["ExoVibe","Engulf"],"picked":"LockedMedicine","floor":28.0},{"not_picked":["LockedBell","Parity"],"picked":"BlueShift+1","floor":29.0},{"not_picked":["LockedBlood","Tempo"],"picked":"WatchCommand+1","floor":31.0}],"player_experience":394667,"relics_obtained":[{"floor":6.0,"key":"SpikesRelics:ToyHorsey"},{"floor":8.0,"key":"Eternal Feather"},{"floor":9.0,"key":"Bronze Scales"},{"floor":10.0,"key":"trackpad:Compendium"},{"floor":24.0,"key":"Dead Branch"},{"floor":26.0,"key":"StuffTheSpire:Mouthbags"},{"floor":27.0,"key":"Regal Pillow"},{"floor":31.0,"key":"aspiration:Lifesprig"}],"event_choices":[{"cards_removed":["Defend_Br"],"damage_healed":0.0,"max_hp_gain":0.0,"max_hp_loss":0.0,"gold_gain":0.0,"event_name":"Bonfire Elementals","player_choice":"Offered Basic","floor":19.0,"gold_loss":0.0,"damage_taken":0.0},{"damage_healed":0.0,"max_hp_gain":0.0,"max_hp_loss":0.0,"gold_gain":0.0,"event_name":"Cursed Tome","player_choice":"Obtained Book","floor":25.0,"gold_loss":0.0,"damage_taken":16.0},{"damage_healed":0.0,"max_hp_gain":0.0,"max_hp_loss":0.0,"gold_gain":0.0,"event_name":"The Woman in Blue","player_choice":"Bought 1 Potion","floor":30.0,"gold_loss":0.0,"damage_taken":0.0}],"is_beta":false,"boss_relics":[{"not_picked":["halation:HeavySnake","HangingClock"],"picked":"halation:Prosthetics"}],"items_purged_floors":[],"is_endless":false,"potions_floor_spawned":[4,5,6,13,16,18,27,31],"killed_by":"hubris:MusketHawk","ascension_level":2}}