{"host":"i2s4iw62z1dejrqn","time":1611492932,"event":{"mods":["AchievementEnabler","BaseMod","Minty Spire (QoL Compilation)","Random Character Button","SuperFastMode"],"gold_per_floor":[109,89,14,14,14,14,32,32,32,32,60,79,105,116,116,116,116],"floor_reached":16,"language":"KOR","playtime":727,"items_purged":["Defend_B"],"score":180,"play_id":"7f26bc67-f3e0-4204-87f7-2dd5e1455f93","local_time":"20210124215532","is_ascension_mode":true,"campfire_choices":[{"data":"Dualcast","floor":6,"key":"SMITH"},{"data":"Go for the Eyes","floor":8,"key":"SMITH"},{"data":"Fusion","floor":15,"key":"SMITH"}],"circlet_count":0,"master_deck":["Strike_B","Strike_B","Strike_B+1","Strike_B+1","Defend_B","Defend_B","Defend_B","Zap","Dualcast+1","Coolheaded","Go for the Eyes+1","Fusion+1","Meteor Strike","Double Energy"],"relics":["Cracked Core","NeowsBlessing","Incense Burner","Mummified Hand","Potion Belt","Smiling Mask"],"acts_visited":["Exordium"],"potions_floor_usage":[13,16],"damage_taken":[{"damage":0,"enemies":"Cultist","floor":1,"turns":1},{"damage":0,"enemies":"Jaw Worm","floor":7,"turns":1},{"damage":0,"enemies":"Lagavulin","floor":11,"turns":1},{"damage":5,"enemies":"2 Louse","floor":12,"turns":2},{"damage":23,"enemies":"3 Sentries","floor":13,"turns":8},{"damage":10,"enemies":"Blue Slaver","floor":14,"turns":4},{"damage":31,"enemies":"Slime Boss","floor":16,"turns":7}],"seed_played":"2963608025872338091","potions_obtained":[{"floor":2,"key":"Strength Potion"},{"floor":7,"key":"Ancient Potion"},{"floor":12,"key":"Ancient Potion"},{"floor":14,"key":"SteroidPotion"}],"is_trial":false,"path_per_floor":["M","?","$","?","?","R","M","R","T","?","E","M","E","M","R","B"],"character_chosen":"DEFECT","items_purchased":[],"campfire_rested":0,"item_purchase_floors":[],"current_hp_per_floor":[68,68,68,73,57,57,57,57,57,57,57,52,29,19,19,0,0],"gold":116,"neow_bonus":"THREE_ENEMY_KILL","is_daily":false,"chose_seed":false,"campfire_upgraded":3,"win_rate":0.0,"timestamp":1611492932,"path_taken":["M","?","?","?","?","R","?","R","T","?","E","M","E","M","R","BOSS"],"items_purchased_type":[],"build_version":"2020-12-22","purchased_purges":1,"victory":false,"max_hp_per_floor":[75,75,75,80,80,80,80,80,80,80,80,80,80,80,80,80,80],"card_choices":[{"not_picked":["Beam Cell","Self Repair"],"picked":"Coolheaded","floor":1},{"not_picked":["Sunder","Turbo"],"picked":"Go for the Eyes","floor":7},{"not_picked":["Streamline","Turbo","Gash"],"picked":"SKIP","floor":11},{"not_picked":["Beam Cell","Turbo"],"picked":"Fusion","floor":12},{"not_picked":["Turbo","Beam Cell"],"picked":"Meteor Strike","floor":13},{"not_picked":["Barrage","Steam Power"],"picked":"Double Energy","floor":14}],"player_experience":423457,"relics_obtained":[{"floor":9,"key":"Incense Burner"},{"floor":11,"key":"Potion Belt"},{"floor":13,"key":"Smiling Mask"}],"event_choices":[{"damage_healed":0,"gold_gain":0,"player_choice":"Bought 1 Potion","damage_taken":0,"max_hp_gain":0,"max_hp_loss":0,"event_name":"The Woman in Blue","floor":2,"gold_loss":0},{"damage_healed":0,"gold_gain":0,"player_choice":"Donut","damage_taken":0,"max_hp_gain":5,"max_hp_loss":0,"event_name":"Big Fish","floor":4,"gold_loss":0},{"damage_healed":0,"gold_gain":0,"player_choice":"Entered Light","damage_taken":16,"max_hp_gain":0,"max_hp_loss":0,"event_name":"Shining Light","floor":5,"gold_loss":0,"cards_upgraded":["Strike_B","Strike_B"]},{"damage_healed":0,"gold_gain":0,"player_choice":"Searched \u00271\u0027 times","damage_taken":0,"relics_obtained":["Mummified Hand"],"max_hp_gain":0,"max_hp_loss":0,"event_name":"Dead Adventurer","floor":10,"gold_loss":0}],"is_beta":false,"boss_relics":[],"items_purged_floors":[3],"is_endless":false,"potions_floor_spawned":[7,12,14],"killed_by":"Slime Boss","ascension_level":7}}