{"host":"627up2rvtmm0cf0r","time":1611456048,"event":{"mods":["100% Spire Juice","ATMod(°¢èªMod)","Act Like it!","BaseMod","Better Vampires","CapriCore","Card Filter","Card Forge","Colored Powertips","DeckTracker","Dota2Spire","Downfall","Energized Spire","Friendly Minions","Highlight Path","Infinite Spire","Jedi Mod","Marked Mod","Mimic Mod","Minty Spire (QoL Compilation)","MostiFishMod","Permanent Neow","Practice Mode","Quick Restart","Relic Stats","Shop Mod","Spicy Shops","StSLib","SuperFastMode","TestMod","The Blackbeard","The Marked","¡¾ÒÅÎï¿¨ÅÆ¡¿REMEMod","²ÐÁôÖ®Îï","óô»ðÖ¸ÄÏ"],"gold_per_floor":[99,123,123,123,153,65,99,119,139,175,175,210,210,222,239,341,341,341,365,365,379,379,379,379,395,416,435,466,20,20,20,38,144,144,144,165,179,179,199,199,199,199,199,199,221,239,239,260,274,284],"floor_reached":51,"language":"ZHS","playtime":2109,"items_purged":["bronze:Strike","bronze:Defend","bronze:Defend","bronze:Strike"],"score":2688,"play_id":"2142c313-d9dc-4e83-a953-d648991757af","local_time":"20210124104048","is_ascension_mode":false,"campfire_choices":[{"data":"bronze:AlphaBuild","floor":1,"key":"SMITH"},{"data":"bronze:Repulsor","floor":13,"key":"SMITH"},{"data":"bronze:CleanCode","floor":18,"key":"SMITH"},{"data":"bronze:AlphaBuild","floor":23,"key":"SMITH"},{"data":"expansioncontent:QuickStudy","floor":35,"key":"SMITH"},{"data":"expansioncontent:PolyBeam","floor":42,"key":"SMITH"},{"data":"bronze:ShipIt","floor":47,"key":"SMITH"}],"circlet_count":0,"master_deck":["bronze:Strike","bronze:Defend","bronze:Defend","bronze:Replicate","bronze:Goto","bronze:AlphaBuild+1","bronze:AlphaBuild+1","bronze:BronzeOrb","bronze:Repulsor+1","bronze:Assembly","bronze:CleanCode+1","expansioncontent:QuickStudy+1","bronze:AlphaBuild","bronze:ShipIt+1","expansioncontent:PolyBeam+1"],"relics":["bronze:BronzeCore","Hammer of Thor","Seething Fire","Anvil of the Gods","testmod-TestBox","REME_ComplimentaryCards","AT_ATBox","testmod-TheFather","MostiFishMod:AdaptiveDefenses","Lantern","infinitespire:PuzzleCube","Akabeko","Dota2Spire:ShadowBlade","Happy Flower","GuanYuAspect","HornCleat","Nloth\u0027s Gift","Dota2Spire:BattleFury","AT_EbonyIvory","bronze:BottledCode","Enchiridion","Sozu","Incense Burner","Frozen Egg 2","infinitespire:CheckeredPen"],"acts_visited":["Exordium","TheCity","TheBeyond"],"potions_floor_usage":[50,50,50],"damage_taken":[{"damage":0,"enemies":"Small Slimes","floor":2,"turns":2},{"damage":0,"enemies":"downfall:FleeingMerchant","floor":6,"turns":4},{"damage":9,"enemies":"Jaw Worm","floor":7,"turns":6},{"damage":1,"enemies":"Jaw Worm","floor":8,"turns":2},{"damage":0,"enemies":"Cultist","floor":9,"turns":1},{"damage":3,"enemies":"3 Sentries","floor":10,"turns":4},{"damage":0,"enemies":"Gremlin Nob","floor":12,"turns":1},{"damage":0,"enemies":"Large Slime","floor":14,"turns":1},{"damage":0,"enemies":"Gremlin Gang","floor":15,"turns":1},{"damage":2,"enemies":"SI_SHIV_ARCHETYPE","floor":16,"turns":5},{"damage":0,"enemies":"3 Byrds","floor":19,"turns":4},{"damage":0,"enemies":"Snake Plant","floor":21,"turns":3},{"damage":0,"enemies":"Centurion and Healer","floor":25,"turns":1},{"damage":0,"enemies":"Shelled Parasite and Fungi","floor":26,"turns":1},{"damage":0,"enemies":"Snake Plant","floor":27,"turns":3},{"damage":0,"enemies":"3 Cultists","floor":28,"turns":1},{"damage":0,"enemies":"downfall:FleeingMerchant","floor":29,"turns":4},{"damage":4,"enemies":"Cultist and Chosen","floor":32,"turns":2},{"damage":32,"enemies":"IC_MUSHROOM_ARCHETYPE","floor":33,"turns":6},{"damage":2,"enemies":"3 Shapes","floor":36,"turns":1},{"damage":0,"enemies":"Orb Walker","floor":37,"turns":1},{"damage":0,"enemies":"Maw","floor":39,"turns":6},{"damage":0,"enemies":"3 Darklings","floor":45,"turns":1},{"damage":1,"enemies":"Sphere and 2 Shapes","floor":46,"turns":2},{"damage":0,"enemies":"Transient","floor":48,"turns":5},{"damage":9,"enemies":"Writhing Mass","floor":49,"turns":4},{"damage":36,"enemies":"WA_ARCHETYPE_DIVINITY","floor":50,"turns":10}],"seed_played":"-231772926015736594","potions_obtained":[{"floor":8,"key":"Guardian:BlockOnCardUsePotion"},{"floor":12,"key":"bronze:FreeFunctionsPotion"},{"floor":14,"key":"Dota2Spire:HealingSalve"},{"floor":15,"key":"testmod-TestPotion"},{"floor":16,"key":"bronze:CleanCodePotion"},{"floor":33,"key":"infinitespire:BlackPotion"}],"is_trial":false,"path_per_floor":["R","M","?","?","?","$","MIM","M","M","E","?","E","R","M","M","B",null,"R","M","AVR","M","?","R","T","M","M","M","M","$","?","?","M","B",null,"R","M","M","AVR","M","?","T","R","?","?","M","M","R","M","M","B",null],"character_chosen":"THE_AUTOMATON","items_purchased":["AT_EbonyIvory","expansioncontent:QuickStudy"],"campfire_rested":0,"item_purchase_floors":[29,29],"current_hp_per_floor":[70,70,75,75,75,75,66,65,65,62,55,55,55,55,55,53,38,38,38,38,38,38,38,38,38,38,38,38,38,28,12,25,22,28,28,28,28,28,28,18,18,18,18,18,28,28,28,28,28,28],"gold":284,"neow_bonus":"ONE_RANDOM_RARE_CARD","is_daily":false,"chose_seed":false,"campfire_upgraded":7,"win_rate":0.0,"timestamp":1611456048,"path_taken":["R","M","?","?","?","$","MIM","?","M","E","?","E","R","M","M","BOSS","R","M","AVR","M","?","R","T","M","M","?","M","$","?","?","M","BOSS","R","M","M","AVR","M","?","T","R","?","?","?","M","R","M","M","BOSS"],"items_purchased_type":["Relic","Card"],"build_version":"2020-12-22","purchased_purges":4,"victory":true,"max_hp_per_floor":[70,70,75,75,75,75,75,75,75,75,75,75,75,75,75,75,38,38,38,38,38,38,38,38,38,38,38,38,38,28,28,28,28,28,28,28,28,28,28,28,28,28,28,28,28,28,28,28,28,28],"relic_stats":{"Sozu":2,"Happy Flower":[20],"counters":[27,82],"Nloth\u0027s Gift":5,"obtain_stats":[{"Lantern":5,"bronze:BronzeCore":0,"AT_ATBox":0,"DaveBox":0,"Enchiridion":31,"MostiFishMod:AdaptiveDefenses":0,"Hammer of Thor":0,"Dota2Spire:ShadowBlade":11,"Incense Burner":38,"Sozu":34,"HornCleat":20,"GuanYuAspect":17,"testmod-TheFather":0,"testmod-TestBox":0,"Happy Flower":12,"Dota2Spire:BattleFury":24,"AT_EbonyIvory":29,"Seething Fire":0,"infinitespire:CheckeredPen":43,"Frozen Egg 2":41,"Akabeko":10,"bronze:BottledCode":30,"Anvil of the Gods":0,"Nloth\u0027s Gift":22,"infinitespire:PuzzleCube":7,"REME_ComplimentaryCards":0},{"Lantern":1,"bronze:BronzeCore":0,"AT_ATBox":0,"DaveBox":0,"Enchiridion":17,"MostiFishMod:AdaptiveDefenses":0,"Hammer of Thor":0,"Dota2Spire:ShadowBlade":6,"Incense Burner":21,"Sozu":19,"HornCleat":11,"GuanYuAspect":10,"testmod-TheFather":0,"testmod-TestBox":0,"Happy Flower":7,"Dota2Spire:BattleFury":12,"AT_EbonyIvory":17,"Seething Fire":0,"infinitespire:CheckeredPen":22,"Frozen Egg 2":22,"Akabeko":6,"bronze:BottledCode":17,"Anvil of the Gods":0,"Nloth\u0027s Gift":12,"infinitespire:PuzzleCube":3,"REME_ComplimentaryCards":0},{"Lantern":2,"bronze:BronzeCore":0,"AT_ATBox":0,"DaveBox":0,"Enchiridion":44,"MostiFishMod:AdaptiveDefenses":0,"Hammer of Thor":0,"Dota2Spire:ShadowBlade":19,"Incense Burner":54,"Sozu":52,"HornCleat":31,"GuanYuAspect":27,"testmod-TheFather":0,"testmod-TestBox":0,"Happy Flower":20,"Dota2Spire:BattleFury":34,"AT_EbonyIvory":44,"Seething Fire":0,"infinitespire:CheckeredPen":60,"Frozen Egg 2":60,"Akabeko":19,"bronze:BottledCode":44,"Anvil of the Gods":0,"Nloth\u0027s Gift":34,"infinitespire:PuzzleCube":12,"REME_ComplimentaryCards":0}]},"card_choices":[{"not_picked":["bronze:Branch","bronze:Turbo","bronze:ClassDefault"],"picked":"SKIP","floor":2},{"not_picked":["bronze:DelayedSlice","bronze:Turbo","bronze:Shield"],"picked":"SKIP","floor":6},{"not_picked":["bronze:Shield","bronze:Shell"],"picked":"bronze:BronzeOrb","floor":8},{"not_picked":["bronze:DelayedGuard","bronze:Allocate","bronze:Turbo"],"picked":"SKIP","floor":9},{"not_picked":["bronze:Frontload","bronze:Iterate"],"picked":"bronze:Repulsor","floor":10},{"not_picked":["bronze:Shield","bronze:Branch"],"picked":"bronze:Assembly","floor":12},{"not_picked":["bronze:Invalidate","bronze:WildBeam","bronze:DelayedSlice"],"picked":"SKIP","floor":14},{"not_picked":["bronze:Turbo","bronze:Backtrace","bronze:Invalidate"],"picked":"SKIP","floor":15},{"not_picked":["bronze:Turbo","bronze:Backtrace","bronze:Invalidate"],"picked":"SKIP","floor":15},{"not_picked":["bronze:Format","bronze:RecursiveStrike"],"picked":"bronze:CleanCode","floor":16},{"not_picked":["bronze:FollowUp","bronze:BitShift","bronze:CloningBeam"],"picked":"SKIP","floor":19},{"not_picked":["bronze:WildBeam","bronze:Iterate","bronze:CloningBeam+1"],"picked":"SKIP","floor":21},{"not_picked":["bronze:ChildClass+1","bronze:GetLatest","bronze:BronzeArmor"],"picked":"SKIP","floor":25},{"not_picked":["bronze:Break","bronze:Optimize","bronze:OilSpill"],"picked":"SKIP","floor":26},{"not_picked":["bronze:CloningBeam","bronze:Branch","bronze:BuggyMess+1"],"picked":"SKIP","floor":27},{"not_picked":["bronze:Iterate","bronze:Overheat+1","bronze:Deprecate"],"picked":"SKIP","floor":28},{"not_picked":["bronze:CutThrough+1","bronze:WildBeam","bronze:WhirlingStrike"],"picked":"SKIP","floor":29},{"not_picked":["bronze:DigitalCarnage","bronze:ThunderWave","bronze:ChildClass"],"picked":"SKIP","floor":32},{"not_picked":["bronze:FindAndReplace","bronze:BurnOut"],"picked":"bronze:AlphaBuild","floor":33},{"not_picked":["bronze:WildBeam+1","bronze:Branch","bronze:OilSpill"],"picked":"SKIP","floor":36},{"not_picked":["bronze:Overheat+1","bronze:CutThrough","bronze:BuggyMess+1"],"picked":"SKIP","floor":37},{"not_picked":["bronze:ForceShield+1","bronze:FollowUp"],"picked":"bronze:ShipIt","floor":39},{"not_picked":["expansioncontent:AwakenDeath","expansioncontent:Chronoboost"],"picked":"expansioncontent:PolyBeam","floor":40},{"not_picked":["bronze:Invalidate","bronze:Optimize+1","bronze:Shell+1"],"picked":"SKIP","floor":45},{"not_picked":["bronze:HyperBeam","bronze:Invalidate+1","bronze:Deprecate"],"picked":"SKIP","floor":46},{"not_picked":["bronze:BuggyMess","bronze:Allocate+1","bronze:ForLoop"],"picked":"SKIP","floor":48},{"not_picked":["bronze:OilSpill","bronze:BuggyMess","bronze:Shield"],"picked":"SKIP","floor":49}],"player_experience":136498,"relics_obtained":[{"floor":7,"key":"infinitespire:PuzzleCube"},{"floor":10,"key":"Akabeko"},{"floor":12,"key":"Happy Flower"},{"floor":24,"key":"Dota2Spire:BattleFury"},{"floor":31,"key":"Enchiridion"},{"floor":41,"key":"Frozen Egg 2"},{"floor":43,"key":"infinitespire:CheckeredPen"}],"event_choices":[{"damage_healed":0,"gold_gain":0,"player_choice":"Donut","damage_taken":0,"max_hp_gain":5,"max_hp_loss":0,"event_name":"Big Fish","floor":3,"gold_loss":0},{"damage_healed":0,"gold_gain":0,"player_choice":"Success","damage_taken":7,"relics_obtained":["Dota2Spire:ShadowBlade"],"max_hp_gain":0,"max_hp_loss":0,"event_name":"Scrap Ooze","floor":11,"gold_loss":0}],"is_beta":false,"boss_relics":[{"not_picked":["jedi:battlestandard","testmod-IncinerationGenerator"],"picked":"GuanYuAspect"},{"not_picked":["HereWithMe","TakeMeEscape"],"picked":"Sozu"}],"items_purged_floors":[6,20,29,38],"is_endless":false,"potions_floor_spawned":[8,12,14,15,16,25,32,33,46,49],"ascension_level":0}}