{"host":"hwrdjx5eod2cxh09","time":1611495375,"event":{"mods":["AchievementEnabler","BaseMod","Bestiary","Minty Spire (QoL Compilation)","Relic Stats"],"gold_per_floor":[111,121,71,71,84,84,113,129,129,146,146,158,189,215,227,334,396,422,445,85,85,97,132,143,468,468,479,492,492,503,157,157,258,258,258],"floor_reached":34,"language":"ENG","playtime":1707,"items_purged":["Strike_B","Strike_B"],"score":453,"play_id":"56f70c37-b1d4-4a24-aece-5ece92114981","local_time":"20210124223615","is_ascension_mode":true,"campfire_choices":[{"data":"Zap","floor":6,"key":"SMITH"},{"data":"Dualcast","floor":11,"key":"SMITH"},{"data":"Reinforced Body","floor":15,"key":"SMITH"},{"floor":32,"key":"REST"}],"circlet_count":0,"master_deck":["Strike_B","Defend_B","Defend_B","Defend_B","Defend_B+1","Zap+1","Dualcast+1","Cold Snap+1","FTL","Core Surge","Ball Lightning","Steam","Reinforced Body+1","Compile Driver","All For One","Gash","Glacier+1","Doom and Gloom","Self Repair+1","Reboot","Steam","Conserve Battery","Hologram+1","Creative AI+1","Gash"],"relics":["Cracked Core","Shuriken","Frozen Egg 2","MawBank","Tiny House","Sling","War Paint","Old Coin","Nunchaku","Ancient Tea Set"],"acts_visited":["Exordium","TheCity"],"potions_floor_usage":[1,7,13,16,23,25,25,28,28,33],"damage_taken":[{"damage":1,"enemies":"Cultist","floor":1,"turns":4},{"damage":0,"enemies":"2 Louse","floor":2,"turns":2},{"damage":5,"enemies":"Jaw Worm","floor":5,"turns":4},{"damage":15,"enemies":"Lagavulin","floor":7,"turns":6},{"damage":3,"enemies":"Exordium Wildlife","floor":8,"turns":3},{"damage":8,"enemies":"3 Louse","floor":10,"turns":2},{"damage":10,"enemies":"Exordium Thugs","floor":12,"turns":3},{"damage":8,"enemies":"3 Sentries","floor":13,"turns":6},{"damage":0,"enemies":"Blue Slaver","floor":14,"turns":3},{"damage":10,"enemies":"Hexaghost","floor":16,"turns":9},{"damage":3,"enemies":"Spheric Guardian","floor":18,"turns":4},{"damage":18,"enemies":"2 Thieves","floor":19,"turns":4},{"damage":2,"enemies":"Centurion and Healer","floor":22,"turns":6},{"damage":21,"enemies":"Slavers","floor":23,"turns":5},{"damage":6,"enemies":"3 Cultists","floor":24,"turns":7},{"damage":29,"enemies":"Gremlin Leader","floor":25,"turns":7},{"damage":0,"enemies":"Snecko","floor":27,"turns":4},{"damage":7,"enemies":"Chosen and Byrds","floor":28,"turns":6},{"damage":15,"enemies":"Cultist and Chosen","floor":30,"turns":7},{"damage":34,"enemies":"Collector","floor":33,"turns":13}],"seed_played":"7953930668058596383","potions_obtained":[{"floor":0,"key":"EssenceOfDarkness"},{"floor":0,"key":"GamblersBrew"},{"floor":0,"key":"PowerPotion"},{"floor":1,"key":"Fruit Juice"},{"floor":10,"key":"DistilledChaos"},{"floor":13,"key":"Ancient Potion"},{"floor":14,"key":"Regen Potion"},{"floor":16,"key":"GamblersBrew"},{"floor":18,"key":"PowerPotion"},{"floor":22,"key":"FocusPotion"},{"floor":24,"key":"Strength Potion"},{"floor":25,"key":"LiquidMemories"},{"floor":30,"key":"Energy Potion"}],"is_trial":false,"path_per_floor":["M","M","$","?","M","R","E","M","T","M","R","M","E","M","R","B",null,"M","M","$","?","M","E","M","E","T","M","M","?","M","$","R","B",null],"character_chosen":"DEFECT","items_purchased":["Strength Potion","Doom and Gloom","Self Repair+1","Sling","Gash","Ancient Tea Set","AttackPotion"],"campfire_rested":1,"item_purchase_floors":[3,20,20,20,31,31,31],"current_hp_per_floor":[79,79,79,79,74,74,59,56,56,48,48,38,30,30,30,20,85,82,64,64,64,72,51,45,25,25,25,28,28,23,23,48,24,24,24],"gold":258,"neow_bonus":"THREE_SMALL_POTIONS","is_daily":false,"chose_seed":false,"campfire_upgraded":3,"win_rate":0.0,"timestamp":1611495375,"path_taken":["M","M","$","?","M","R","E","M","T","M","R","M","E","M","R","BOSS","M","M","$","?","?","E","M","E","T","M","M","?","M","$","R","BOSS"],"items_purchased_type":["Potion","Card","Card","Relic","Card","Relic","Potion"],"build_version":"2020-12-22","purchased_purges":2,"victory":false,"max_hp_per_floor":[80,80,80,80,80,80,80,80,80,80,80,80,80,80,80,80,85,85,85,85,85,85,85,85,85,85,85,85,85,85,85,85,85,85,85],"relic_stats":{"Nunchaku":[5],"counters":[20,105],"Shuriken":[28],"War Paint":["Defend_B","Glacier"],"MawBank":84,"obtain_stats":[{"Nunchaku":26,"Tiny House":17,"Shuriken":7,"Frozen Egg 2":9,"War Paint":23,"Cracked Core":0,"MawBank":13,"Sling":20,"Ancient Tea Set":31,"Old Coin":25},{"Nunchaku":16,"Tiny House":10,"Shuriken":4,"Frozen Egg 2":5,"War Paint":14,"Cracked Core":0,"MawBank":8,"Sling":12,"Ancient Tea Set":19,"Old Coin":16},{"Nunchaku":75,"Tiny House":42,"Shuriken":16,"Frozen Egg 2":19,"War Paint":61,"Cracked Core":0,"MawBank":30,"Sling":50,"Ancient Tea Set":92,"Old Coin":75}]},"card_choices":[{"not_picked":["Steam","Streamline"],"picked":"Cold Snap","floor":1},{"not_picked":["Streamline","Go for the Eyes","Redo"],"picked":"SKIP","floor":2},{"not_picked":["Chaos","Go for the Eyes"],"picked":"FTL","floor":5},{"not_picked":["Streamline","Steam"],"picked":"Core Surge","floor":7},{"not_picked":["Rip and Tear","Auto Shields"],"picked":"Ball Lightning","floor":8},{"not_picked":["Leap","Beam Cell"],"picked":"Steam","floor":10},{"not_picked":["Beam Cell","White Noise"],"picked":"Reinforced Body","floor":12},{"not_picked":["Hologram","Turbo"],"picked":"Compile Driver","floor":13},{"not_picked":["Aggregate","Beam Cell","Streamline"],"picked":"SKIP","floor":14},{"not_picked":["Multi-Cast","Reboot"],"picked":"All For One","floor":16},{"not_picked":["Force Field","Redo"],"picked":"Gash","floor":17},{"not_picked":["Barrage+1","Turbo+1"],"picked":"Glacier","floor":18},{"not_picked":["Chaos","Thunder Strike","Heatsinks+1"],"picked":"SKIP","floor":19},{"not_picked":["Streamline","Stack"],"picked":"Steam","floor":22},{"not_picked":["Self Repair+1","Rebound","Ball Lightning"],"picked":"SKIP","floor":23},{"not_picked":["Heatsinks+1","FTL+1"],"picked":"Conserve Battery","floor":24},{"not_picked":["Stack+1","Barrage","Sweeping Beam"],"picked":"SKIP","floor":25},{"not_picked":["Fusion","Redo+1"],"picked":"Hologram+1","floor":27},{"not_picked":["Rebound+1","Stack"],"picked":"Creative AI+1","floor":28},{"not_picked":["Steam+1","Cold Snap","Hello World+1"],"picked":"SKIP","floor":30}],"player_experience":279153,"relics_obtained":[{"floor":7,"key":"Shuriken"},{"floor":9,"key":"Frozen Egg 2"},{"floor":13,"key":"MawBank"},{"floor":23,"key":"War Paint"},{"floor":25,"key":"Old Coin"},{"floor":26,"key":"Nunchaku"}],"event_choices":[{"damage_healed":0,"gold_gain":0,"player_choice":"Ignored","damage_taken":0,"max_hp_gain":0,"max_hp_loss":0,"event_name":"Liars Game","floor":4,"gold_loss":0},{"damage_healed":0,"gold_gain":0,"cards_transformed":["Strike_B"],"player_choice":"Transformed","damage_taken":0,"max_hp_gain":0,"max_hp_loss":0,"event_name":"Transmorgrifier","floor":21,"gold_loss":0,"cards_obtained":["Reboot"]},{"damage_healed":0,"gold_gain":0,"player_choice":"Ignored","damage_taken":0,"max_hp_gain":0,"max_hp_loss":0,"event_name":"Vampires","floor":29,"gold_loss":0}],"is_beta":false,"boss_relics":[{"not_picked":["Velvet Choker","Fusion Hammer"],"picked":"Tiny House"}],"items_purged_floors":[20,31],"is_endless":false,"potions_floor_spawned":[1,10,13,14,16,18,22,24,25,30],"ascension_level":1}}