{"host":"ebj6lkgm8suah319","time":1611458249,"event":{"mods":["2.2 Compatiblity","AchievementEnabler","BaseMod","Block Reminder","Colored Map","Colored Powertips","Minty Spire (QoL Compilation)","Quick Restart","Rare Cards Sparkle","Relic Stats","SuperFastMode"],"gold_per_floor":[119,21,21,21,21,21,53,72,72,72,72,104,117,150,150,225,225,239,67,79,95,95,95,128,128,153,153,183,218,235,235,235,313,313,323,205,205,219,238,266,266,266,266],"floor_reached":42,"language":"ENG","playtime":1800,"items_purged":["Strike_R"],"score":960,"play_id":"335ad0f0-2cc2-4b59-b465-2ab9d59bd9a0","local_time":"20210123221729","is_ascension_mode":true,"campfire_choices":[{"data":"Bash","floor":6,"key":"SMITH"},{"data":"Uppercut","floor":11,"key":"SMITH"},{"data":"Whirlwind","floor":15,"key":"SMITH"},{"floor":23,"key":"REST"},{"floor":25,"key":"REST"},{"data":"Evolve","floor":27,"key":"SMITH"},{"floor":32,"key":"REST"},{"data":"Berserk","floor":41,"key":"SMITH"}],"circlet_count":0,"master_deck":["AscendersBane","Strike_R","Defend_R","Defend_R","Defend_R","Defend_R","Bash+1","Flash of Steel","Whirlwind+1","Uppercut+1","Reaper","Carnage","Evolve+1","Impervious+1","Burning Pact+1","Feel No Pain+1","Juggernaut","Immolate","Barricade","Bloodletting+1","Twin Strike+1","Clash+1","True Grit","Evolve","Headbutt","Shame","Dark Embrace","Berserk+1"],"relics":["Burning Blood","NeowsBlessing","Regal Pillow","StoneCalendar","Bronze Scales","Bird Faced Urn","Snecko Eye","Bag of Marbles","White Beast Statue","Nunchaku","Red Mask","Vajra","Enchiridion","Astrolabe","War Paint"],"acts_visited":["Exordium","TheCity","TheBeyond"],"potions_floor_usage":[12,28,28,29,33,33,42],"damage_taken":[{"damage":0,"enemies":"Small Slimes","floor":1,"turns":1},{"damage":0,"enemies":"Lagavulin","floor":7,"turns":1},{"damage":0,"enemies":"Cultist","floor":8,"turns":1},{"damage":24,"enemies":"Gremlin Nob","floor":12,"turns":4},{"damage":2,"enemies":"2 Louse","floor":13,"turns":3},{"damage":30,"enemies":"3 Sentries","floor":14,"turns":7},{"damage":38,"enemies":"Hexaghost","floor":16,"turns":9},{"damage":8,"enemies":"3 Byrds","floor":18,"turns":3},{"damage":33,"enemies":"Spheric Guardian","floor":20,"turns":4},{"damage":17,"enemies":"Snake Plant","floor":21,"turns":5},{"damage":39,"enemies":"Book of Stabbing","floor":24,"turns":5},{"damage":12,"enemies":"Masked Bandits","floor":28,"turns":3},{"damage":29,"enemies":"Slavers","floor":29,"turns":5},{"damage":10,"enemies":"Chosen and Byrds","floor":30,"turns":5},{"damage":46,"enemies":"Collector","floor":33,"turns":9},{"damage":20,"enemies":"3 Darklings","floor":35,"turns":5},{"damage":30,"enemies":"Orb Walker","floor":38,"turns":5},{"damage":6,"enemies":"4 Shapes","floor":39,"turns":5},{"damage":21,"enemies":"Reptomancer","floor":40,"turns":5},{"damage":94,"enemies":"Giant Head","floor":42,"turns":7}],"seed_played":"8809472201941158938","potions_obtained":[{"floor":1,"key":"Swift Potion"},{"floor":3,"key":"Weak Potion"},{"floor":3,"key":"Fire Potion"},{"floor":14,"key":"FearPotion"},{"floor":28,"key":"GamblersBrew"},{"floor":29,"key":"Weak Potion"},{"floor":30,"key":"HeartOfIron"},{"floor":33,"key":"Weak Potion"},{"floor":35,"key":"PowerPotion"},{"floor":38,"key":"HeartOfIron"}],"is_trial":false,"path_per_floor":["M","$","?","$","?","R","E","M","T","$","R","E","M","E","R","B",null,"M","$","M","M","?","R","E","R","T","R","?","E","M","?","R","B",null,"M","$","?","M","M","E","R","E"],"character_chosen":"IRONCLAD","items_purchased":["Flash of Steel","Bag of Marbles","Evolve"],"campfire_rested":3,"item_purchase_floors":[2,19,36],"current_hp_per_floor":[74,74,74,74,74,74,75,75,75,75,75,57,69,53,53,23,62,62,62,37,31,31,68,43,75,75,75,69,58,65,44,75,52,69,65,65,65,58,75,65,65,0,0],"gold":266,"neow_bonus":"THREE_ENEMY_KILL","is_daily":false,"chose_seed":false,"campfire_upgraded":5,"win_rate":0.0,"timestamp":1611458249,"path_taken":["M","$","?","?","?","R","E","?","T","$","R","E","M","E","R","BOSS","M","$","M","M","?","R","E","R","T","R","?","E","M","?","R","BOSS","M","$","?","M","?","E","R","E"],"items_purchased_type":["Card","Relic","Card"],"build_version":"2020-12-22","purchased_purges":1,"victory":false,"max_hp_per_floor":[75,75,75,75,75,75,75,75,75,75,75,75,75,75,75,75,75,75,75,75,75,75,75,75,75,75,75,75,75,75,75,75,75,75,75,75,75,75,75,75,75,75,75],"relic_stats":{"Regal Pillow":34,"Nunchaku":[9],"counters":[20,92],"Bronze Scales":[326],"Bird Faced Urn":[62],"Astrolabe":["Bloodletting","Twin Strike","Clash"],"Snecko Eye":[101,133,112,114],"StoneCalendar":[144],"War Paint":["Burning Pact","Impervious"],"obtain_stats":[{"Regal Pillow":7,"NeowsBlessing":0,"Astrolabe":34,"Vajra":29,"Enchiridion":31,"StoneCalendar":9,"War Paint":40,"Burning Blood":0,"White Beast Statue":24,"Nunchaku":26,"Bronze Scales":12,"Bird Faced Urn":14,"Snecko Eye":17,"Bag of Marbles":19,"Red Mask":28},{"Regal Pillow":2,"NeowsBlessing":0,"Astrolabe":15,"Vajra":13,"Enchiridion":14,"StoneCalendar":3,"War Paint":19,"Burning Blood":0,"White Beast Statue":11,"Nunchaku":11,"Bronze Scales":4,"Bird Faced Urn":6,"Snecko Eye":7,"Bag of Marbles":8,"Red Mask":12},{"Regal Pillow":2,"NeowsBlessing":0,"Astrolabe":65,"Vajra":51,"Enchiridion":56,"StoneCalendar":3,"War Paint":85,"Burning Blood":0,"White Beast Statue":43,"Nunchaku":43,"Bronze Scales":7,"Bird Faced Urn":17,"Snecko Eye":26,"Bag of Marbles":29,"Red Mask":46}],"Burning Blood":97},"card_choices":[{"not_picked":["Second Wind","Entrench","Clash"],"picked":"SKIP","floor":1},{"not_picked":["Reckless Charge","Metallicize"],"picked":"Whirlwind","floor":7},{"not_picked":["Armaments","Searing Blow"],"picked":"Uppercut","floor":8},{"not_picked":["True Grit","Metallicize"],"picked":"Reaper","floor":12},{"not_picked":["Flex","Pummel"],"picked":"Carnage","floor":13},{"not_picked":["True Grit","Shrug It Off"],"picked":"Evolve","floor":14},{"not_picked":["Berserk","Brutality"],"picked":"Impervious","floor":16},{"not_picked":["Power Through","Rampage"],"picked":"Burning Pact","floor":18},{"not_picked":["Perfected Strike","Flex","Armaments"],"picked":"SKIP","floor":20},{"not_picked":["Cleave","Shrug It Off"],"picked":"Feel No Pain+1","floor":21},{"not_picked":["Headbutt+1","Flex","Clothesline+1"],"picked":"SKIP","floor":24},{"not_picked":["Pommel Strike","Havoc"],"picked":"Juggernaut","floor":28},{"not_picked":["Headbutt+1","Disarm"],"picked":"Immolate","floor":29},{"not_picked":["Bloodletting","Perfected Strike","Cleave"],"picked":"SKIP","floor":30},{"not_picked":["Berserk","Brutality"],"picked":"Barricade","floor":33},{"not_picked":["Sever Soul","Warcry"],"picked":"True Grit","floor":35},{"not_picked":["Flex","Burning Pact"],"picked":"Dark Embrace","floor":38},{"not_picked":["Thunderclap+1","Body Slam","Wild Strike+1"],"picked":"SKIP","floor":39},{"not_picked":["Anger","Twin Strike"],"picked":"Berserk","floor":40}],"player_experience":58758,"relics_obtained":[{"floor":7,"key":"Regal Pillow"},{"floor":9,"key":"StoneCalendar"},{"floor":12,"key":"Bronze Scales"},{"floor":14,"key":"Bird Faced Urn"},{"floor":24,"key":"White Beast Statue"},{"floor":26,"key":"Nunchaku"},{"floor":28,"key":"Red Mask"},{"floor":29,"key":"Vajra"},{"floor":31,"key":"Enchiridion"},{"floor":40,"key":"War Paint"}],"event_choices":[{"damage_healed":0,"gold_gain":0,"player_choice":"Got Potions","damage_taken":0,"max_hp_gain":0,"max_hp_loss":0,"event_name":"Lab","floor":3,"gold_loss":0},{"damage_healed":0,"gold_gain":0,"player_choice":"Ignored","damage_taken":0,"max_hp_gain":0,"max_hp_loss":0,"event_name":"Liars Game","floor":5,"gold_loss":0},{"damage_healed":0,"gold_gain":0,"player_choice":"Ignored","damage_taken":0,"max_hp_gain":0,"max_hp_loss":0,"event_name":"Ghosts","floor":22,"gold_loss":0},{"damage_healed":0,"gold_gain":0,"player_choice":"Fought Bandits","damage_taken":0,"max_hp_gain":0,"max_hp_loss":0,"event_name":"Masked Bandits","floor":28,"gold_loss":0},{"damage_healed":0,"gold_gain":0,"player_choice":"Obtained Book","damage_taken":21,"max_hp_gain":0,"max_hp_loss":0,"event_name":"Cursed Tome","floor":31,"gold_loss":0},{"damage_healed":0,"gold_gain":0,"player_choice":"2 cards matched","damage_taken":0,"max_hp_gain":0,"max_hp_loss":0,"event_name":"Match and Keep!","floor":37,"gold_loss":0,"cards_obtained":["Headbutt","Shame"]}],"is_beta":false,"boss_relics":[{"not_picked":["Calling Bell","Tiny House"],"picked":"Snecko Eye"},{"not_picked":["Velvet Choker","Runic Dome"],"picked":"Astrolabe"}],"items_purged_floors":[36],"is_endless":false,"potions_floor_spawned":[1,14,16,18,24,28,29,30,33,35,38,39,40],"killed_by":"Giant Head","ascension_level":18}}