{"host":"t9zjxed0utvsfjwc","time":1611496323,"event":{"mods":["2.2 Compatiblity","Aspiration","BaseMod","Better Altar","Better Match","Better Note","Better Sensory Stone","Better Skull","Better Third Choice","Block Reminder","Colored Map","Colored Powertips","Custom Start","Hermit","Highlight Path","Hubris","Infinite Spire","Minty Spire (QoL Compilation)","Quick Restart","Rare Cards Sparkle","Replay The Spire","Shade Mod","StSLib","The Cursed","The Disciple","The Marked","The Runesmith","Unceasing Turn Reminder","everything is the same but u backflip on backflip"],"gold_per_floor":[110,110,80,155,179,223,239,239,239,264,264,297,297,335,335,335,335],"floor_reached":16,"language":"ENG","playtime":610,"items_purged":["Pain"],"score":124,"play_id":"29968b7b-1236-4ee7-b98b-ca40894df46a","local_time":"20210124135203","is_ascension_mode":true,"campfire_choices":[{"floor":8,"key":"REST"},{"data":"Ghostly Armor","floor":11,"key":"SMITH"},{"floor":13,"key":"REST"},{"data":"Shrug It Off","floor":15,"key":"SMITH"}],"circlet_count":0,"master_deck":["Strike_R","Strike_R","Strike_R","Strike_R","Strike_R","Defend_R","Defend_R+1","Defend_R+1","Defend_R","Bash","Ghostly Armor+1","Shrug It Off+1"],"relics":["Burning Blood","aspiration:Nostalgia","Chronometer","Golden Idol","ReplayTheSpireMod:CursedCoin","War Paint","hubris:GlazedTorus","aspiration:ChemicalBlood","Regal Pillow"],"acts_visited":["Exordium"],"potions_floor_usage":[6,6,14,16,16,16],"damage_taken":[{"damage":14,"enemies":"Small Slimes","floor":1,"turns":6},{"damage":1,"enemies":"Cultist","floor":5,"turns":4},{"damage":34,"enemies":"Lagavulin","floor":6,"turns":7},{"damage":5,"enemies":"Jaw Worm","floor":7,"turns":4},{"damage":2,"enemies":"Blue Slaver","floor":10,"turns":5},{"damage":22,"enemies":"3 Sentries","floor":12,"turns":11},{"damage":5,"enemies":"Gremlin Nob","floor":14,"turns":5},{"damage":67,"enemies":"Hexaghost","floor":16,"turns":11}],"seed_played":"-3760597387924468670","potions_obtained":[{"floor":1,"key":"Milkshake"},{"floor":3,"key":"SmokeBomb"},{"floor":3,"key":"Reflective Coating"},{"floor":7,"key":"Elixir"},{"floor":10,"key":"Swift Potion"},{"floor":12,"key":"Fire Potion"},{"floor":14,"key":"Strength Potion"}],"is_trial":false,"path_per_floor":["M","?","?","$","M","E","M","R","T","M","R","E","R","E","R","B"],"character_chosen":"IRONCLAD","items_purchased":["ReplayTheSpireMod:CursedCoin"],"campfire_rested":2,"item_purchase_floors":[4],"current_hp_per_floor":[72,52,52,52,57,29,30,54,54,58,58,42,66,67,67,0,0],"gold":335,"neow_bonus":"NOSTALGIA","is_daily":false,"chose_seed":false,"campfire_upgraded":2,"win_rate":0.0,"timestamp":1611496323,"path_taken":["M","?","?","$","?","E","M","R","T","M","R","E","R","E","R","BOSS"],"items_purchased_type":["Relic"],"build_version":"2020-12-22","purchased_purges":1,"victory":false,"max_hp_per_floor":[80,80,80,80,80,80,80,80,80,80,80,80,80,80,80,80,80],"card_choices":[{"not_picked":["Massacre","Feel No Pain","Sword Boomerang"],"picked":"SKIP","floor":1},{"not_picked":["Headbutt","ReplayTheSpireMod:Strike From Hell","hubris:CleavingFinish"],"picked":"SKIP","floor":5},{"not_picked":["Run Through","Clothesline","True Grit"],"picked":"SKIP","floor":6},{"not_picked":["Shockwave","Thunderclap"],"picked":"Ghostly Armor","floor":7},{"not_picked":["Perfected Strike","Wild Strike","Anger"],"picked":"SKIP","floor":10},{"not_picked":["Flex","Pummel","Thunderclap"],"picked":"SKIP","floor":12},{"not_picked":["Seeing Red","Defy Death"],"picked":"Shrug It Off","floor":14}],"player_experience":401370,"relics_obtained":[{"floor":6,"key":"War Paint"},{"floor":9,"key":"hubris:GlazedTorus"},{"floor":12,"key":"aspiration:ChemicalBlood"},{"floor":14,"key":"Regal Pillow"}],"event_choices":[{"damage_healed":0,"gold_gain":0,"player_choice":"Take Damage","damage_taken":20,"relics_obtained":["Golden Idol"],"max_hp_gain":0,"max_hp_loss":0,"event_name":"Golden Idol","floor":2,"gold_loss":0},{"damage_healed":0,"gold_gain":0,"player_choice":"Bought 2 Potions","damage_taken":0,"max_hp_gain":0,"max_hp_loss":0,"event_name":"The Woman in Blue","floor":3,"gold_loss":0}],"is_beta":false,"boss_relics":[],"items_purged_floors":[4],"is_endless":false,"potions_floor_spawned":[1,7,10,12,14],"killed_by":"Hexaghost","ascension_level":1}}