{"host":"hfxp6ue4pvwo3fit","time":1611478336,"event":{"mods":["AchievementEnabler","BaseMod","Colored Map","Colored Powertips","Highlight Path","Minty Spire (QoL Compilation)","Relic Stats","StSLib","SuperFastMode"],"gold_per_floor":[118,41,59,69,81,109,109,148,148,202,167,167,179,144,144,144,144],"floor_reached":16,"language":"ENG","playtime":437,"items_purged":[],"score":220,"play_id":"fff1ec9b-a569-4e4c-92ed-a1c93aef4e8a","local_time":"20210124025216","is_ascension_mode":true,"campfire_choices":[{"floor":7,"key":"REST"},{"floor":12,"key":"REST"},{"data":"Recycle","floor":15,"key":"SMITH"}],"circlet_count":0,"master_deck":["AscendersBane","Strike_B","Strike_B","Strike_B","Strike_B","Defend_B","Defend_B","Defend_B","Defend_B","Zap","Dualcast","Barrage+1","Tempest","Sweeping Beam","Reinforced Body","Ball Lightning+1","Recycle+1","Biased Cognition"],"relics":["Inserter","Art of War","CeramicFish","Whetstone","Smiling Mask"],"acts_visited":["Exordium"],"potions_floor_usage":[6,16,16],"damage_taken":[{"damage":2,"enemies":"Cultist","floor":1,"turns":4},{"damage":8,"enemies":"Small Slimes","floor":3,"turns":4},{"damage":9,"enemies":"Jaw Worm","floor":4,"turns":4},{"damage":11,"enemies":"Blue Slaver","floor":5,"turns":5},{"damage":20,"enemies":"3 Sentries","floor":6,"turns":6},{"damage":20,"enemies":"Lagavulin","floor":8,"turns":7},{"damage":17,"enemies":"Exordium Thugs","floor":13,"turns":5},{"damage":43,"enemies":"Slime Boss","floor":16,"turns":6}],"seed_played":"2073905243432184463","potions_obtained":[{"floor":5,"key":"SteroidPotion"},{"floor":6,"key":"Ancient Potion"},{"floor":8,"key":"FocusPotion"},{"floor":13,"key":"LiquidMemories"}],"is_trial":false,"path_per_floor":["M","$","M","M","M","E","R","E","T","T","?","R","M","?","R","B"],"character_chosen":"DEFECT","items_purchased":["Tempest"],"campfire_rested":2,"item_purchase_floors":[2],"current_hp_per_floor":[62,62,54,45,34,14,35,15,15,15,15,36,19,36,36,0,0],"gold":144,"neow_bonus":"BOSS_RELIC","is_daily":false,"chose_seed":false,"campfire_upgraded":1,"win_rate":0.0,"timestamp":1611478336,"path_taken":["M","?","M","?","M","E","R","E","T","?","?","R","M","?","R","BOSS"],"items_purchased_type":["Card"],"build_version":"2020-12-22","purchased_purges":0,"victory":false,"max_hp_per_floor":[71,71,71,71,71,71,71,71,71,71,71,71,71,71,71,71,71],"relic_stats":{"Inserter":[20],"counters":[8,41],"CeramicFish":9,"Art of War":[6],"Whetstone":["Barrage","Ball Lightning"],"Smiling Mask":0,"obtain_stats":[{"Inserter":0,"CeramicFish":8,"Art of War":6,"Whetstone":9,"Cracked Core":0,"Smiling Mask":10},{"Inserter":0,"CeramicFish":6,"Art of War":5,"Whetstone":6,"Cracked Core":0,"Smiling Mask":6},{"Inserter":0,"CeramicFish":30,"Art of War":23,"Whetstone":30,"Cracked Core":0,"Smiling Mask":30}]},"card_choices":[{"not_picked":["Steam","Double Energy"],"picked":"Barrage","floor":1},{"not_picked":["Stack","Turbo"],"picked":"Sweeping Beam","floor":3},{"not_picked":["Storm","Tempest"],"picked":"Reinforced Body","floor":4},{"not_picked":["Stack","Rip and Tear"],"picked":"Ball Lightning","floor":5},{"not_picked":["Steam Power","Static Discharge"],"picked":"Recycle","floor":6},{"not_picked":["Reboot","Turbo"],"picked":"Biased Cognition","floor":8},{"not_picked":["BootSequence","Sweeping Beam","Storm"],"picked":"SKIP","floor":13}],"player_experience":509590,"relics_obtained":[{"floor":6,"key":"Art of War"},{"floor":8,"key":"CeramicFish"},{"floor":9,"key":"Whetstone"},{"floor":10,"key":"Smiling Mask"}],"event_choices":[{"damage_healed":0,"gold_gain":0,"player_choice":"Left Gold","damage_taken":0,"max_hp_gain":0,"max_hp_loss":0,"event_name":"World of Goop","floor":11,"gold_loss":35},{"damage_healed":17,"gold_gain":0,"player_choice":"Healed","damage_taken":0,"max_hp_gain":0,"max_hp_loss":0,"event_name":"The Cleric","floor":14,"gold_loss":35}],"is_beta":false,"boss_relics":[],"items_purged_floors":[],"is_endless":false,"potions_floor_spawned":[5,6,8,13],"killed_by":"Slime Boss","ascension_level":20}}