{"host":"0kk91h4bq4kgfj0u","time":1611519945,"event":{"mods":["BaseMod","Minty Spire (QoL Compilation)","StSLib"],"gold_per_floor":[112,112,112,125,144,144,28,60,141,141,156,185,34,47,47,145,145,155,155,169,186,196,196,196,196],"floor_reached":24,"language":"ENG","playtime":958,"items_purged":[],"score":248,"play_id":"8212c184-c9af-40ed-bb49-d211f7a61950","local_time":"20210124152545","is_ascension_mode":true,"campfire_choices":[{"data":"Neutralize","floor":6,"key":"SMITH"},{"data":"Survivor","floor":10,"key":"SMITH"},{"floor":15,"key":"REST"},{"floor":23,"key":"REST"}],"circlet_count":0,"master_deck":["Strike_G","Strike_G","Strike_G","Strike_G","Strike_G","Defend_G","Defend_G","Defend_G","Defend_G","Defend_G","Survivor+1","Neutralize+1","Flying Knee","Slice","Dagger Spray","Infinite Blades","Leg Sweep","Dash","Accuracy","Footwork","Corpse Explosion","Distraction+1","Prepared+1","Backflip"],"relics":["Ring of the Snake","Strawberry","Eternal Feather","Odd Mushroom","Ancient Tea Set","SlaversCollar"],"acts_visited":["Exordium","TheCity"],"potions_floor_usage":[24,24,24],"damage_taken":[{"damage":12,"enemies":"Jaw Worm","floor":1,"turns":5},{"damage":0,"enemies":"Small Slimes","floor":4,"turns":4},{"damage":0,"enemies":"Cultist","floor":5,"turns":3},{"damage":20,"enemies":"3 Sentries","floor":8,"turns":7},{"damage":8,"enemies":"2 Fungi Beasts","floor":11,"turns":3},{"damage":25,"enemies":"The Mushroom Lair","floor":12,"turns":6},{"damage":0,"enemies":"Exordium Wildlife","floor":14,"turns":4},{"damage":55,"enemies":"The Guardian","floor":16,"turns":13},{"damage":12,"enemies":"3 Byrds","floor":18,"turns":4},{"damage":12,"enemies":"Shell Parasite","floor":20,"turns":9},{"damage":3,"enemies":"Snecko","floor":21,"turns":7},{"damage":29,"enemies":"Snake Plant","floor":22,"turns":9},{"damage":67,"enemies":"Gremlin Leader","floor":24,"turns":6}],"seed_played":"2053603283153237090","potions_obtained":[{"floor":8,"key":"LiquidBronze"},{"floor":11,"key":"Energy Potion"},{"floor":12,"key":"FearPotion"},{"floor":20,"key":"Regen Potion"}],"is_trial":false,"path_per_floor":["M","?","?","M","M","R","$","E","T","R","M","?","$","M","R","B",null,"M","?","M","M","M","R","E"],"character_chosen":"THE_SILENT","items_purchased":["Infinite Blades","Leg Sweep","Ancient Tea Set"],"campfire_rested":2,"item_purchase_floors":[7,7,13],"current_hp_per_floor":[65,65,65,65,65,65,65,52,52,61,53,28,28,28,65,10,66,54,59,47,44,15,52,0,0],"gold":196,"neow_bonus":"TEN_PERCENT_HP_BONUS","is_daily":false,"chose_seed":false,"campfire_upgraded":2,"win_rate":0.0,"timestamp":1611519945,"path_taken":["M","?","?","M","M","R","$","E","T","R","M","?","?","M","R","BOSS","M","?","M","M","M","R","E"],"items_purchased_type":["Card","Card","Relic"],"build_version":"2020-12-22","purchased_purges":0,"victory":false,"max_hp_per_floor":[77,77,77,77,77,77,77,84,84,84,84,84,84,84,84,84,84,84,84,84,84,84,84,84,84],"card_choices":[{"not_picked":["Slice","Deadly Poison"],"picked":"Flying Knee","floor":1},{"not_picked":["Flechettes","Skewer"],"picked":"Slice","floor":4},{"not_picked":["Skewer","Heel Hook"],"picked":"Dagger Spray","floor":5},{"not_picked":["Dodge and Roll","Flying Knee"],"picked":"Dash","floor":8},{"not_picked":["Noxious Fumes","Outmaneuver"],"picked":"Accuracy","floor":11},{"not_picked":["Finisher","Outmaneuver"],"picked":"Footwork","floor":12},{"not_picked":["Finisher","Bane"],"picked":"Dagger Throw","floor":14},{"not_picked":["Glass Knife","Grand Finale"],"picked":"Corpse Explosion","floor":16},{"not_picked":["Acrobatics","Dash+1"],"picked":"Distraction+1","floor":18},{"not_picked":["Dagger Spray","Flying Knee"],"picked":"Prepared+1","floor":20},{"not_picked":["Eviscerate","Endless Agony","Prepared"],"picked":"SKIP","floor":21},{"not_picked":["Skewer","Dagger Throw"],"picked":"Backflip","floor":22}],"player_experience":803946,"relics_obtained":[{"floor":8,"key":"Strawberry"},{"floor":9,"key":"Eternal Feather"},{"floor":12,"key":"Odd Mushroom"}],"event_choices":[{"damage_healed":0,"gold_gain":0,"player_choice":"Ignored","damage_taken":0,"max_hp_gain":0,"max_hp_loss":0,"event_name":"Liars Game","floor":2,"gold_loss":0},{"damage_healed":0,"gold_gain":0,"player_choice":"Leave","damage_taken":0,"max_hp_gain":0,"max_hp_loss":0,"event_name":"The Cleric","floor":3,"gold_loss":0},{"damage_healed":0,"gold_gain":0,"player_choice":"Fought Mushrooms","damage_taken":0,"max_hp_gain":0,"max_hp_loss":0,"event_name":"Mushrooms","floor":12,"gold_loss":0},{"cards_removed":["Dagger Throw"],"damage_healed":5,"gold_gain":0,"player_choice":"Offered Common","damage_taken":0,"max_hp_gain":0,"max_hp_loss":0,"event_name":"Bonfire Elementals","floor":19,"gold_loss":0},{"cards_removed":["Dagger Throw"],"damage_healed":5,"gold_gain":0,"player_choice":"Offered Special","damage_taken":0,"max_hp_gain":0,"max_hp_loss":0,"event_name":"Bonfire Elementals","floor":19,"gold_loss":0}],"is_beta":false,"boss_relics":[{"not_picked":["Ectoplasm","Velvet Choker"],"picked":"SlaversCollar"}],"items_purged_floors":[],"is_endless":false,"potions_floor_spawned":[8,11,12,14,20],"killed_by":"Gremlin Leader","ascension_level":5}}