{"host":"Bilverbakes","time":1611532015,"event":{"mods":["2.2 Compatiblity","AchievementEnabler","BaseMod","Bestiary","Colored Map","Minty Spire (QoL Compilation)","Relic Stats","StSLib","ojb\u0027s Info Mod"],"gold_per_floor":[114,133,208,222,287,45,45,80,105,105,138,138,157,174,174,174,174],"floor_reached":16,"language":"ENG","playtime":589,"items_purged":[],"score":220,"play_id":"3c034b52-b468-4a97-913b-f8f12e6b03bf","local_time":"20210124174655","is_ascension_mode":true,"campfire_choices":[{"floor":10,"key":"REST"},{"data":"Well Laid Plans","floor":12,"key":"SMITH"},{"data":"Wraith Form v2","floor":15,"key":"SMITH"}],"circlet_count":0,"master_deck":["AscendersBane","Strike_G","Strike_G","Strike_G","Strike_G","Strike_G","Defend_G","Defend_G","Defend_G","Defend_G","Defend_G","Survivor","Neutralize","Wraith Form v2+1","Quick Slash","Masterful Stab","Cloak And Dagger","Corpse Explosion","Well Laid Plans+1","Blade Dance","Deadly Poison","Blade Dance","Bullet Time","Dash"],"relics":["Ring of the Snake","Dream Catcher","Lantern","Potion Belt","StrikeDummy"],"acts_visited":["Exordium"],"potions_floor_usage":[8,11,16],"damage_taken":[{"damage":0.0,"enemies":"2 Louse","floor":1.0,"turns":4.0},{"damage":2.0,"enemies":"Jaw Worm","floor":2.0,"turns":5.0},{"damage":0.0,"enemies":"Cultist","floor":4.0,"turns":3.0},{"damage":16,"enemies":"Lagavulin","floor":8,"turns":9},{"damage":5,"enemies":"3 Sentries","floor":11,"turns":2},{"damage":0,"enemies":"Exordium Wildlife","floor":13,"turns":2},{"damage":0,"enemies":"Looter","floor":14,"turns":2},{"damage":24,"enemies":"Hexaghost","floor":16,"turns":9}],"seed_played":"-7641184931549615017","potions_obtained":[{"floor":2.0,"key":"SneckoOil"},{"floor":8,"key":"SkillPotion"},{"floor":11,"key":"FearPotion"}],"is_trial":false,"path_per_floor":["M","M","?","M","?","$","?","E","T","R","E","R","M","M","R","B"],"character_chosen":"THE_SILENT","items_purchased":["Corpse Explosion","Well Laid Plans"],"campfire_rested":1,"item_purchase_floors":[6,6],"current_hp_per_floor":[59,57,46,46,46,46,28,12,12,30,25,25,25,25,25,1,1],"gold":174,"neow_bonus":"THREE_RARE_CARDS","is_daily":false,"chose_seed":false,"campfire_upgraded":2,"win_rate":0.0,"timestamp":1611532015,"path_taken":["M","M","?","M","?","$","?","E","T","R","E","R","?","M","R","BOSS"],"items_purchased_type":["Card","Card"],"build_version":"2020-12-18","purchased_purges":0,"victory":false,"max_hp_per_floor":[60,60,60,60,60,60,60,60,60,60,60,60,60,60,60,60,60],"relic_stats":{"Dream Catcher":1,"counters":[8,36],"obtain_stats":[{"Potion Belt":9,"Dream Catcher":7,"Lantern":8,"StrikeDummy":11,"Ring of the Snake":0},{"Potion Belt":4,"Dream Catcher":3,"Lantern":4,"StrikeDummy":5,"Ring of the Snake":0},{"Potion Belt":21,"Dream Catcher":12,"Lantern":21,"StrikeDummy":23,"Ring of the Snake":0}],"Ring of the Snake":[16]},"card_choices":[{"not_picked":["After Image","Grand Finale"],"picked":"Wraith Form v2","floor":0.0},{"not_picked":["Slice","Infinite Blades"],"picked":"Quick Slash","floor":1.0},{"not_picked":["PiercingWail","Dash"],"picked":"Masterful Stab","floor":2.0},{"not_picked":["Catalyst","Distraction"],"picked":"Cloak And Dagger","floor":4.0},{"not_picked":["Sucker Punch","Unload"],"picked":"Blade Dance","floor":8},{"not_picked":["Expertise","Cloak And Dagger"],"picked":"Deadly Poison","floor":10},{"not_picked":["Accuracy","Escape Plan"],"picked":"Blade Dance","floor":11},{"not_picked":["Choke","Deadly Poison"],"picked":"Bullet Time","floor":13},{"not_picked":["Tactician","Prepared"],"picked":"Dash","floor":14}],"player_experience":807924,"relics_obtained":[{"floor":8,"key":"Lantern"},{"floor":9,"key":"Potion Belt"},{"floor":11,"key":"StrikeDummy"}],"event_choices":[{"damage_healed":0.0,"max_hp_gain":0.0,"max_hp_loss":0.0,"gold_gain":75.0,"event_name":"World of Goop","player_choice":"Gather Gold","floor":3.0,"gold_loss":0.0,"damage_taken":11.0},{"damage_healed":0.0,"max_hp_gain":0.0,"max_hp_loss":0.0,"gold_gain":65.0,"event_name":"Golden Wing","player_choice":"Gained Gold","floor":5.0,"gold_loss":0.0,"damage_taken":0.0},{"damage_healed":0.0,"max_hp_gain":0.0,"max_hp_loss":0.0,"gold_gain":0.0,"event_name":"Scrap Ooze","player_choice":"Success","floor":7.0,"gold_loss":0.0,"damage_taken":18.0,"relics_obtained":["Dream Catcher"]}],"is_beta":true,"boss_relics":[],"items_purged_floors":[],"is_endless":false,"potions_floor_spawned":[2,8,11],"killed_by":"Hexaghost","ascension_level":20}}