{"host":"sav7uxregyirlf69","time":1611491082,"event":{"mods":["AchievementEnabler","BaseMod","Colored Map","DeckTracker","Keyboard Shortcuts","Minty Spire (QoL Compilation)","READ ME - Guardian Mod","StSLib","SuperFastMode"],"gold_per_floor":[114,2,2,15,30,30,80,105,129,147,147,166,182,182,182,256,256,266,280,290,290,301,301,332,332,332,332,345,345,362,379,379,379,379],"floor_reached":33,"language":"KOR","playtime":558,"items_purged":["Pain"],"score":522,"play_id":"cfc978ed-95f2-4b05-8581-495ad16b95df","local_time":"20210124212442","is_ascension_mode":true,"campfire_choices":[{"data":"Blade Dance","floor":6,"key":"SMITH"},{"floor":11,"key":"REST"},{"data":"Accuracy","floor":15,"key":"SMITH"},{"floor":23,"key":"REST"},{"floor":25,"key":"REST"},{"data":"1","floor":27,"key":"LIFT"},{"floor":29,"key":"REST"},{"floor":32,"key":"REST"}],"circlet_count":0,"master_deck":["AscendersBane","Strike_G","Strike_G","Strike_G","Strike_G","Defend_G","Defend_G","Defend_G","Defend_G","Defend_G","Survivor","Neutralize","Blade Dance+1","Accuracy+1","Acrobatics","Dagger Spray","Dagger Throw","Noxious Fumes","Blade Dance","Backflip","PiercingWail+1"],"relics":["Ring of the Snake","Tough Bandages","Juzu Bracelet","Odd Mushroom","Bronze Scales","WristBlade","Potion Belt","Girya"],"acts_visited":["Exordium","TheCity"],"potions_floor_usage":[8,13,20,22,24,24,33],"damage_taken":[{"damage":3,"enemies":"2 Louse","floor":1,"turns":3},{"damage":1,"enemies":"Jaw Worm","floor":4,"turns":3},{"damage":4,"enemies":"Cultist","floor":5,"turns":4},{"damage":11,"enemies":"The Mushroom Lair","floor":8,"turns":3},{"damage":4,"enemies":"Looter","floor":10,"turns":3},{"damage":11,"enemies":"Lots of Slimes","floor":12,"turns":3},{"damage":12,"enemies":"Exordium Wildlife","floor":13,"turns":3},{"damage":19,"enemies":"Hexaghost","floor":16,"turns":9},{"damage":5,"enemies":"3 Byrds","floor":18,"turns":4},{"damage":0,"enemies":"Spheric Guardian","floor":19,"turns":1},{"damage":18,"enemies":"Shelled Parasite and Fungi","floor":20,"turns":3},{"damage":12,"enemies":"Cultist and Chosen","floor":22,"turns":5},{"damage":28,"enemies":"Gremlin Leader","floor":24,"turns":4},{"damage":23,"enemies":"Centurion and Healer","floor":28,"turns":6},{"damage":30,"enemies":"Snake Plant","floor":30,"turns":3},{"damage":0,"enemies":"Chosen and Byrds","floor":31,"turns":3},{"damage":23,"enemies":"Champ","floor":33,"turns":9}],"seed_played":"678482064746462572","potions_obtained":[{"floor":5,"key":"SneckoOil"},{"floor":8,"key":"SteroidPotion"},{"floor":13,"key":"Fruit Juice"},{"floor":19,"key":"Explosive Potion"},{"floor":20,"key":"DuplicationPotion"},{"floor":22,"key":"Swift Potion"},{"floor":30,"key":"PowerPotion"}],"is_trial":false,"path_per_floor":["M","$","?","M","M","R","?","?","T","M","R","M","M","?","R","B",null,"M","M","M","?","M","R","E","R","T","R","M","R","M","M","R","B"],"character_chosen":"THE_SILENT","items_purchased":["Accuracy"],"campfire_rested":5,"item_purchase_floors":[2],"current_hp_per_floor":[56,56,45,44,40,40,40,29,29,25,44,33,21,21,21,2,50,45,45,27,27,20,41,13,34,34,34,11,32,2,2,23,0,0],"gold":379,"neow_bonus":"ONE_RARE_RELIC","is_daily":false,"chose_seed":false,"campfire_upgraded":2,"win_rate":0.0,"timestamp":1611491082,"path_taken":["M","$","?","M","M","R","?","?","T","M","R","M","M","?","R","BOSS","M","M","M","?","M","R","E","R","T","R","M","R","M","M","R","BOSS"],"items_purchased_type":["Card"],"build_version":"2020-12-22","purchased_purges":1,"victory":false,"max_hp_per_floor":[66,66,66,66,66,66,66,66,66,66,66,66,66,66,66,66,66,66,66,66,66,71,71,71,71,71,71,71,71,71,71,71,71,71],"card_choices":[{"not_picked":["Backflip","Distraction"],"picked":"Blade Dance","floor":1},{"not_picked":["Eviscerate","Flechettes"],"picked":"Acrobatics","floor":4},{"not_picked":["Poisoned Stab","PiercingWail"],"picked":"Dagger Spray","floor":5},{"not_picked":["Flying Knee","Footwork"],"picked":"Dagger Throw","floor":8},{"not_picked":["Grand Finale","PiercingWail","Deflect"],"picked":"SKIP","floor":10},{"not_picked":["Distraction","Bane","Dash"],"picked":"SKIP","floor":12},{"not_picked":["Dodge and Roll","Finisher"],"picked":"Noxious Fumes","floor":13},{"not_picked":["Predator","Caltrops"],"picked":"Blade Dance","floor":18},{"not_picked":["Deflect","Poisoned Stab"],"picked":"Backflip","floor":19},{"not_picked":["Finisher","Predator","Leg Sweep"],"picked":"SKIP","floor":20},{"not_picked":["Endless Agony","Riddle With Holes","Quick Slash"],"picked":"SKIP","floor":22},{"not_picked":["Dagger Throw","Blade Dance","Deflect"],"picked":"SKIP","floor":24},{"not_picked":["Deadly Poison+1","Poisoned Stab","Flying Knee"],"picked":"SKIP","floor":28},{"not_picked":["Cloak And Dagger","All Out Attack"],"picked":"PiercingWail+1","floor":30},{"not_picked":["Deflect","Glass Knife","All Out Attack"],"picked":"SKIP","floor":31}],"player_experience":1373689,"relics_obtained":[{"floor":8,"key":"Odd Mushroom"},{"floor":9,"key":"Bronze Scales"},{"floor":24,"key":"Potion Belt"},{"floor":26,"key":"Girya"}],"event_choices":[{"damage_healed":0,"gold_gain":0,"player_choice":"Success","damage_taken":11,"relics_obtained":["Juzu Bracelet"],"max_hp_gain":0,"max_hp_loss":0,"event_name":"Scrap Ooze","floor":3,"gold_loss":0},{"damage_healed":0,"gold_gain":50,"player_choice":"Pray","damage_taken":0,"max_hp_gain":0,"max_hp_loss":0,"event_name":"Golden Shrine","floor":7,"gold_loss":0},{"damage_healed":0,"gold_gain":0,"player_choice":"Fought Mushrooms","damage_taken":0,"max_hp_gain":0,"max_hp_loss":0,"event_name":"Mushrooms","floor":8,"gold_loss":0},{"cards_removed":["Strike_G"],"damage_healed":0,"gold_gain":0,"player_choice":"Purged","damage_taken":0,"max_hp_gain":0,"max_hp_loss":0,"event_name":"Purifier","floor":14,"gold_loss":0},{"damage_healed":0,"gold_gain":0,"player_choice":"Ignored","damage_taken":0,"max_hp_gain":0,"max_hp_loss":0,"event_name":"Ghosts","floor":21,"gold_loss":0}],"is_beta":false,"boss_relics":[{"not_picked":["Cursed Key","Tiny House"],"picked":"WristBlade"}],"items_purged_floors":[2],"is_endless":false,"potions_floor_spawned":[5,8,13,19,20,22,30],"killed_by":"Champ","ascension_level":20}}