{"host":"nwd160me4iqdtr8u","time":1611455384,"event":{"mods":["AchievementEnabler","Act Like it!","BaseMod","Colored Map","DeckTracker","Minty Spire (QoL Compilation)","Rare Cards Sparkle","StSLib","SuperFastMode","everything is the same but u backflip on backflip"],"gold_per_floor":[114,289,304,254,269,19,19,34,109,124,49,79,94,109,109,209,259,274,53,68,83,83,83,113,128,128,143,143,158,158,173,173,273,273,288,303,318,318,333,333,373,388,388,438,468,468,468,468,468,468],"floor_reached":51,"language":"KOR","playtime":3530,"items_purged":["Doubt"],"score":703,"play_id":"2379489a-8878-4487-bc43-94ffc10a65df","local_time":"20210124112944","daily_mods":["Draft","Colorless Cards","Terminal"],"is_ascension_mode":false,"campfire_choices":[{"data":"Trip","floor":7.0,"key":"SMITH"},{"data":"Dark Shackles","floor":15.0,"key":"SMITH"},{"data":"Acrobatics","floor":23.0,"key":"SMITH"},{"data":"Well Laid Plans","floor":30.0,"key":"SMITH"},{"data":"Dagger Spray","floor":32.0,"key":"SMITH"},{"data":"Expertise","floor":40,"key":"SMITH"},{"data":"Prepared","floor":46,"key":"SMITH"},{"data":"Acrobatics","floor":49,"key":"SMITH"}],"circlet_count":0,"master_deck":["Backflip","Prepared+1","Trip+1","Catalyst+1","Acrobatics+1","Dagger Spray+1","Deadly Poison","Expertise+1","Quick Slash","Poisoned Stab","Acrobatics+1","Escape Plan","Flying Knee","Dark Shackles+1","Bandage Up","Finesse+1","Panacea+1","Outmaneuver+1","Quick Slash","Crippling Poison+1","Burst+1","Blur+1","Bouncing Flask+1","Leg Sweep+1","Skewer+1","Outmaneuver+1","Setup+1","Underhanded Strike+1","Catalyst+1","Adrenaline+1","Caltrops+1","Deep Breath+1","Dagger Throw+1"],"relics":["Ring of the Snake","Toxic Egg 2","Bottled Flame","Mercury Hourglass","Tiny House","Vajra","Oddly Smooth Stone","Bag of Marbles","Darkstone Periapt","Busted Crown","Torii","Blue Candle","TungstenRod","Boot"],"acts_visited":["Exordium","TheCity","TheBeyond"],"potions_floor_usage":[39,50,50,50],"damage_taken":[{"damage":0.0,"enemies":"Small Slimes","floor":1.0,"turns":2.0},{"damage":1.0,"enemies":"2 Louse","floor":3.0,"turns":3.0},{"damage":6.0,"enemies":"Jaw Worm","floor":5.0,"turns":2.0},{"damage":0.0,"enemies":"Lots of Slimes","floor":8.0,"turns":1.0},{"damage":0.0,"enemies":"Gremlin Gang","floor":10.0,"turns":2.0},{"damage":4.0,"enemies":"Lagavulin","floor":12.0,"turns":4.0},{"damage":0.0,"enemies":"2 Fungi Beasts","floor":13.0,"turns":3.0},{"damage":0.0,"enemies":"Blue Slaver","floor":14.0,"turns":3.0},{"damage":11.0,"enemies":"The Guardian","floor":16.0,"turns":7.0},{"damage":5.0,"enemies":"3 Byrds","floor":18.0,"turns":4.0},{"damage":0.0,"enemies":"Spheric Guardian","floor":20.0,"turns":3.0},{"damage":3.0,"enemies":"Centurion and Healer","floor":21.0,"turns":4.0},{"damage":3.0,"enemies":"Book of Stabbing","floor":24.0,"turns":5.0},{"damage":0.0,"enemies":"Snake Plant","floor":25.0,"turns":3.0},{"damage":6.0,"enemies":"3 Cultists","floor":27.0,"turns":4.0},{"damage":0.0,"enemies":"Snecko","floor":29.0,"turns":4.0},{"damage":2.0,"enemies":"Shelled Parasite and Fungi","floor":31.0,"turns":3.0},{"damage":6.0,"enemies":"Collector","floor":33.0,"turns":7.0},{"damage":4.0,"enemies":"3 Shapes","floor":35.0,"turns":3.0},{"damage":0.0,"enemies":"3 Darklings","floor":36.0,"turns":3.0},{"damage":3.0,"enemies":"Writhing Mass","floor":37.0,"turns":3.0},{"damage":1,"enemies":"4 Shapes","floor":39,"turns":2},{"damage":6,"enemies":"2 Orb Walkers","floor":41,"turns":3},{"damage":0,"enemies":"Transient","floor":42,"turns":5},{"damage":0,"enemies":"Mind Bloom Boss Battle","floor":44,"turns":3},{"damage":5,"enemies":"Reptomancer","floor":45,"turns":3},{"damage":9,"enemies":"Awakened One","floor":50,"turns":11}],"seed_played":"-992185634128019100","potions_obtained":[{"floor":3.0,"key":"GamblersBrew"},{"floor":5.0,"key":"LiquidMemories"},{"floor":10.0,"key":"Explosive Potion"},{"floor":13.0,"key":"Fire Potion"},{"floor":17.0,"key":"PowerPotion"},{"floor":24.0,"key":"FearPotion"},{"floor":27.0,"key":"SteroidPotion"},{"floor":31.0,"key":"Dexterity Potion"},{"floor":37.0,"key":"Poison Potion"},{"floor":41,"key":"ColorlessPotion"},{"floor":45,"key":"SpeedPotion"}],"is_trial":false,"path_per_floor":["M","?","M","?","M","$","R","M","T","M","$","E","M","M","R","B",null,"M","$","M","M","?","R","E","M","T","M","?","M","R","M","R","B",null,"M","M","M","?","M","R","?","M","T","?","E","R","?","?","R","B",null],"character_chosen":"THE_SILENT","items_purchased":["Toxic Egg 2","Vajra","Leg Sweep+1"],"campfire_rested":0,"item_purchase_floors":[6,19,19],"current_hp_per_floor":[68,67,66,65,63,63,62,61,60,59,58,57,56,55,54,47,57,56,55,54,52,52,51,48,48,48,42,42,45,44,43,42,40,40,39,38,35,35,34,34,32,32,31,30,25,25,25,25,24,19],"gold":468,"neow_bonus":"","is_daily":true,"chose_seed":false,"campfire_upgraded":8,"win_rate":0.0,"timestamp":1611455384,"path_taken":["M","?","M","?","M","$","R","M","T","M","?","E","?","?","R","BOSS","M","$","M","M","?","R","E","M","T","M","?","M","R","M","R","BOSS","M","M","?","?","M","R","?","M","T","?","E","R","?","?","R","BOSS"],"items_purchased_type":["Relic","Relic","Card"],"build_version":"2020-12-22","purchased_purges":1,"victory":true,"max_hp_per_floor":[68,67,66,65,64,63,62,61,60,59,58,57,56,55,54,53,57,56,55,54,53,52,51,50,49,48,47,46,45,44,43,42,41,40,39,38,37,36,35,34,33,32,31,30,29,28,26,25,24,23],"card_choices":[{"not_picked":["Acrobatics","Slice"],"picked":"Backflip","floor":0.0},{"not_picked":["Quick Slash","Cloak And Dagger"],"picked":"Prepared","floor":0.0},{"not_picked":["PanicButton","Underhanded Strike"],"picked":"Enlightenment","floor":0.0},{"not_picked":["Flying Knee","Impatience"],"picked":"Trip","floor":0.0},{"not_picked":["Endless Agony","Finesse"],"picked":"Catalyst","floor":0.0},{"not_picked":["Finisher","PiercingWail"],"picked":"Acrobatics","floor":0.0},{"not_picked":["PiercingWail","Bane"],"picked":"Dagger Spray","floor":0.0},{"not_picked":["Prepared","PiercingWail"],"picked":"Deadly Poison","floor":0.0},{"not_picked":["Quick Slash","Cloak And Dagger"],"picked":"Expertise","floor":0.0},{"not_picked":["Cloak And Dagger","Mind Blast"],"picked":"Quick Slash","floor":0.0},{"not_picked":["Deadly Poison","Backflip"],"picked":"Poisoned Stab","floor":0.0},{"not_picked":["Dodge and Roll","Cloak And Dagger"],"picked":"Flying Knee","floor":0.0},{"not_picked":["Dodge and Roll","Underhanded Strike"],"picked":"Acrobatics","floor":0.0},{"not_picked":["Mind Blast","Predator"],"picked":"Escape Plan","floor":0.0},{"not_picked":["Cloak And Dagger","Caltrops"],"picked":"Flying Knee","floor":0.0},{"not_picked":["Bane","Poisoned Stab"],"picked":"Dark Shackles","floor":1.0},{"not_picked":["Sucker Punch","Outmaneuver"],"picked":"Bandage Up","floor":3.0},{"not_picked":["Panacea","PiercingWail","Underhanded Strike"],"picked":"SKIP","floor":5.0},{"not_picked":["Acrobatics+1","Deadly Poison+1"],"picked":"Finesse+1","floor":8.0},{"not_picked":["Madness+1","Purity+1"],"picked":"Panacea+1","floor":10.0},{"not_picked":["Bullet Time+1","Sucker Punch"],"picked":"Outmaneuver+1","floor":12.0},{"not_picked":["Cloak And Dagger+1","Deflect+1"],"picked":"Quick Slash","floor":13.0},{"not_picked":["Cloak And Dagger+1","Finisher"],"picked":"Crippling Poison+1","floor":14.0},{"not_picked":["Sadistic Nature","Die Die Die"],"picked":"Burst+1","floor":16.0},{"not_picked":["Slice","Prepared+1"],"picked":"Blur+1","floor":17.0},{"not_picked":["Deflect+1","Escape Plan+1"],"picked":"Bouncing Flask+1","floor":18.0},{"not_picked":["Heel Hook","Mind Blast+1"],"picked":"Skewer+1","floor":20.0},{"not_picked":["Dagger Spray+1","Sucker Punch"],"picked":"Outmaneuver+1","floor":21.0},{"not_picked":["Bullet Time+1","Expertise+1","Dash"],"picked":"SKIP","floor":24.0},{"not_picked":["Slice","Dagger Throw"],"picked":"Setup+1","floor":25.0},{"not_picked":["PiercingWail+1","Finesse+1"],"picked":"Well Laid Plans","floor":27.0},{"not_picked":["Deflect+1","Flying Knee"],"picked":"Underhanded Strike+1","floor":29.0},{"not_picked":["Prepared+1","Cloak And Dagger+1"],"picked":"Catalyst+1","floor":31.0},{"not_picked":["The Bomb+1","Sadistic Nature"],"picked":"Adrenaline+1","floor":33.0},{"not_picked":[],"picked":"Caltrops+1","floor":35.0},{"not_picked":["Flying Knee+1"],"picked":"SKIP","floor":36.0},{"not_picked":["Impatience+1"],"picked":"SKIP","floor":37.0},{"not_picked":[],"picked":"Deep Breath+1","floor":39},{"not_picked":["Flying Knee+1"],"picked":"SKIP","floor":42},{"not_picked":[],"picked":"Dagger Throw+1","floor":44},{"not_picked":["Quick Slash"],"picked":"SKIP","floor":45}],"player_experience":227357,"relics_obtained":[{"floor":9.0,"key":"Bottled Flame"},{"floor":12.0,"key":"Mercury Hourglass"},{"floor":24.0,"key":"Bag of Marbles"},{"floor":26.0,"key":"Darkstone Periapt"},{"floor":41,"key":"Torii"},{"floor":43,"key":"Blue Candle"},{"floor":44,"key":"TungstenRod"},{"floor":45,"key":"Boot"}],"event_choices":[{"damage_healed":0.0,"max_hp_gain":0.0,"max_hp_loss":0.0,"gold_gain":175.0,"event_name":"Liars Game","player_choice":"AGREE","floor":2.0,"gold_loss":0.0,"damage_taken":0.0,"cards_obtained":["Doubt"]},{"cards_removed":["Enlightenment"],"damage_healed":0.0,"max_hp_gain":0.0,"max_hp_loss":0.0,"gold_gain":0.0,"event_name":"The Cleric","player_choice":"Card Removal","floor":4.0,"gold_loss":50.0,"damage_taken":0.0},{"damage_healed":0.0,"max_hp_gain":0.0,"max_hp_loss":0.0,"gold_gain":0.0,"event_name":"The Mausoleum","player_choice":"Opened","floor":22.0,"gold_loss":0.0,"damage_taken":0.0,"relics_obtained":["Oddly Smooth Stone"]},{"cards_removed":["Flying Knee"],"damage_healed":0.0,"max_hp_gain":0.0,"max_hp_loss":0.0,"gold_gain":0.0,"event_name":"Purifier","player_choice":"Purged","floor":28.0,"gold_loss":0.0,"damage_taken":0.0},{"damage_healed":0.0,"max_hp_gain":0.0,"max_hp_loss":0.0,"gold_gain":0.0,"event_name":"SensoryStone","player_choice":"Memory 1","floor":38.0,"gold_loss":0.0,"damage_taken":0.0},{"damage_healed":0,"gold_gain":0,"player_choice":"Fight","damage_taken":0,"max_hp_gain":0,"max_hp_loss":0,"event_name":"Mysterious Sphere","floor":41,"gold_loss":0},{"damage_healed":0,"gold_gain":0,"player_choice":"Fight","damage_taken":0,"max_hp_gain":0,"max_hp_loss":0,"event_name":"MindBloom","floor":44,"gold_loss":0},{"damage_healed":0,"gold_gain":0,"player_choice":"Max HP","damage_taken":0,"max_hp_gain":0,"max_hp_loss":1,"event_name":"Winding Halls","floor":47,"gold_loss":0},{"cards_removed":["Well Laid Plans"],"damage_healed":0,"gold_gain":0,"player_choice":"Removed Power","damage_taken":0,"max_hp_gain":0,"max_hp_loss":0,"event_name":"Falling","floor":48,"gold_loss":0}],"is_beta":false,"boss_relics":[{"not_picked":["Ring of the Serpent","Philosopher\u0027s Stone"],"picked":"Tiny House"},{"not_picked":["WristBlade","Cursed Key"],"picked":"Busted Crown"}],"items_purged_floors":[11],"is_endless":false,"potions_floor_spawned":[3,5,10,13,16,24,27,29,31,37,41,45],"ascension_level":0}}