{"host":"roto7j7840a50pxh","time":1611479563,"event":{"mods":["Act Like it!","BaseMod","Better Altar","Better Note","Better Sensory Stone","Better Skull","Better Third Choice","BetterRewards","Colored Map","Colored Powertips","Downfall","Hermit","Highlight Path","Hubris","Infinite Spire","Minty Spire (QoL Compilation)","Robot Space Explorer","Shade Mod","Spicy Shops","StSLib","The Cursed","The Dragon Tamer","The Hierophant","The Necromancer","The Runesmith","The Servant 0.9.4","TheVacant"],"gold_per_floor":[109,123,198,209,222,251,275,275,275,287,287,306,331,346,346,443,443,458,80,92,92,92,119,119,154,181,161,171,171,205,217,217,321,321,338,349,363,363,382,409,409,444,444,476,476,476,476],"floor_reached":46,"language":"ENG","playtime":6914,"items_purged":[],"score":806,"play_id":"1b32b957-3480-4a1b-8c4d-2afaa18181bb","local_time":"20210124041243","is_ascension_mode":true,"campfire_choices":[{"data":"RobotSpaceExplorer:ImprovisedAttack","floor":8.0,"key":"SMITH"},{"floor":11.0,"key":"REST"},{"data":"RobotSpaceExplorer:Pulsar","floor":15.0,"key":"SMITH"},{"data":"RobotSpaceExplorer:TrailblazerForm","floor":24.0,"key":"SMITH"},{"data":"RobotSpaceExplorer:MiniLasers","floor":29.0,"key":"SMITH"},{"data":"RobotSpaceExplorer:Explosion","floor":32.0,"key":"SMITH"},{"floor":41.0,"key":"REST"},{"data":"RobotSpaceExplorer:Accelerator","floor":45,"key":"SMITH"}],"circlet_count":0,"master_deck":["RobotSpaceExplorer:Strike","RobotSpaceExplorer:Strike","RobotSpaceExplorer:Strike","RobotSpaceExplorer:Defend","RobotSpaceExplorer:Defend","RobotSpaceExplorer:Defend","RobotSpaceExplorer:Defend","RobotSpaceExplorer:Scan","RobotSpaceExplorer:MiniLasers+1","RobotSpaceExplorer:RigExplosive","RobotSpaceExplorer:SurgingStrike","RobotSpaceExplorer:Blitz","RobotSpaceExplorer:ImprovisedAttack+1","RobotSpaceExplorer:FranticSearch","RobotSpaceExplorer:ScrapMissile","RobotSpaceExplorer:GlueShot","RobotSpaceExplorer:MetalStrike","RobotSpaceExplorer:Pulsar+1","RobotSpaceExplorer:FranticSearch+1","RobotSpaceExplorer:ScrapToss","RobotSpaceExplorer:TrailblazerForm+1","RobotSpaceExplorer:ToxicBomb","RobotSpaceExplorer:FranticSearch+1","RobotSpaceExplorer:StunGrenade","RobotSpaceExplorer:Pulsar+1","RobotSpaceExplorer:SlimeMissile","Shade:SpectralStrikes+1","infinitespire:TheBestDefense","RobotSpaceExplorer:TurboDodge+1","RobotSpaceExplorer:ScrapMissile","RobotSpaceExplorer:ShovelStrike","RobotSpaceExplorer:Explosion+1","RobotSpaceExplorer:ScrapMissile","RobotSpaceExplorer:Accelerator+1","RobotSpaceExplorer:FranticSearch+1","RobotSpaceExplorer:SurgingShield+1","infinitespire:SealOfDarkness+","RobotSpaceExplorer:GlueSpray","RobotSpaceExplorer:BigMissile","RobotSpaceExplorer:Electropulse+1","hubris:DuctTapeCard"],"relics":["RobotSpaceExplorer:RoboCore","RobotSpaceExplorer:PlasmaHourglass","Odd Mushroom","hubris:BundleOfHerbs","Lantern","hubris:Backtick","RobotSpaceExplorer:ToughPlating","RobotSpaceExplorer:FoglandsKnife","DollysMirror","Shuriken","Mango","hubris:BottledRain","Blood Vial","hubris:GlazedTorus","SacredBark","Unceasing Top","Orichalcum","War Paint","hubris:DuctTape","infinitespire:Lucky Rock"],"acts_visited":["TheCity","TheBeyond"],"potions_floor_usage":[46],"damage_taken":[{"damage":0.0,"enemies":"2 Louse","floor":1.0,"turns":3.0},{"damage":0.0,"enemies":"Jaw Worm","floor":2.0,"turns":2.0},{"damage":0.0,"enemies":"Cultist","floor":4.0,"turns":3.0},{"damage":1.0,"enemies":"Blue Slaver","floor":5.0,"turns":2.0},{"damage":10.0,"enemies":"Gremlin Nob","floor":6.0,"turns":4.0},{"damage":30.0,"enemies":"The Mushroom Lair","floor":7.0,"turns":5.0},{"damage":0.0,"enemies":"Gremlin Gang","floor":10.0,"turns":5.0},{"damage":1.0,"enemies":"3 Louse","floor":12.0,"turns":3.0},{"damage":0.0,"enemies":"3 Sentries","floor":13.0,"turns":5.0},{"damage":3.0,"enemies":"Blue Slaver","floor":14.0,"turns":3.0},{"damage":24.0,"enemies":"Hexaghost","floor":16.0,"turns":10.0},{"damage":0.0,"enemies":"3 Byrds","floor":18.0,"turns":6.0},{"damage":0.0,"enemies":"Chosen","floor":20.0,"turns":4.0},{"damage":14.0,"enemies":"Book of Stabbing","floor":23.0,"turns":6.0},{"damage":23.0,"enemies":"Slavers","floor":25.0,"turns":7.0},{"damage":4.0,"enemies":"Centurion and Healer","floor":28.0,"turns":4.0},{"damage":17.0,"enemies":"Book of Stabbing","floor":30.0,"turns":6.0},{"damage":7.0,"enemies":"Snake Plant","floor":31.0,"turns":5.0},{"damage":3.0,"enemies":"Champ","floor":33.0,"turns":11.0},{"damage":1.0,"enemies":"Orb Walker","floor":35.0,"turns":4.0},{"damage":20.0,"enemies":"3 Darklings","floor":36.0,"turns":4.0},{"damage":22.0,"enemies":"Writhing Mass","floor":37.0,"turns":5.0},{"damage":14.0,"enemies":"Maw","floor":39.0,"turns":7.0},{"damage":0.0,"enemies":"Reptomancer","floor":40.0,"turns":4.0},{"damage":8.0,"enemies":"Giant Head","floor":42.0,"turns":9.0},{"damage":23.0,"enemies":"Reptomancer","floor":44.0,"turns":6.0},{"damage":62,"enemies":"2 Orb Walkers","floor":46,"turns":5}],"seed_played":"2585391594227486405","potions_obtained":[{"floor":1.0,"key":"AttackPotion"},{"floor":10.0,"key":"RobotSpaceExplorer:PlasmaFlask"},{"floor":13.0,"key":"SmokeBomb"},{"floor":18.0,"key":"Ancient Potion"},{"floor":25.0,"key":"Energy Potion"},{"floor":27.0,"key":"DistilledChaos"},{"floor":28.0,"key":"Block Potion"},{"floor":39.0,"key":"LiquidBronze"},{"floor":42.0,"key":"Guardian:BlockOnCardUsePotion"}],"is_trial":false,"path_per_floor":["M","M","?","M","M","E","?","R","T","M","R","M","E","M","R","B",null,"M","$","M","?","AVR","E","R","E","T","?","M","R","E","M","R","B",null,"M","M","M","AVR","M","E","R","E","T","E","R","?"],"character_chosen":"RobotSpaceExplorer","items_purchased":["RobotSpaceExplorer:FoglandsKnife","RobotSpaceExplorer:FranticSearch","RobotSpaceExplorer:StunGrenade","DollysMirror"],"campfire_rested":2,"item_purchase_floors":[19,19,19,19],"current_hp_per_floor":[75,75,64,64,63,53,23,23,23,23,45,44,44,41,41,17,75,75,75,75,75,75,75,75,52,52,52,50,50,35,30,30,29,89,88,69,49,49,37,39,65,80,80,59,59,0,0],"gold":476,"neow_bonus":"TRANSFORM_CARD","is_daily":false,"chose_seed":false,"campfire_upgraded":6,"win_rate":0.0,"timestamp":1611479563,"path_taken":["M","M","?","M","M","E","?","R","T","M","R","M","E","M","R","BOSS","M","$","M","?","AVR","E","R","E","T","?","M","R","E","M","R","BOSS","M","?","M","AVR","M","E","R","E","T","E","R","?"],"items_purchased_type":["Relic","Card","Card","Relic"],"build_version":"2020-12-22","purchased_purges":0,"victory":false,"max_hp_per_floor":[75,75,75,75,75,75,75,75,75,75,75,75,75,75,75,75,75,75,75,75,75,75,89,89,89,89,89,89,89,89,89,89,89,89,89,89,89,89,89,89,89,89,89,89,89,89,89],"card_choices":[{"not_picked":["RobotSpaceExplorer:Discharger","RobotSpaceExplorer:RigExplosive"],"picked":"RobotSpaceExplorer:SurgingStrike","floor":1.0},{"not_picked":["RobotSpaceExplorer:FrostMissile","RobotSpaceExplorer:SwiftStep"],"picked":"RobotSpaceExplorer:Blitz","floor":2.0},{"not_picked":["RobotSpaceExplorer:Counterblock","RobotSpaceExplorer:SlimeMissile"],"picked":"RobotSpaceExplorer:ImprovisedAttack","floor":4.0},{"not_picked":["RobotSpaceExplorer:Counterblock","RobotSpaceExplorer:SurgingShield"],"picked":"RobotSpaceExplorer:FranticSearch","floor":5.0},{"not_picked":["RobotSpaceExplorer:ShockKick","RobotSpaceExplorer:FrostMissile"],"picked":"RobotSpaceExplorer:ScrapMissile","floor":6.0},{"not_picked":["RobotSpaceExplorer:SurgingStrike","RobotSpaceExplorer:SurgingShield"],"picked":"RobotSpaceExplorer:GlueShot","floor":7.0},{"not_picked":["RobotSpaceExplorer:FranticSearch","RobotSpaceExplorer:TrailblazerForm"],"picked":"RobotSpaceExplorer:MetalStrike","floor":10.0},{"not_picked":["RobotSpaceExplorer:FranticSearch","RobotSpaceExplorer:DualCore"],"picked":"RobotSpaceExplorer:Pulsar","floor":12.0},{"not_picked":["RobotSpaceExplorer:Electroshield","RobotSpaceExplorer:Smokescreen"],"picked":"RobotSpaceExplorer:FranticSearch","floor":13.0},{"not_picked":["RobotSpaceExplorer:FrostMissile","RobotSpaceExplorer:DualCore"],"picked":"RobotSpaceExplorer:ScrapToss","floor":14.0},{"not_picked":["RobotSpaceExplorer:Accelerator","RobotSpaceExplorer:Arsenal"],"picked":"RobotSpaceExplorer:TrailblazerForm","floor":16.0},{"not_picked":["RobotSpaceExplorer:Fix","RobotSpaceExplorer:MetalStrike"],"picked":"RobotSpaceExplorer:ToxicBomb","floor":18.0},{"not_picked":["RobotSpaceExplorer:MakeshiftVolley","RobotSpaceExplorer:SwiftStep"],"picked":"RobotSpaceExplorer:SlimeMissile","floor":20.0},{"not_picked":["RobotSpaceExplorer:BlastShield","RobotSpaceExplorer:DualCore"],"picked":"RobotSpaceExplorer:TurboDodge+1","floor":23.0},{"not_picked":["RobotSpaceExplorer:StunGrenade+1","RobotSpaceExplorer:MetalStrike"],"picked":"RobotSpaceExplorer:ScrapMissile","floor":25.0},{"not_picked":["RobotSpaceExplorer:Calculate","RobotSpaceExplorer:ShockKick+1"],"picked":"RobotSpaceExplorer:ShovelStrike","floor":28.0},{"not_picked":["RobotSpaceExplorer:Smokescreen","RobotSpaceExplorer:SlimeMissile"],"picked":"RobotSpaceExplorer:Explosion","floor":30.0},{"not_picked":["RobotSpaceExplorer:Pulsar","RobotSpaceExplorer:MiniDrones"],"picked":"RobotSpaceExplorer:ScrapMissile","floor":31.0},{"not_picked":["RobotSpaceExplorer:Scanner","RobotSpaceExplorer:HighVoltage"],"picked":"RobotSpaceExplorer:Accelerator","floor":33.0},{"not_picked":["RobotSpaceExplorer:Counterblock+1","RobotSpaceExplorer:Pulsar"],"picked":"RobotSpaceExplorer:MiniDrones+1","floor":35.0},{"not_picked":["RobotSpaceExplorer:IronShell","RobotSpaceExplorer:ToxicBomb"],"picked":"RobotSpaceExplorer:FranticSearch+1","floor":36.0},{"not_picked":["RobotSpaceExplorer:SurgingStrike+1","RobotSpaceExplorer:SlimeMissile+1"],"picked":"RobotSpaceExplorer:SurgingShield+1","floor":37.0},{"not_picked":["RobotSpaceExplorer:HighVoltage","RobotSpaceExplorer:ShockKick+1"],"picked":"RobotSpaceExplorer:MiniDrones","floor":39.0},{"not_picked":["RobotSpaceExplorer:PowerGlove","RobotSpaceExplorer:PowerCollector"],"picked":"RobotSpaceExplorer:GlueSpray","floor":40.0},{"not_picked":["RobotSpaceExplorer:ShockKick+1","RobotSpaceExplorer:Calculate+1"],"picked":"RobotSpaceExplorer:BigMissile","floor":42.0},{"not_picked":["RobotSpaceExplorer:GlueShot","RobotSpaceExplorer:ShockKick+1"],"picked":"RobotSpaceExplorer:Electropulse+1","floor":44.0}],"player_experience":1619312,"relics_obtained":[{"floor":6.0,"key":"RobotSpaceExplorer:PlasmaHourglass"},{"floor":7.0,"key":"Odd Mushroom"},{"floor":9.0,"key":"hubris:BundleOfHerbs"},{"floor":13.0,"key":"Lantern"},{"floor":23.0,"key":"Mango"},{"floor":25.0,"key":"hubris:BottledRain"},{"floor":26.0,"key":"Blood Vial"},{"floor":30.0,"key":"hubris:GlazedTorus"},{"floor":40.0,"key":"Orichalcum"},{"floor":42.0,"key":"War Paint"},{"floor":43.0,"key":"hubris:DuctTape"},{"floor":44.0,"key":"infinitespire:Lucky Rock"}],"event_choices":[{"damage_healed":0.0,"max_hp_gain":0.0,"max_hp_loss":0.0,"gold_gain":75.0,"event_name":"betterThird:BetterGoop","player_choice":"Gold","floor":3.0,"gold_loss":0.0,"damage_taken":11.0},{"damage_healed":0.0,"max_hp_gain":0.0,"max_hp_loss":0.0,"gold_gain":0.0,"event_name":"Mushrooms","player_choice":"Fought Mushrooms","floor":7.0,"gold_loss":0.0,"damage_taken":0.0},{"cards_removed":["RobotSpaceExplorer:TrailblazerForm"],"damage_healed":0.0,"max_hp_gain":0.0,"max_hp_loss":0.0,"gold_gain":0.0,"event_name":"betterNote:BetterNote","player_choice":"Take \u0026 Give","floor":21.0,"gold_loss":0.0,"damage_taken":0.0,"cards_obtained":["Shade:SpectralStrikes"]},{"damage_healed":0.0,"max_hp_gain":0.0,"max_hp_loss":0.0,"gold_gain":0.0,"event_name":"The Woman in Blue","player_choice":"Bought 1 Potion","floor":27.0,"gold_loss":0.0,"damage_taken":0.0},{"damage_healed":0,"gold_gain":0,"player_choice":"Fight","damage_taken":0,"max_hp_gain":0,"max_hp_loss":0,"event_name":"Mysterious Sphere","floor":46,"gold_loss":0}],"is_beta":false,"boss_relics":[{"not_picked":["hubris:Stopwatch","Runic Dome"],"picked":"hubris:Backtick"},{"not_picked":["Runesmith:UraniumAnvil","Philosopher\u0027s Stone"],"picked":"SacredBark"}],"items_purged_floors":[],"is_endless":false,"potions_floor_spawned":[1,7,10,13,14,18,25,28,39,42],"killed_by":"2 Orb Walkers","ascension_level":4}}