{"host":"CK","time":1611453665,"event":{"mods":["2.2 Compatiblity","BaseMod","Bestiary","Block Reminder","Colored Powertips","DeckTracker","Displayed Cursed Tome","Minty Spire (QoL Compilation)","Permanent Neow","Slay-I","Unknown Chances"],"gold_per_floor":[117,137,156,171,246,271,167,167,190,190,190,190,204,232,232,306,306,318,331,342,342,81,81,113,113,113,133,8,8,19,39,39,112,112,122,133,152,166,182,182,216,216,216,251,251,262,297,312,312,312],"floor_reached":51,"language":"ENG","playtime":6632,"items_purged":["Strike_B","Strike_B","Defend_B"],"score":1702,"play_id":"30755148-085a-4e65-b224-95395c72e114","local_time":"20210123180105","is_ascension_mode":true,"campfire_choices":[{"data":"Buffer","floor":8,"key":"SMITH"},{"data":"Dualcast","floor":12,"key":"SMITH"},{"data":"White Noise","floor":15,"key":"SMITH"},{"data":"Sunder","floor":23,"key":"SMITH"},{"data":"Self Repair","floor":29,"key":"SMITH"},{"floor":32,"key":"DIG"},{"floor":40,"key":"DIG"},{"floor":45,"key":"DIG"},{"floor":49,"key":"DIG"}],"circlet_count":0,"master_deck":["AscendersBane","Defend_B","Zap","Dualcast+1","Buffer+1","Cold Snap","Chill","White Noise+1","FTL","Ball Lightning","Conserve Battery","Conserve Battery","Electrodynamics","Seek+1","Cold Snap+1","Rip and Tear+1","Sunder+1","Conserve Battery","Self Repair+1","Amplify+1","Undo","Machine Learning"],"relics":["Cracked Core","Oddly Smooth Stone","PreservedInsect","Toy Ornithopter","Astrolabe","Lantern","Shovel","Bag of Preparation","Singing Bowl","SlaversCollar","Cables","Pantograph","Bottled Lightning","White Beast Statue","Frozen Egg 2","Orichalcum","Nunchaku"],"acts_visited":["Exordium","TheCity","TheBeyond"],"potions_floor_usage":[6,14,19,24,33,33,33,37,37,39,41,47,48,50,50,50,50],"damage_taken":[{"damage":0,"enemies":"Small Slimes","floor":1,"turns":3},{"damage":0,"enemies":"Jaw Worm","floor":2,"turns":4},{"damage":0,"enemies":"2 Louse","floor":3,"turns":3},{"damage":7,"enemies":"Red Slaver","floor":4,"turns":4},{"damage":0,"enemies":"Lagavulin","floor":6,"turns":6},{"damage":0,"enemies":"Looter","floor":13,"turns":3},{"damage":0,"enemies":"Gremlin Nob","floor":14,"turns":4},{"damage":24,"enemies":"Slime Boss","floor":16,"turns":12},{"damage":5,"enemies":"2 Thieves","floor":18,"turns":3},{"damage":0,"enemies":"Shell Parasite","floor":19,"turns":3},{"damage":0,"enemies":"Snecko","floor":20,"turns":4},{"damage":14,"enemies":"Book of Stabbing","floor":24,"turns":5},{"damage":0,"enemies":"Sentry and Sphere","floor":27,"turns":5},{"damage":0,"enemies":"3 Cultists","floor":30,"turns":2},{"damage":0,"enemies":"Cultist and Chosen","floor":31,"turns":3},{"damage":0,"enemies":"Automaton","floor":33,"turns":8},{"damage":0,"enemies":"3 Darklings","floor":35,"turns":1},{"damage":0,"enemies":"3 Shapes","floor":36,"turns":4},{"damage":14,"enemies":"Writhing Mass","floor":37,"turns":9},{"damage":0,"enemies":"Transient","floor":38,"turns":6},{"damage":0,"enemies":"Maw","floor":39,"turns":8},{"damage":0,"enemies":"Nemesis","floor":41,"turns":3},{"damage":0,"enemies":"Reptomancer","floor":44,"turns":4},{"damage":0,"enemies":"4 Shapes","floor":46,"turns":1},{"damage":0,"enemies":"Nemesis","floor":47,"turns":7},{"damage":0,"enemies":"Spire Growth","floor":48,"turns":5},{"damage":36,"enemies":"Donu and Deca","floor":50,"turns":10}],"seed_played":"741196921842333369","potions_obtained":[{"floor":2,"key":"FearPotion"},{"floor":3,"key":"PowerPotion"},{"floor":13,"key":"FearPotion"},{"floor":16,"key":"Block Potion"},{"floor":30,"key":"EntropicBrew"},{"floor":31,"key":"BlessingOfTheForge"},{"floor":33,"key":"Fire Potion"},{"floor":36,"key":"SneckoOil"},{"floor":37,"key":"Fire Potion"},{"floor":38,"key":"Ancient Potion"},{"floor":39,"key":"EntropicBrew"},{"floor":46,"key":"Energy Potion"},{"floor":47,"key":"LiquidBronze"},{"floor":48,"key":"BlessingOfTheForge"}],"is_trial":false,"path_per_floor":["M","M","M","M","?","E","$","R","T","?","?","R","M","E","R","B",null,"M","M","M","?","$","R","E","?","T","M","$","R","M","M","R","B",null,"M","M","M","M","M","R","E","?","T","E","R","M","E","M","R","B",null],"character_chosen":"DEFECT","items_purchased":["Ball Lightning","Lantern"],"campfire_rested":0,"item_purchase_floors":[7,22],"current_hp_per_floor":[64,64,64,57,46,46,46,46,46,46,46,46,46,46,46,22,54,49,54,54,37,37,37,28,28,28,28,28,28,38,48,48,69,69,69,71,69,73,75,75,77,77,77,79,79,81,83,85,85,67],"gold":312,"neow_bonus":"THREE_RARE_CARDS","is_daily":false,"chose_seed":false,"campfire_upgraded":5,"win_rate":0.0,"timestamp":1611453665,"path_taken":["M","M","M","M","?","E","$","R","T","?","?","R","?","E","R","BOSS","M","M","M","?","$","R","E","?","T","M","$","R","M","M","R","BOSS","M","M","M","M","M","R","E","?","T","E","R","M","E","M","R","BOSS"],"items_purchased_type":["Card","Relic"],"build_version":"2020-12-18","purchased_purges":3,"victory":true,"max_hp_per_floor":[64,64,64,64,64,64,64,64,64,64,64,64,64,64,64,64,64,64,64,64,69,69,69,69,69,69,69,69,69,69,69,69,69,69,69,71,73,73,75,75,77,77,77,79,79,81,83,85,85,85],"card_choices":[{"not_picked":["Creative AI","Meteor Strike"],"picked":"Buffer","floor":0},{"not_picked":["Beam Cell","Redo"],"picked":"Cold Snap","floor":1},{"not_picked":["Rebound","Beam Cell"],"picked":"Chill","floor":2},{"not_picked":["Skim","Coolheaded","Hologram"],"picked":"SKIP","floor":3},{"not_picked":["Double Energy","Turbo"],"picked":"White Noise","floor":4},{"not_picked":["Gash","Streamline"],"picked":"FTL","floor":6},{"not_picked":["Stack","Ball Lightning"],"picked":"Conserve Battery","floor":13},{"not_picked":["FTL","Meteor Strike"],"picked":"Conserve Battery","floor":14},{"not_picked":["Hyperbeam","Rainbow"],"picked":"Electrodynamics","floor":16},{"not_picked":["Cold Snap","Consume","Hello World"],"picked":"SKIP","floor":18},{"not_picked":["Capacitor","Darkness"],"picked":"Sunder","floor":19},{"not_picked":["Force Field","Leap"],"picked":"Conserve Battery","floor":20},{"not_picked":["Rebound","Compile Driver+1","Echo Form"],"picked":"SKIP","floor":24},{"not_picked":["Streamline","Sweeping Beam"],"picked":"Self Repair","floor":27},{"not_picked":["FTL+1","White Noise","Skim"],"picked":"SKIP","floor":30},{"not_picked":["Genetic Algorithm","Consume+1","Beam Cell"],"picked":"SKIP","floor":31},{"not_picked":["Multi-Cast","All For One"],"picked":"Amplify","floor":33},{"not_picked":["Steam+1","Compile Driver"],"picked":"Undo","floor":35},{"not_picked":["Leap","Darkness","Barrage"],"picked":"Singing Bowl","floor":36},{"not_picked":["Streamline","Sunder","Barrage+1"],"picked":"Singing Bowl","floor":37},{"not_picked":["Redo","Skim"],"picked":"Machine Learning","floor":38},{"not_picked":["Sweeping Beam+1","Heatsinks","Coolheaded"],"picked":"Singing Bowl","floor":39},{"not_picked":["Double Energy","Hologram","Stack+1"],"picked":"Singing Bowl","floor":41},{"not_picked":["Compile Driver+1","Consume","Recycle"],"picked":"Singing Bowl","floor":44},{"not_picked":["Conserve Battery","Rebound+1","Steam+1"],"picked":"Singing Bowl","floor":46},{"not_picked":["Steam","Steam Power","Gash"],"picked":"Singing Bowl","floor":47},{"not_picked":["Core Surge","Ball Lightning","Skim"],"picked":"Singing Bowl","floor":48}],"player_experience":1170527,"relics_obtained":[{"floor":6,"key":"Oddly Smooth Stone"},{"floor":9,"key":"PreservedInsect"},{"floor":14,"key":"Toy Ornithopter"},{"floor":24,"key":"Shovel"},{"floor":26,"key":"Bag of Preparation"},{"floor":32,"key":"Singing Bowl"},{"floor":40,"key":"Cables"},{"floor":41,"key":"Pantograph"},{"floor":43,"key":"Bottled Lightning"},{"floor":44,"key":"White Beast Statue"},{"floor":45,"key":"Frozen Egg 2"},{"floor":47,"key":"Orichalcum"},{"floor":49,"key":"Nunchaku"}],"event_choices":[{"damage_healed":0,"gold_gain":75,"player_choice":"Gather Gold","damage_taken":11,"max_hp_gain":0,"max_hp_loss":0,"event_name":"World of Goop","floor":5,"gold_loss":0},{"damage_healed":0,"gold_gain":0,"player_choice":"Ignored","damage_taken":0,"max_hp_gain":0,"max_hp_loss":0,"event_name":"Liars Game","floor":10,"gold_loss":0},{"cards_removed":["Strike_B"],"damage_healed":0,"gold_gain":0,"player_choice":"Forget","damage_taken":0,"max_hp_gain":0,"max_hp_loss":0,"event_name":"Living Wall","floor":11,"gold_loss":0},{"damage_healed":0,"gold_gain":0,"player_choice":"Shed Blood","damage_taken":22,"max_hp_gain":5,"max_hp_loss":0,"event_name":"Forgotten Altar","floor":21,"gold_loss":0},{"damage_healed":0,"gold_gain":0,"player_choice":"Ignored","damage_taken":0,"max_hp_gain":0,"max_hp_loss":0,"event_name":"Vampires","floor":25,"gold_loss":0},{"damage_healed":0,"gold_gain":0,"player_choice":"Upgraded","damage_taken":0,"max_hp_gain":0,"max_hp_loss":0,"event_name":"Upgrade Shrine","floor":42,"gold_loss":0,"cards_upgraded":["Amplify"]}],"is_beta":true,"boss_relics":[{"not_picked":["Runic Pyramid","Tiny House"],"picked":"Astrolabe"},{"not_picked":["Velvet Choker","Snecko Eye"],"picked":"SlaversCollar"}],"items_purged_floors":[7,22,28],"is_endless":false,"potions_floor_spawned":[2,3,13,16,30,31,33,36,37,38,39,46,47,48],"ascension_level":18}}