{"host":"o6rpelx2jpc8yies","time":1611510914,"event":{"mods":["BaseMod","Downfall","Minty Spire (QoL Compilation)","StSLib"],"gold_per_floor":[99,115,135,135,145,31,31,31,46,127,27,62,62,80,98,197,197,197,215,315,56,56,67,67,101,101,101,118,118,130,157,170,270,270,170,188,201,219,129,460,460,479,215,115,115,130,180,215,226,226,226,257,27,27,27,27],"floor_reached":57,"language":"ENG","playtime":5664,"items_purged":["Guardian:Defend_Guardian","Guardian:Strike_Guardian"],"score":1622,"play_id":"61ce7cd8-11d8-4a19-a1e8-712d0067bb2f","local_time":"20210124105514","is_ascension_mode":true,"campfire_choices":[{"floor":1.0,"key":"RECALL"},{"data":"Guardian:StasisEngine","floor":11.0,"key":"SMITH"},{"data":"Guardian:CompilePackage","floor":13.0,"key":"SMITH"},{"data":"Guardian:DonusPower","floor":18.0,"key":"SMITH"},{"data":"Guardian:PrismaticBarrier","floor":26.0,"key":"SMITH"},{"floor":29.0,"key":"REST"},{"data":"Guardian:DecasProtection","floor":35.0,"key":"SMITH"},{"data":"Guardian:PiercingHide","floor":44.0,"key":"SMITH"},{"data":"Guardian:PolyBeam","floor":54.0,"key":"SMITH"}],"circlet_count":0,"master_deck":["Guardian:Strike_Guardian","Guardian:Strike_Guardian","Guardian:Defend_Guardian","Guardian:Defend_Guardian","Guardian:CurlUp","Guardian:TwinSlam","Guardian:Clone+1","Guardian:Recover+1","Guardian:Recover","Guardian:StasisEngine+1","Guardian:CompilePackage+1","Guardian:PrismaticBarrier+1","Guardian:DonusPower+1","Guardian:StasisField","Guardian:PolyBeam+1","Guardian:PiercingHide","Guardian:Reroute+1","Guardian:PiercingHide+1","Guardian:VentSteam+1","Guardian:TemporalStrike+1","Guardian:DecasProtection+1","Guardian:GemFinder","Guardian:Suspension+1","Guardian:RevengeProtocol","Guardian:ShieldCharger","Guardian:TemporalShield+1","Guardian:Gem_Red","Guardian:BodySlam+1"],"relics":["Guardian:ModeShifter","Omamori","Lantern","White Beast Statue","downfall:HeartBlessingRed","Bird Faced Urn","bronze:MakeshiftBattery","StoneCalendar","Letter Opener","Shuriken","Meat on the Bone","Bronze Scales","PreservedInsect","Molten Egg 2","expansioncontent:StudyCardRelic","downfall:HeartBlessingGreen","Old Coin","downfall:HeartBlessingBlue","FossilizedHelix","War Paint","Gremlin Horn","Lee\u0027s Waffle"],"acts_visited":["Exordium","TheCity","TheBeyond","TheEnding"],"potions_floor_usage":[55,55,55],"damage_taken":[{"damage":7.0,"enemies":"2 Louse","floor":2.0,"turns":4.0},{"damage":2.0,"enemies":"Jaw Worm","floor":3.0,"turns":6.0},{"damage":0.0,"enemies":"Small Slimes","floor":5.0,"turns":5.0},{"damage":0.0,"enemies":"downfall:FleeingMerchant","floor":6.0,"turns":4.0},{"damage":0.0,"enemies":"Exordium Wildlife","floor":9.0,"turns":5.0},{"damage":42.0,"enemies":"Gremlin Nob","floor":12.0,"turns":7.0},{"damage":11.0,"enemies":"2 Fungi Beasts","floor":14.0,"turns":4.0},{"damage":6.0,"enemies":"Lots of Slimes","floor":15.0,"turns":3.0},{"damage":2.0,"enemies":"DF_ARCHETYPE_STREAMLINE","floor":16.0,"turns":8.0},{"damage":18.0,"enemies":"Shell Parasite","floor":19.0,"turns":8.0},{"damage":40.0,"enemies":"WA_ARCHETYPE_RETAIN","floor":20.0,"turns":13.0},{"damage":0.0,"enemies":"downfall:FleeingMerchant","floor":21.0,"turns":4.0},{"damage":8.0,"enemies":"3 Byrds","floor":23.0,"turns":3.0},{"damage":16.0,"enemies":"Slavers","floor":25.0,"turns":5.0},{"damage":1.0,"enemies":"3 Cultists","floor":28.0,"turns":4.0},{"damage":4.0,"enemies":"Snake Plant","floor":30.0,"turns":4.0},{"damage":18.0,"enemies":"Book of Stabbing","floor":31.0,"turns":3.0},{"damage":0.0,"enemies":"Sentry and Sphere","floor":32.0,"turns":4.0},{"damage":24.0,"enemies":"SI_MIRROR_ARCHETYPE","floor":33.0,"turns":10.0},{"damage":12.0,"enemies":"3 Shapes","floor":36.0,"turns":4.0},{"damage":17.0,"enemies":"3 Darklings","floor":37.0,"turns":4.0},{"damage":24.0,"enemies":"Jaw Worm Horde","floor":38.0,"turns":4.0},{"damage":8.0,"enemies":"downfall:FleeingMerchant","floor":39.0,"turns":4.0},{"damage":13.0,"enemies":"Giant Head","floor":40.0,"turns":5.0},{"damage":5.0,"enemies":"Maw","floor":42.0,"turns":6.0},{"damage":12.0,"enemies":"downfall:FleeingMerchant","floor":43.0,"turns":4.0},{"damage":14.0,"enemies":"Transient","floor":46.0,"turns":5.0},{"damage":7.0,"enemies":"Transient","floor":47.0,"turns":5.0},{"damage":14.0,"enemies":"Nemesis","floor":48.0,"turns":3.0},{"damage":4.0,"enemies":"Sphere and 2 Shapes","floor":49.0,"turns":3.0},{"damage":0.0,"enemies":"IC_BLOCK_ARCHETYPE","floor":50.0,"turns":11.0},{"damage":19.0,"enemies":"downfall:CharBossMerchant","floor":52.0,"turns":8.0},{"damage":21,"enemies":"downfall:NeowBoss","floor":55,"turns":14},{"damage":67,"enemies":"downfall:NeowBossFinal","floor":56,"turns":12}],"seed_played":"7932300550198288317","potions_obtained":[{"floor":2.0,"key":"Ancient Potion"},{"floor":3.0,"key":"CultistPotion"},{"floor":5.0,"key":"Guardian:BlockOnCardUsePotion"},{"floor":12.0,"key":"DuplicationPotion"},{"floor":14.0,"key":"Weak Potion"},{"floor":15.0,"key":"Explosive Potion"},{"floor":16.0,"key":"Weak Potion"},{"floor":19.0,"key":"DuplicationPotion"},{"floor":20.0,"key":"SneckoOil"},{"floor":21.0,"key":"SkillPotion"},{"floor":23.0,"key":"Weak Potion"},{"floor":25.0,"key":"FearPotion"},{"floor":31.0,"key":"champ:CounterPotion"},{"floor":36.0,"key":"FearPotion"},{"floor":38.0,"key":"Block Potion"},{"floor":39.0,"key":"BlessingOfTheForge"},{"floor":40.0,"key":"LiquidMemories"},{"floor":43.0,"key":"DuplicationPotion"},{"floor":46.0,"key":"LiquidMemories"},{"floor":52.0,"key":"DistilledChaos"}],"is_trial":false,"path_per_floor":["R","M","M","?","M","$","T","?","M","T","R","E","R","M","M","B",null,"R","M","?","$","?","M","T","E","R","?","M","R","M","E","M","B",null,"R","M","M","M","$","E","T","M","$","R","?","M","?","E","M","B",null,"E","$","R","B","B",null],"character_chosen":"GUARDIAN","items_purchased":["Guardian:Gem_Cyan","Guardian:Gem_Lightblue","Shuriken","Guardian:Gem_Orange","Guardian:BodySlam+1","Lee\u0027s Waffle"],"campfire_rested":1,"item_purchase_floors":[6,6,21,43,53,53],"current_hp_per_floor":[72,65,63,63,63,63,63,63,63,63,63,21,21,12,6,6,62,62,48,14,18,18,16,16,18,18,18,33,57,55,51,57,51,73,73,75,70,62,68,65,65,74,74,84,76,74,73,71,77,90,90,71,97,97,76,41],"gold":27,"neow_bonus":"THREE_CARDS","is_daily":false,"chose_seed":false,"campfire_upgraded":7,"win_rate":0.0,"timestamp":1611510914,"path_taken":["R","M","M","?","M","$","T","?","?","?","R","E","R","M","M","BOSS","R","M","?","$","?","M","T","E","R","?","?","R","M","E","M","BOSS","R","M","M","M","$","E","T","M","$","R","?","?","?","E","M","BOSS","E","$","R","BOSS","BOSS"],"items_purchased_type":["Card","Card","Relic","Card","Card","Relic"],"build_version":"2020-12-22","purchased_purges":2,"victory":true,"max_hp_per_floor":[80,80,80,80,80,80,80,80,80,80,80,80,80,80,80,80,80,80,80,80,80,80,80,80,80,80,80,80,80,80,80,80,80,80,80,80,80,80,80,80,80,80,80,90,90,90,90,90,90,90,90,90,97,97,97,97],"card_choices":[{"not_picked":["Guardian:PiercingHide","Guardian:ChargeCore"],"picked":"Guardian:Clone","floor":0.0},{"not_picked":["Guardian:RefractedBeam","Guardian:Incinerate"],"picked":"Guardian:Recover","floor":2.0},{"not_picked":["Guardian:Reroute","Guardian:RollAttack"],"picked":"Guardian:Recover","floor":3.0},{"not_picked":["Guardian:Emergency","Guardian:ChargeCore"],"picked":"Guardian:StasisEngine","floor":5.0},{"not_picked":["Guardian:Reroute","Guardian:ShieldSpikes"],"picked":"Guardian:Gem_Crimson","floor":6.0},{"not_picked":["Guardian:Gem_Lightblue","Guardian:WalkerClaw"],"picked":"Guardian:Gem_Red","floor":9.0},{"not_picked":["Guardian:RefractedBeam","Guardian:TemporalShield"],"picked":"Guardian:CompilePackage","floor":12.0},{"not_picked":["Guardian:Gem_Red","Guardian:Planning"],"picked":"Guardian:PrismaticBarrier","floor":14.0},{"not_picked":["Guardian:Reroute","Guardian:GuardianWhirl"],"picked":"Guardian:DonusPower","floor":15.0},{"not_picked":["Guardian:TimeSifter","Guardian:GatlingBeam"],"picked":"Guardian:StasisField","floor":16.0},{"not_picked":["Guardian:VentSteam","Guardian:WalkerClaw"],"picked":"Guardian:PolyBeam","floor":19.0},{"not_picked":["Guardian:Recover","Guardian:CrystalBeam"],"picked":"Guardian:PiercingHide","floor":20.0},{"not_picked":["Guardian:BronzeOrb","Guardian:RollAttack"],"picked":"Guardian:Gem_Green","floor":21.0},{"not_picked":["Guardian:RollAttack","Guardian:GuardianWhirl"],"picked":"Guardian:Reroute+1","floor":23.0},{"not_picked":["Guardian:TemporalShield","Guardian:StasisStrike","Guardian:VentSteam"],"picked":"SKIP","floor":25.0},{"not_picked":["Guardian:Recover+1","Guardian:TimeBomb+1"],"picked":"Guardian:PiercingHide","floor":28.0},{"not_picked":["Guardian:TemporalStrike","Guardian:Gem_Lightblue"],"picked":"Guardian:VentSteam","floor":30.0},{"not_picked":["Guardian:CrystalBeam+1","Guardian:Reroute+1"],"picked":"Guardian:TemporalStrike+1","floor":31.0},{"not_picked":["Guardian:Gem_Cyan","Guardian:EvasiveProtocol"],"picked":"Guardian:DecasProtection","floor":32.0},{"not_picked":["Guardian:GatlingBeam+1","Guardian:Gem_Synthetic"],"picked":"Guardian:GemFinder","floor":33.0},{"not_picked":["Guardian:Gem_Green","Guardian:Gem_Red"],"picked":"Guardian:Gem_Cyan","floor":36.0},{"not_picked":["Guardian:TemporalStrike+1","Guardian:VentSteam"],"picked":"Guardian:Suspension+1","floor":36.0},{"not_picked":["Guardian:PrimingBeam+1","Guardian:Recover+1"],"picked":"Guardian:RevengeProtocol","floor":37.0},{"not_picked":["Guardian:Gem_Lightblue","Guardian:Gem_Cyan"],"picked":"Guardian:Gem_Red","floor":38.0},{"not_picked":["Guardian:Suspension","Guardian:Gem_Green"],"picked":"Guardian:ShieldCharger","floor":38.0},{"not_picked":["Guardian:PrimingBeam+1","Guardian:Reroute+1"],"picked":"Guardian:Gem_Purple","floor":39.0},{"not_picked":["Guardian:RevengeProtocol","Guardian:HyperBeam_Guardian+1","Guardian:VentSteam+1"],"picked":"SKIP","floor":40.0},{"not_picked":["Guardian:Gem_Cyan","Guardian:Gem_Green"],"picked":"Guardian:Gem_Red","floor":42.0},{"not_picked":["Guardian:WalkerClaw+1","Guardian:TemporalStrike+1"],"picked":"Guardian:TemporalShield+1","floor":42.0},{"not_picked":["Guardian:TemporalStrike+1","Guardian:DecasProtection","Guardian:WalkerClaw+1"],"picked":"SKIP","floor":43.0},{"not_picked":["Guardian:Gem_Green","Guardian:Gem_Lightblue"],"picked":"Guardian:Gem_Red","floor":46.0},{"not_picked":["Guardian:PrismaticBeam+1","Guardian:Recover","Guardian:ShieldCharger+1"],"picked":"SKIP","floor":46.0},{"not_picked":["Guardian:Gem_Lightblue","Guardian:Gem_Red"],"picked":"Guardian:Gem_Cyan","floor":48.0},{"not_picked":["Guardian:Incinerate+1","Guardian:ShieldSpikes","Guardian:RollAttack+1"],"picked":"SKIP","floor":48.0},{"not_picked":["Guardian:ChargeCore+1","Guardian:TemporalStrike+1","Guardian:Suspension"],"picked":"SKIP","floor":49.0},{"not_picked":["Guardian:Suspension+1","Guardian:HyperBeam_Guardian+1"],"picked":"Guardian:Gem_Cyan","floor":52.0}],"player_experience":1850822,"relics_obtained":[{"floor":7.0,"key":"Lantern"},{"floor":10.0,"key":"White Beast Statue"},{"floor":12.0,"key":"Bird Faced Urn"},{"floor":20.0,"key":"StoneCalendar"},{"floor":20.0,"key":"Letter Opener"},{"floor":24.0,"key":"Meat on the Bone"},{"floor":25.0,"key":"Bronze Scales"},{"floor":31.0,"key":"Molten Egg 2"},{"floor":40.0,"key":"Old Coin"},{"floor":47.0,"key":"FossilizedHelix"},{"floor":48.0,"key":"War Paint"},{"floor":52.0,"key":"Gremlin Horn"}],"event_choices":[],"is_beta":false,"boss_relics":[{"not_picked":["Coffee Dripper","Black Star"],"picked":"bronze:MakeshiftBattery"},{"not_picked":["Runic Dome","Philosopher\u0027s Stone"],"picked":"expansioncontent:StudyCardRelic"}],"items_purged_floors":[39,43],"is_endless":false,"potions_floor_spawned":[2,3,5,12,14,15,16,19,20,21,23,25,28,30,31,32,33,36,37,38,39,40,42,43,46,47,48,49,52],"ascension_level":7}}