{"host":"8fnghcq8tvbg6z9e","time":1611486849,"event":{"mods":["BaseMod","Conspire","Downfall","Minty Spire (QoL Compilation)","Quick Restart","Replay The Spire","Spicy Shops","StSLib"],"gold_per_floor":[99,119,69,101,30,30,30,59,59,98,98,110,137,137,175,272,272,172,186,214,241,241,241,241,293,320,336,213,13,29,44,80,203,203,203,216,232,232,66,134,161,191,71,94,124,154,74,74,87,87,87,87],"floor_reached":50,"language":"ZHS","playtime":3435,"items_purged":["Slimebound:Strike_Slimebound","Slimebound:Tackle"],"score":575,"play_id":"351a43c5-6abf-4a13-af06-3d4bbdb14064","local_time":"20210124191409","is_ascension_mode":false,"campfire_choices":[{"data":"Slimebound:Split","floor":1.0,"key":"SMITH"},{"floor":9.0,"key":"RECALL"},{"data":"Slimebound:MassRepurpose","floor":11.0,"key":"SMITH"},{"data":"Hemogenesis","floor":18.0,"key":"PURGE"},{"data":"Slimebound:SlimeBrawl","floor":23.0,"key":"SMITH"},{"floor":29.0,"key":"REST"}],"circlet_count":0,"master_deck":["Slimebound:Split+1","Slimebound:CorrosiveSpit","Slimebound:SplitBruiser","conspire:SpireCoStock","Slimebound:LivingWall","Slimebound:SplitLeeching","Slimebound:MassRepurpose+1","Slimebound:Split","Slimebound:MassRepurpose","Slimebound:RallyTheTroops","Slimebound:HungryTackle","Slimebound:MinionMaster","Slimebound:SlimeSpikes","Offering","Slimebound:SplitBruiser","Slimebound:PressTheAttack","Slimebound:SlimeBrawl+1","Slimebound:Schlurp+1","Slimebound:RainOfGoop+1","Slimebound:SlimeBarrage","Slimebound:SplitAcid+1","Slimebound:LevelUp","Slimebound:SplitLeeching","Slimebound:LeechLife","AbeCurse","Slimebound:SlimeSlap","Slimebound:FinishingTackle","Slimebound:LeadByExample+1","expansioncontent:StudyTheSpire","Slimebound:SplitMire+1","expansioncontent:PolyBeam+1"],"relics":["Slimebound:AggressiveSlimeRelic","The Courier","White Beast Statue","m_BurningSludge","Pandora\u0027s Box","downfall:HeartBlessingRed","PreservedInsect","Orichalcum","downfall:HeartBlessingGreen","downfall:HeartBlessingBlue","Abe\u0027s Treasure","Lantern","CaptainsWheel","Molten Egg 2","Vajra","Lee\u0027s Waffle","Dream Catcher"],"acts_visited":["Exordium","TheCity","TheBeyond"],"potions_floor_usage":[45,45,46,50,50],"damage_taken":[{"damage":1.0,"enemies":"Jaw Worm","floor":2.0,"turns":3.0},{"damage":0.0,"enemies":"conspire:RoseBush","floor":4.0,"turns":3.0},{"damage":5.0,"enemies":"downfall:FleeingMerchant","floor":5.0,"turns":4.0},{"damage":0.0,"enemies":"Cultist","floor":8.0,"turns":3.0},{"damage":11.0,"enemies":"2 Fungi Beasts","floor":10.0,"turns":5.0},{"damage":2.0,"enemies":"conspire:2 RoseBushes","floor":12.0,"turns":4.0},{"damage":9.0,"enemies":"Gremlin Nob","floor":13.0,"turns":4.0},{"damage":2.0,"enemies":"Red Slaver","floor":15.0,"turns":4.0},{"damage":11.0,"enemies":"SI_SHIV_ARCHETYPE","floor":16.0,"turns":10.0},{"damage":12.0,"enemies":"Spheric Guardian","floor":19.0,"turns":3.0},{"damage":25.0,"enemies":"conspire:FuzzyDice","floor":20.0,"turns":4.0},{"damage":7.0,"enemies":"Shelled Parasite and Fungi","floor":21.0,"turns":5.0},{"damage":12.0,"enemies":"conspire:Head Lice","floor":25.0,"turns":5.0},{"damage":12.0,"enemies":"Cultist and Chosen","floor":26.0,"turns":3.0},{"damage":10.0,"enemies":"Sentry and Sphere","floor":27.0,"turns":5.0},{"damage":6.0,"enemies":"downfall:FleeingMerchant","floor":28.0,"turns":4.0},{"damage":8.0,"enemies":"Centurion and Healer","floor":30.0,"turns":3.0},{"damage":15.0,"enemies":"Snake Plant","floor":31.0,"turns":3.0},{"damage":6.0,"enemies":"Cultist and Chosen","floor":32.0,"turns":4.0},{"damage":41.0,"enemies":"IC_MUSHROOM_ARCHETYPE","floor":33.0,"turns":7.0},{"damage":10.0,"enemies":"Orb Walker","floor":36.0,"turns":2.0},{"damage":6.0,"enemies":"3 Shapes","floor":37.0,"turns":2.0},{"damage":3.0,"enemies":"downfall:FleeingMerchant","floor":39.0,"turns":2.0},{"damage":26.0,"enemies":"Spire Growth","floor":42.0,"turns":4.0},{"damage":13,"enemies":"Transient","floor":44,"turns":5},{"damage":12,"enemies":"3 Darklings","floor":45,"turns":4},{"damage":20,"enemies":"Nemesis","floor":46,"turns":5},{"damage":38,"enemies":"Spire Growth","floor":49,"turns":5},{"damage":51,"enemies":"DF_ARCHETYPE_ORBS","floor":50,"turns":8}],"seed_played":"-1234653899111015708","potions_obtained":[{"floor":10.0,"key":"BlessingOfTheForge"},{"floor":12.0,"key":"Dexterity Potion"},{"floor":15.0,"key":"Swift Potion"},{"floor":16.0,"key":"Fire Potion"},{"floor":20.0,"key":"SteroidPotion"},{"floor":21.0,"key":"Doom Potion"},{"floor":22.0,"key":"Regen Potion"},{"floor":25.0,"key":"Fire Potion"},{"floor":26.0,"key":"Block Potion"},{"floor":28.0,"key":"Fire Potion"},{"floor":30.0,"key":"Fire Potion"},{"floor":33.0,"key":"Slimebound:ThreeZeroPotion"},{"floor":35.0,"key":"Elixir"},{"floor":35.0,"key":"champ:CounterPotion"},{"floor":45,"key":"Flashbang"},{"floor":46,"key":"Milkshake"},{"floor":49,"key":"AttackPotion"}],"is_trial":false,"path_per_floor":["R","M","?","M","$","?","T","M","R","M","R","M","E","?","M","B",null,"R","M","M","M","?","R","T","E","M","M","$","R","M","M","M","B",null,"R","M","M","?","$","T","T","M","$","M","M","E","$","?","M","B"],"character_chosen":"SLIMEBOUND","items_purchased":["Orichalcum","expansioncontent:StudyTheSpire","Lantern","CaptainsWheel","Lee\u0027s Waffle"],"campfire_rested":1,"item_purchase_floors":[28,39,39,39,43],"current_hp_per_floor":[65,65,65,65,64,64,64,65,65,58,58,60,51,51,55,50,65,65,59,40,39,39,39,39,47,41,37,37,69,67,58,58,23,75,75,71,71,71,74,74,74,54,82,75,69,55,55,55,23,0,0,0],"gold":87,"neow_bonus":"RANDOM_COMMON_RELIC","is_daily":false,"chose_seed":false,"campfire_upgraded":3,"win_rate":0.0,"timestamp":1611486849,"path_taken":["R","M","?","M","$","?","T","M","R","?","R","M","E","?","M","BOSS","R","M","M","M","?","R","T","E","M","M","$","R","M","?","M","BOSS","R","M","M","?","$","?","T","M","$","?","M","E","?","?","M","BOSS"],"items_purchased_type":["Relic","Card","Relic","Relic","Relic"],"build_version":"2020-12-22","purchased_purges":2,"victory":false,"max_hp_per_floor":[65,65,65,65,65,65,65,65,65,65,65,65,65,65,65,65,65,65,65,65,65,65,65,65,65,65,65,65,75,75,75,75,75,75,75,75,75,75,75,75,75,75,82,82,82,82,82,82,82,82,82,82],"card_choices":[{"not_picked":["Slimebound:FormOfPuddle","Slimebound:LeechEnergy"],"picked":"Slimebound:SplitBruiser","floor":2.0},{"not_picked":["Slimebound:SplitBruiser","Slimebound:Repurpose"],"picked":"Slimebound:LivingWall","floor":4.0},{"not_picked":["Slimebound:GoopTackle","Slimebound:SplitMire"],"picked":"Slimebound:SplitLeeching","floor":5.0},{"not_picked":["Slimebound:DivideAndConquer","Slimebound:RejuvenatingLick","Slimebound:DisruptingSlam"],"picked":"SKIP","floor":8.0},{"not_picked":["Slimebound:LeechEnergy","Slimebound:Chomp","Slimebound:RainOfGoop"],"picked":"SKIP","floor":10.0},{"not_picked":["Slimebound:FormOfPuddle","Slimebound:ItLooksTasty","Slimebound:FinishingTackle"],"picked":"SKIP","floor":12.0},{"not_picked":["Slimebound:Nibble","Slimebound:PressTheAttack"],"picked":"Slimebound:MassRepurpose","floor":13.0},{"not_picked":["Whirlwind","Slimebound:GrowthPunch","Slimebound:LeechEnergy"],"picked":"SKIP","floor":15.0},{"not_picked":["Slimebound:DuplicatedForm","Slimebound:LeechLife"],"picked":"Slimebound:RallyTheTroops","floor":16.0},{"not_picked":["Slimebound:ForwardTackle","Slimebound:SamplingLick+1"],"picked":"Slimebound:PressTheAttack","floor":19.0},{"not_picked":["Slimebound:ComboTackle+1","Slimebound:BestDefense"],"picked":"Slimebound:SlimeBrawl","floor":20.0},{"not_picked":["Slimebound:SlimeTap","Slimebound:LeechEnergy"],"picked":"Slimebound:Schlurp+1","floor":21.0},{"not_picked":["Slimebound:AcidTongue+1","Slimebound:BestDefense+1"],"picked":"Slimebound:RainOfGoop+1","floor":25.0},{"not_picked":["Slimebound:Repurpose","Slimebound:LivingWall"],"picked":"Slimebound:SlimeBarrage","floor":26.0},{"not_picked":["Slimebound:TongueLash+1","Slimebound:Dissolve","Slimebound:DouseInSlime"],"picked":"SKIP","floor":27.0},{"not_picked":["Slimebound:LeadByExample","Slimebound:LeechEnergy+1"],"picked":"Slimebound:SplitAcid+1","floor":28.0},{"not_picked":["Slimebound:SamplingLick","Slimebound:RainOfGoop"],"picked":"Slimebound:LevelUp","floor":30.0},{"not_picked":["Slimebound:RollThrough","Slimebound:SpikyOuterGoop","Slimebound:LeechEnergy"],"picked":"SKIP","floor":31.0},{"not_picked":["Slimebound:SplitAcid","Slimebound:LeechEnergy"],"picked":"Slimebound:SplitLeeching","floor":32.0},{"not_picked":["Hemogenesis","Slimebound:PrepareCrush"],"picked":"Slimebound:LeechLife","floor":33.0},{"not_picked":["Slimebound:HauntingLick+1","Slimebound:AcidTongue","Slimebound:Schlurp"],"picked":"SKIP","floor":36.0},{"not_picked":["Slimebound:Chomp+1","Slimebound:Prepare","Slimebound:SplitLeeching"],"picked":"SKIP","floor":37.0},{"not_picked":["Slimebound:LeechEnergy+1","Slimebound:LeechingTouch+1"],"picked":"Slimebound:LeadByExample+1","floor":39.0},{"not_picked":["Slimebound:SplitBruiser","Slimebound:SlimeSpikes+1","Slimebound:ItLooksTasty+1"],"picked":"SKIP","floor":42.0},{"not_picked":["Slimebound:SplitAcid","Slimebound:BestDefense"],"picked":"Slimebound:SplitMire+1","floor":44},{"not_picked":["Slimebound:MegaLick+1","Slimebound:GrowthPunch+1","Slimebound:Dissolve"],"picked":"SKIP","floor":45},{"not_picked":["Slimebound:LivingWall","Slimebound:FinishingTackle+1","Sword Boomerang+1"],"picked":"SKIP","floor":46},{"not_picked":["expansioncontent:Chronoboost","expansioncontent:LastStand"],"picked":"expansioncontent:PolyBeam+1","floor":48},{"not_picked":["Slimebound:Chomp+1","Slimebound:Schlurp+1","Slimebound:ViciousTackle+1"],"picked":"SKIP","floor":49}],"player_experience":175286,"relics_obtained":[{"floor":7.0,"key":"The Courier"},{"floor":13.0,"key":"White Beast Statue"},{"floor":25.0,"key":"PreservedInsect"},{"floor":40.0,"key":"Molten Egg 2"},{"floor":41.0,"key":"Vajra"},{"floor":46,"key":"Dream Catcher"}],"event_choices":[{"damage_healed":0.0,"max_hp_gain":0.0,"max_hp_loss":0.0,"gold_gain":0.0,"event_name":"conspire:Investor","player_choice":"Invest 1","floor":3.0,"gold_loss":0.0,"damage_taken":0.0},{"damage_healed":0.0,"max_hp_gain":0.0,"max_hp_loss":0.0,"gold_gain":0.0,"event_name":"Lab","player_choice":"Got Potions","floor":22.0,"gold_loss":0.0,"damage_taken":0.0}],"is_beta":false,"boss_relics":[{"not_picked":["SlaversCollar","Slimebound:TarBlob"],"picked":"Pandora\u0027s Box"},{"not_picked":["Runic Dome","Painkiller Herb"],"picked":"Abe\u0027s Treasure"}],"items_purged_floors":[5,47],"is_endless":false,"potions_floor_spawned":[10,12,15,16,19,20,21,25,26,27,28,30,31,32,33,36,37,39,42,44,45,46,49],"killed_by":"DF_ARCHETYPE_ORBS","ascension_level":0}}