{"host":"srk2drlvga69hbot","time":1611506386,"event":{"mods":["BaseMod","Bestiary","Block Reminder","Colored Map","Colored Powertips","Dark Map","DeckTracker","Highlight Path","Minty Spire (QoL Compilation)","Quick Restart","Rare Cards Sparkle","Relic Stats","SuperFastMode","Unceasing Turn Reminder"],"gold_per_floor":[15,15,15,31,48,48,79,98,125,125,136,96,126,145,145,145,145],"floor_reached":16,"language":"ZHS","playtime":797,"items_purged":[],"score":146,"play_id":"db5e2f62-8c41-46f0-a273-30f80993fa27","local_time":"20210125003946","is_ascension_mode":true,"campfire_choices":[{"data":"Acrobatics","floor":6,"key":"SMITH"},{"floor":10,"key":"REST"},{"floor":15,"key":"REST"}],"circlet_count":0,"master_deck":["Strike_G","Strike_G","Strike_G","Defend_G","Defend_G","Defend_G","Defend_G","Survivor","Neutralize+1","Acrobatics+1","Underhanded Strike","Concentrate"],"relics":["Ring of the Snake","Oddly Smooth Stone","Regal Pillow","Boot"],"acts_visited":["Exordium"],"potions_floor_usage":[13,16,16],"damage_taken":[{"damage":5,"enemies":"Jaw Worm","floor":1,"turns":7},{"damage":0,"enemies":"2 Louse","floor":4,"turns":2},{"damage":2,"enemies":"Cultist","floor":5,"turns":4},{"damage":49,"enemies":"3 Sentries","floor":7,"turns":18},{"damage":0,"enemies":"Blue Slaver","floor":8,"turns":7},{"damage":16,"enemies":"Exordium Wildlife","floor":11,"turns":7},{"damage":24,"enemies":"Gremlin Nob","floor":13,"turns":4},{"damage":0,"enemies":"2 Fungi Beasts","floor":14,"turns":4},{"damage":39,"enemies":"The Guardian","floor":16,"turns":8}],"seed_played":"8720976623866670738","potions_obtained":[{"floor":5,"key":"AttackPotion"},{"floor":7,"key":"SkillPotion"},{"floor":8,"key":"SpeedPotion"},{"floor":11,"key":"Explosive Potion"}],"is_trial":false,"path_per_floor":["M","?","?","M","M","R","E","M","T","R","M","?","E","M","R","B"],"character_chosen":"THE_SILENT","items_purchased":[],"campfire_rested":2,"item_purchase_floors":[],"current_hp_per_floor":[58,58,58,58,56,56,7,7,7,43,27,27,3,3,39,0,0],"gold":145,"neow_bonus":"REMOVE_TWO","is_daily":false,"chose_seed":false,"campfire_upgraded":1,"win_rate":0.0,"timestamp":1611506386,"path_taken":["M","?","?","?","M","R","E","M","T","R","M","?","E","M","R","BOSS"],"items_purchased_type":[],"build_version":"2020-12-22","purchased_purges":0,"victory":false,"max_hp_per_floor":[70,70,70,70,70,70,70,70,70,70,70,70,70,70,70,70,70],"relic_stats":{"Regal Pillow":30,"counters":[9,61],"Boot":[21],"obtain_stats":[{"Regal Pillow":9,"Oddly Smooth Stone":7,"Boot":13,"Ring of the Snake":0},{"Regal Pillow":5,"Oddly Smooth Stone":4,"Boot":7,"Ring of the Snake":0},{"Regal Pillow":38,"Oddly Smooth Stone":31,"Boot":49,"Ring of the Snake":0}],"Ring of the Snake":[18]},"card_choices":[{"not_picked":["Outmaneuver","Accuracy","Dodge and Roll"],"picked":"SKIP","floor":1},{"not_picked":["All Out Attack","Caltrops"],"picked":"Acrobatics","floor":4},{"not_picked":["Dodge and Roll","Dagger Throw","Blade Dance"],"picked":"SKIP","floor":5},{"not_picked":["Quick Slash","Deadly Poison","Footwork"],"picked":"SKIP","floor":7},{"not_picked":["PiercingWail","Riddle With Holes","Flying Knee"],"picked":"SKIP","floor":8},{"not_picked":["Dagger Throw","Noxious Fumes"],"picked":"Underhanded Strike","floor":11},{"not_picked":["Sucker Punch","Acrobatics"],"picked":"Concentrate","floor":13},{"not_picked":["Flying Knee","Quick Slash","Dagger Spray"],"picked":"SKIP","floor":14}],"player_experience":221362,"relics_obtained":[{"floor":7,"key":"Oddly Smooth Stone"},{"floor":9,"key":"Regal Pillow"},{"floor":13,"key":"Boot"}],"event_choices":[{"cards_removed":["Defend_G"],"damage_healed":0,"gold_gain":0,"player_choice":"Forget","damage_taken":0,"max_hp_gain":0,"max_hp_loss":0,"event_name":"Living Wall","floor":2,"gold_loss":0},{"damage_healed":0,"gold_gain":0,"player_choice":"Forge","damage_taken":0,"max_hp_gain":0,"max_hp_loss":0,"event_name":"Accursed Blacksmith","floor":3,"gold_loss":0,"cards_upgraded":["Neutralize"]},{"damage_healed":0,"gold_gain":0,"player_choice":"Left Gold","damage_taken":0,"max_hp_gain":0,"max_hp_loss":0,"event_name":"World of Goop","floor":12,"gold_loss":40}],"is_beta":false,"boss_relics":[],"items_purged_floors":[],"is_endless":false,"potions_floor_spawned":[5,7,8,11],"killed_by":"The Guardian","ascension_level":6}}