{"host":"uv5ws9rdk87e8i5k","time":1611465674,"event":{"mods":["AchievementEnabler","BaseMod","Colored Map","Minty Spire (QoL Compilation)","StSLib","SuperFastMode"],"gold_per_floor":[114,125,143,163,183,208,219,250,302,332,332,347,365,2,2,2,2],"floor_reached":16,"language":"ENG","playtime":467,"items_purged":["Parasite"],"score":132,"play_id":"2bcf34be-e817-4a73-a958-7cf686e9b3d0","local_time":"20210123232114","is_ascension_mode":true,"campfire_choices":[{"data":"Creative AI","floor":15,"key":"SMITH"}],"circlet_count":0,"master_deck":["Strike_B","Strike_B","Strike_B","Strike_B","Defend_B","Defend_B","Defend_B","Defend_B","Zap","Dualcast","Darkness","Tempest","Conserve Battery","Turbo","Biased Cognition","Undo","Conserve Battery","Sweeping Beam","Cold Snap","Ball Lightning","Coolheaded","Creative AI+1"],"relics":["Cracked Core","Cables","Eternal Feather","Vajra","Question Card","Toolbox"],"acts_visited":["Exordium"],"potions_floor_usage":[8,10,13],"damage_taken":[{"damage":0.0,"enemies":"2 Louse","floor":1.0,"turns":2.0},{"damage":5.0,"enemies":"Cultist","floor":2.0,"turns":4.0},{"damage":1.0,"enemies":"Jaw Worm","floor":3.0,"turns":3.0},{"damage":10.0,"enemies":"Large Slime","floor":4.0,"turns":5.0},{"damage":6.0,"enemies":"Exordium Thugs","floor":5.0,"turns":3.0},{"damage":20.0,"enemies":"3 Sentries","floor":6.0,"turns":7.0},{"damage":8,"enemies":"Exordium Wildlife","floor":7,"turns":3},{"damage":22,"enemies":"Lagavulin","floor":8,"turns":4},{"damage":4,"enemies":"3 Sentries","floor":10,"turns":4},{"damage":0,"enemies":"2 Fungi Beasts","floor":12,"turns":2},{"damage":8,"enemies":"Exordium Thugs","floor":13,"turns":3},{"damage":34,"enemies":"Slime Boss","floor":16,"turns":11}],"seed_played":"2198720825663358358","potions_obtained":[{"floor":1.0,"key":"SpeedPotion"},{"floor":3.0,"key":"CultistPotion"},{"floor":6.0,"key":"Fruit Juice"},{"floor":8,"key":"AttackPotion"},{"floor":10,"key":"Energy Potion"},{"floor":12,"key":"Dexterity Potion"},{"floor":13,"key":"ColorlessPotion"}],"is_trial":false,"path_per_floor":["M","M","M","M","M","E","M","E","T","E","?","M","M","$","R","B"],"character_chosen":"DEFECT","items_purchased":["Creative AI","Toolbox"],"campfire_rested":0,"item_purchase_floors":[14,14],"current_hp_per_floor":[82,77,76,66,60,40,32,15,15,11,32,32,24,24,36,2,2],"gold":2,"neow_bonus":"TEN_PERCENT_HP_BONUS","is_daily":false,"chose_seed":false,"campfire_upgraded":1,"win_rate":0.0,"timestamp":1611465674,"path_taken":["M","M","M","M","M","E","M","E","T","E","?","M","M","$","R","BOSS"],"items_purchased_type":["Card","Relic"],"build_version":"2020-12-22","purchased_purges":1,"victory":false,"max_hp_per_floor":[82,82,82,82,82,82,82,87,87,87,87,87,87,84,84,84,84],"card_choices":[{"not_picked":["Conserve Battery","Static Discharge"],"picked":"Darkness","floor":1.0},{"not_picked":["Reprogram","Beam Cell"],"picked":"Tempest","floor":2.0},{"not_picked":["Blizzard","Cold Snap"],"picked":"Conserve Battery","floor":3.0},{"not_picked":["Glacier","Barrage"],"picked":"Turbo","floor":4.0},{"not_picked":["Gash","Coolheaded"],"picked":"Biased Cognition","floor":5.0},{"not_picked":["Skim","Leap"],"picked":"Undo","floor":6.0},{"not_picked":["Recycle","Hologram"],"picked":"Conserve Battery","floor":7},{"not_picked":["Gash","Barrage"],"picked":"Sweeping Beam","floor":8},{"not_picked":["Aggregate","Self Repair"],"picked":"Cold Snap","floor":10},{"not_picked":["Aggregate","Redo","BootSequence"],"picked":"Ball Lightning","floor":12},{"not_picked":["Leap","Turbo","Go for the Eyes"],"picked":"Coolheaded","floor":13}],"player_experience":220405,"relics_obtained":[{"floor":6.0,"key":"Cables"},{"floor":8,"key":"Eternal Feather"},{"floor":9,"key":"Vajra"},{"floor":10,"key":"Question Card"}],"event_choices":[{"damage_healed":21,"gold_gain":0,"player_choice":"Healed and dodged fight","damage_taken":0,"max_hp_gain":0,"max_hp_loss":0,"event_name":"Mushrooms","floor":11,"gold_loss":0,"cards_obtained":["Parasite"]}],"is_beta":false,"boss_relics":[],"items_purged_floors":[14],"is_endless":false,"potions_floor_spawned":[1,3,6,8,10,12,13],"killed_by":"Slime Boss","ascension_level":1}}