{"host":"ecuvtzmejf7hhjpv","time":1611450280,"event":{"mods":["AchievementEnabler","Act Like it!","Aspiration","BaseMod","Better Altar","Better Match","Better Note","Better Sensory Stone","Better Skull","Better Third Choice","BetterRewards","Conspire","Custom Start","Gensokyo","GifTheSpireLib","Hallownest","Hermit","Hubris","Kratos Character Expansion","Luminous","Marisa????????","Minty Spire (QoL Compilation)","Prisma Mod","Remilia??????","Replay The Spire","Robot Space Explorer","Spicy Shops","StSLib","The Animator","The Blackbeard","The Bug Knight","The Construct","The Cursed","The Disciple","The Dragon Tamer","The Forsaken","The Hierophant","The Jungle","The Marked","The Necromancer","The Poker Player","The Wild Card","TheSwordswoman"],"gold_per_floor":[121,146,170,21,21,60,60,103,103,137,137,137,174,200,200,298,298,322,345,183,183,183,220,220,267,294,329,356,223,240,262,262,371,371,480,166,166,166,273,401,401,518,518,112,112,39,143,260,260,280,280,280,86,201,209],"floor_reached":56,"language":"ENG","playtime":2487,"items_purged":[],"score":1986,"play_id":"ec61ee9a-99a3-41a3-9abb-125ab7f9b6b1","local_time":"20210123190440","is_ascension_mode":true,"metric_token":2771,"campfire_choices":[{"data":"DTMod:SwitchingTactic","floor":7,"key":"SMITH"},{"data":"DTMod:SealedStrike","floor":24,"key":"SMITH"},{"data":"DTMod:SealedStrike+1","floor":32,"key":"SMITH"},{"data":"DTMod:ResonanceForm","floor":41,"key":"SMITH"},{"floor":45,"key":"REST"},{"floor":49,"key":"RECALL"},{"data":"ReplayUltimateDefense","floor":52,"key":"SMITH"}],"dtmod_dragon_data":[47,50,3,4,14,11],"circlet_count":0,"master_deck":["DTMod:Strike","DTMod:Strike","DTMod:Strike","DTMod:Strike","DTMod:DoubleHit","DTMod:TargetDefense","DTMod:TargetDefense","DTMod:TargetDefense+1","DTMod:SwitchingTactic+1","DTMod:CleansingStrike","DTMod:HeatWave","DTMod:WarmUp","DTMod:Observe","DTMod:ComboAttack","DTMod:CrossStep","DTMod:ComboAttack","DTMod:Training","DTMod:Adaptation","DTMod:InvisibleFlame+1","DTMod:StunTrap","DTMod:Training","DTMod:Training","DTMod:SealedStrike+2","DTMod:Multitask","DTMod:Dissolve+1","DTMod:Dissolve","DTMod:ComboAttack+1","DTMod:ShieldDrain+1","DTMod:CalculatedDefense","DTMod:WarmUp","DTMod:ComboAttack","DTMod:Multitask","DTMod:SneakAttack+1","DTMod:CrossStep","DTMod:CrossStep","DTMod:ComboAttack+1","DTMod:ResonanceForm+1","ReplayUltimateDefense+1","DTMod:CrossStep+1","DTMod:QuickFly","DTMod:DragonDance","DTMod:MagiciansMark","DTMod:Dissolve"],"relics":["DTMod:PactStone","Lee\u0027s Waffle","HandDrill","Lantern","DTMod:AncientBone","Membership Card","Strange Spoon","Replay:Bandana","Vajra","hubris:Potato","Sling","Bronze Scales","Dream Catcher","HornCleat","Gremlin Horn","DTMod:BasicTextbook","Mango","Ring of Chaos","ReplayTheSpireMod:Lightbulb","Potion Belt","Happy Flower","Blood Vial","Centennial Puzzle","ReplayTheSpireMod:TigerMarble","construct:RocketBooster","aspiration:SilentSkillbook","hubris:EmptyBottle","conspire:GlowingRock","hubris:Towel","Ice Cream","hubris:TinFlute","construct:FoamFinger","conspire:Dentures","hubris:PeanutButter","Boot","aspiration:Nostalgia","PrismaMod:PrismaTraceOn","ReplayFunnel","Anchor"],"acts_visited":[],"potions_floor_usage":[18,33,50,50,50,50,54,54,55,55,55,55],"damage_taken":[{"damage":0,"enemies":"Cultist","floor":1,"turns":3},{"damage":0,"enemies":"2 Louse","floor":2,"turns":3},{"damage":0,"enemies":"Small Slimes","floor":3,"turns":3},{"damage":0,"enemies":"Gremlin Nob","floor":6,"turns":3},{"damage":7,"enemies":"HollowMod:MossKnight","floor":8,"turns":6},{"damage":0,"enemies":"Gremlin Nob","floor":10,"turns":3},{"damage":0,"enemies":"3 Sentries","floor":13,"turns":4},{"damage":0,"enemies":"Looter","floor":14,"turns":3},{"damage":0,"enemies":"Hexaghost","floor":16,"turns":9},{"damage":11,"enemies":"2 Thieves","floor":18,"turns":3},{"damage":11,"enemies":"HollowMod:Nosk","floor":23,"turns":7},{"damage":0,"enemies":"conspire:Head Lice","floor":25,"turns":4},{"damage":5,"enemies":"conspire:SneckoGhost","floor":27,"turns":6},{"damage":0,"enemies":"Shell Parasite","floor":28,"turns":3},{"damage":0,"enemies":"conspire:HollyBat","floor":30,"turns":7},{"damage":0,"enemies":"Snecko","floor":31,"turns":4},{"damage":0,"enemies":"Automaton","floor":33,"turns":7},{"damage":0,"enemies":"3 Darklings","floor":35,"turns":3},{"damage":0,"enemies":"3 Shapes","floor":39,"turns":5},{"damage":0,"enemies":"HollowMod:StalkingDevout","floor":40,"turns":5},{"damage":1,"enemies":"Giant Head","floor":42,"turns":8},{"damage":0,"enemies":"Transient","floor":47,"turns":5},{"damage":0,"enemies":"3 Darklings","floor":48,"turns":3},{"damage":42,"enemies":"Awakened One","floor":50,"turns":9},{"damage":24,"enemies":"Shield and Spear","floor":54,"turns":6},{"damage":21,"enemies":"The Heart","floor":55,"turns":9}],"seed_played":"5725580979269136073","potions_obtained":[{"floor":1,"key":"LiquidBronze"},{"floor":10,"key":"SpeedPotion"},{"floor":13,"key":"GamblersBrew"},{"floor":18,"key":"LiquidBronze"},{"floor":27,"key":"Weak Potion"},{"floor":33,"key":"Fruit Juice"},{"floor":38,"key":"BlessingOfTheForge"}],"is_trial":false,"path_per_floor":["M","M","M","$","?","E","R","E","T","E","?","?","E","M","R","B",null,"M","T","$","?","?","E","R","E","T","E","M","$","M","M","R","B",null,"M","$","?","?","M","E","R","E","T","$","R","$","M","M","R","B",null,"R","$","E","B",null],"character_chosen":"THE_DT","items_purchased":["Lee\u0027s Waffle","HandDrill","Lantern","DTMod:CleansingStrike","DTMod:HeatWave","DTMod:AncientBone","Membership Card","DTMod:WarmUp","DTMod:Observe","DTMod:ComboAttack","Strange Spoon","DTMod:CrossStep","DTMod:ComboAttack","Replay:Bandana","Vajra","hubris:Potato","Sling","DTMod:InvisibleFlame","Bronze Scales","DTMod:Dissolve","DTMod:ComboAttack+1","ReplayTheSpireMod:Lightbulb","DTMod:WarmUp","DTMod:ComboAttack","ReplayTheSpireMod:TigerMarble","construct:RocketBooster","hubris:EmptyBottle","DTMod:CrossStep","conspire:GlowingRock","conspire:Dentures","hubris:PeanutButter","Boot","ReplayUltimateDefense","aspiration:Nostalgia","DTMod:DragonDance","DTMod:MagiciansMark","ReplayFunnel","Elixir","Weak Potion"],"campfire_rested":1,"item_purchase_floors":[0,0,0,0,0,0,0,0,0,0,0,0,0,0,0,0,4,4,4,20,20,20,29,29,29,29,36,36,36,44,44,44,44,46,53,53,53,53,53],"current_hp_per_floor":[52,52,52,52,52,52,52,45,45,45,38,43,57,57,57,57,66,55,55,55,55,55,44,44,44,44,41,43,43,45,47,47,54,71,71,71,71,71,71,71,71,70,70,70,71,71,71,71,71,29,71,71,71,47,28],"gold":209,"neow_bonus":"","is_daily":false,"chose_seed":false,"campfire_upgraded":5,"win_rate":0.0,"timestamp":1611450280,"path_taken":["M","M","M","?","?","E","R","E","T","E","?","?","E","M","R","BOSS","M","?","$","?","?","E","R","E","T","E","M","$","M","?","R","BOSS","M","$","?","?","M","E","R","E","T","$","R","$","?","M","R","BOSS","R","$","E","BOSS"],"items_purchased_type":["Relic","Relic","Relic","Card","Card","Relic","Relic","Card","Card","Card","Relic","Card","Card","Relic","Relic","Relic","Relic","Card","Relic","Card","Card","Relic","Card","Card","Relic","Relic","Relic","Card","Relic","Relic","Relic","Relic","Card","Relic","Card","Card","Relic","Potion","Potion"],"build_version":"2020-12-22","purchased_purges":0,"victory":true,"max_hp_per_floor":[52,52,52,52,52,52,52,52,52,52,52,52,66,66,66,66,66,66,66,66,66,66,66,66,66,66,66,66,66,66,66,66,71,71,71,71,71,71,71,71,71,71,71,71,71,71,71,71,71,71,71,71,71,71,71],"card_choices":[{"not_picked":["DTMod:Threaten","DTMod:CleansingStrike"],"picked":"DTMod:Training","floor":1},{"not_picked":["DTMod:RunningTactic","DTMod:Weaken","DTMod:Feint"],"picked":"SKIP","floor":2},{"not_picked":["DTMod:Hide","DTMod:MaximumCharge"],"picked":"DTMod:Adaptation","floor":3},{"not_picked":["DTMod:Threaten","DTMod:Conduct"],"picked":"DTMod:StunTrap","floor":6},{"not_picked":["DTMod:ComboAttack","DTMod:Overwhelm"],"picked":"DTMod:Training","floor":8},{"not_picked":["DTMod:RepeatStrike","DTMod:Observe"],"picked":"DTMod:Training","floor":10},{"not_picked":["DTMod:MasterPlan","DTMod:RecklessFlurry","DTMod:Punisher"],"picked":"SKIP","floor":13},{"not_picked":["DTMod:MasterPlan","DTMod:CleansingStrike","DTMod:RunningTactic"],"picked":"SKIP","floor":14},{"not_picked":["DTMod:Harmonize","DTMod:Outburst"],"picked":"DTMod:Multitask","floor":16},{"not_picked":["DTMod:Hide","DTMod:BlueScale+1"],"picked":"DTMod:Dissolve+1","floor":18},{"not_picked":["DTMod:PurifyingFlame+1","DTMod:Punisher"],"picked":"DTMod:ShieldDrain+1","floor":23},{"not_picked":["DTMod:HeatWave","DTMod:Dissolve+1"],"picked":"DTMod:CalculatedDefense","floor":25},{"not_picked":["DTMod:Threaten","DTMod:Dissolve","DTMod:Hide+1"],"picked":"SKIP","floor":27},{"not_picked":["DTMod:BurningForce+1","DTMod:Adaptation+1","DTMod:Observe+1"],"picked":"SKIP","floor":28},{"not_picked":["DTMod:Feint","DTMod:TauntingStrike","DTMod:GhostSkin"],"picked":"SKIP","floor":30},{"not_picked":["DTMod:BlueScale","DTMod:BurningForce","DTMod:Punisher"],"picked":"SKIP","floor":31},{"not_picked":["DTMod:ExcessFootwork","DTMod:OpeningTactic"],"picked":"DTMod:Multitask","floor":33},{"not_picked":["Dagger Spray+1","Crippling Poison+1","DTMod:Threaten+1"],"picked":"DTMod:SneakAttack+1","floor":35},{"not_picked":["Accuracy","Crippling Poison+1","DTMod:Overwhelm"],"picked":"DTMod:ComboAttack+1","floor":39},{"not_picked":["Dash+1","DTMod:CalculatedDefense+1","DTMod:Punisher"],"picked":"DTMod:ResonanceForm","floor":40},{"not_picked":["Hidden Blade","DTMod:Weaken","Quick Slash","ReplayTheSpireMod:Exploit Weakness"],"picked":"SKIP","floor":42},{"not_picked":["Acrobatics","DTMod:Punisher","ReplayTheSpireMod:Tripwire+1"],"picked":"DTMod:CrossStep","floor":45},{"not_picked":["DTMod:MasterPlan+1","DTMod:MaximumCharge","DTMod:StarRain"],"picked":"DTMod:QuickFly","floor":47},{"not_picked":["Hidden Blade+1","Deflect","DTMod:MasterPlan+1","Deadly Poison"],"picked":"SKIP","floor":48},{"not_picked":["PiercingWail+1","Prepared+1","Toxin Wave+1"],"picked":"DTMod:Dissolve","floor":54}],"player_experience":974172,"relics_obtained":[{"floor":8,"key":"Dream Catcher"},{"floor":9,"key":"HornCleat"},{"floor":10,"key":"Gremlin Horn"},{"floor":13,"key":"Mango"},{"floor":23,"key":"Potion Belt"},{"floor":25,"key":"Happy Flower"},{"floor":26,"key":"Blood Vial"},{"floor":27,"key":"Centennial Puzzle"},{"floor":40,"key":"Ice Cream"},{"floor":42,"key":"hubris:TinFlute"},{"floor":43,"key":"construct:FoamFinger"},{"floor":54,"key":"Anchor"}],"event_choices":[{"damage_healed":0,"gold_gain":0,"player_choice":"Leave","damage_taken":0,"max_hp_gain":0,"max_hp_loss":0,"event_name":"conspire:Investor","floor":5,"gold_loss":0},{"damage_healed":0,"gold_gain":0,"player_choice":"Relic ","damage_taken":7,"max_hp_gain":0,"max_hp_loss":0,"event_name":"betterThird:BetterScrap","floor":11,"gold_loss":0,"cards_obtained":["hubris:Sniper"]},{"damage_healed":0,"gold_gain":0,"player_choice":"Ignored","damage_taken":0,"max_hp_gain":0,"max_hp_loss":0,"event_name":"betterNote:BetterNote","floor":21,"gold_loss":0,"cards_obtained":["Strike_G"]},{"damage_healed":0,"gold_gain":0,"player_choice":"Ignored","damage_taken":0,"max_hp_gain":0,"max_hp_loss":0,"event_name":"Ghosts","floor":22,"gold_loss":0},{"damage_healed":0,"gold_gain":0,"player_choice":"Got Potions","damage_taken":0,"max_hp_gain":0,"max_hp_loss":0,"event_name":"Lab","floor":38,"gold_loss":0}],"is_beta":false,"boss_relics":[{"not_picked":["conspire:SeveredTorchhead","Snecko Eye"],"picked":"Ring of Chaos"},{"not_picked":["hubris:ScarierMask","aspiration:WatcherSkillbook"],"picked":"aspiration:SilentSkillbook"}],"items_purged_floors":[],"is_endless":false,"potions_floor_spawned":[1,10,13,16,18,27,31,33,39,40,47],"ascension_level":1}}