{"host":"5ezk7t18wcb10u1o","time":1611530952,"event":{"mods":["BaseMod","Bestiary","Colored Powertips","Minty Spire (QoL Compilation)","Relic Sorter"],"gold_per_floor":[109,127,52,52,67,67,87,87,113,113,113,132,202,282,282,353,353,368,386,401,451,501,501,578,578,578,578,603,603,619,695,695,770,770,788,888,954,954,954],"floor_reached":38,"language":"ENG","playtime":5774,"items_purged":[],"score":768,"play_id":"8c3e93e4-55e5-475d-9cf7-90ef36561c53","local_time":"20210124232912","is_ascension_mode":true,"campfire_choices":[{"data":"Streamline","floor":6.0,"key":"SMITH"},{"data":"Leap","floor":8.0,"key":"SMITH"},{"data":"Dualcast","floor":10.0,"key":"SMITH"},{"data":"Go for the Eyes","floor":15.0,"key":"SMITH"},{"floor":23.0,"key":"REST"},{"floor":25,"key":"REST"},{"floor":27,"key":"REST"},{"floor":29,"key":"REST"},{"floor":32,"key":"REST"}],"circlet_count":0,"master_deck":["AscendersBane","Strike_B","Defend_B","Defend_B","Defend_B","Zap+1","Dualcast+1","Scrape","FTL","Regret","Streamline+1","Leap+1","Defragment","Go for the Eyes+1","All For One","Reinforced Body","Gash","Streamline+1","Sweeping Beam+1","Go for the Eyes","Capacitor","Gash","Defragment","Buffer","Creative AI+1","Barrage+1","Recycle+1","Self Repair"],"relics":["FrozenCore","Dream Catcher","Akabeko","SsserpentHead","Red Mask","Thread and Needle","Mango","Bag of Preparation","Astrolabe"],"acts_visited":["Exordium","TheCity","TheBeyond"],"potions_floor_usage":[24,24,30],"damage_taken":[{"damage":0.0,"enemies":"2 Louse","floor":1.0,"turns":2.0},{"damage":4.0,"enemies":"Jaw Worm","floor":2.0,"turns":3.0},{"damage":3.0,"enemies":"Cultist","floor":5.0,"turns":3.0},{"damage":0.0,"enemies":"Exordium Wildlife","floor":7.0,"turns":2.0},{"damage":7.0,"enemies":"Exordium Thugs","floor":12.0,"turns":3.0},{"damage":2.0,"enemies":"Large Slime","floor":13.0,"turns":3.0},{"damage":30.0,"enemies":"Slime Boss","floor":16.0,"turns":7.0},{"damage":6.0,"enemies":"Spheric Guardian","floor":18.0,"turns":4.0},{"damage":8.0,"enemies":"Chosen","floor":19.0,"turns":6.0},{"damage":31.0,"enemies":"Sentry and Sphere","floor":20.0,"turns":8.0},{"damage":27,"enemies":"Masked Bandits","floor":24,"turns":5},{"damage":26,"enemies":"Gremlin Leader","floor":28,"turns":8},{"damage":12,"enemies":"Snake Plant","floor":30,"turns":4},{"damage":60,"enemies":"Automaton","floor":33,"turns":10},{"damage":15,"enemies":"3 Shapes","floor":35,"turns":4},{"damage":51,"enemies":"3 Darklings","floor":37,"turns":5},{"damage":3,"enemies":"4 Shapes","floor":38,"turns":3}],"seed_played":"1957676272842329960","potions_obtained":[{"floor":7.0,"key":"Swift Potion"},{"floor":13.0,"key":"Energy Potion"},{"floor":20.0,"key":"ColorlessPotion"},{"floor":28,"key":"Strength Potion"}],"is_trial":false,"path_per_floor":["M","M","?","?","M","R","M","R","T","R","?","M","M","?","R","B",null,"M","M","M","?","?","R","?","R","T","R","E","R","M","T","R","B",null,"M","?","M","M"],"character_chosen":"DEFECT","items_purchased":[],"campfire_rested":5,"item_purchase_floors":[],"current_hp_per_floor":[64,60,60,60,57,57,57,57,57,57,57,50,48,48,48,18,58,52,44,13,13,13,34,7,28,28,49,37,62,50,50,75,15,68,53,53,2,0,0],"gold":954,"neow_bonus":"UPGRADE_CARD","is_daily":false,"chose_seed":false,"campfire_upgraded":4,"win_rate":0.0,"timestamp":1611530952,"path_taken":["M","M","?","?","M","R","M","R","T","R","?","M","?","?","R","BOSS","M","M","M","?","?","R","?","R","T","R","E","R","M","?","R","BOSS","M","?","?","M"],"items_purchased_type":[],"build_version":"2020-12-22","purchased_purges":0,"victory":false,"max_hp_per_floor":[71,71,71,71,71,71,71,71,71,71,71,71,71,71,71,71,71,71,71,71,71,71,71,71,71,71,71,85,85,85,85,85,85,85,85,85,85,85,85],"card_choices":[{"not_picked":["Streamline","Beam Cell"],"picked":"Scrape","floor":1.0},{"not_picked":["BootSequence","Coolheaded"],"picked":"FTL","floor":2.0},{"not_picked":["Redo","Conserve Battery"],"picked":"Streamline","floor":5.0},{"not_picked":["Defragment","Streamline"],"picked":"Leap","floor":7.0},{"not_picked":["Streamline","Sweeping Beam"],"picked":"Defragment","floor":12.0},{"not_picked":["Steam","Steam Power"],"picked":"Go for the Eyes","floor":13.0},{"not_picked":["Buffer","Seek"],"picked":"All For One","floor":16.0},{"not_picked":["Undo","Rebound"],"picked":"Reinforced Body","floor":18.0},{"not_picked":["Barrage+1","Leap+1"],"picked":"Gash","floor":19.0},{"not_picked":["Leap","Sweeping Beam"],"picked":"Streamline+1","floor":20.0},{"not_picked":["Leap","Redo"],"picked":"Sweeping Beam+1","floor":24},{"not_picked":["Cold Snap","Defragment"],"picked":"Go for the Eyes","floor":25},{"not_picked":["Hyperbeam","Auto Shields"],"picked":"Capacitor","floor":28},{"not_picked":["Capacitor","Go for the Eyes"],"picked":"Gash","floor":29},{"not_picked":["Force Field","Compile Driver"],"picked":"Defragment","floor":30},{"not_picked":["Multi-Cast","Biased Cognition"],"picked":"Buffer","floor":33},{"not_picked":["Rebound","Hologram+1","Heatsinks"],"picked":"SKIP","floor":35},{"not_picked":["Streamline","Coolheaded"],"picked":"Self Repair","floor":37}],"player_experience":1166448,"relics_obtained":[{"floor":9.0,"key":"Akabeko"},{"floor":24,"key":"Red Mask"},{"floor":26,"key":"Thread and Needle"},{"floor":28,"key":"Mango"},{"floor":31,"key":"Bag of Preparation"}],"event_choices":[{"cards_removed":["Strike_B"],"damage_healed":0.0,"max_hp_gain":0.0,"max_hp_loss":0.0,"gold_gain":0.0,"event_name":"The Cleric","player_choice":"Card Removal","floor":3.0,"gold_loss":75.0,"damage_taken":0.0},{"damage_healed":0.0,"max_hp_gain":0.0,"max_hp_loss":0.0,"gold_gain":0.0,"event_name":"Big Fish","player_choice":"Box","floor":4.0,"gold_loss":0.0,"damage_taken":0.0,"relics_obtained":["Dream Catcher"],"cards_obtained":["Regret"]},{"damage_healed":0.0,"max_hp_gain":0.0,"max_hp_loss":0.0,"gold_gain":0.0,"event_name":"FaceTrader","player_choice":"Trade","floor":11.0,"gold_loss":0.0,"damage_taken":0.0,"relics_obtained":["SsserpentHead"]},{"damage_healed":0.0,"max_hp_gain":0.0,"max_hp_loss":0.0,"gold_gain":30.0,"event_name":"Dead Adventurer","player_choice":"Searched \u00271\u0027 times","floor":14.0,"gold_loss":0.0,"damage_taken":0.0},{"damage_healed":0.0,"max_hp_gain":0.0,"max_hp_loss":0.0,"gold_gain":0.0,"event_name":"Ghosts","player_choice":"Ignored","floor":21.0,"gold_loss":0.0,"damage_taken":0.0},{"damage_healed":0.0,"max_hp_gain":0.0,"max_hp_loss":0.0,"gold_gain":0.0,"event_name":"Vampires","player_choice":"Ignored","floor":22.0,"gold_loss":0.0,"damage_taken":0.0},{"damage_healed":0,"gold_gain":0,"player_choice":"Fought Bandits","damage_taken":0,"max_hp_gain":0,"max_hp_loss":0,"event_name":"Masked Bandits","floor":24,"gold_loss":0},{"damage_healed":0,"gold_gain":50,"player_choice":"Pray","damage_taken":0,"max_hp_gain":0,"max_hp_loss":0,"event_name":"Golden Shrine","floor":36,"gold_loss":0}],"is_beta":false,"boss_relics":[{"not_picked":["SacredBark","Black Star"],"picked":"FrozenCore"},{"not_picked":["Snecko Eye","Fusion Hammer"],"picked":"Astrolabe"}],"items_purged_floors":[],"is_endless":false,"potions_floor_spawned":[7,13,20,28],"killed_by":"4 Shapes","ascension_level":20}}