{"host":"obza8r4x8ovwwhn2","time":1611479457,"event":{"mods":["BaseMod","Beaked The Cultist","BetterRewards","Colored Map","Downfall","Highlight Path","Infinite Spire","Minty Spire (QoL Compilation)","Permanent Neow","Quick Restart","StSLib","SuperFastMode"],"gold_per_floor":[99,99,99,24,36,111,111,142,142,157,183,183,83,118,133,231,231,31,48,59,72,72,107,133,133,133,133,133],"floor_reached":26,"language":"ENG","playtime":784,"items_purged":[],"score":280,"play_id":"9f90251f-e86f-447c-ac65-cf9dffcb3e9a","local_time":"20210124011057","is_ascension_mode":true,"campfire_choices":[{"data":"Slimebound:Split","floor":1,"key":"SMITH"},{"floor":13,"key":"RECALL"},{"data":"Slimebound:AcidTongue","floor":18,"key":"SMITH"},{"data":"Slimebound:RallyTheTroops","floor":25,"key":"SMITH"}],"circlet_count":0,"master_deck":["Slimebound:Strike_Slimebound","Slimebound:Strike_Slimebound","Slimebound:Strike_Slimebound","Slimebound:Tackle","Slimebound:Defend_Slimebound","Slimebound:Defend_Slimebound","Slimebound:Defend_Slimebound","Slimebound:Defend_Slimebound","Slimebound:Split+1","Slimebound:CorrosiveSpit","Slimebound:AcidTongue+1","Slimebound:MegaLick","Slimebound:LeechEnergy","Slimebound:Gluttony","Slimebound:SamplingLick","Slimebound:FinishingTackle","Slimebound:SplitMire","Slimebound:Nibble","Slimebound:SplitMire","Slimebound:ItLooksTasty","Slimebound:RallyTheTroops+1","Slimebound:GoopSpray","Slimebound:SamplingLick","Slimebound:SplitAcid+1","infinitespire:Gouge","Slimebound:ItLooksTasty+1","downfall:Bewildered","Regret"],"relics":["Slimebound:AbsorbEndCombat","downfall:HeartsMalice","infinitespire:EmpoweringShard","downfall:ExtraCursedKey","Centennial Puzzle","downfall:HeartBlessingGreen","infinitespire:Eraser","bronze:MakeshiftBattery","downfall:HeartBlessingRed","downfall:HeartBlessingBlue","Bag of Preparation","Tiny Chest"],"acts_visited":["Exordium","TheCity"],"potions_floor_usage":[16,26,26],"damage_taken":[{"damage":0,"enemies":"2 Louse","floor":2,"turns":1},{"damage":0,"enemies":"Jaw Worm","floor":3,"turns":1},{"damage":0,"enemies":"downfall:FleeingMerchant","floor":4,"turns":1},{"damage":0,"enemies":"Small Slimes","floor":5,"turns":2},{"damage":5,"enemies":"Lagavulin","floor":8,"turns":7},{"damage":4,"enemies":"Exordium Thugs","floor":10,"turns":4},{"damage":23,"enemies":"3 Sentries","floor":11,"turns":4},{"damage":0,"enemies":"Lagavulin","floor":14,"turns":4},{"damage":1,"enemies":"Large Slime","floor":15,"turns":4},{"damage":42,"enemies":"WA_ARCHETYPE_RETAIN","floor":16,"turns":6},{"damage":13,"enemies":"Shell Parasite","floor":19,"turns":3},{"damage":16,"enemies":"Snecko","floor":20,"turns":4},{"damage":3,"enemies":"Cultist and Chosen","floor":21,"turns":3},{"damage":15,"enemies":"Gremlin Leader","floor":23,"turns":4},{"damage":46,"enemies":"Nightmare","floor":26,"turns":5}],"seed_played":"-7375682493391188192","potions_obtained":[{"floor":5,"key":"FearPotion"},{"floor":10,"key":"Block Potion"},{"floor":14,"key":"Slimebound:ThreeZeroPotion"},{"floor":19,"key":"EssenceOfSteel"}],"is_trial":false,"path_per_floor":["R","M","M","$","M","?","T","E","?","M","E","?","R","E","M","B",null,"R","M","M","M","?","E","T","R","NM"],"character_chosen":"SLIMEBOUND","items_purchased":["Slimebound:Gluttony"],"campfire_rested":0,"item_purchase_floors":[4],"current_hp_per_floor":[65,65,65,65,65,65,65,64,64,65,49,49,49,57,64,30,65,75,66,56,61,42,35,35,35,0,0,0],"gold":133,"neow_bonus":"THREE_ENEMY_KILL","is_daily":false,"chose_seed":false,"campfire_upgraded":3,"win_rate":0.0,"timestamp":1611479457,"path_taken":["R","M","M","$","M","?","T","E","?","M","E","?","R","E","M","BOSS","R","M","M","M","?","E","T","R","NM"],"items_purchased_type":["Card"],"build_version":"2020-12-22","purchased_purges":0,"victory":false,"max_hp_per_floor":[65,65,65,65,65,65,65,65,65,65,65,65,65,65,65,65,65,75,75,75,75,75,75,75,75,75,75,75],"card_choices":[{"not_picked":["Slimebound:SplitLeeching","Slimebound:SplitMire"],"picked":"Slimebound:AcidTongue","floor":2},{"not_picked":["Slimebound:SlimeSpikes","Slimebound:SlimeBrawl"],"picked":"Slimebound:MegaLick","floor":3},{"not_picked":["Slimebound:Recollect","Slimebound:SplitLeeching"],"picked":"Slimebound:LeechEnergy","floor":4},{"not_picked":["Slimebound:RollThrough","Slimebound:SplitMire"],"picked":"Slimebound:SamplingLick","floor":5},{"not_picked":["Slimebound:MassRepurpose","Slimebound:FormOfPuddle"],"picked":"Slimebound:FinishingTackle","floor":8},{"not_picked":["Slimebound:Replication","Slimebound:Chomp"],"picked":"Slimebound:SplitMire","floor":10},{"not_picked":["Slimebound:Equalize","Slimebound:FinishingTackle"],"picked":"Slimebound:Nibble","floor":11},{"not_picked":["Slimebound:Repurpose","Slimebound:ComboTackle"],"picked":"Slimebound:SplitMire","floor":14},{"not_picked":["Slimebound:HauntingLick","Slimebound:DuplicatedForm"],"picked":"Slimebound:ItLooksTasty","floor":15},{"not_picked":["Slimebound:MassFeed","Slimebound:FirmFortitude"],"picked":"Slimebound:RallyTheTroops","floor":16},{"not_picked":["Slimebound:AcidTongue+1","Slimebound:SlimeSpikes+1"],"picked":"Slimebound:GoopSpray","floor":19},{"not_picked":["Slimebound:Prepare+1","Slimebound:LeechingTouch"],"picked":"Slimebound:SamplingLick","floor":20},{"not_picked":["Slimebound:ForwardTackle+1","Slimebound:RollThrough+1"],"picked":"Slimebound:SplitAcid+1","floor":21},{"not_picked":["infinitespire:TheBestDefense","infinitespire:Oblivion"],"picked":"infinitespire:Gouge","floor":22},{"not_picked":["Slimebound:PressTheAttack","Slimebound:ProtectTheBoss+1"],"picked":"Slimebound:ItLooksTasty+1","floor":23}],"player_experience":623936,"relics_obtained":[{"floor":8,"key":"infinitespire:EmpoweringShard"},{"floor":11,"key":"Centennial Puzzle"},{"floor":14,"key":"infinitespire:Eraser"},{"floor":23,"key":"Bag of Preparation"},{"floor":24,"key":"Tiny Chest"}],"event_choices":[],"is_beta":false,"boss_relics":[{"not_picked":["Calling Bell","beaked:MawFillet"],"picked":"bronze:MakeshiftBattery"}],"items_purged_floors":[],"is_endless":false,"potions_floor_spawned":[5,10,14,15,19,23],"killed_by":"Nightmare","ascension_level":1}}