{"host":"8inpc3yxphy2r27y","time":1611507737,"event":{"mods":["100% Spire Juice","ATMod(阿瑾Mod)","Bard","BaseMod","Better Synergies","Challenge The Spire","Conspire","Downfall","Energized Spire","FutureSeer","Gremlin Mod","GungeonMod","Highlight Path","KinomotoSakuraMod(木之本樱)","Lobotomy","LobotomyExtend","Minty Spire (QoL Compilation)","Quick Restart","READ ME - Guardian Mod","Relic Stats","Replay The Spire","RumiaBox-露米娅的神秘盒子","Ryuuou龙王","SIMod","Shop Mod","Spicy Shops","StSLib","TestMod","The Construct","The Cursed","The Gatherer","The Hierophant","The Poker Player","UnlockEverythingMod","Waifu the Spire","[IsaacMod]以撒尖塔","[JumpMod]舞动尖塔","noobMod","vexMod","【遗物卡牌】REMEMod","残留之物","篝火指南"],"gold_per_floor":[112,124,143,193,143,172,15,15,15,19,34,34,34,45,45,143,143,143,156,156,102,102,102,102],"floor_reached":23,"language":"ZHS","playtime":1506,"items_purged":[],"score":237,"play_id":"b57e7bb1-1895-44eb-b5be-2a6d7ecd467d","local_time":"20210125010217","is_ascension_mode":false,"campfire_choices":[{"floor":13.0,"key":"RECALL"},{"data":"AT_ShadowStep","floor":15,"key":"SMITH"}],"circlet_count":0,"master_deck":["WhiteNight","LongBird","SakuraCardTheWindy+","ClowCardTheSword","ClowCardTheSword","ClowCardTheSword","ClowCardTheSword","ClowCardTheShield","ClowCardTheShield","ClowCardTheShield","SpellCardSeal","SpellCardRelease","AT_ShadowStep+1","Bomb","ClowCardTheStorm","ClowCardTheMaze","ClowCardTheDream","ClowCardTheLoop","ClowCardTheSong","ClowCardTheJump","ClowCardTheBubbles","UniverseFragment","ClowCardTheFight","vexMod:UltimateCard","HereticApostle","ClowCardTheJump","ClowCardTheFirey","ClowCardThePower","ClowCardTheErase","ClowCardTheSleep","ClowCardTheReturn","MHz","ClowCardTheSnow+1","Doubt","ClowCardTheFlower+1","ClowCardTheGlow+1","ClowCardTheFly","PunishingBird"],"relics":["KSMOD_SealedBook","KSMOD_SealedWand","HushsDoor","REME_ComplimentaryCards","testmod-TestBox","AT_ATBox","HowToJump","ice","GnawedLeaf","testmod-BlackFramedGlasses","CogitoBucket","Prayer Wheel","LetterFromLob","Ring of Greed","Smiling Mask","MealTicket","MerchantsRug","DemoMod:GnawedKey","Justitia_r","HellTrain","ReplayTheSpireMod:DimensionalGlitch","DeathAngel","Nloth\u0027s Gift"],"acts_visited":["Exordium","TheCity"],"potions_floor_usage":[],"damage_taken":[{"damage":23.0,"enemies":"2 Louse","floor":1.0,"turns":6.0},{"damage":8.0,"enemies":"Small Slimes","floor":2.0,"turns":2.0},{"damage":10.0,"enemies":"Jaw Worm","floor":3.0,"turns":2.0},{"damage":75.0,"enemies":"3 Sentries","floor":6.0,"turns":16.0},{"damage":9.0,"enemies":"Looter","floor":11.0,"turns":3.0},{"damage":55,"enemies":"Exordium Wildlife","floor":14,"turns":4},{"damage":6,"enemies":"Hexaghost","floor":16,"turns":7},{"damage":56,"enemies":"Spheric Guardian","floor":18,"turns":5},{"damage":0,"enemies":"Spheric Guardian","floor":19,"turns":4},{"damage":126,"enemies":"Gremlin Leader","floor":23,"turns":10}],"seed_played":"-4312699864694966809","potions_obtained":[{"floor":2.0,"key":"DemoMod:LeadSkinPotion"},{"floor":6.0,"key":"DuplicationPotion"},{"floor":18,"key":"Weak Potion"}],"is_trial":false,"path_per_floor":["M","M","M","?","?","E","$","?","T","$","M","$","R","M","R","B",null,"M","M","?","?","?","E"],"character_chosen":"KINOMOTOSAKURA","items_purchased":["MerchantsRug","DemoMod:GnawedKey"],"campfire_rested":0,"item_purchase_floors":[7,10],"current_hp_per_floor":[52,46,38,38,38,45,60,68,68,79,72,81,81,29,29,81,81,50,75,75,75,75,0,0],"gold":102,"neow_bonus":"","is_daily":false,"chose_seed":false,"campfire_upgraded":1,"win_rate":0.0,"timestamp":1611507737,"path_taken":["M","M","M","?","?","E","$","?","T","$","?","?","R","M","R","BOSS","M","M","?","?","?","E"],"items_purchased_type":["Relic","Relic"],"build_version":"2020-12-22","purchased_purges":0,"victory":false,"max_hp_per_floor":[70,70,70,70,70,79,79,79,79,79,81,81,81,81,81,81,81,81,81,81,81,81,89,89],"relic_stats":{"counters":[12,60],"Prayer Wheel":6,"MealTicket":35,"Nloth\u0027s Gift":0,"Smiling Mask":0,"obtain_stats":[{"AT_ATBox":0,"GnawedLeaf":0,"DemoMod:GlassGuonStoneRelic":2,"ice":0,"Smiling Mask":4,"testmod-BlackFramedGlasses":0,"Yang_Lob":2,"CogitoBucket":0,"Prayer Wheel":1,"MealTicket":4,"KSMOD_SealedWand":0,"DemoMod:GnawedKey":10,"KeepersGift":0,"MerchantsRug":7,"testmod-TestBox":0,"HowToJump":0,"KSMOD_SealedBook":0,"Baka":1,"Ring of Greed":4,"DeathAngel":18,"LetterFromLob":1,"Bag of Marbles":6,"Nloth\u0027s Gift":22,"HellTrain":14,"HushsDoor":0,"ReplayTheSpireMod:DimensionalGlitch":17,"Justitia_r":14,"REME_ComplimentaryCards":0},{"AT_ATBox":0,"GnawedLeaf":0,"DemoMod:GlassGuonStoneRelic":2,"ice":0,"Smiling Mask":3,"testmod-BlackFramedGlasses":0,"Yang_Lob":2,"CogitoBucket":0,"Prayer Wheel":1,"MealTicket":3,"KSMOD_SealedWand":0,"DemoMod:GnawedKey":4,"KeepersGift":0,"MerchantsRug":4,"testmod-TestBox":0,"HowToJump":0,"KSMOD_SealedBook":0,"Baka":1,"Ring of Greed":3,"DeathAngel":10,"LetterFromLob":1,"Bag of Marbles":4,"Nloth\u0027s Gift":11,"HellTrain":7,"HushsDoor":0,"ReplayTheSpireMod:DimensionalGlitch":8,"Justitia_r":7,"REME_ComplimentaryCards":0},{"AT_ATBox":0,"GnawedLeaf":0,"DemoMod:GlassGuonStoneRelic":8,"ice":0,"Smiling Mask":10,"testmod-BlackFramedGlasses":0,"Yang_Lob":8,"CogitoBucket":0,"Prayer Wheel":2,"MealTicket":10,"KSMOD_SealedWand":0,"DemoMod:GnawedKey":26,"KeepersGift":0,"MerchantsRug":26,"testmod-TestBox":0,"HowToJump":0,"KSMOD_SealedBook":0,"Baka":6,"Ring of Greed":10,"DeathAngel":46,"LetterFromLob":6,"Bag of Marbles":26,"Nloth\u0027s Gift":50,"HellTrain":34,"HushsDoor":0,"ReplayTheSpireMod:DimensionalGlitch":40,"Justitia_r":34,"REME_ComplimentaryCards":0}]},"card_choices":[{"not_picked":[],"picked":"ChaosCard","floor":0.0},{"not_picked":["ClowCardTheFloat","ClowCardTheSilent"],"picked":"Bomb","floor":1.0},{"not_picked":["ClowCardTheSand","ClowCardTheMirror"],"picked":"ClowCardTheStorm","floor":1.0},{"not_picked":["ClowCardTheArrow","ClowCardTheShot"],"picked":"ClowCardTheMaze","floor":1.0},{"not_picked":["Variant","VoidDream","CherryBlossoms"],"picked":"Singing Bowl","floor":1.0},{"not_picked":["UniverseFragment","MeatLantern"],"picked":"Yin","floor":1.0},{"not_picked":["ClowCardTheLight","ClowCardTheMirror"],"picked":"ClowCardTheDream","floor":2.0},{"not_picked":["ClowCardTheFly","ClowCardTheMist"],"picked":"ClowCardTheLoop","floor":2.0},{"not_picked":["ClowCardTheWood","ClowCardTheSweet"],"picked":"ClowCardTheWindy","floor":2.0},{"not_picked":["ClowCardTheChange","ClowCardTheWood"],"picked":"ClowCardTheSong","floor":3.0},{"not_picked":["ClowCardTheIllusion","ClowCardTheWood"],"picked":"ClowCardTheJump","floor":3.0},{"not_picked":["ClowCardTheMirror","ClowCardTheLibra"],"picked":"ClowCardTheBubbles","floor":3.0},{"not_picked":["Bloodbath","Scorched","ShyLook"],"picked":"Singing Bowl","floor":3.0},{"not_picked":["FairyFestival","OSAHOGD"],"picked":"UniverseFragment","floor":3.0},{"not_picked":["LittlePrince","Scorched","WallGazer"],"picked":"Singing Bowl","floor":6.0},{"not_picked":["ClowCardTheCloud","ClowCardTheLibra"],"picked":"ClowCardTheFight","floor":6.0},{"not_picked":["CherryBlossoms","Variant","BeautyBeast"],"picked":"Singing Bowl","floor":11.0},{"not_picked":["Scarecrow","OldLady"],"picked":"LongBird","floor":11.0},{"not_picked":["ClowCardTheWood","ClowCardTheChange"],"picked":"ClowCardTheDream","floor":11.0},{"not_picked":["ClowCardTheSand","ClowCardTheCloud"],"picked":"ClowCardTheJump","floor":11.0},{"not_picked":["ClowCardTheFly","ClowCardTheSong"],"picked":"ClowCardTheFirey","floor":11.0},{"not_picked":["MeatLantern","QueenBee","Scorched"],"picked":"Singing Bowl","floor":14},{"not_picked":["Bloodbath","NakedNest"],"picked":"WhiteNight","floor":14},{"not_picked":["ClowCardTheRain","ClowCardTheGlow"],"picked":"ClowCardThePower","floor":14},{"not_picked":["ClowCardTheWood","ClowCardTheSand"],"picked":"ClowCardTheErase","floor":14},{"not_picked":["ClowCardTheDark","ClowCardTheFlower"],"picked":"ClowCardTheSleep","floor":14},{"not_picked":["ClowCardTheTwin","ClowCardTheDark"],"picked":"ClowCardTheReturn","floor":16},{"not_picked":["LaLuna","ShyLook"],"picked":"BodiesMountain","floor":16},{"not_picked":["Murderer","ShyLook","MHz"],"picked":"Singing Bowl","floor":18},{"not_picked":["ShyLook","FairyFestival"],"picked":"MHz","floor":18},{"not_picked":["ClowCardTheThunder","ClowCardTheBubbles"],"picked":"ClowCardTheSnow+1","floor":18},{"not_picked":["ClowCardTheMirror","ClowCardTheWood"],"picked":"ClowCardTheFlower+1","floor":19},{"not_picked":["ClowCardTheMist","ClowCardTheSleep"],"picked":"ClowCardTheGlow+1","floor":19},{"not_picked":["ClowCardTheEarthy","ClowCardTheBubbles"],"picked":"ClowCardTheFly","floor":19},{"not_picked":["ShyLook","Wellcheers","RedShoes"],"picked":"Singing Bowl","floor":19},{"not_picked":["Woodsman","MeatLantern"],"picked":"PunishingBird","floor":19}],"player_experience":82144,"relics_obtained":[{"floor":1.0,"key":"Baka"},{"floor":1.0,"key":"LetterFromLob"},{"floor":4.0,"key":"Smiling Mask"},{"floor":4.0,"key":"MealTicket"},{"floor":6.0,"key":"Bag of Marbles"},{"floor":18,"key":"DeathAngel"}],"event_choices":[{"damage_healed":0.0,"max_hp_gain":0.0,"max_hp_loss":0.0,"gold_gain":0.0,"event_name":"给自己的盒子","player_choice":"Swap Relic","floor":4.0,"relics_lost":["Baka"],"gold_loss":0.0,"damage_taken":0.0,"relics_obtained":["Ring of Greed"]},{"cards_removed":["ClowCardTheShield"],"damage_healed":0.0,"max_hp_gain":0.0,"max_hp_loss":0.0,"gold_gain":0.0,"event_name":"The Cleric","player_choice":"Card Removal","floor":5.0,"gold_loss":50.0,"damage_taken":0.0},{"damage_healed":0,"gold_gain":0,"player_choice":"Ignored","damage_taken":0,"max_hp_gain":0,"max_hp_loss":0,"event_name":"Vampires","floor":20,"gold_loss":0},{"damage_healed":0,"gold_gain":0,"player_choice":"Traded Relic","damage_taken":0,"relics_obtained":["Nloth\u0027s Gift"],"max_hp_gain":0,"max_hp_loss":0,"event_name":"N\u0027loth","floor":22,"relics_lost":["Prayer Wheel"],"gold_loss":0}],"is_beta":false,"boss_relics":[{"not_picked":["vexMod:NewClearReactor","Runic Pyramid"],"picked":"ReplayTheSpireMod:DimensionalGlitch"},{"not_picked":[]}],"items_purged_floors":[],"is_endless":false,"potions_floor_spawned":[2,6,18],"killed_by":"Gremlin Leader","ascension_level":0}}