{"host":"fkig9nrckec4xsh0","time":1611515930,"event":{"mods":["Act Like it!","BaseMod","Colored Map","Gensokyo","Hermit","Marisa????????","Minty Spire (QoL Compilation)","Quick Restart","Replay The Spire","StSLib"],"gold_per_floor":[119,12,42,42,42,42,93,106,156,24,97,97,97,121,121,256,256,317,317,376,101,133,199,199,449,449,449,399,905,905],"floor_reached":29,"language":"ENG","playtime":1926,"items_purged":[],"score":299,"play_id":"b3203477-ffd2-4062-9160-cb8f3beac4f0","local_time":"20210124141850","is_ascension_mode":false,"campfire_choices":[{"data":"WitchOfGreed","floor":6.0,"key":"SMITH"},{"data":"Gensokyo:CrescentMoonSlash","floor":15.0,"key":"SMITH"},{"floor":24.0,"key":"REST"},{"floor":26,"key":"REST"}],"circlet_count":0,"master_deck":["Strike_MRS","Strike_MRS","Strike_MRS","Defend_MRS","Defend_MRS","Defend_MRS","MasterSpark","UpSweep","GasGiant","StarlightTyphoon","WitchOfGreed+1","RefractionSpark","Gensokyo:CrescentMoonSlash+1","OpenUniverse","AsteroidBelt","SatelliteIllusion","GravityBeat","CollectingQuirk","AbeCurse","Acceleration","Gensokyo:HAARP","UltimateShortwave","Gensokyo:BlemishedSteel","ShootingEcho+1","MeteoricShower","EarthLightRay","Occultation","BlazeAway+1","MachineGunSpark+1","MaximisePower"],"relics":["MiniHakkero","Black Star","RampagingMagicTools","Gensokyo:Justice","Replay:Baseball","Calipers","Replay:Bandana","ReplayTheSpireMod:TigerMarble","Gensokyo:PortableGap","Abe\u0027s Treasure","Ice Cream","Orrery","Oddly Smooth Stone","MealTicket","Blood Vial","Gensokyo:ChorusOfJoy","Frozen Eye"],"acts_visited":["Exordium","Gensokyo:Gensokyo"],"potions_floor_usage":[],"damage_taken":[{"damage":2.0,"enemies":"Gensokyo:3_Fairies","floor":1.0,"turns":3.0},{"damage":0.0,"enemies":"Gensokyo:2_Kodama","floor":3.0,"turns":4.0},{"damage":0.0,"enemies":"Gensokyo:Mamizou","floor":7.0,"turns":7.0},{"damage":0.0,"enemies":"Gensokyo:Python","floor":8.0,"turns":2.0},{"damage":26.0,"enemies":"Gensokyo:Aya","floor":11.0,"turns":5.0},{"damage":0.0,"enemies":"Gensokyo:VengefulSpirit","floor":14.0,"turns":3.0},{"damage":6.0,"enemies":"Gensokyo:Yukari","floor":16.0,"turns":7.0},{"damage":12.0,"enemies":"Gensokyo:3_Dogs","floor":18.0,"turns":3.0},{"damage":2.0,"enemies":"Gensokyo:2_Gloops","floor":20.0,"turns":3.0},{"damage":34.0,"enemies":"Gensokyo:Wraith","floor":22.0,"turns":4.0},{"damage":26.0,"enemies":"Gensokyo:Tenshi","floor":23.0,"turns":2.0},{"damage":60,"enemies":"Gensokyo:Koishi","floor":29,"turns":6}],"seed_played":"-2236573787287385145","potions_obtained":[{"floor":1.0,"key":"SpeedPotion"},{"floor":3.0,"key":"ShroomBrew"},{"floor":7.0,"key":"SpeedPotion"},{"floor":11.0,"key":"SteroidPotion"},{"floor":14.0,"key":"DuplicationPotion"},{"floor":16.0,"key":"Regen Potion"},{"floor":16.0,"key":"DuplicationPotion"},{"floor":18.0,"key":"SkillPotion"},{"floor":20.0,"key":"Explosive Potion"},{"floor":22.0,"key":"Adrenaline Potion"}],"is_trial":false,"path_per_floor":["M","$","M","?","?","R","E","M","T","COS","?","?","?","M","R","B",null,"M","?","M","COS","M","E","R","?","R","?","?","E"],"character_chosen":"MARISA","items_purchased":["StarlightTyphoon","WitchOfGreed"],"campfire_rested":2,"item_purchase_floors":[2,2],"current_hp_per_floor":[73,73,73,62,62,62,62,62,62,62,36,36,23,23,23,21,68,56,56,54,54,24,3,21,21,38,38,45,0,0],"gold":905,"neow_bonus":"DOUBLE_BOSS_RELIC","is_daily":false,"chose_seed":false,"campfire_upgraded":2,"win_rate":0.0,"timestamp":1611515930,"path_taken":["M","$","M","?","?","R","E","M","T","COS","?","?","?","M","R","BOSS","M","?","M","COS","M","E","R","?","R","?","?","E"],"items_purchased_type":["Card","Card"],"build_version":"2020-12-22","purchased_purges":0,"victory":false,"max_hp_per_floor":[75,75,75,75,75,75,75,75,75,75,75,68,68,68,68,68,68,68,62,62,62,62,62,62,59,59,59,66,66,66],"card_choices":[{"not_picked":["DC","SporeBomb"],"picked":"GasGiant","floor":1.0},{"not_picked":["Acceleration","MysteriousBeam"],"picked":"RefractionSpark","floor":3.0},{"not_picked":["MysteriousBeam","6A"],"picked":"OpenUniverse","floor":7.0},{"not_picked":["UnstableBomb","AlicesGift"],"picked":"AsteroidBelt","floor":8.0},{"not_picked":["GrandCross","DarkMatter"],"picked":"SatelliteIllusion","floor":11.0},{"not_picked":["MilkyWay","Acceleration"],"picked":"GravityBeat","floor":14.0},{"not_picked":["TreasureHunter","UltimateShortwave"],"picked":"CollectingQuirk","floor":16.0},{"not_picked":["AsteroidBelt","Robbery"],"picked":"Acceleration","floor":18.0},{"not_picked":["Gensokyo:MonkeysPaw","Gensokyo:Apocalypse"],"picked":"Gensokyo:HAARP","floor":19.0},{"not_picked":["AsteroidBelt","6A+1"],"picked":"UltimateShortwave","floor":20.0},{"not_picked":["StarBarrage","DragonMeteor"],"picked":"ShootingEcho+1","floor":21.0},{"not_picked":["GravityBeat","WitchLeyline"],"picked":"MeteoricShower","floor":21.0},{"not_picked":["DarkMatter","UnstableBomb"],"picked":"EarthLightRay","floor":21.0},{"not_picked":["WitchOfGreed","EnergyFlow"],"picked":"Occultation","floor":21.0},{"not_picked":["PulseMagic","AsteroidBelt"],"picked":"BlazeAway+1","floor":21.0},{"not_picked":["DarkSpark","BlazeAway"],"picked":"MachineGunSpark+1","floor":22.0},{"not_picked":["NonDirectionalLaser","MysteriousBeam"],"picked":"MaximisePower","floor":23.0}],"player_experience":397428,"relics_obtained":[{"floor":7.0,"key":"Replay:Baseball"},{"floor":7.0,"key":"Calipers"},{"floor":9.0,"key":"Replay:Bandana"},{"floor":11.0,"key":"Pen Nib"},{"floor":11.0,"key":"ReplayTheSpireMod:TigerMarble"},{"floor":23.0,"key":"MealTicket"},{"floor":23.0,"key":"Blood Vial"}],"event_choices":[],"is_beta":false,"boss_relics":[{"not_picked":["Honey Jar","Replay:Drink Me"],"picked":"Abe\u0027s Treasure"}],"items_purged_floors":[],"is_endless":false,"potions_floor_spawned":[1,14,16,20,22],"killed_by":"Gensokyo:Koishi","ascension_level":0}}