{"host":"ebj6lkgm8suah319","time":1611530928,"event":{"mods":["2.2 Compatiblity","AchievementEnabler","BaseMod","Block Reminder","Colored Map","Colored Powertips","Minty Spire (QoL Compilation)","Quick Restart","Rare Cards Sparkle","Relic Stats","SuperFastMode"],"gold_per_floor":[111,111,161,171,195,225,23,23,93,93,108,108,141,15,15,90,90,103,153,173,192,192,192,192,192],"floor_reached":24,"language":"ENG","playtime":655,"items_purged":["Strike_R","Strike_R"],"score":454,"play_id":"1571b216-29c4-4646-ae23-46217abfe17d","local_time":"20210124182848","is_ascension_mode":true,"campfire_choices":[{"data":"Battle Trance","floor":8.0,"key":"SMITH"},{"data":"Carnage","floor":12.0,"key":"SMITH"},{"data":"True Grit","floor":15.0,"key":"SMITH"},{"floor":23,"key":"REST"}],"circlet_count":0,"master_deck":["AscendersBane","Strike_R","Strike_R","Strike_R","Defend_R","Defend_R","Defend_R","Defend_R+1","Bash+1","Battle Trance+1","Pommel Strike","Pummel","Feel No Pain","Carnage+1","Havoc","True Grit+1","Offering","Power Through","Spot Weakness","Disarm"],"relics":["Burning Blood","NeowsBlessing","Dream Catcher","Potion Belt","Kunai","Torii","Cursed Key"],"acts_visited":["Exordium","TheCity"],"potions_floor_usage":[20,21,24,24,24],"damage_taken":[{"damage":0.0,"enemies":"Small Slimes","floor":1.0,"turns":1.0},{"damage":0.0,"enemies":"Jaw Worm","floor":4.0,"turns":1.0},{"damage":0.0,"enemies":"Gremlin Nob","floor":6.0,"turns":1.0},{"damage":0.0,"enemies":"Cultist","floor":11.0,"turns":3.0},{"damage":15.0,"enemies":"3 Sentries","floor":13.0,"turns":9.0},{"damage":48.0,"enemies":"The Guardian","floor":16.0,"turns":20.0},{"damage":6.0,"enemies":"Spheric Guardian","floor":18.0,"turns":3.0},{"damage":9,"enemies":"3 Byrds","floor":20,"turns":5},{"damage":13,"enemies":"Centurion and Healer","floor":21,"turns":6},{"damage":72,"enemies":"Slavers","floor":24,"turns":5}],"seed_played":"-4983629846968057185","potions_obtained":[{"floor":4.0,"key":"Weak Potion"},{"floor":11.0,"key":"GamblersBrew"},{"floor":13.0,"key":"SkillPotion"},{"floor":18.0,"key":"Strength Potion"},{"floor":20,"key":"AttackPotion"}],"is_trial":false,"path_per_floor":["M","?","?","M","T","E","$","R","T","?","M","R","E","$","R","B",null,"M","?","M","M","?","R","E"],"character_chosen":"IRONCLAD","items_purchased":["Feel No Pain","Carnage","True Grit"],"campfire_rested":1,"item_purchase_floors":[7,7,14],"current_hp_per_floor":[74,79,79,80,80,80,80,80,80,56,62,62,53,53,53,11,63,63,55,52,45,45,69,0,0],"gold":192,"neow_bonus":"THREE_ENEMY_KILL","is_daily":false,"chose_seed":false,"campfire_upgraded":3,"win_rate":0.0,"timestamp":1611530928,"path_taken":["M","?","?","?","?","E","?","R","T","?","M","R","E","?","R","BOSS","M","?","M","?","?","R","E"],"items_purchased_type":["Card","Card","Card"],"build_version":"2020-12-22","purchased_purges":2,"victory":false,"max_hp_per_floor":[75,80,80,80,80,80,80,80,80,80,80,80,80,80,80,80,80,80,80,80,80,80,80,80,80],"relic_stats":{"Dream Catcher":1,"Torii":18,"counters":[10,54],"Kunai":[8],"Cursed Key":0,"obtain_stats":[{"Potion Belt":6,"Dream Catcher":5,"NeowsBlessing":0,"Torii":13,"Kunai":9,"Cursed Key":17,"Burning Blood":0},{"Potion Belt":3,"Dream Catcher":2,"NeowsBlessing":0,"Torii":5,"Kunai":3,"Cursed Key":6,"Burning Blood":0},{"Potion Belt":3,"Dream Catcher":2,"NeowsBlessing":0,"Torii":15,"Kunai":3,"Cursed Key":35,"Burning Blood":0}],"Burning Blood":43},"card_choices":[{"not_picked":["Headbutt","Body Slam"],"picked":"Battle Trance","floor":1.0},{"not_picked":["True Grit","Iron Wave"],"picked":"Pommel Strike","floor":4.0},{"not_picked":["Searing Blow","Entrench"],"picked":"Pummel","floor":6.0},{"not_picked":["Pummel","Cleave","Wild Strike"],"picked":"SKIP","floor":11.0},{"not_picked":["Perfected Strike","Wild Strike"],"picked":"Havoc","floor":13.0},{"not_picked":["Exhume","Berserk"],"picked":"Offering","floor":16.0},{"not_picked":["Infernal Blade","Twin Strike","Body Slam"],"picked":"SKIP","floor":18.0},{"not_picked":["Ghostly Armor","Power Through","Sword Boomerang"],"picked":"SKIP","floor":20},{"not_picked":["Ghostly Armor","Sword Boomerang"],"picked":"Power Through","floor":20},{"not_picked":["Seeing Red","Searing Blow"],"picked":"Spot Weakness","floor":21},{"not_picked":["Fire Breathing","Headbutt"],"picked":"Disarm","floor":23}],"player_experience":76610,"relics_obtained":[{"floor":5.0,"key":"Dream Catcher"},{"floor":6.0,"key":"Potion Belt"},{"floor":9.0,"key":"Kunai"},{"floor":13.0,"key":"Torii"}],"event_choices":[{"damage_healed":0.0,"max_hp_gain":5.0,"max_hp_loss":0.0,"gold_gain":0.0,"event_name":"Big Fish","player_choice":"Donut","floor":2.0,"gold_loss":0.0,"damage_taken":0.0},{"damage_healed":0.0,"max_hp_gain":0.0,"max_hp_loss":0.0,"gold_gain":50.0,"event_name":"Golden Shrine","player_choice":"Pray","floor":3.0,"gold_loss":0.0,"damage_taken":0.0},{"damage_healed":0.0,"max_hp_gain":0.0,"max_hp_loss":0.0,"gold_gain":0.0,"event_name":"Shining Light","player_choice":"Entered Light","floor":10.0,"gold_loss":0.0,"damage_taken":24.0,"cards_upgraded":["Bash","Defend_R"]},{"damage_healed":0.0,"max_hp_gain":0.0,"max_hp_loss":0.0,"gold_gain":50.0,"event_name":"FaceTrader","player_choice":"Touch","floor":19.0,"gold_loss":0.0,"damage_taken":8.0},{"damage_healed":0,"gold_gain":0,"player_choice":"Ignored","damage_taken":0,"max_hp_gain":0,"max_hp_loss":0,"event_name":"The Mausoleum","floor":22,"gold_loss":0}],"is_beta":false,"boss_relics":[{"not_picked":["Sozu","Ectoplasm"],"picked":"Cursed Key"}],"items_purged_floors":[7,14],"is_endless":false,"potions_floor_spawned":[4,11,13,18,20],"killed_by":"Slavers","ascension_level":20}}