{"host":"2qv44oxt58ptq59r","time":1611522980,"event":{"mods":["AchievementEnabler","BaseMod","Colored Powertips","Highlight Path","Minty Spire (QoL Compilation)","Permanent Neow","StSLib"],"gold_per_floor":[118,42,60,60,60,60,60,121,147,222,32,43,43,62,62,167,167,181,200,200,200,211,245,245,160,232,29,45,45,60,60,60,156,156,166,216,64,84,84,84,102,102,102,135,146,157,157,12,12,12,12,12,12,39,39,39],"floor_reached":55,"language":"ENG","playtime":6823,"items_purged":[],"score":678,"play_id":"4e3ae79d-2658-4207-a3b7-0abbf74b8139","local_time":"20210124211620","is_ascension_mode":false,"campfire_choices":[{"data":"Zap","floor":6.0,"key":"SMITH"},{"data":"Static Discharge","floor":13.0,"key":"SMITH"},{"data":"Self Repair","floor":15.0,"key":"SMITH"},{"data":"Storm","floor":24.0,"key":"SMITH"},{"floor":29.0,"key":"RECALL"},{"data":"Loop","floor":32.0,"key":"SMITH"},{"data":"Capacitor","floor":40.0,"key":"SMITH"},{"data":"Creative AI","floor":42.0,"key":"SMITH"},{"data":"Mind Blast","floor":49.0,"key":"SMITH"},{"data":"Defragment","floor":52.0,"key":"SMITH"}],"circlet_count":0,"master_deck":["Strike_B+1","Defend_B","Defend_B","Defend_B","Zap+1","Dualcast","Doom and Gloom+1","Self Repair+1","Melter","Tempest","Static Discharge+1","Loop+1","Biased Cognition","Redo","Defragment+1","Reboot","Reprogram","Leap","Storm+1","Cold Snap","Glacier","Creative AI+1","Redo","Cold Snap","Capacitor+1","Force Field","Defragment+1","Conserve Battery","Go for the Eyes","Mind Blast+1","Biased Cognition"],"relics":["Cracked Core","DataDisk","Eternal Feather","Nunchaku","SacredBark","Lantern","Tiny Chest","Gremlin Horn","OrangePellets","Empty Cage","Lizard Tail","Sling","CaptainsWheel","Meat on the Bone","Centennial Puzzle","Bronze Scales","Bottled Flame"],"acts_visited":["Exordium","TheCity","TheBeyond","TheEnding"],"potions_floor_usage":[55,55],"damage_taken":[{"damage":0.0,"enemies":"Small Slimes","floor":1.0,"turns":3.0},{"damage":5.0,"enemies":"Jaw Worm","floor":3.0,"turns":4.0},{"damage":8.0,"enemies":"3 Sentries","floor":8.0,"turns":6.0},{"damage":0.0,"enemies":"2 Louse","floor":12.0,"turns":1.0},{"damage":5.0,"enemies":"Looter","floor":14.0,"turns":3.0},{"damage":31.0,"enemies":"The Guardian","floor":16.0,"turns":6.0},{"damage":0.0,"enemies":"Spheric Guardian","floor":18.0,"turns":1.0},{"damage":35.0,"enemies":"2 Thieves","floor":19.0,"turns":2.0},{"damage":29.0,"enemies":"Centurion and Healer","floor":22.0,"turns":3.0},{"damage":0.0,"enemies":"Gremlin Leader","floor":23.0,"turns":6.0},{"damage":27.0,"enemies":"Snake Plant","floor":28.0,"turns":3.0},{"damage":1.0,"enemies":"3 Cultists","floor":30.0,"turns":4.0},{"damage":31.0,"enemies":"Champ","floor":33.0,"turns":5.0},{"damage":33.0,"enemies":"3 Darklings","floor":35.0,"turns":4.0},{"damage":0.0,"enemies":"Mind Bloom Boss Battle","floor":36.0,"turns":5.0},{"damage":2.0,"enemies":"Orb Walker","floor":38.0,"turns":5.0},{"damage":3.0,"enemies":"Transient","floor":41.0,"turns":5.0},{"damage":81.0,"enemies":"Giant Head","floor":44.0,"turns":8.0},{"damage":28.0,"enemies":"Spire Growth","floor":45.0,"turns":6.0},{"damage":16.0,"enemies":"Sphere and 2 Shapes","floor":46.0,"turns":5.0},{"damage":57.0,"enemies":"Donu and Deca","floor":50.0,"turns":8.0},{"damage":38.0,"enemies":"Shield and Spear","floor":54.0,"turns":4.0},{"damage":74,"enemies":"The Heart","floor":55,"turns":6}],"seed_played":"8994208130171847983","potions_obtained":[{"floor":1.0,"key":"Fire Potion"},{"floor":8.0,"key":"FearPotion"},{"floor":18.0,"key":"PowerPotion"},{"floor":19.0,"key":"Swift Potion"},{"floor":22.0,"key":"Regen Potion"},{"floor":30.0,"key":"Dexterity Potion"},{"floor":36.0,"key":"LiquidBronze"},{"floor":38.0,"key":"Block Potion"},{"floor":44.0,"key":"Ancient Potion"},{"floor":46.0,"key":"EssenceOfDarkness"}],"is_trial":false,"path_per_floor":["M","$","M","?","$","R","?","?","T","?","$","M","R","M","R","B",null,"M","M","?","?","M","E","R","?","T","$","M","R","M","?","R","B",null,"M","?","$","M","T","R","M","R","T","E","M","M","?","$","R","B",null,"R","$","E","B"],"character_chosen":"DEFECT","items_purchased":["Self Repair","Nunchaku","Static Discharge","OrangePellets","FocusPotion","Sling","Bronze Scales"],"campfire_rested":0,"item_purchase_floors":[2,11,11,27,27,37,48],"current_hp_per_floor":[75,75,75,60,60,60,65,64,64,53,53,53,62,64,73,42,80,80,45,30,30,11,61,73,73,73,73,56,68,67,67,79,48,85,62,72,72,80,80,85,85,85,85,26,64,58,58,58,76,41,85,85,85,47,0,0],"gold":39,"neow_bonus":"RANDOM_COMMON_RELIC","is_daily":false,"chose_seed":false,"campfire_upgraded":9,"win_rate":0.0,"timestamp":1611522980,"path_taken":["M","$","M","?","$","R","?","?","T","?","$","M","R","M","R","BOSS","M","M","?","?","M","E","R","?","T","$","M","R","?","?","R","BOSS","M","?","$","M","?","R","?","R","T","E","M","M","?","$","R","BOSS","R","$","E","BOSS"],"items_purchased_type":["Card","Relic","Card","Relic","Potion","Relic","Relic"],"build_version":"2020-12-22","purchased_purges":0,"victory":false,"max_hp_per_floor":[75,75,75,75,75,75,80,80,80,80,80,80,80,80,80,80,80,80,80,85,85,85,85,85,85,85,85,85,85,85,85,85,85,85,85,85,85,85,85,85,85,85,85,85,85,85,85,85,85,85,85,85,85,85,85,85],"card_choices":[{"not_picked":["Capacitor","Sunder"],"picked":"Doom and Gloom","floor":1.0},{"not_picked":["Streamline","Reinforced Body"],"picked":"Melter","floor":3.0},{"not_picked":["Ball Lightning","Leap"],"picked":"Tempest","floor":8.0},{"not_picked":["Steam","Leap"],"picked":"Loop","floor":12.0},{"not_picked":["Turbo","Meteor Strike","Rip and Tear"],"picked":"SKIP","floor":14.0},{"not_picked":["Core Surge","Reboot"],"picked":"Biased Cognition","floor":16.0},{"not_picked":["Ball Lightning","Stack"],"picked":"Redo","floor":18.0},{"not_picked":["Rebound","Conserve Battery"],"picked":"Defragment+1","floor":19.0},{"not_picked":["Auto Shields","Hologram"],"picked":"Leap","floor":22.0},{"not_picked":["Biased Cognition","Beam Cell+1"],"picked":"Storm","floor":23.0},{"not_picked":["Steam+1","Compile Driver"],"picked":"Cold Snap","floor":28.0},{"not_picked":["Redo","Chaos"],"picked":"Glacier","floor":30.0},{"not_picked":["Seek","Rainbow"],"picked":"Creative AI","floor":33.0},{"not_picked":["Compile Driver+1","Rebound"],"picked":"Redo","floor":35.0},{"not_picked":["Rebound","Turbo"],"picked":"Cold Snap","floor":36.0},{"not_picked":["Barrage","Darkness"],"picked":"Capacitor","floor":38.0},{"not_picked":["Aggregate","Sweeping Beam"],"picked":"Force Field","floor":41.0},{"not_picked":["White Noise+1","Compile Driver"],"picked":"Defragment","floor":44.0},{"not_picked":["Multi-Cast","Reprogram+1"],"picked":"Conserve Battery","floor":45.0},{"not_picked":["Streamline","Hologram+1"],"picked":"Go for the Eyes","floor":46.0},{"not_picked":["PanicButton","Jack Of All Trades"],"picked":"Mind Blast","floor":47.0},{"not_picked":["Self Repair","Chaos"],"picked":"Biased Cognition","floor":54.0}],"player_experience":5474259,"relics_obtained":[{"floor":8.0,"key":"Eternal Feather"},{"floor":23.0,"key":"Lantern"},{"floor":26.0,"key":"Gremlin Horn"},{"floor":36.0,"key":"Lizard Tail"},{"floor":39.0,"key":"CaptainsWheel"},{"floor":43.0,"key":"Meat on the Bone"},{"floor":44.0,"key":"Centennial Puzzle"},{"floor":54.0,"key":"Bottled Flame"}],"event_choices":[{"damage_healed":0.0,"max_hp_gain":0.0,"max_hp_loss":0.0,"gold_gain":0.0,"event_name":"Shining Light","player_choice":"Entered Light","floor":4.0,"gold_loss":0.0,"damage_taken":15.0,"cards_upgraded":["Doom and Gloom","Strike_B"]},{"damage_healed":0.0,"max_hp_gain":5.0,"max_hp_loss":0.0,"gold_gain":0.0,"event_name":"Big Fish","player_choice":"Donut","floor":7.0,"gold_loss":0.0,"damage_taken":0.0},{"damage_healed":0.0,"max_hp_gain":0.0,"max_hp_loss":0.0,"gold_gain":0.0,"event_name":"Dead Adventurer","player_choice":"Searched \u00271\u0027 times","floor":8.0,"gold_loss":0.0,"damage_taken":0.0},{"damage_healed":0.0,"max_hp_gain":0.0,"max_hp_loss":0.0,"gold_gain":75.0,"event_name":"World of Goop","player_choice":"Gather Gold","floor":10.0,"gold_loss":0.0,"damage_taken":11.0},{"damage_healed":0.0,"max_hp_gain":5.0,"max_hp_loss":0.0,"gold_gain":0.0,"event_name":"Forgotten Altar","player_choice":"Shed Blood","floor":20.0,"gold_loss":0.0,"damage_taken":20.0},{"damage_healed":0.0,"max_hp_gain":0.0,"max_hp_loss":0.0,"gold_gain":0.0,"cards_transformed":["Strike_B","Strike_B"],"event_name":"Drug Dealer","player_choice":"Became Test Subject","floor":21.0,"gold_loss":0.0,"damage_taken":0.0,"cards_obtained":["Reboot","Reprogram"]},{"damage_healed":0.0,"max_hp_gain":0.0,"max_hp_loss":0.0,"gold_gain":0.0,"event_name":"Addict","player_choice":"Obtained Relic","floor":25.0,"gold_loss":85.0,"damage_taken":0.0,"relics_obtained":["Tiny Chest"]},{"damage_healed":0.0,"max_hp_gain":0.0,"max_hp_loss":0.0,"gold_gain":0.0,"event_name":"Cursed Tome","player_choice":"Ignored","floor":31.0,"gold_loss":0.0,"damage_taken":0.0},{"damage_healed":0.0,"max_hp_gain":0.0,"max_hp_loss":0.0,"gold_gain":0.0,"event_name":"MindBloom","player_choice":"Fight","floor":36.0,"gold_loss":0.0,"damage_taken":0.0},{"damage_healed":0.0,"max_hp_gain":0.0,"max_hp_loss":0.0,"gold_gain":0.0,"event_name":"SensoryStone","player_choice":"Memory 1","floor":47.0,"gold_loss":0.0,"damage_taken":0.0}],"is_beta":false,"boss_relics":[{"not_picked":["Velvet Choker","Busted Crown"],"picked":"SacredBark"},{"not_picked":["Snecko Eye","Runic Dome"],"picked":"Empty Cage"}],"items_purged_floors":[],"is_endless":false,"potions_floor_spawned":[1,8,18,19,22,30,36,38,44,46],"killed_by":"The Heart","ascension_level":0}}