{"host":"dx8mnueonnkh60qu","time":1611470984,"event":{"mods":["AchievementEnabler","Act Like it!","Aspiration","BaseMod","Better Silent Start","Better Third Choice","CCEM","Conspire","Defuse TimeMaze Blight","Dota2Spire","Downfall","Evolution","Hubris","Infinite Spire","Marked Mod","Minty Spire (QoL Compilation)","Quarter Circle Forward PUNCH!","Rare Cards Sparkle","Relic Stats","Robot Space Explorer","Spicy Shops","Spikes Relics","StSLib","SuperFastMode","The Blue Laboratory","The Caster"],"gold_per_floor":[99,99,110,125,125,138,138,138,156,184,195,221,221,221,232,329,329,329,341,359,124,224,258,258,276,294,294,313,332,343,361,372,475,475,475,492,507,507,522,538,538,555,586,486,500,520,570,625,644,644],"floor_reached":51,"language":"ENG","playtime":3391,"items_purged":["downfall:Malfunctioning"],"score":821,"play_id":"a203bb06-30e3-4439-bc36-1d7047367d86","local_time":"20210124014944","is_ascension_mode":false,"campfire_choices":[{"data":"bronze:Constructor","floor":1.0,"key":"SMITH"},{"data":"bronze:DigitalCarnage","floor":8.0,"key":"SMITH"},{"data":"bronze:Assembly","floor":13.0,"key":"SMITH"},{"data":"bronze:Assembly+1","floor":18.0,"key":"SMITH"},{"floor":27.0,"key":"REST"},{"data":"bronze:DigitalCarnage+1","floor":35,"key":"SMITH"},{"data":"bronze:Assembly+2","floor":44,"key":"SMITH"}],"circlet_count":0,"master_deck":["bronze:WildBeam","bronze:WildBeam","bronze:WildBeam","bronze:WildBeam","bronze:Constructor+1","bronze:Defend+1","bronze:Defend","bronze:Defend+1","bronze:Replicate+1","bronze:Goto","bronze:Replicate+1","bronze:ItsAFeature+1","bronze:DigitalCarnage+2","bronze:ChosenStrike","bronze:Shield","bronze:ChildClass","bronze:Assembly+3","bronze:HardenedForm","bronze:BurnOut","bronze:Repulsor","bronze:WhirlingStrike","bronze:DelayedGuard","bronze:Fortify+1","bronze:Invalidate+1","bronze:Boost","bronze:Shell+1","bronze:FollowUp+1","bronze:HardenedForm","bronze:Flail+1","bronze:Virus","bronze:SpaghettiCode","bronze:Invalidate+1","bronze:Optimize+1"],"relics":["bronze:BronzeCore","EVO:Axolotl","conspire:InfiniteJournal","CrustySpines","CCEMRelics:Sandal","hubris:Towel","Dota2Spire:RefresherOrb","Orichalcum","White Beast Statue","Dota2Spire:BladeMail","CCEMRelics:SpiritsEdge","Snecko Eye","Mummified Hand","ZombieTooth","downfall:HeartBlessingGreen","Dota2Spire:EyeOfSkadi","Torii"],"acts_visited":["Exordium","TheCity","TheBeyond"],"potions_floor_usage":[36,43,50],"damage_taken":[{"damage":0.0,"enemies":"2 Louse","floor":3.0,"turns":1.0},{"damage":0.0,"enemies":"Cultist","floor":4.0,"turns":3.0},{"damage":0.0,"enemies":"Jaw Worm","floor":6.0,"turns":2.0},{"damage":0.0,"enemies":"Blue Slaver","floor":9.0,"turns":2.0},{"damage":11.0,"enemies":"Lagavulin","floor":10.0,"turns":4.0},{"damage":13.0,"enemies":"Red Slaver","floor":11.0,"turns":2.0},{"damage":0.0,"enemies":"Gremlin Nob","floor":12.0,"turns":2.0},{"damage":18.0,"enemies":"Gremlin Gang","floor":15.0,"turns":2.0},{"damage":12.0,"enemies":"SI_SHIV_ARCHETYPE","floor":16.0,"turns":5.0},{"damage":5.0,"enemies":"Chosen","floor":19.0,"turns":3.0},{"damage":7.0,"enemies":"3 Byrds","floor":20.0,"turns":4.0},{"damage":7.0,"enemies":"downfall:FleeingMerchant","floor":21.0,"turns":4.0},{"damage":3.0,"enemies":"downfall:LadyInBlue","floor":22.0,"turns":8.0},{"damage":0.0,"enemies":"Slavers","floor":23.0,"turns":2.0},{"damage":12.0,"enemies":"Centurion and Healer","floor":25.0,"turns":3.0},{"damage":0.0,"enemies":"Snake Plant","floor":26.0,"turns":3.0},{"damage":2.0,"enemies":"Cultist and Chosen","floor":28.0,"turns":4.0},{"damage":2.0,"enemies":"Snecko","floor":29.0,"turns":5.0},{"damage":4.0,"enemies":"Snake Plant","floor":30.0,"turns":3.0},{"damage":8.0,"enemies":"Shelled Parasite and Fungi","floor":31.0,"turns":3.0},{"damage":0.0,"enemies":"Centurion and Healer","floor":32.0,"turns":3.0},{"damage":3,"enemies":"DF_ARCHETYPE_CLAW","floor":33,"turns":6},{"damage":2,"enemies":"3 Darklings","floor":36,"turns":3},{"damage":0,"enemies":"3 Shapes","floor":37,"turns":2},{"damage":0,"enemies":"Transient","floor":39,"turns":5},{"damage":0,"enemies":"4 Shapes","floor":40,"turns":1},{"damage":22,"enemies":"Maw","floor":42,"turns":5},{"damage":3,"enemies":"Giant Head","floor":43,"turns":6},{"damage":0,"enemies":"Spire Growth","floor":45,"turns":3},{"damage":0,"enemies":"Writhing Mass","floor":46,"turns":2},{"damage":0,"enemies":"Writhing Mass","floor":47,"turns":3},{"damage":0,"enemies":"2 Orb Walkers","floor":48,"turns":2},{"damage":14,"enemies":"4 Shapes","floor":49,"turns":3},{"damage":0,"enemies":"WA_ARCHETYPE_DIVINITY","floor":50,"turns":5}],"seed_played":"3165248688811636241","potions_obtained":[{"floor":4.0,"key":"Ancient Potion"},{"floor":9.0,"key":"Regen Potion"},{"floor":16.0,"key":"SpeedPotion"},{"floor":20.0,"key":"Weak Potion"},{"floor":22.0,"key":"blueLaboratory:CorrosionFlask"},{"floor":23.0,"key":"Weak Potion"},{"floor":26.0,"key":"blueLaboratory:PyrophylliteBrew"},{"floor":33,"key":"AttackPotion"},{"floor":36,"key":"AttackPotion"},{"floor":37,"key":"DistilledChaos"},{"floor":39,"key":"bronze:FreeFunctionsPotion"},{"floor":42,"key":"SneckoOil"},{"floor":46,"key":"FearPotion"},{"floor":48,"key":"blueLaboratory:FruitPunch"}],"is_trial":false,"path_per_floor":["R","?","M","M","?","M","T","R","M","E","M","E","R","?","M","B",null,"R","M","M","$","?","E","T","M","M","R","M","M","M","M","M","B",null,"R","M","M","?","M","M","T","M","E","R","M","M","?","?","M","B",null],"character_chosen":"THE_AUTOMATON","items_purchased":["Orichalcum"],"campfire_rested":1,"item_purchase_floors":[21],"current_hp_per_floor":[70,70,70,70,70,70,70,70,70,59,46,46,46,46,28,28,70,70,65,58,51,48,48,48,36,36,57,55,53,49,41,41,38,70,70,68,68,68,68,68,68,46,43,43,43,43,48,48,34,34],"gold":644,"neow_bonus":"UPGRADE_CARD","is_daily":false,"chose_seed":false,"campfire_upgraded":6,"win_rate":0.0,"timestamp":1611470984,"path_taken":["R","?","?","M","?","M","T","R","M","E","M","E","R","?","M","BOSS","R","M","M","$","?","E","T","?","M","R","M","M","M","M","M","BOSS","R","M","M","?","M","M","T","M","E","R","M","?","?","?","M","BOSS"],"items_purchased_type":["Relic"],"build_version":"2020-12-22","purchased_purges":1,"victory":true,"max_hp_per_floor":[70,70,70,70,70,70,70,70,70,70,70,70,70,70,70,70,70,70,70,70,70,70,70,70,70,70,70,70,70,70,70,70,70,70,70,70,70,70,70,70,70,70,70,70,70,70,75,75,75,75],"relic_stats":{"Torii":0,"counters":[34,114],"Mummified Hand":[31],"Snecko Eye":[78,68,76,57],"Orichalcum":[24],"obtain_stats":[{"bronze:BronzeCore":0,"Torii":48,"downfall:HeartBlessingGreen":44,"Dota2Spire:RefresherOrb":17,"EVO:Axolotl":0,"hubris:Towel":14,"Orichalcum":21,"White Beast Statue":22,"conspire:InfiniteJournal":7,"CCEMRelics:SpiritsEdge":24,"ZombieTooth":43,"Dota2Spire:EyeOfSkadi":47,"Mummified Hand":41,"Dota2Spire:BladeMail":23,"Snecko Eye":34,"CCEMRelics:Sandal":12,"CrustySpines":10},{"bronze:BronzeCore":0,"Torii":32,"downfall:HeartBlessingGreen":28,"Dota2Spire:RefresherOrb":9,"EVO:Axolotl":0,"hubris:Towel":7,"Orichalcum":12,"White Beast Statue":13,"conspire:InfiniteJournal":3,"CCEMRelics:SpiritsEdge":14,"ZombieTooth":28,"Dota2Spire:EyeOfSkadi":31,"Mummified Hand":26,"Dota2Spire:BladeMail":14,"Snecko Eye":22,"CCEMRelics:Sandal":7,"CrustySpines":5},{"bronze:BronzeCore":0,"Torii":106,"downfall:HeartBlessingGreen":96,"Dota2Spire:RefresherOrb":23,"EVO:Axolotl":0,"hubris:Towel":16,"Orichalcum":34,"White Beast Statue":42,"conspire:InfiniteJournal":6,"CCEMRelics:SpiritsEdge":44,"ZombieTooth":96,"Dota2Spire:EyeOfSkadi":104,"Mummified Hand":85,"Dota2Spire:BladeMail":44,"Snecko Eye":74,"CCEMRelics:Sandal":16,"CrustySpines":12}]},"card_choices":[{"not_picked":["bronze:Repulsor","bronze:DigitalCarnage"],"picked":"bronze:ItsAFeature","floor":3.0},{"not_picked":["bronze:Branch","bronze:WildBeam"],"picked":"bronze:DigitalCarnage","floor":4.0},{"not_picked":["bronze:Branch","bronze:Overheat"],"picked":"bronze:ChosenStrike","floor":6.0},{"not_picked":["bronze:CutThrough","bronze:Separator"],"picked":"bronze:Shield","floor":9.0},{"not_picked":["bronze:ForceShield","bronze:ClassDefault","bronze:Separator"],"picked":"SKIP","floor":10.0},{"not_picked":["bronze:Invalidate","bronze:Deprecate"],"picked":"bronze:ChildClass","floor":11.0},{"not_picked":["bronze:DelayedGuard","bronze:Iterate"],"picked":"bronze:Assembly","floor":12.0},{"not_picked":["bronze:CutThrough","bronze:DelayedGuard"],"picked":"bronze:HardenedForm","floor":15.0},{"not_picked":["bronze:Mutator","bronze:ShipIt"],"picked":"bronze:BurnOut","floor":16.0},{"not_picked":["bronze:Separator+1","bronze:DigitalCarnage"],"picked":"bronze:Repulsor","floor":19.0},{"not_picked":["bronze:NullPointer+1","bronze:Backtrace"],"picked":"bronze:WhirlingStrike","floor":20.0},{"not_picked":["bronze:BugBarrage","bronze:ForLoop+1","bronze:NullPointer"],"picked":"SKIP","floor":21.0},{"not_picked":["bronze:NullPointer","bronze:CutThrough"],"picked":"bronze:DelayedGuard","floor":23.0},{"not_picked":["bronze:DelayedGuard","bronze:BitShift"],"picked":"bronze:Fortify+1","floor":25.0},{"not_picked":["bronze:Constructor","bronze:BuggyMess"],"picked":"bronze:Invalidate+1","floor":26.0},{"not_picked":["bronze:ItsAFeature","bronze:ForLoop"],"picked":"bronze:Boost","floor":28.0},{"not_picked":["bronze:Iterate","bronze:WhirlingStrike"],"picked":"bronze:Shell+1","floor":29.0},{"not_picked":["bronze:Deprecate","bronze:BitShift","bronze:Branch"],"picked":"SKIP","floor":30.0},{"not_picked":["bronze:OilSpill+1","bronze:BuggyMess"],"picked":"bronze:FollowUp+1","floor":31.0},{"not_picked":["bronze:Deprecate","bronze:Branch+1","bronze:CutThrough"],"picked":"SKIP","floor":32.0},{"not_picked":["bronze:ShipIt","bronze:RecursiveStrike"],"picked":"bronze:HardenedForm","floor":33},{"not_picked":["bronze:CutThrough","bronze:Invalidate"],"picked":"bronze:Flail+1","floor":36},{"not_picked":["bronze:Overheat+1","bronze:MaxOutput+1","bronze:Terminator"],"picked":"SKIP","floor":37},{"not_picked":["bronze:Overload","bronze:FineTuning"],"picked":"bronze:SpaghettiCode","floor":39},{"not_picked":["bronze:DigitalCarnage","bronze:Branch","bronze:Shield"],"picked":"SKIP","floor":40},{"not_picked":["bronze:GetLatest+1","bronze:BuggyMess","bronze:Invalidate+1"],"picked":"SKIP","floor":42},{"not_picked":["bronze:DelayedSlice+1","bronze:NullPointer+1","bronze:Iterate"],"picked":"SKIP","floor":43},{"not_picked":["bronze:Flail+1","bronze:DelayedSlice"],"picked":"bronze:Invalidate+1","floor":45},{"not_picked":["bronze:FineTuning","bronze:Deprecate+1","bronze:BuggyMess"],"picked":"SKIP","floor":46},{"not_picked":["bronze:RecursiveStrike","bronze:Branch+1"],"picked":"bronze:Optimize+1","floor":48},{"not_picked":["bronze:DigitalCarnage+1","bronze:Turbo","bronze:Iterate+1"],"picked":"SKIP","floor":49}],"player_experience":602856,"relics_obtained":[{"floor":7.0,"key":"conspire:InfiniteJournal"},{"floor":10.0,"key":"CrustySpines"},{"floor":12.0,"key":"CCEMRelics:Sandal"},{"floor":22.0,"key":"White Beast Statue"},{"floor":23.0,"key":"Dota2Spire:BladeMail"},{"floor":24.0,"key":"CCEMRelics:SpiritsEdge"},{"floor":41,"key":"Mummified Hand"},{"floor":43,"key":"ZombieTooth"},{"floor":47,"key":"Dota2Spire:EyeOfSkadi"},{"floor":48,"key":"Torii"}],"event_choices":[{"damage_healed":0,"gold_gain":0,"player_choice":"Fight","damage_taken":0,"max_hp_gain":0,"max_hp_loss":0,"event_name":"Mysterious Sphere","floor":48,"gold_loss":0}],"is_beta":false,"boss_relics":[{"not_picked":["bronze:MakeshiftBattery","Coffee Dripper"],"picked":"Dota2Spire:RefresherOrb"},{"not_picked":["qcfpunch:Crimson_Sash","Runic Pyramid"],"picked":"Snecko Eye"}],"items_purged_floors":[21],"is_endless":false,"potions_floor_spawned":[4,9,16,20,23,25,26,28,29,30,31,32,33,36,37,39,40,42,43,45,46,47,48,49],"ascension_level":0}}