{"host":"3xls0xm49ftugio7","time":1611481328,"event":{"mods":["2.2 Compatiblity","AchievementEnabler","Act Like it!","BaseMod","Bestiary","Colored Powertips","Infinite Spire","Minty Spire (QoL Compilation)","Quick Restart","StSLib"],"gold_per_floor":[112,129,54,54,65,65,98,113,113,124,124,156,5,18,18,18,18],"floor_reached":16,"language":"ENG","playtime":646,"items_purged":["Strike_R"],"score":324,"play_id":"e7e172b5-bb27-4150-ad28-b6328fce7211","local_time":"20210124114208","is_ascension_mode":true,"campfire_choices":[{"data":"Bash","floor":6,"key":"SMITH"},{"floor":11,"key":"REST"},{"data":"Barricade","floor":15,"key":"SMITH"}],"circlet_count":0,"master_deck":["AscendersBane","Strike_R","Strike_R","Defend_R","Defend_R","Defend_R","Defend_R","Bash+1","Sever Soul","Whirlwind","Shrug It Off","Iron Wave","Anger","infinitespire:OneForAll","Barricade+1","Juggernaut"],"relics":["Burning Blood","Bottled Flame","Mummified Hand","Question Card"],"acts_visited":[],"potions_floor_usage":[16,16],"damage_taken":[{"damage":9,"enemies":"Jaw Worm","floor":1,"turns":5},{"damage":1,"enemies":"Cultist","floor":2,"turns":3},{"damage":0,"enemies":"Small Slimes","floor":5,"turns":2},{"damage":52,"enemies":"Lagavulin","floor":7,"turns":7},{"damage":4,"enemies":"Red Slaver","floor":8,"turns":7},{"damage":0,"enemies":"Blue Slaver","floor":10,"turns":5},{"damage":27,"enemies":"Gremlin Nob","floor":12,"turns":4},{"damage":10,"enemies":"3 Louse","floor":14,"turns":6},{"damage":46,"enemies":"Slime Boss","floor":16,"turns":8}],"seed_played":"-8792947295302784663","potions_obtained":[{"floor":7,"key":"Swift Potion"},{"floor":10,"key":"ElixirPotion"},{"floor":12,"key":"BlessingOfTheForge"}],"is_trial":false,"path_per_floor":["M","M","?","?","M","R","E","M","T","M","R","E","$","M","R","B"],"character_chosen":"IRONCLAD","items_purchased":["Barricade"],"campfire_rested":1,"item_purchase_floors":[13],"current_hp_per_floor":[72,77,77,77,82,82,36,38,38,44,68,47,47,43,43,0,0],"gold":18,"neow_bonus":"TEN_PERCENT_HP_BONUS","is_daily":false,"chose_seed":false,"campfire_upgraded":2,"win_rate":0.0,"timestamp":1611481328,"path_taken":["M","M","?","?","M","R","E","M","T","M","R","E","$","M","R","BOSS"],"items_purchased_type":["Card"],"build_version":"2020-12-22","purchased_purges":1,"victory":false,"max_hp_per_floor":[82,82,82,82,82,82,82,82,82,82,82,82,82,82,82,82,82],"card_choices":[{"not_picked":["Body Slam","Sword Boomerang"],"picked":"Sever Soul","floor":1},{"not_picked":["Hemokinesis","Uppercut"],"picked":"Whirlwind","floor":2},{"not_picked":["Perfected Strike","Twin Strike"],"picked":"Shrug It Off","floor":5},{"not_picked":["Havoc","Fire Breathing"],"picked":"Iron Wave","floor":7},{"not_picked":["Combust","Headbutt"],"picked":"Anger","floor":8},{"not_picked":["Ghostly Armor","Uppercut"],"picked":"infinitespire:OneForAll","floor":10},{"not_picked":["Entrench","Perfected Strike","Reckless Charge"],"picked":"SKIP","floor":12},{"not_picked":["Rupture","Iron Wave","Sever Soul"],"picked":"Juggernaut","floor":14}],"player_experience":726521,"relics_obtained":[{"floor":7,"key":"Bottled Flame"},{"floor":9,"key":"Mummified Hand"},{"floor":12,"key":"Question Card"}],"event_choices":[{"cards_removed":["Strike_R"],"damage_healed":0,"gold_gain":0,"player_choice":"Card Removal","damage_taken":0,"max_hp_gain":0,"max_hp_loss":0,"event_name":"The Cleric","floor":3,"gold_loss":75},{"cards_removed":["Strike_R"],"damage_healed":0,"gold_gain":0,"player_choice":"Purged","damage_taken":0,"max_hp_gain":0,"max_hp_loss":0,"event_name":"Purifier","floor":4,"gold_loss":0}],"is_beta":false,"boss_relics":[],"items_purged_floors":[13],"is_endless":false,"potions_floor_spawned":[7,10,12,14],"killed_by":"Slime Boss","ascension_level":20}}