{"host":"hf83sijwe64ts2lm","time":1611515638,"event":{"mods":["2.2 Compatiblity","BaseMod","Better Altar","Better Match","Better Note","Better Sensory Stone","Better Skull","Better Third Choice","Colored Map","Colored Powertips","Highlight Path","Hubris","Infinite Spire","Minty Spire (QoL Compilation)","Quick Restart","Rare Cards Sparkle","Relic Stats","Replay The Spire","Shop Mod","Spicy Shops","StSLib","Thieving Mod"],"gold_per_floor":[112,112,71,71,71,103,116,245,294,319,319,333,351,383,383,578,578,567,583,583,602,602,602,627,641,668,703,703,715,745,761,761,761,761],"floor_reached":33,"language":"ENG","playtime":965,"items_purged":[],"score":468,"play_id":"95debfb5-ad0c-4d7f-ba91-c6307ce4f7e7","local_time":"20210124141358","is_ascension_mode":true,"campfire_choices":[{"floor":11.0,"key":"REST"},{"floor":15.0,"key":"REST"},{"floor":23.0,"key":"REST"},{"floor":28.0,"key":"REST"},{"floor":32,"key":"REST"}],"circlet_count":0,"master_deck":["Strike_B","Strike_B","Strike_B","Strike_B","Defend_B","Defend_B","Defend_B+1","Defend_B","Zap","Dualcast","Conserve Battery","Streamline","Genetic Algorithm","hubris:PowerSurge","ReplayGash","Barrage","Barrage","Defragment","Amplify","Ball Lightning+1","Capacitor","Self Repair+1","Protect","Go for the Eyes+1","Go for the Eyes","FTL+1","BootSequence","Hello World"],"relics":["Cracked Core","NeowsBlessing","hubris:Icosahedron","betterThird:SlimedRelic","hubris:Zylophone","hubris:DisguiseKit","Chameleon Ring","Kunai","hubris:SlimyHat","CultistMask","Smiling Mask","infinitespire:Beetle Shell","Vajra","hubris:PeanutButter"],"acts_visited":["Exordium","TheCity"],"potions_floor_usage":[],"damage_taken":[{"damage":0.0,"enemies":"Jaw Worm","floor":1.0,"turns":1.0},{"damage":0.0,"enemies":"Gremlin Nob","floor":6.0,"turns":1.0},{"damage":0.0,"enemies":"Small Slimes","floor":7.0,"turns":1.0},{"damage":27.0,"enemies":"3 Sentries","floor":8.0,"turns":10.0},{"damage":17.0,"enemies":"Lagavulin","floor":10.0,"turns":7.0},{"damage":0.0,"enemies":"2 Louse","floor":12.0,"turns":3.0},{"damage":0.0,"enemies":"Looter","floor":13.0,"turns":4.0},{"damage":33.0,"enemies":"3 Sentries","floor":14.0,"turns":8.0},{"damage":4.0,"enemies":"The Guardian","floor":16.0,"turns":14.0},{"damage":3.0,"enemies":"2 Thieves","floor":18.0,"turns":4.0},{"damage":0.0,"enemies":"Shell Parasite","floor":19.0,"turns":5.0},{"damage":24.0,"enemies":"Cultist and Chosen","floor":21.0,"turns":6.0},{"damage":24.0,"enemies":"Book of Stabbing","floor":24.0,"turns":6.0},{"damage":10.0,"enemies":"Snecko","floor":25.0,"turns":5.0},{"damage":76.0,"enemies":"Gremlin Leader","floor":27.0,"turns":10.0},{"damage":10.0,"enemies":"Sentry and Sphere","floor":29.0,"turns":6.0},{"damage":31,"enemies":"Nightmare","floor":30,"turns":8},{"damage":4,"enemies":"Centurion and Healer","floor":31,"turns":8},{"damage":84,"enemies":"Collector","floor":33,"turns":6}],"seed_played":"8589616720939745666","potions_obtained":[{"floor":8.0,"key":"FairyPotion"},{"floor":10.0,"key":"BlessingOfTheForge"},{"floor":12.0,"key":"Elixir"},{"floor":14.0,"key":"Weak Potion"},{"floor":16.0,"key":"SkillPotion"},{"floor":18.0,"key":"EssenceOfSteel"},{"floor":19.0,"key":"Swift Potion"},{"floor":25.0,"key":"ColorlessPotion"}],"is_trial":false,"path_per_floor":["M","?","?","?","T","E","M","E","T","E","R","M","M","E","R","B",null,"M","M","?","M","?","R","E","M","T","E","R","M","NM","M","R","B"],"character_chosen":"DEFECT","items_purchased":[],"campfire_rested":5,"item_purchase_floors":[],"current_hp_per_floor":[68,68,57,57,57,57,57,30,30,13,35,75,75,42,64,60,71,68,68,68,44,44,66,42,32,32,43,65,65,44,50,72,0,0],"gold":761,"neow_bonus":"THREE_ENEMY_KILL","is_daily":false,"chose_seed":false,"campfire_upgraded":0,"win_rate":0.0,"timestamp":1611515638,"path_taken":["M","?","?","?","?","E","M","E","T","E","R","M","M","E","R","BOSS","M","M","?","?","?","R","E","?","T","E","R","M","NM","M","R","BOSS"],"items_purchased_type":[],"build_version":"2020-12-22","purchased_purges":0,"victory":false,"max_hp_per_floor":[75,75,75,75,75,75,75,75,75,75,75,75,75,75,75,75,75,75,75,75,75,75,75,75,75,75,75,75,75,75,75,75,75,75],"relic_stats":{"counters":[19,113],"Kunai":[14],"Smiling Mask":0,"obtain_stats":[{"hubris:DisguiseKit":6,"NeowsBlessing":0,"Vajra":27,"infinitespire:Beetle Shell":26,"hubris:SlimyHat":14,"Smiling Mask":24,"hubris:Zylophone":5,"hubris:Icosahedron":2,"Chameleon Ring":8,"betterThird:SlimedRelic":3,"hubris:PeanutButter":30,"CultistMask":20,"Kunai":10,"Cracked Core":0},{"hubris:DisguiseKit":2,"NeowsBlessing":0,"Vajra":15,"infinitespire:Beetle Shell":14,"hubris:SlimyHat":8,"Smiling Mask":13,"hubris:Zylophone":1,"hubris:Icosahedron":1,"Chameleon Ring":4,"betterThird:SlimedRelic":1,"hubris:PeanutButter":17,"CultistMask":11,"Kunai":5,"Cracked Core":0},{"hubris:DisguiseKit":2,"NeowsBlessing":0,"Vajra":85,"infinitespire:Beetle Shell":75,"hubris:SlimyHat":35,"Smiling Mask":70,"hubris:Zylophone":1,"hubris:Icosahedron":1,"Chameleon Ring":13,"betterThird:SlimedRelic":1,"hubris:PeanutButter":99,"CultistMask":58,"Kunai":20,"Cracked Core":0}]},"card_choices":[{"not_picked":["Redo","Chaos"],"picked":"Conserve Battery","floor":1.0},{"not_picked":["Steam Power","Aggregate"],"picked":"Streamline","floor":6.0},{"not_picked":["Stack","Go for the Eyes","FlurryOfBlows"],"picked":"Genetic Algorithm","floor":7.0},{"not_picked":["Lockon","Cold Snap","Weave"],"picked":"hubris:PowerSurge","floor":8.0},{"not_picked":["Cold Snap","Hello World","TalkToTheHand"],"picked":"ReplayGash","floor":10.0},{"not_picked":["Coolheaded","Undo","Pray"],"picked":"Barrage","floor":12.0},{"not_picked":["Leap","Panic Button","WindmillStrike"],"picked":"Barrage","floor":13.0},{"not_picked":["BasicCrystalCard","Glacier","Replay:LoomingThreat"],"picked":"Defragment","floor":14.0},{"not_picked":["ReplayRNGCard","hubris:SpecializedCircuitry","LessonLearned"],"picked":"Amplify","floor":16.0},{"not_picked":["Chill","Stack","ThirdEye"],"picked":"Ball Lightning+1","floor":18.0},{"not_picked":["Double Energy","Sunder+1","Swivel"],"picked":"Capacitor","floor":19.0},{"not_picked":["Melter","Cold Snap","SashWhip"],"picked":"Self Repair+1","floor":21.0},{"not_picked":["ReplaySort","Rebound","BasicCrystalCard"],"picked":"Protect","floor":24.0},{"not_picked":["Force Field","Gash","Swivel"],"picked":"Go for the Eyes+1","floor":25.0},{"not_picked":["Recycle+1","ReplayTheSpireMod:System Scan","Evaluate"],"picked":"Go for the Eyes","floor":27.0},{"not_picked":["Compile Driver+1","Go for the Eyes","Replay:Battleflow"],"picked":"FTL+1","floor":29.0},{"not_picked":["Compile Driver","Fusion+1","ReachHeaven"],"picked":"BootSequence","floor":30},{"not_picked":["Gash","ReplaySort+1","Protect"],"picked":"Hello World","floor":31}],"player_experience":135940,"relics_obtained":[{"floor":5.0,"key":"hubris:Zylophone"},{"floor":6.0,"key":"hubris:DisguiseKit"},{"floor":8.0,"key":"Chameleon Ring"},{"floor":10.0,"key":"Kunai"},{"floor":14.0,"key":"hubris:SlimyHat"},{"floor":24.0,"key":"Smiling Mask"},{"floor":26.0,"key":"infinitespire:Beetle Shell"},{"floor":27.0,"key":"Vajra"},{"floor":30,"key":"hubris:PeanutButter"}],"event_choices":[{"damage_healed":0.0,"max_hp_gain":0.0,"max_hp_loss":0.0,"gold_gain":0.0,"event_name":"betterThird:BetterGoop","player_choice":"Slimed","floor":3.0,"gold_loss":41.0,"damage_taken":11.0},{"damage_healed":0.0,"max_hp_gain":0.0,"max_hp_loss":0.0,"gold_gain":0.0,"event_name":"FaceTrader","player_choice":"Trade","floor":20.0,"gold_loss":0.0,"damage_taken":0.0,"relics_obtained":["CultistMask"]},{"damage_healed":0.0,"max_hp_gain":0.0,"max_hp_loss":0.0,"gold_gain":0.0,"event_name":"Purifier","player_choice":"Ignored","floor":22.0,"gold_loss":0.0,"damage_taken":0.0}],"is_beta":false,"boss_relics":[{"not_picked":["Kintsugi","FrozenCore","ReplayTheSpireMod:DimensionalGlitch"]}],"items_purged_floors":[],"is_endless":false,"potions_floor_spawned":[8,10,12,13,14,16,18,19,25],"killed_by":"Collector","ascension_level":6}}