{"host":"o6rpelx2jpc8yies","time":1611465921,"event":{"mods":["BaseMod","Downfall","Minty Spire (QoL Compilation)","StSLib"],"gold_per_floor":[99,118,136,193,209,109,181,81,91,26,36,36,21,21,33,33,33,33],"floor_reached":16,"language":"ENG","playtime":854,"items_purged":["champ:Strike"],"score":112,"play_id":"623241c2-5796-461d-a818-406dd720bc55","local_time":"20210123222521","is_ascension_mode":true,"campfire_choices":[{"floor":1,"key":"RECALL"},{"data":"champ:StanceDance","floor":6,"key":"SMITH"},{"data":"champ:Taunt","floor":8,"key":"SMITH"}],"circlet_count":0,"master_deck":["champ:Strike","champ:Strike","champ:Strike","champ:Defend","champ:Defend","champ:Defend","champ:Defend","champ:Execute","champ:Taunt+1","champ:EndlessRage","champ:FlashCut","champ:RageSigil","champ:AdrenalArmor","champ:StanceDance+1","champ:BerserkersShout","champ:GladiatorForm","champ:BerserkerStyle","champ:EnragedBash","champ:HeartStrike"],"relics":["champ:ChampionCrown","Smiling Mask","downfall:HeartBlessingRed","downfall:HeartBlessingBlue"],"acts_visited":["Exordium"],"potions_floor_usage":[13,14,14],"damage_taken":[{"damage":24,"enemies":"Jaw Worm","floor":2,"turns":7},{"damage":7,"enemies":"2 Louse","floor":3,"turns":3},{"damage":50,"enemies":"Gremlin Nob","floor":4,"turns":5},{"damage":7,"enemies":"Small Slimes","floor":5,"turns":3},{"damage":17,"enemies":"Exordium Thugs","floor":9,"turns":3},{"damage":35,"enemies":"downfall:FleeingMerchant","floor":10,"turns":4},{"damage":15,"enemies":"Exordium Wildlife","floor":11,"turns":3},{"damage":45,"enemies":"downfall:FleeingMerchant","floor":13,"turns":4},{"damage":44,"enemies":"Lagavulin","floor":14,"turns":7},{"damage":38,"enemies":"2 Fungi Beasts","floor":15,"turns":4},{"damage":35,"enemies":"DF_ARCHETYPE_STREAMLINE","floor":16,"turns":4}],"seed_played":"-4782835656899055523","potions_obtained":[{"floor":4,"key":"SmokeBomb"},{"floor":5,"key":"LiquidBronze"},{"floor":9,"key":"ColorlessPotion"}],"is_trial":false,"path_per_floor":["R","M","M","?","M","R","T","R","M","$","M","?","$","E","M","B"],"character_chosen":"THE_CHAMP","items_purchased":[],"campfire_rested":0,"item_purchase_floors":[],"current_hp_per_floor":[90,81,74,44,42,42,42,52,45,45,45,45,45,43,35,0,0,0],"gold":33,"neow_bonus":"THREE_CARDS","is_daily":false,"chose_seed":false,"campfire_upgraded":2,"win_rate":0.0,"timestamp":1611465921,"path_taken":["R","M","M","?","M","R","T","R","M","$","M","?","$","E","M","BOSS"],"items_purchased_type":[],"build_version":"2020-12-22","purchased_purges":1,"victory":false,"max_hp_per_floor":[90,90,90,90,90,90,90,100,100,100,100,100,100,100,100,100,100,100],"card_choices":[{"not_picked":["champ:HeartStrike","champ:BladeFlurry"],"picked":"champ:EndlessRage","floor":0},{"not_picked":["champ:GladiatorStyle","champ:SetATrap"],"picked":"champ:FlashCut","floor":2},{"not_picked":["champ:EndlessRage","champ:Backstep"],"picked":"champ:RageSigil","floor":3},{"not_picked":["champ:EnGarde","champ:Encircle"],"picked":"champ:AdrenalArmor","floor":4},{"not_picked":["champ:Duel","champ:Shatter"],"picked":"champ:StanceDance","floor":5},{"not_picked":["champ:FocusedBerserking","champ:DefensiveStyle"],"picked":"champ:BerserkersShout","floor":9},{"not_picked":["champ:Duel","champ:Circumvent"],"picked":"champ:GladiatorForm","floor":10},{"not_picked":["champ:PerfectedStrike","champ:TornadoPunch"],"picked":"champ:BerserkerStyle","floor":11},{"not_picked":["champ:BerserkersShout","champ:Endure"],"picked":"champ:EnragedBash","floor":13},{"not_picked":["champ:DefensiveShout","champ:Haymaker"],"picked":"champ:HeartStrike","floor":15}],"player_experience":1849968,"relics_obtained":[{"floor":4,"key":"Smiling Mask"}],"event_choices":[{"damage_healed":0,"gold_gain":0,"player_choice":"Fled","damage_taken":0,"max_hp_gain":0,"max_hp_loss":0,"event_name":"Scrap Ooze","floor":12,"gold_loss":0}],"is_beta":false,"boss_relics":[],"items_purged_floors":[10],"is_endless":false,"potions_floor_spawned":[4,5,9,14],"killed_by":"DF_ARCHETYPE_STREAMLINE","ascension_level":2}}