{"host":"Arid","time":1611511838,"event":{"mods":["AchievementEnabler","Arknights The Spire","BaseMod","Downfall","Hermit","Jorbs\u0027s Wanderer Trilogy","Minty Spire (QoL Compilation)","StSLib"],"gold_per_floor":[0,11,186,204,220,12,12,38,38,48,77,89,119,19,45,62,167,167,67,83,83,183,201,201,216,216,216,236,18,18,50,50,50,78,90,192,192,92,106,118,129,64,64,64,76,76,96,121,121,165,184,207,207,207,235,73,73,73,73],"floor_reached":60,"language":"ENG","playtime":5580,"items_purged":["Doubt","downfall:Bewildered","Guardian:Strike_Guardian","Guardian:Defend_Guardian"],"score":1563,"play_id":"8fcc02b0-f2ed-4909-9e99-6694fb40c6cd","local_time":"20210124131038","is_ascension_mode":true,"campfire_choices":[{"data":"Guardian:TwinSlam","floor":1,"key":"SMITH"},{"data":"Guardian:PrismaticBeam","floor":14,"key":"SMITH"},{"floor":19,"key":"RECALL"},{"data":"Guardian:RevengeProtocol","floor":30,"key":"SMITH"},{"data":"Guardian:StasisField","floor":33,"key":"SMITH"},{"data":"Guardian:BaubleBeam","floor":49,"key":"SMITH"},{"data":"Guardian:PolyBeam","floor":57,"key":"SMITH"}],"circlet_count":0,"master_deck":["Guardian:Strike_Guardian+1","Guardian:Strike_Guardian+1","Guardian:Defend_Guardian","Guardian:Defend_Guardian","Guardian:Defend_Guardian","Guardian:CurlUp","Guardian:TwinSlam+1","Guardian:PrismaticBeam+1","Guardian:RevengeProtocol+1","Guardian:PolyBeam+1","Guardian:AncientConstruct","Guardian:Recover","Guardian:StasisField+1","Guardian:BronzeOrb+1","Guardian:ChargeCore","Guardian:FuturePlans+1","Guardian:TemporalShield+1","Guardian:Incinerate+1","Guardian:BaubleBeam+1","Guardian:PrismaticBarrier+1","Guardian:DonusPower+1","Guardian:TimeCapacitor","Guardian:ChargeUp+1","Guardian:ChargeUp+1","expansioncontent:AwakenDeath"],"relics":["Guardian:ModeShifter","Thread and Needle","Membership Card","Guardian:PickAxe","Smiling Mask","Toy Ornithopter","downfall:HeartBlessingBlue","Whetstone","Velvet Choker","downfall:HeartBlessingGreen","sneckomod:BabySnecko","CaptainsWheel","Oddly Smooth Stone","Ice Cream","Guardian:PocketSentry","Incense Burner","Sozu","downfall:HeartBlessingRed","Pantograph","CeramicFish","Lizard Tail","Art of War","Bag of Marbles"],"acts_visited":["Exordium","TheCity","TheBeyond","TheEnding"],"potions_floor_usage":[6,11,15,28,36,59],"damage_taken":[{"damage":0,"enemies":"2 Louse","floor":2,"turns":3},{"damage":3,"enemies":"Small Slimes","floor":4,"turns":5},{"damage":2,"enemies":"Jaw Worm","floor":5,"turns":4},{"damage":0,"enemies":"downfall:FleeingMerchant","floor":6,"turns":4},{"damage":0,"enemies":"Large Slime","floor":10,"turns":5},{"damage":3,"enemies":"3 Sentries","floor":11,"turns":5},{"damage":0,"enemies":"Blue Slaver","floor":12,"turns":5},{"damage":18,"enemies":"Lagavulin","floor":13,"turns":8},{"damage":4,"enemies":"Gremlin Nob","floor":15,"turns":4},{"damage":3,"enemies":"3 Louse","floor":16,"turns":3},{"damage":41,"enemies":"SI_SHIV_ARCHETYPE","floor":17,"turns":9},{"damage":0,"enemies":"Chosen","floor":20,"turns":6},{"damage":0,"enemies":"Shell Parasite","floor":23,"turns":5},{"damage":7,"enemies":"Shelled Parasite and Fungi","floor":25,"turns":7},{"damage":0,"enemies":"Chosen and Byrds","floor":28,"turns":4},{"damage":2,"enemies":"downfall:FleeingMerchant","floor":29,"turns":4},{"damage":10,"enemies":"Slavers","floor":31,"turns":5},{"damage":19,"enemies":"Gremlin Leader","floor":34,"turns":6},{"damage":0,"enemies":"Snecko","floor":35,"turns":4},{"damage":3,"enemies":"IC_MUSHROOM_ARCHETYPE","floor":36,"turns":5},{"damage":3,"enemies":"Orb Walker","floor":39,"turns":3},{"damage":17,"enemies":"3 Darklings","floor":40,"turns":4},{"damage":0,"enemies":"Jaw Worm Horde","floor":41,"turns":4},{"damage":2,"enemies":"downfall:FleeingMerchant","floor":42,"turns":4},{"damage":18,"enemies":"Writhing Mass","floor":45,"turns":6},{"damage":0,"enemies":"Transient","floor":47,"turns":5},{"damage":21,"enemies":"Nemesis","floor":48,"turns":5},{"damage":0,"enemies":"Giant Head","floor":50,"turns":6},{"damage":0,"enemies":"4 Shapes","floor":51,"turns":3},{"damage":0,"enemies":"Spire Growth","floor":52,"turns":3},{"damage":11,"enemies":"DF_ARCHETYPE_ORBS","floor":53,"turns":7},{"damage":22,"enemies":"downfall:CharBossMerchant","floor":55,"turns":7},{"damage":4,"enemies":"downfall:NeowBoss","floor":58,"turns":11},{"damage":131,"enemies":"downfall:NeowBossFinal","floor":59,"turns":12}],"seed_played":"5253114008354602756","potions_obtained":[{"floor":4,"key":"ColorlessPotion"},{"floor":5,"key":"sneckomod:MuddlingPotion"},{"floor":10,"key":"SteroidPotion"},{"floor":11,"key":"EssenceOfSteel"},{"floor":15,"key":"Energy Potion"},{"floor":20,"key":"Explosive Potion"},{"floor":31,"key":"AttackPotion"},{"floor":35,"key":"Fire Potion"},{"floor":36,"key":"bronze:BurnAndBuffPotion"}],"is_trial":false,"path_per_floor":["R","M","?","M","M","$","T","T","?","M","E","M","E","R","E","M","B",null,"R","M","?","?","M","?","M","T","T","M","$","R","E","?","R","E","M","B",null,"R","M","M","M","$","?","T","M","R","M","E","R","E","M","M","B",null,"E","$","R","B","B",null],"character_chosen":"GUARDIAN","items_purchased":["Membership Card","Ice Cream","Bag of Marbles","expansioncontent:AwakenDeath"],"campfire_rested":0,"item_purchase_floors":[6,29,56,56],"current_hp_per_floor":[72,72,72,69,67,67,67,67,67,67,64,64,46,56,57,54,13,71,71,71,71,71,71,71,64,64,64,69,67,67,57,87,87,68,68,70,85,85,82,65,65,63,63,63,45,45,45,24,24,24,24,24,38,77,55,55,55,76,7],"gold":73,"neow_bonus":"ONE_RARE_RELIC","is_daily":false,"chose_seed":false,"campfire_upgraded":6,"win_rate":0.0,"timestamp":1611511838,"path_taken":["R","M","?","M","M","$","T","T","?","M","E","M","E","R","E","M","BOSS","R","M","?","?","M","?","M","T","T","M","$","R","E","?","R","E","M","BOSS","R","M","M","M","$","?","T","M","R","M","E","R","E","M","M","BOSS","E","$","R","BOSS","BOSS"],"items_purchased_type":["Relic","Relic","Relic","Card"],"build_version":"2020-12-18","purchased_purges":4,"victory":true,"max_hp_per_floor":[80,80,80,80,80,80,80,80,80,80,80,80,80,90,90,90,90,90,90,90,90,90,90,90,90,90,90,90,90,90,90,90,90,90,90,90,90,90,90,90,90,90,90,90,90,90,90,90,90,90,90,90,90,90,90,90,90,90,90],"card_choices":[{"not_picked":["Guardian:Incinerate","Guardian:Gem_Lightblue"],"picked":"Guardian:Gem_Blue","floor":2},{"not_picked":["Guardian:Gem_Cyan","Guardian:Recover","Guardian:Incinerate"],"picked":"SKIP","floor":4},{"not_picked":["Guardian:TemporalShield","Guardian:FuturePlans"],"picked":"Guardian:PrismaticBeam","floor":5},{"not_picked":["Guardian:Gem_Lightblue","Guardian:Emergency"],"picked":"Guardian:RevengeProtocol","floor":6},{"not_picked":["Guardian:PrismaticBeam","Guardian:Gem_Crimson"],"picked":"Guardian:PolyBeam","floor":10},{"not_picked":["Guardian:DonusPower","Guardian:Reroute","Guardian:TemporalStrike"],"picked":"SKIP","floor":11},{"not_picked":["Guardian:Gem_Cyan","Guardian:BronzeArmor"],"picked":"Guardian:Gem_White","floor":12},{"not_picked":["Guardian:Gem_Cyan","Guardian:TemporalShield"],"picked":"Guardian:Gem_Crimson","floor":13},{"not_picked":["Guardian:BodySlam","Guardian:Gem_Cyan"],"picked":"Guardian:AncientConstruct","floor":15},{"not_picked":["Guardian:Gem_Cyan","Guardian:Gem_Green"],"picked":"Guardian:Recover","floor":16},{"not_picked":["Guardian:Gem_Synthetic","Guardian:AncientConstruct"],"picked":"Guardian:StasisField","floor":17},{"not_picked":["Guardian:Gem_Cyan","Guardian:ChargeCore"],"picked":"Guardian:BronzeOrb+1","floor":20},{"not_picked":["Guardian:Emergency","Guardian:PolyBeam"],"picked":"Guardian:Gem_Crimson","floor":23},{"not_picked":["Guardian:PrimingBeam","Guardian:Gem_Cyan"],"picked":"Guardian:ChargeCore","floor":25},{"not_picked":["Guardian:TimeCapacitor+1","Guardian:RollAttack","Guardian:PrimingBeam"],"picked":"SKIP","floor":28},{"not_picked":["Guardian:FastForward","Guardian:RollAttack"],"picked":"Guardian:FuturePlans+1","floor":29},{"not_picked":["Guardian:CrystalBeam","Guardian:TimeBomb+1","Guardian:ShieldCharger"],"picked":"SKIP","floor":31},{"not_picked":["Guardian:Repulse","Guardian:Preprogram"],"picked":"Guardian:TemporalShield+1","floor":34},{"not_picked":["Guardian:PrimingBeam","Guardian:ChargeCore"],"picked":"Guardian:Incinerate+1","floor":35},{"not_picked":["Guardian:StasisEngine","Guardian:GemFinder"],"picked":"Guardian:BaubleBeam","floor":36},{"not_picked":["Guardian:Gem_Crimson","Guardian:Suspension","Guardian:Recover"],"picked":"SKIP","floor":39},{"not_picked":["Guardian:PrismaticBeam+1","Guardian:RollAttack"],"picked":"Guardian:PrismaticBarrier+1","floor":40},{"not_picked":["Guardian:PrimingBeam","Guardian:ChargeUp"],"picked":"Guardian:DonusPower+1","floor":41},{"not_picked":["Guardian:DecasProtection","Guardian:PiercingHide+1","Guardian:CrystalBeam"],"picked":"SKIP","floor":42},{"not_picked":["Guardian:Gem_Lightblue","Guardian:Incinerate","Guardian:BronzeArmor+1"],"picked":"SKIP","floor":45},{"not_picked":["Guardian:ShieldCharger+1","Guardian:CrystalBeam"],"picked":"Guardian:Gem_Red","floor":47},{"not_picked":["Guardian:Recover","Guardian:PrismaticBarrier","Guardian:FuturePlans+1"],"picked":"SKIP","floor":48},{"not_picked":["Guardian:Gem_White","Guardian:PiercingHide"],"picked":"Guardian:TimeCapacitor","floor":50},{"not_picked":["Guardian:WalkerClaw","Guardian:ShieldCharger"],"picked":"Guardian:ChargeUp+1","floor":51},{"not_picked":["Guardian:Planning","Guardian:Harden"],"picked":"Guardian:ChargeUp+1","floor":52},{"not_picked":["Guardian:AncientConstruct","Guardian:GuardianWhirl+1","Guardian:Incinerate+1"],"picked":"SKIP","floor":55}],"player_experience":359129,"relics_obtained":[{"floor":8,"key":"Guardian:PickAxe"},{"floor":11,"key":"Smiling Mask"},{"floor":13,"key":"Toy Ornithopter"},{"floor":15,"key":"Whetstone"},{"floor":26,"key":"CaptainsWheel"},{"floor":27,"key":"Oddly Smooth Stone"},{"floor":31,"key":"Guardian:PocketSentry"},{"floor":34,"key":"Incense Burner"},{"floor":44,"key":"Pantograph"},{"floor":48,"key":"CeramicFish"},{"floor":50,"key":"Lizard Tail"},{"floor":55,"key":"Art of War"}],"event_choices":[{"damage_healed":0,"gold_gain":0,"player_choice":"Ignored","damage_taken":0,"max_hp_gain":0,"max_hp_loss":0,"event_name":"Ghosts","floor":21,"gold_loss":0},{"damage_healed":30,"gold_gain":0,"player_choice":"Heal","damage_taken":0,"max_hp_gain":0,"max_hp_loss":0,"event_name":"The Library","floor":32,"gold_loss":0}],"is_beta":true,"boss_relics":[{"not_picked":["SacredBark","sneckomod:SneckoTalon"],"picked":"Velvet Choker"},{"not_picked":["Runic Pyramid","Fusion Hammer"],"picked":"Sozu"}],"items_purged_floors":[6,29,42,56],"is_endless":false,"potions_floor_spawned":[4,5,10,11,15,20,31,35,36,39,41,47,48,51,52,55],"ascension_level":6}}