{"host":"yqa5il53nhlo2jdd","time":1611489534,"event":{"mods":["AchievementEnabler","Arknights The Spire","BaseMod","BetterRewards","Minty Spire (QoL Compilation)","StSLib","[IsaacMod]ÒÔÈö¼âËþ"],"gold_per_floor":[84,96,96,96,96,129,129,153,153,178,178,178],"floor_reached":11,"language":"ZHS","playtime":767,"items_purged":["ats:Strike V","ats:Strike G","ats:Defend"],"score":95,"play_id":"94375838-6bf4-47fc-8d4a-02f4f693530d","local_time":"20210124195854","is_ascension_mode":true,"campfire_choices":[{"floor":7,"key":"REST"}],"circlet_count":0,"master_deck":["ats:Strike C","ats:Strike S","ats:Armor Crushing Shot","ats:Defend","ats:Defend","ats:Defend","ats:Emotion Absorption","ats:Soul Absorption","ats:Guardian Obelisk","ats:Poison Spread","ats:Very Hot Blade","ats:Mental Burst"],"relics":["ats:Sanity","HushsDoor","SatanicBible","ats:Arts","PreservedInsect","Membership Card","Golden Idol","ats:Originium","Prayer Wheel","Peace Pipe"],"acts_visited":["Exordium"],"potions_floor_usage":[6],"damage_taken":[{"damage":10,"enemies":"Cultist","floor":1,"turns":5},{"damage":1,"enemies":"Jaw Worm","floor":2,"turns":3},{"damage":48,"enemies":"Lagavulin","floor":6,"turns":9},{"damage":8,"enemies":"Small Slimes","floor":8,"turns":4},{"damage":17,"enemies":"3 Louse","floor":10,"turns":4},{"damage":10,"enemies":"3 Sentries","floor":11,"turns":2}],"seed_played":"278918950323671317","potions_obtained":[{"floor":2,"key":"ColorlessPotion"}],"is_trial":false,"path_per_floor":["M","M","?","?","?","E","R","M","T","M","E"],"character_chosen":"DOCTOR_CLASS","items_purchased":["ats:Arts","PreservedInsect","ats:Soul Absorption","Membership Card","ats:Guardian Obelisk"],"campfire_rested":1,"item_purchase_floors":[0,0,0,0,0],"current_hp_per_floor":[55,54,54,59,59,11,32,24,24,7,0,0],"gold":178,"neow_bonus":"","is_daily":false,"chose_seed":false,"campfire_upgraded":0,"win_rate":0.0,"timestamp":1611489534,"path_taken":["M","M","?","?","?","E","R","M","T","M","E"],"items_purchased_type":["Relic","Relic","Card","Relic","Card"],"build_version":"2020-12-22","purchased_purges":3,"victory":false,"max_hp_per_floor":[72,72,72,77,71,71,71,71,71,71,71,71],"card_choices":[{"not_picked":["ats:Automatic Cover","ats:Magnetic Hammer"],"picked":"ats:Poison Spread","floor":1},{"not_picked":["ats:Absolute Focus","ats:Hammer On","ats:Automatic Cover"],"picked":"SKIP","floor":2},{"not_picked":["ats:Dogmatic Field","ats:Shell Defense","ats:Steam Pump"],"picked":"SKIP","floor":6},{"not_picked":["ats:Curse Doll","ats:Explosion Area Strengthen"],"picked":"ats:Very Hot Blade","floor":8},{"not_picked":["ats:Fractured Body","ats:Shadow Raid","ats:Powerful Strike"],"picked":"SKIP","floor":8},{"not_picked":["ats:Rapid Magazine","ats:Neurotoxin"],"picked":"ats:Mental Burst","floor":10},{"not_picked":["ats:Sunburst","ats:Explosion Area Strengthen","ats:Apocalypse"],"picked":"SKIP","floor":10}],"player_experience":680383,"relics_obtained":[{"floor":6,"key":"ats:Originium"},{"floor":6,"key":"Prayer Wheel"},{"floor":9,"key":"Peace Pipe"}],"event_choices":[{"damage_healed":0,"gold_gain":0,"player_choice":"Ignored","damage_taken":0,"max_hp_gain":0,"max_hp_loss":0,"event_name":"Liars Game","floor":3,"gold_loss":0},{"damage_healed":0,"gold_gain":0,"player_choice":"Donut","damage_taken":0,"max_hp_gain":5,"max_hp_loss":0,"event_name":"Big Fish","floor":4,"gold_loss":0},{"damage_healed":0,"gold_gain":0,"player_choice":"Lose Max HP","damage_taken":0,"relics_obtained":["Golden Idol"],"max_hp_gain":0,"max_hp_loss":6,"event_name":"Golden Idol","floor":5,"gold_loss":0}],"is_beta":false,"boss_relics":[],"items_purged_floors":[0,0,0],"is_endless":false,"potions_floor_spawned":[2],"killed_by":"3 Sentries","ascension_level":6}}