{"host":"szp1d6dso4pv7ddl","time":1611513060,"event":{"mods":["AchievementEnabler","Alarm Clock","BaseMod","Bestiary","Block Reminder","Colored Map","Colored Powertips","Curses Come First","Dark Map","Displayed Cursed Tome","Highlight Path","Minty Spire (QoL Compilation)","Permanent Neow","Quick Restart","Relic Sorter","Relic Stats","StSLib","Synergy Search"],"gold_per_floor":[118,129,41,61,136,165,177,216,228,251,263,310,322,350,362,374,374],"floor_reached":16,"language":"ENG","playtime":1046,"items_purged":[],"score":222,"play_id":"f7b3efc5-c02d-4acd-95f6-87f6bebdf24f","local_time":"20210124103100","is_ascension_mode":true,"campfire_choices":[{"floor":7,"key":"REST"},{"data":"Bash","floor":13,"key":"SMITH"},{"data":"Entrench","floor":15,"key":"SMITH"}],"circlet_count":0,"master_deck":["AscendersBane","Strike_R","Strike_R","Strike_R","Strike_R","Strike_R","Defend_R","Defend_R","Defend_R","Defend_R","Bash+1","Armaments","Dropkick","Entrench+1","Double Tap","Thunderclap","Thunderclap","Rage","Shrug It Off"],"relics":["Burning Blood","Kunai","FossilizedHelix","MawBank","Pantograph","Omamori"],"acts_visited":["Exordium"],"potions_floor_usage":[8,10,12],"damage_taken":[{"damage":5,"enemies":"Small Slimes","floor":1,"turns":4},{"damage":1,"enemies":"2 Louse","floor":2,"turns":5},{"damage":0,"enemies":"Cultist","floor":4,"turns":3},{"damage":32,"enemies":"Gremlin Nob","floor":6,"turns":5},{"damage":26,"enemies":"3 Sentries","floor":8,"turns":16},{"damage":4,"enemies":"Gremlin Gang","floor":10,"turns":6},{"damage":36,"enemies":"Gremlin Nob","floor":12,"turns":5},{"damage":10,"enemies":"3 Louse","floor":14,"turns":5},{"damage":70,"enemies":"Hexaghost","floor":16,"turns":11}],"seed_played":"3877155498750961546","potions_obtained":[{"floor":2,"key":"HeartOfIron"},{"floor":6,"key":"Weak Potion"},{"floor":8,"key":"Fire Potion"},{"floor":10,"key":"SteroidPotion"},{"floor":14,"key":"Energy Potion"}],"is_trial":false,"path_per_floor":["M","M","$","M","?","E","R","E","T","M","?","E","R","M","R","B"],"character_chosen":"IRONCLAD","items_purchased":["Dropkick"],"campfire_rested":1,"item_purchase_floors":[3],"current_hp_per_floor":[51,56,56,62,51,25,47,27,27,29,75,45,45,41,41,0,0],"gold":374,"neow_bonus":"ONE_RARE_RELIC","is_daily":false,"chose_seed":false,"campfire_upgraded":2,"win_rate":0.0,"timestamp":1611513060,"path_taken":["M","M","$","M","?","E","R","E","T","M","?","E","R","M","R","BOSS"],"items_purchased_type":["Card"],"build_version":"2020-12-22","purchased_purges":0,"victory":false,"max_hp_per_floor":[75,75,75,75,75,75,75,75,75,75,75,75,75,75,75,75,75],"relic_stats":{"counters":[9,60],"Pantograph":25,"Kunai":[5],"MawBank":120,"obtain_stats":[{"Pantograph":8,"Omamori":9,"Kunai":12,"MawBank":6,"Burning Blood":0,"FossilizedHelix":0},{"Pantograph":5,"Omamori":5,"Kunai":7,"MawBank":4,"Burning Blood":0,"FossilizedHelix":0},{"Pantograph":33,"Omamori":33,"Kunai":44,"MawBank":17,"Burning Blood":0,"FossilizedHelix":0}],"Burning Blood":48},"card_choices":[{"not_picked":["Wild Strike","Cleave"],"picked":"Armaments","floor":1},{"not_picked":["Wild Strike","Warcry","Metallicize"],"picked":"SKIP","floor":2},{"not_picked":["Anger","Thunderclap"],"picked":"Entrench","floor":4},{"not_picked":["Shrug It Off","Seeing Red"],"picked":"Double Tap","floor":6},{"not_picked":["Perfected Strike","Cleave"],"picked":"Thunderclap","floor":8},{"not_picked":["Carnage","Searing Blow"],"picked":"Thunderclap","floor":10},{"not_picked":["Berserk","Burning Pact"],"picked":"Rage","floor":12},{"not_picked":["Armaments","Warcry"],"picked":"Shrug It Off","floor":14}],"player_experience":1264557,"relics_obtained":[{"floor":6,"key":"MawBank"},{"floor":8,"key":"Pantograph"},{"floor":9,"key":"Omamori"},{"floor":12,"key":"Kunai"}],"event_choices":[{"damage_healed":0,"gold_gain":75,"player_choice":"Gather Gold","damage_taken":11,"max_hp_gain":0,"max_hp_loss":0,"event_name":"World of Goop","floor":5,"gold_loss":0},{"damage_healed":46,"gold_gain":0,"player_choice":"Full Heal","damage_taken":0,"max_hp_gain":0,"max_hp_loss":0,"event_name":"Wheel of Change","floor":11,"gold_loss":0}],"is_beta":false,"boss_relics":[],"items_purged_floors":[],"is_endless":false,"potions_floor_spawned":[2,6,8,10,14],"killed_by":"Hexaghost","ascension_level":17}}