{"host":"yo9wwslrag05lh37","time":1611489196,"event":{"mods":["AchievementEnabler","BaseMod","Block Reminder","Colored Map","Colored Powertips","GifTheSpireLib","HexUI Lib","Highlight Path","Minty Spire (QoL Compilation)","Rare Cards Sparkle","Relic Stats","StSLib","everything is the same but u backflip on backflip"],"gold_per_floor":[111,122,122,137,154,154,181,181,181,207,207,227,240,302,302,374,374,391,145,195,195,220,255,255,284,308,308,18,35,88,101,101,101,101],"floor_reached":33,"language":"ENG","playtime":1381,"items_purged":["Strike_B","Strike_B"],"score":586,"play_id":"3dc27508-c24a-4aa9-99e4-75a56df7b8f8","local_time":"20210124125316","is_ascension_mode":true,"campfire_choices":[{"data":"Doom and Gloom","floor":6.0,"key":"SMITH"},{"data":"Go for the Eyes","floor":8.0,"key":"SMITH"},{"data":"Self Repair","floor":11.0,"key":"SMITH"},{"data":"Leap","floor":15.0,"key":"SMITH"},{"data":"Loop","floor":24,"key":"SMITH"},{"data":"Ghostly","floor":27,"key":"SMITH"},{"data":"Ghostly","floor":32,"key":"SMITH"}],"circlet_count":0,"master_deck":["AscendersBane","Strike_B","Defend_B","Defend_B","Defend_B","Zap+1","Dualcast","Self Repair+1","Reinforced Body","Doom and Gloom+1","Steam","Go for the Eyes+1","Leap+1","Coolheaded","Multi-Cast","Loop+1","Genetic Algorithm","Ghostly+1","Ghostly","Ghostly+1","Leap+1","Core Surge"],"relics":["Cracked Core","Mercury Hourglass","Darkstone Periapt","Cables","Regal Pillow","SacredBark","Red Mask","Frozen Egg 2","The Courier","Sundial","Happy Flower"],"acts_visited":["Exordium","TheCity"],"potions_floor_usage":[22,23,33],"damage_taken":[{"damage":4.0,"enemies":"Small Slimes","floor":1.0,"turns":3.0},{"damage":6.0,"enemies":"Cultist","floor":2.0,"turns":3.0},{"damage":3.0,"enemies":"2 Louse","floor":4.0,"turns":3.0},{"damage":7.0,"enemies":"2 Fungi Beasts","floor":5.0,"turns":3.0},{"damage":19.0,"enemies":"3 Sentries","floor":7.0,"turns":3.0},{"damage":29.0,"enemies":"Gremlin Nob","floor":10.0,"turns":4.0},{"damage":4.0,"enemies":"Blue Slaver","floor":12.0,"turns":3.0},{"damage":0.0,"enemies":"Looter","floor":13.0,"turns":3.0},{"damage":37.0,"enemies":"Lagavulin Event","floor":14.0,"turns":7.0},{"damage":4,"enemies":"The Guardian","floor":16,"turns":10},{"damage":0,"enemies":"Chosen","floor":18,"turns":3},{"damage":5,"enemies":"Masked Bandits","floor":22,"turns":6},{"damage":27,"enemies":"Slavers","floor":23,"turns":7},{"damage":3,"enemies":"Gremlin Leader","floor":25,"turns":7},{"damage":7,"enemies":"Shell Parasite","floor":29,"turns":5},{"damage":1,"enemies":"Centurion and Healer","floor":31,"turns":11},{"damage":39,"enemies":"Automaton","floor":33,"turns":6}],"seed_played":"5062673766152865276","potions_obtained":[{"floor":1.0,"key":"DuplicationPotion"},{"floor":5.0,"key":"Block Potion"},{"floor":12.0,"key":"Energy Potion"},{"floor":16,"key":"SteroidPotion"},{"floor":18,"key":"EssenceOfSteel"},{"floor":22,"key":"ColorlessPotion"},{"floor":25,"key":"Ancient Potion"}],"is_trial":false,"path_per_floor":["M","M","?","M","M","R","E","R","T","E","R","M","M","?","R","B",null,"M","$","?","?","?","E","R","E","T","R","$","M","T","M","R","B"],"character_chosen":"DEFECT","items_purchased":["Loop","Genetic Algorithm","Sundial"],"campfire_rested":0,"item_purchase_floors":[19,19,28],"current_hp_per_floor":[64,64,64,64,64,64,52,52,52,30,30,36,46,19,19,25,54,54,54,54,32,32,15,15,22,22,22,22,25,25,32,32,0,0],"gold":101,"neow_bonus":"TRANSFORM_TWO_CARDS","is_daily":false,"chose_seed":false,"campfire_upgraded":7,"win_rate":0.0,"timestamp":1611489196,"path_taken":["M","M","?","M","?","R","E","R","T","E","R","M","M","?","R","BOSS","M","$","?","?","?","E","R","E","T","R","$","M","?","M","R","BOSS"],"items_purchased_type":["Card","Card","Relic"],"build_version":"2020-12-22","purchased_purges":2,"victory":false,"max_hp_per_floor":[64,64,64,64,64,64,64,64,64,64,64,64,64,64,64,64,64,64,64,64,32,32,32,32,32,32,32,32,32,32,32,32,32,32],"relic_stats":{"Darkstone Periapt":0,"Regal Pillow":0,"Happy Flower":[5],"counters":[17,86],"Sundial":[2],"obtain_stats":[{"Darkstone Periapt":9,"Regal Pillow":14,"Happy Flower":30,"Sundial":28,"SacredBark":17,"The Courier":25,"Red Mask":22,"Frozen Egg 2":23,"Cracked Core":0,"Mercury Hourglass":7,"Cables":10},{"Darkstone Periapt":5,"Regal Pillow":9,"Happy Flower":15,"Sundial":14,"SacredBark":10,"The Courier":14,"Red Mask":12,"Frozen Egg 2":13,"Cracked Core":0,"Mercury Hourglass":5,"Cables":6},{"Darkstone Periapt":15,"Regal Pillow":32,"Happy Flower":69,"Sundial":64,"SacredBark":42,"The Courier":64,"Red Mask":50,"Frozen Egg 2":57,"Cracked Core":0,"Mercury Hourglass":15,"Cables":19}],"Mercury Hourglass":[315],"Cables":[56,28,15,13,0]},"card_choices":[{"not_picked":["Sweeping Beam","Streamline"],"picked":"Doom and Gloom","floor":1.0},{"not_picked":["Gash","Beam Cell"],"picked":"Steam","floor":2.0},{"not_picked":["Reinforced Body","Stack","Static Discharge"],"picked":"SKIP","floor":4.0},{"not_picked":["Steam Power","Stack","Go for the Eyes"],"picked":"SKIP","floor":5.0},{"not_picked":["Heatsinks","Hyperbeam"],"picked":"Go for the Eyes","floor":7.0},{"not_picked":["Stack","Rebound","Turbo"],"picked":"SKIP","floor":12.0},{"not_picked":["Heatsinks","Force Field"],"picked":"Leap","floor":13.0},{"not_picked":["Auto Shields","Gash"],"picked":"Coolheaded","floor":14.0},{"not_picked":["Fission","Thunder Strike"],"picked":"Multi-Cast","floor":16},{"not_picked":["Streamline","Redo","Turbo"],"picked":"SKIP","floor":18},{"not_picked":["Go for the Eyes","Beam Cell","Barrage"],"picked":"SKIP","floor":23},{"not_picked":["Reinforced Body+1","Steam","Coolheaded"],"picked":"SKIP","floor":25},{"not_picked":["Tempest+1","Turbo"],"picked":"Leap+1","floor":29},{"not_picked":["Rebound","Coolheaded"],"picked":"Core Surge","floor":31}],"player_experience":1526404,"relics_obtained":[{"floor":7.0,"key":"Mercury Hourglass"},{"floor":9.0,"key":"Darkstone Periapt"},{"floor":10.0,"key":"Cables"},{"floor":14.0,"key":"Regal Pillow"},{"floor":22,"key":"Red Mask"},{"floor":23,"key":"Frozen Egg 2"},{"floor":25,"key":"The Courier"},{"floor":30,"key":"Happy Flower"}],"event_choices":[{"damage_healed":0.0,"max_hp_gain":0.0,"max_hp_loss":0.0,"gold_gain":0.0,"event_name":"Upgrade Shrine","player_choice":"Upgraded","floor":3.0,"gold_loss":0.0,"damage_taken":0.0,"cards_upgraded":["Zap"]},{"damage_healed":0.0,"max_hp_gain":0.0,"max_hp_loss":0.0,"gold_gain":0.0,"event_name":"Dead Adventurer","player_choice":"Searched \u00271\u0027 times","floor":14.0,"gold_loss":0.0,"damage_taken":0.0},{"damage_healed":0,"gold_gain":50,"player_choice":"Stole From Cult","damage_taken":0,"max_hp_gain":0,"max_hp_loss":0,"event_name":"Nest","floor":20,"gold_loss":0},{"damage_healed":0,"gold_gain":0,"player_choice":"Became a Ghost","damage_taken":0,"max_hp_gain":0,"max_hp_loss":32,"event_name":"Ghosts","floor":21,"gold_loss":0,"cards_obtained":["Ghostly","Ghostly","Ghostly"]},{"damage_healed":0,"gold_gain":0,"player_choice":"Fought Bandits","damage_taken":0,"max_hp_gain":0,"max_hp_loss":0,"event_name":"Masked Bandits","floor":22,"gold_loss":0}],"is_beta":false,"boss_relics":[{"not_picked":["Busted Crown","Snecko Eye"],"picked":"SacredBark"}],"items_purged_floors":[19,28],"is_endless":false,"potions_floor_spawned":[1,5,12,13,16,18,22,25],"killed_by":"Automaton","ascension_level":20}}