{"host":"0mywbdtsrkvoq3rn","time":1611479398,"event":{"mods":["BaseMod","Energized Spire","Minty Spire (QoL Compilation)","Relic Stats","Replay The Spire","Shop Mod","Spicy Shops","StSLib","¡¾ÒÅÎï¿¨ÅÆ¡¿REMEMod","óô»ðÖ¸ÄÏ"],"gold_per_floor":[112,112,57,57,72,72,100,117,170,202,218,218,237,262,262,360,360,371,388,446,446,460,487,487,515,565,565,565,565,565,577,75,173,173,173,173],"floor_reached":35,"language":"ZHS","playtime":1151,"items_purged":["Normality"],"score":562,"play_id":"5897af2d-91d0-4db5-a9fb-01f3565bb46c","local_time":"20210124170958","is_ascension_mode":true,"campfire_choices":[{"data":"Bloodletting","floor":6.0,"key":"SMITH"},{"data":"Heavy Blade","floor":12.0,"key":"SMITH"},{"floor":15.0,"key":"REST"},{"floor":24.0,"key":"REST"}],"circlet_count":0,"master_deck":["Strike_R","Strike_R","Strike_R","Strike_R","Defend_R","Defend_R+1","Defend_R","Defend_R","Bash","SandsOfTime","Bloodletting+1","Pummel+1","Perfected Strike","Heavy Blade+1","Demon Form","Spot Weakness+1","Inflame+1","Feed","Metallicize","Ghostly","Ghostly","Ghostly","Ghostly","Ghostly","REME_Cut","Rupture","Combust","Exhume"],"relics":["REME_ComplimentaryCards","REME_ChargedStone","Blood Vial","Red Skull","Ornamental Fan","Juzu Bracelet","ChewingGum","Bottled Lightning","War Paint","FossilizedHelix","Bronze Scales","PreservedInsect","MutagenicStrength","Regal Pillow","ClockworkSouvenir","OrangePellets","ReplayTheSpireMod:DimensionalGlitch"],"acts_visited":["Exordium","TheCity","TheBeyond"],"potions_floor_usage":[],"damage_taken":[{"damage":1.0,"enemies":"Cultist","floor":1.0,"turns":3.0},{"damage":6.0,"enemies":"Jaw Worm","floor":5.0,"turns":4.0},{"damage":24.0,"enemies":"Lagavulin","floor":7.0,"turns":7.0},{"damage":1.0,"enemies":"2 Louse","floor":8.0,"turns":3.0},{"damage":34.0,"enemies":"3 Sentries","floor":10.0,"turns":8.0},{"damage":3.0,"enemies":"Exordium Wildlife","floor":11.0,"turns":1.0},{"damage":0.0,"enemies":"3 Louse","floor":13.0,"turns":3.0},{"damage":8.0,"enemies":"Lagavulin","floor":14.0,"turns":5.0},{"damage":42.0,"enemies":"Slime Boss","floor":16.0,"turns":8.0},{"damage":10.0,"enemies":"Chosen","floor":18.0,"turns":5.0},{"damage":16.0,"enemies":"Shell Parasite","floor":19.0,"turns":3.0},{"damage":17.0,"enemies":"Shelled Parasite and Fungi","floor":22.0,"turns":2.0},{"damage":22.0,"enemies":"Book of Stabbing","floor":23.0,"turns":3.0},{"damage":0.0,"enemies":"Slavers","floor":25.0,"turns":2.0},{"damage":1.0,"enemies":"Snecko","floor":31.0,"turns":4.0},{"damage":3,"enemies":"Automaton","floor":33,"turns":7},{"damage":45,"enemies":"3 Darklings","floor":35,"turns":2}],"seed_played":"4662677687414673822","potions_obtained":[{"floor":5.0,"key":"EssenceOfSteel"},{"floor":8.0,"key":"Regen Potion"},{"floor":10.0,"key":"Fire Potion"},{"floor":16.0,"key":"FearPotion"},{"floor":18.0,"key":"BlessingOfTheForge"},{"floor":20.0,"key":"LiquidMemories"},{"floor":23.0,"key":"EntropicBrew"},{"floor":25.0,"key":"Block Potion"}],"is_trial":false,"path_per_floor":["M","?","$","?","M","R","E","M","T","E","M","R","M","E","R","B",null,"M","M","?","?","M","E","R","E","T","?","?","?","?","M","R","B",null,"M"],"character_chosen":"IRONCLAD","items_purchased":["Pummel+1","Regal Pillow","ClockworkSouvenir","OrangePellets","Combust"],"campfire_rested":2,"item_purchase_floors":[3,32,32,32,32],"current_hp_per_floor":[79,79,79,79,73,73,49,50,50,33,32,32,34,28,52,12,80,70,56,56,56,41,21,45,47,47,40,40,40,40,39,39,37,40,0,0],"gold":173,"neow_bonus":"BOSS_RELIC","is_daily":false,"chose_seed":false,"campfire_upgraded":2,"win_rate":0.0,"timestamp":1611479398,"path_taken":["M","?","$","?","M","R","E","M","T","E","M","R","?","E","R","BOSS","M","M","?","?","M","E","R","E","T","?","?","?","?","M","R","BOSS","M"],"items_purchased_type":["Card","Relic","Relic","Relic","Card"],"build_version":"2020-12-22","purchased_purges":1,"victory":false,"max_hp_per_floor":[80,80,80,80,80,80,80,80,80,80,80,80,80,80,80,80,80,80,80,80,80,80,80,80,80,80,40,40,40,40,40,40,40,40,40,40],"relic_stats":{"Blood Vial":21,"OrangePellets":[0],"Regal Pillow":0,"counters":[17,70],"Ornamental Fan":[36],"Bronze Scales":[30],"PreservedInsect":0,"Juzu Bracelet":1,"War Paint":["Defend_R","Spot Weakness"],"obtain_stats":[{"Regal Pillow":32,"REME_ChargedStone":0,"PreservedInsect":26,"Juzu Bracelet":14,"War Paint":21,"Burning Blood":0,"ClockworkSouvenir":32,"Blood Vial":7,"OrangePellets":32,"Ornamental Fan":10,"Bronze Scales":25,"MutagenicStrength":30,"ChewingGum":17,"Bottled Lightning":20,"ReplayTheSpireMod:DimensionalGlitch":34,"Red Skull":9,"FossilizedHelix":23,"REME_ComplimentaryCards":0},{"Regal Pillow":15,"REME_ChargedStone":0,"PreservedInsect":14,"Juzu Bracelet":8,"War Paint":11,"Burning Blood":0,"ClockworkSouvenir":15,"Blood Vial":3,"OrangePellets":15,"Ornamental Fan":5,"Bronze Scales":14,"MutagenicStrength":14,"ChewingGum":9,"Bottled Lightning":11,"ReplayTheSpireMod:DimensionalGlitch":16,"Red Skull":4,"FossilizedHelix":13,"REME_ComplimentaryCards":0},{"Regal Pillow":61,"REME_ChargedStone":0,"PreservedInsect":57,"Juzu Bracelet":34,"War Paint":50,"Burning Blood":0,"ClockworkSouvenir":61,"Blood Vial":14,"OrangePellets":61,"Ornamental Fan":25,"Bronze Scales":57,"MutagenicStrength":57,"ChewingGum":42,"Bottled Lightning":50,"ReplayTheSpireMod:DimensionalGlitch":68,"Red Skull":17,"FossilizedHelix":55,"REME_ComplimentaryCards":0}]},"card_choices":[{"not_picked":["Cleave","Shrug It Off"],"picked":"Bloodletting","floor":1.0},{"not_picked":["Second Wind","Shrug It Off","Dark Embrace"],"picked":"SKIP","floor":5.0},{"not_picked":["Burning Pact","Havoc","Flex"],"picked":"SKIP","floor":7.0},{"not_picked":["Searing Blow","Sword Boomerang"],"picked":"Perfected Strike","floor":8.0},{"not_picked":["Hemogenesis","Bloodletting"],"picked":"Heavy Blade","floor":10.0},{"not_picked":["ReplayTheSpireMod:Corrosion Curse","Thunderclap","Massacre"],"picked":"SKIP","floor":11.0},{"not_picked":["Warcry","Twin Strike","Havoc"],"picked":"SKIP","floor":13.0},{"not_picked":["True Grit","Massacre","Run Through"],"picked":"SKIP","floor":14.0},{"not_picked":["REME_ACTH","Exhume"],"picked":"Demon Form","floor":16.0},{"not_picked":["Havoc+1","Wild Strike"],"picked":"Spot Weakness","floor":18.0},{"not_picked":["Sever Soul","Thunderclap","Clash"],"picked":"SKIP","floor":19.0},{"not_picked":["Pommel Strike+1","Shrug It Off"],"picked":"Inflame+1","floor":22.0},{"not_picked":["Clash","Massacre"],"picked":"Feed","floor":23.0},{"not_picked":["REME_SingleHolding+1","Defy Death"],"picked":"Metallicize","floor":25.0},{"not_picked":["Reckless Charge","Wild Strike"],"picked":"Rupture","floor":31},{"not_picked":["Eclipse","REME_TheLastStrike"],"picked":"Exhume","floor":33}],"player_experience":137801,"relics_obtained":[{"floor":7.0,"key":"Blood Vial"},{"floor":9.0,"key":"Red Skull"},{"floor":10.0,"key":"Ornamental Fan"},{"floor":14.0,"key":"Juzu Bracelet"},{"floor":20.0,"key":"Bottled Lightning"},{"floor":23.0,"key":"FossilizedHelix"},{"floor":25.0,"key":"Bronze Scales"},{"floor":26.0,"key":"PreservedInsect"}],"event_choices":[{"damage_healed":0.0,"max_hp_gain":0.0,"max_hp_loss":0.0,"gold_gain":0.0,"event_name":"The Cleric","player_choice":"Leave","floor":2.0,"gold_loss":0.0,"damage_taken":0.0},{"cards_removed":["Strike_R"],"damage_healed":0.0,"max_hp_gain":0.0,"max_hp_loss":0.0,"gold_gain":0.0,"event_name":"Bonfire Elementals","player_choice":"Offered Basic","floor":4.0,"gold_loss":0.0,"damage_taken":0.0},{"damage_healed":0.0,"max_hp_gain":0.0,"max_hp_loss":40.0,"gold_gain":0.0,"event_name":"Ghosts","player_choice":"Became a Ghost","floor":27.0,"gold_loss":0.0,"damage_taken":0.0,"cards_obtained":["Ghostly","Ghostly","Ghostly","Ghostly","Ghostly"]},{"damage_healed":0.0,"max_hp_gain":0.0,"max_hp_loss":0.0,"gold_gain":0.0,"event_name":"Beggar","player_choice":"Ignored","floor":28.0,"gold_loss":0.0,"damage_taken":0.0},{"damage_healed":0.0,"max_hp_gain":0.0,"max_hp_loss":0.0,"gold_gain":0.0,"event_name":"The Library","player_choice":"Read","floor":29.0,"gold_loss":0.0,"damage_taken":0.0,"cards_obtained":["REME_Cut"]},{"damage_healed":0.0,"max_hp_gain":0.0,"max_hp_loss":0.0,"gold_gain":0.0,"event_name":"Drug Dealer","player_choice":"Inject Mutagens","floor":30.0,"gold_loss":0.0,"damage_taken":0.0,"relics_obtained":["MutagenicStrength"]}],"is_beta":false,"boss_relics":[{"not_picked":["Replay:Wanted Poster","Sozu"],"picked":"ChewingGum"},{"not_picked":["energizedSpire:DecayingSkull","energizedSpire:StickyHand"],"picked":"ReplayTheSpireMod:DimensionalGlitch"}],"items_purged_floors":[32],"is_endless":false,"potions_floor_spawned":[5,8,10,16,18,23,25],"killed_by":"3 Darklings","ascension_level":2}}