{"host":"06zl5b70p3f7ye3v","time":1611451883,"event":{"mods":["AchievementEnabler","BaseMod","Colored Map","Curses Come First","Minty Spire (QoL Compilation)","StSLib","SuperFastMode"],"gold_per_floor":[117,136,147,147,172,172,215,238,312,39,372,372,385,400,400,496,496,516,535,556,556,556],"floor_reached":21,"language":"ENG","playtime":664,"items_purged":[],"score":415,"play_id":"4ae4d2cd-46dc-47e2-a05b-57c5a0c01435","local_time":"20210123203123","is_ascension_mode":true,"campfire_choices":[{"data":"Perfected Strike","floor":6,"key":"SMITH"},{"data":"The Bomb","floor":12,"key":"SMITH"},{"data":"Fire Breathing","floor":15,"key":"SMITH"}],"circlet_count":0,"master_deck":["AscendersBane","Strike_R","Strike_R","Strike_R","Strike_R","Strike_R","Defend_R","Defend_R","Defend_R","Defend_R","Bash","Power Through","Reckless Charge","Wild Strike","Perfected Strike+1","Reaper","Wild Strike","The Bomb+1","Wild Strike","True Grit","Perfected Strike","Carnage","Fire Breathing+1","Barricade","Wild Strike+1","Feel No Pain","Reckless Charge"],"relics":["Burning Blood","Golden Idol","Smiling Mask","Shuriken","Old Coin","Mark of Pain"],"acts_visited":["Exordium","TheCity"],"potions_floor_usage":[5,7,7,7,16,16,21],"damage_taken":[{"damage":6,"enemies":"Jaw Worm","floor":1,"turns":6},{"damage":11,"enemies":"Small Slimes","floor":2,"turns":7},{"damage":1,"enemies":"Cultist","floor":3,"turns":3},{"damage":0,"enemies":"Red Slaver","floor":5,"turns":3},{"damage":8,"enemies":"Gremlin Nob","floor":7,"turns":3},{"damage":0,"enemies":"2 Fungi Beasts","floor":8,"turns":3},{"damage":15,"enemies":"Lagavulin","floor":11,"turns":4},{"damage":16,"enemies":"Lots of Slimes","floor":13,"turns":5},{"damage":12,"enemies":"Exordium Wildlife","floor":14,"turns":3},{"damage":60,"enemies":"The Guardian","floor":16,"turns":10},{"damage":30,"enemies":"Spheric Guardian","floor":18,"turns":4},{"damage":0,"enemies":"Chosen","floor":19,"turns":3},{"damage":17,"enemies":"Centurion and Healer","floor":20,"turns":5},{"damage":55,"enemies":"Shelled Parasite and Fungi","floor":21,"turns":4}],"seed_played":"-3482553682446515953","potions_obtained":[{"floor":1,"key":"EntropicBrew"},{"floor":2,"key":"AttackPotion"},{"floor":11,"key":"GamblersBrew"},{"floor":13,"key":"AttackPotion"},{"floor":20,"key":"Dexterity Potion"}],"is_trial":false,"path_per_floor":["M","M","M","?","M","R","E","M","T","$","E","R","M","M","R","B",null,"M","M","M","M"],"character_chosen":"IRONCLAD","items_purchased":["The Bomb","Wild Strike","True Grit"],"campfire_rested":0,"item_purchase_floors":[10,10,10],"current_hp_per_floor":[75,70,75,47,53,53,60,74,74,74,65,65,71,65,65,18,66,42,48,47,0,0],"gold":556,"neow_bonus":"TEN_PERCENT_HP_BONUS","is_daily":false,"chose_seed":false,"campfire_upgraded":3,"win_rate":0.0,"timestamp":1611451883,"path_taken":["M","M","M","?","M","R","E","M","T","$","E","R","M","M","R","BOSS","M","M","M","M"],"items_purchased_type":["Card","Card","Card"],"build_version":"2020-12-22","purchased_purges":0,"victory":false,"max_hp_per_floor":[82,82,82,82,82,82,82,82,82,82,82,82,82,82,82,82,82,82,82,82,82,82],"card_choices":[{"not_picked":["Intimidate","Warcry"],"picked":"Power Through","floor":1},{"not_picked":["Headbutt","Sword Boomerang"],"picked":"Reckless Charge","floor":2},{"not_picked":["Body Slam","Perfected Strike"],"picked":"Wild Strike","floor":3},{"not_picked":["Havoc","Warcry"],"picked":"Perfected Strike","floor":5},{"not_picked":["Warcry","Intimidate"],"picked":"Reaper","floor":7},{"not_picked":["Thunderclap","Power Through"],"picked":"Wild Strike","floor":8},{"not_picked":["Flame Barrier","Ghostly Armor"],"picked":"Perfected Strike","floor":11},{"not_picked":["Uppercut","Rage"],"picked":"Carnage","floor":13},{"not_picked":["Clash","Headbutt"],"picked":"Fire Breathing","floor":14},{"not_picked":["Limit Break","Offering"],"picked":"Barricade","floor":16},{"not_picked":["Rupture+1","Hemokinesis"],"picked":"Wild Strike+1","floor":18},{"not_picked":["Sentinel+1","Pummel"],"picked":"Feel No Pain","floor":19},{"not_picked":["Rupture","Sword Boomerang"],"picked":"Reckless Charge","floor":20}],"player_experience":989255,"relics_obtained":[{"floor":7,"key":"Smiling Mask"},{"floor":9,"key":"Shuriken"},{"floor":11,"key":"Old Coin"}],"event_choices":[{"damage_healed":0,"gold_gain":0,"player_choice":"Take Damage","damage_taken":28,"relics_obtained":["Golden Idol"],"max_hp_gain":0,"max_hp_loss":0,"event_name":"Golden Idol","floor":4,"gold_loss":0}],"is_beta":false,"boss_relics":[{"not_picked":["Runic Dome","Astrolabe"],"picked":"Mark of Pain"}],"items_purged_floors":[],"is_endless":false,"potions_floor_spawned":[1,2,11,13,20],"killed_by":"Shelled Parasite and Fungi","ascension_level":20}}