{"host":"qnw6fh3z6mhgqap2","time":1611450049,"event":{"mods":["BaseMod","Downfall","Minty Spire (QoL Compilation)","Quick Restart","Replay The Spire","StSLib","SuperFastMode"],"gold_per_floor":[110,130,80,80,98,124,134,162,162,182,192,192,225,70,70,175,175,189,189,104,116,0,35,35,66,66,84,112,131,142,61,61,164,164,178,178,178,191,0,26,26,26],"floor_reached":41,"language":"ENG","playtime":3128,"items_purged":[],"score":657,"play_id":"b86d4e1d-fc9e-48e4-a15a-826c2e95e91c","local_time":"20210124020049","is_ascension_mode":true,"campfire_choices":[{"floor":15,"key":"REST"},{"data":"Wish","floor":24,"key":"SMITH"},{"data":"Eruption","floor":32,"key":"SMITH"}],"circlet_count":0,"master_deck":["Strike_P","Strike_P","Strike_P","Defend_P","Defend_P","Eruption+1","Vigilance","SignatureMove","Study+1","FollowUp","Swivel","LikeWater","Establishment","Prostrate","WindmillStrike","Wallop","Wish+1","ThirdEye","Meditate","LikeWater","ThirdEye+1","FlurryOfBlows+1","Conclude","MentalFortress","LikeWater","Wish","Meditate+1","Dramatic Entrance","Bandage Up","Evaluate+1"],"relics":["PureWater","NeowsBlessing","Tiny Chest","Replay:Bottled Snecko","HornCleat","PreservedInsect","Letter Opener","Bag of Preparation","Busted Crown","Gambling Chip","Replay:Wax Seal","Replay:Rubber Ducky","Potion Belt","Pantograph","Mercury Hourglass","Empty Cage","Question Card","Red Mask","Chameleon Ring"],"acts_visited":["Exordium","TheCity","TheBeyond"],"potions_floor_usage":[16,33,33,41],"damage_taken":[{"damage":0,"enemies":"Jaw Worm","floor":1,"turns":1},{"damage":0,"enemies":"Cultist","floor":2,"turns":1},{"damage":0,"enemies":"Small Slimes","floor":5,"turns":1},{"damage":37,"enemies":"Gremlin Nob","floor":6,"turns":5},{"damage":14,"enemies":"3 Louse","floor":7,"turns":3},{"damage":5,"enemies":"Lagavulin","floor":8,"turns":6},{"damage":0,"enemies":"Looter","floor":10,"turns":3},{"damage":0,"enemies":"Large Slime","floor":11,"turns":3},{"damage":0,"enemies":"Gremlin Nob","floor":13,"turns":3},{"damage":20,"enemies":"Fading Forest","floor":16,"turns":11},{"damage":0,"enemies":"Spheric Guardian","floor":18,"turns":3},{"damage":9,"enemies":"3 Byrds","floor":21,"turns":5},{"damage":9,"enemies":"Slavers","floor":23,"turns":7},{"damage":0,"enemies":"Book of Stabbing","floor":25,"turns":6},{"damage":0,"enemies":"Centurion and Healer","floor":27,"turns":8},{"damage":5,"enemies":"Gremlin Leader","floor":28,"turns":8},{"damage":0,"enemies":"Snecko","floor":29,"turns":7},{"damage":0,"enemies":"Sentry and Sphere","floor":30,"turns":7},{"damage":0,"enemies":"Champ","floor":33,"turns":12},{"damage":24,"enemies":"3 Shapes","floor":35,"turns":3},{"damage":0,"enemies":"Orb Walker","floor":38,"turns":7},{"damage":56,"enemies":"Reptomancer","floor":40,"turns":6},{"damage":21,"enemies":"Spire Growth","floor":41,"turns":2}],"seed_played":"3762718195140134826","potions_obtained":[{"floor":5,"key":"Weak Potion"},{"floor":6,"key":"Toxic Potion"},{"floor":8,"key":"hexamod:SoulburnPotion"},{"floor":11,"key":"SteroidPotion"},{"floor":16,"key":"FairyPotion"},{"floor":25,"key":"Swift Potion"},{"floor":27,"key":"SteroidPotion"},{"floor":35,"key":"Fire Potion"}],"is_trial":false,"path_per_floor":["M","M","?","?","M","E","M","E","T","M","M","T","E","$","R","B",null,"M","?","?","M","$","E","R","E","T","M","E","M","M","$","R","B",null,"M","T","?","M","?","E","M"],"character_chosen":"WATCHER","items_purchased":["Bag of Preparation","Replay:Wax Seal","LikeWater","LikeWater"],"campfire_rested":1,"item_purchase_floors":[14,22,22,31],"current_hp_per_floor":[72,72,72,72,72,35,21,16,16,16,16,16,16,16,37,27,72,72,72,72,63,63,54,54,54,54,54,49,49,49,49,49,72,72,48,48,43,47,47,17,0,0],"gold":26,"neow_bonus":"THREE_ENEMY_KILL","is_daily":false,"chose_seed":false,"campfire_upgraded":2,"win_rate":0.0,"timestamp":1611450049,"path_taken":["M","M","?","?","?","E","M","E","T","M","M","?","E","$","R","BOSS","M","?","?","M","$","E","R","E","T","M","E","M","M","$","R","BOSS","M","?","?","M","?","E","M"],"items_purchased_type":["Relic","Relic","Card","Card"],"build_version":"2020-12-22","purchased_purges":0,"victory":false,"max_hp_per_floor":[72,72,72,72,72,72,72,72,72,72,72,72,72,72,72,72,72,72,72,72,72,72,72,72,72,72,72,72,72,72,72,72,72,72,72,72,72,72,72,72,72,72],"card_choices":[{"not_picked":["PathToVictory","Evaluate"],"picked":"SignatureMove","floor":1},{"not_picked":["Replay:BluntJabs","Replay:AtTheReady"],"picked":"Study","floor":2},{"not_picked":["EmptyBody","Replay:DivineShield"],"picked":"FollowUp","floor":5},{"not_picked":["Worship","JustLucky"],"picked":"Swivel","floor":6},{"not_picked":["SignatureMove","WreathOfFlame"],"picked":"LikeWater","floor":7},{"not_picked":["Indignation","Sanctity"],"picked":"Establishment","floor":8},{"not_picked":["Replay:AtTheReady","MentalFortress"],"picked":"Prostrate","floor":10},{"not_picked":["FlurryOfBlows","Sanctity"],"picked":"WindmillStrike","floor":11},{"not_picked":["CrushJoints","FearNoEvil"],"picked":"Wallop","floor":13},{"not_picked":["Vault","ConjureBlade"],"picked":"Wish","floor":16},{"not_picked":[],"picked":"ThirdEye","floor":18},{"not_picked":[],"picked":"Meditate","floor":21},{"not_picked":[],"picked":"ThirdEye+1","floor":23},{"not_picked":[],"picked":"FlurryOfBlows+1","floor":25},{"not_picked":[],"picked":"Conclude","floor":27},{"not_picked":["Study+1"],"picked":"SKIP","floor":28},{"not_picked":[],"picked":"MentalFortress","floor":29},{"not_picked":["MentalFortress"],"picked":"SKIP","floor":30},{"not_picked":[],"picked":"Wish","floor":33},{"not_picked":[],"picked":"Meditate+1","floor":35},{"not_picked":["ReplayTheSpireMod:Uncanny Aura"],"picked":"Dramatic Entrance","floor":37},{"not_picked":["Mind Blast"],"picked":"Bandage Up","floor":37},{"not_picked":["Worship"],"picked":"Evaluate+1","floor":38},{"not_picked":["WreathOfFlame","CrushJoints"],"picked":"SKIP","floor":40}],"player_experience":171069,"relics_obtained":[{"floor":6,"key":"Tiny Chest"},{"floor":8,"key":"Replay:Bottled Snecko"},{"floor":9,"key":"HornCleat"},{"floor":12,"key":"PreservedInsect"},{"floor":13,"key":"Letter Opener"},{"floor":23,"key":"Replay:Rubber Ducky"},{"floor":25,"key":"Potion Belt"},{"floor":26,"key":"Pantograph"},{"floor":28,"key":"Mercury Hourglass"},{"floor":36,"key":"Question Card"},{"floor":40,"key":"Chameleon Ring"}],"event_choices":[{"cards_removed":["Defend_P"],"damage_healed":0,"gold_gain":0,"player_choice":"Card Removal","damage_taken":0,"max_hp_gain":0,"max_hp_loss":0,"event_name":"The Cleric","floor":3,"gold_loss":50},{"damage_healed":0,"gold_gain":0,"player_choice":"Upgraded","damage_taken":0,"max_hp_gain":0,"max_hp_loss":0,"event_name":"Upgrade Shrine","floor":4,"gold_loss":0,"cards_upgraded":["Study"]},{"damage_healed":0,"gold_gain":0,"player_choice":"Obtained Relic","damage_taken":0,"relics_obtained":["Gambling Chip"],"max_hp_gain":0,"max_hp_loss":0,"event_name":"Addict","floor":20,"gold_loss":85},{"damage_healed":0,"gold_gain":0,"player_choice":"Memory 2","damage_taken":5,"max_hp_gain":0,"max_hp_loss":0,"event_name":"SensoryStone","floor":37,"gold_loss":0},{"damage_healed":0,"gold_gain":0,"player_choice":"Paid","damage_taken":0,"relics_obtained":["Red Mask"],"max_hp_gain":0,"max_hp_loss":0,"event_name":"Tomb of Lord Red Mask","floor":39,"gold_loss":191}],"is_beta":false,"boss_relics":[{"not_picked":["Cursed Key","ChewingGum"],"picked":"Busted Crown"},{"not_picked":["Kintsugi","Ring of Chaos"],"picked":"Empty Cage"}],"items_purged_floors":[],"is_endless":false,"potions_floor_spawned":[5,6,8,11,16,21,23,25,27,29,35],"killed_by":"Spire Growth","ascension_level":1}}