{"host":"kvo7eymyd21g9abd","time":1611448272,"event":{"mods":["AchievementEnabler","BaseMod","Bestiary","Colored Map","Minty Spire (QoL Compilation)","StSLib"],"gold_per_floor":[115,115,115,65,90,128,147,147,173,247,247,288,304,6,6,6,6],"floor_reached":16,"language":"ENG","playtime":467,"items_purged":[],"score":138,"play_id":"abcb396b-49b3-460f-81c2-de8a028cb107","local_time":"20210123193112","is_ascension_mode":true,"campfire_choices":[{"floor":8,"key":"REST"},{"floor":11,"key":"RECALL"},{"floor":15,"key":"REST"}],"circlet_count":0,"master_deck":["Strike_P","Strike_P","Strike_P","Strike_P","Defend_P","Defend_P","Defend_P","Defend_P","Eruption","Vigilance","ForeignInfluence","Collect","Indignation","EmptyFist","Devotion","Prostrate"],"relics":["PureWater","Incense Burner","Golden Idol","Strawberry","Pear","Nunchaku","Meat on the Bone"],"acts_visited":["Exordium"],"potions_floor_usage":[12,12,16,16],"damage_taken":[{"damage":2,"enemies":"Small Slimes","floor":1,"turns":2},{"damage":3,"enemies":"2 Louse","floor":5,"turns":2},{"damage":1,"enemies":"Gremlin Nob","floor":6,"turns":3},{"damage":17,"enemies":"Jaw Worm","floor":7,"turns":2},{"damage":23,"enemies":"3 Sentries","floor":12,"turns":4},{"damage":21,"enemies":"Exordium Thugs","floor":13,"turns":4},{"damage":55,"enemies":"The Guardian","floor":16,"turns":10}],"seed_played":"5248134561310978408","potions_obtained":[{"floor":1,"key":"Energy Potion"},{"floor":6,"key":"SteroidPotion"},{"floor":7,"key":"Dexterity Potion"},{"floor":13,"key":"BottledMiracle"}],"is_trial":false,"path_per_floor":["M","?","?","?","M","E","M","R","T","T","R","E","M","$","R","B"],"character_chosen":"WATCHER","items_purchased":["Meat on the Bone","Block Potion"],"campfire_rested":2,"item_purchase_floors":[14,14],"current_hp_per_floor":[70,52,52,52,49,55,38,61,61,71,71,48,27,27,53,0,0],"gold":6,"neow_bonus":"ONE_RARE_RELIC","is_daily":false,"chose_seed":false,"campfire_upgraded":0,"win_rate":0.0,"timestamp":1611448272,"path_taken":["M","?","?","?","?","E","M","R","T","?","R","E","M","$","R","BOSS"],"items_purchased_type":["Relic","Potion"],"build_version":"2020-12-22","purchased_purges":0,"victory":false,"max_hp_per_floor":[72,72,72,72,72,79,79,79,79,89,89,89,89,89,89,89,89],"card_choices":[{"not_picked":["CutThroughFate","WreathOfFlame"],"picked":"ForeignInfluence","floor":1},{"not_picked":["JustLucky","CutThroughFate"],"picked":"Collect","floor":5},{"not_picked":["WreathOfFlame","FlyingSleeves"],"picked":"Indignation","floor":6},{"not_picked":["WreathOfFlame","SashWhip"],"picked":"EmptyFist","floor":7},{"not_picked":["Halt","PathToVictory"],"picked":"Devotion","floor":12},{"not_picked":["CutThroughFate","SignatureMove"],"picked":"Prostrate","floor":13}],"player_experience":420920,"relics_obtained":[{"floor":6,"key":"Strawberry"},{"floor":10,"key":"Pear"},{"floor":12,"key":"Nunchaku"}],"event_choices":[{"damage_healed":0,"gold_gain":0,"player_choice":"Take Damage","damage_taken":18,"relics_obtained":["Golden Idol"],"max_hp_gain":0,"max_hp_loss":0,"event_name":"Golden Idol","floor":2,"gold_loss":0},{"damage_healed":0,"gold_gain":0,"player_choice":"Ignored","damage_taken":0,"max_hp_gain":0,"max_hp_loss":0,"event_name":"Shining Light","floor":3,"gold_loss":0},{"cards_removed":["Decay"],"damage_healed":0,"gold_gain":0,"player_choice":"Card Removal","damage_taken":0,"max_hp_gain":0,"max_hp_loss":0,"event_name":"The Cleric","floor":4,"gold_loss":50}],"is_beta":false,"boss_relics":[],"items_purged_floors":[],"is_endless":false,"potions_floor_spawned":[1,6,7,13],"killed_by":"The Guardian","ascension_level":1}}