{"host":"h3bgw7p7cb1roykn","time":1611506441,"event":{"mods":["AchievementEnabler","BaseMod","Colored Map","Minty Spire (QoL Compilation)","StSLib"],"gold_per_floor":[117,117,135,159,159,193,203,203,203,48,83,83,109,125,125,223,223,241,241,241,252,177,177,177],"floor_reached":23,"language":"ENG","playtime":709,"items_purged":["Strike_B"],"score":295,"play_id":"6aeebe8d-0be4-4367-a400-919962776e67","local_time":"20210124174041","is_ascension_mode":true,"campfire_choices":[{"data":"Double Energy","floor":8,"key":"SMITH"},{"floor":12,"key":"REST"},{"floor":15,"key":"REST"}],"circlet_count":0,"master_deck":["Strike_B","Strike_B","Defend_B","Defend_B","Defend_B","Zap","Dualcast","Streamline+1","White Noise","Double Energy+1","Gash","Coolheaded","Creative AI","Electrodynamics","CurseOfTheBell","Core Surge","Streamline","Beam Cell+1"],"relics":["Cracked Core","Blue Candle","Lantern","Centennial Puzzle","TungstenRod","Oddly Smooth Stone","StoneCalendar","Torii","Calling Bell","Strawberry","Pantograph","Calipers"],"acts_visited":["Exordium","TheCity"],"potions_floor_usage":[16,20],"damage_taken":[{"damage":0.0,"enemies":"2 Louse","floor":1.0,"turns":2.0},{"damage":6.0,"enemies":"Jaw Worm","floor":3.0,"turns":3.0},{"damage":28.0,"enemies":"Gremlin Nob","floor":6.0,"turns":4.0},{"damage":0,"enemies":"Cultist","floor":7,"turns":2},{"damage":15,"enemies":"3 Sentries","floor":11,"turns":8},{"damage":22,"enemies":"Lagavulin","floor":13,"turns":4},{"damage":23,"enemies":"Exordium Thugs","floor":14,"turns":5},{"damage":0,"enemies":"The Guardian","floor":16,"turns":10},{"damage":45,"enemies":"2 Thieves","floor":18,"turns":4},{"damage":9,"enemies":"Spheric Guardian","floor":21,"turns":3},{"damage":40,"enemies":"Book of Stabbing","floor":23,"turns":3}],"seed_played":"3233254950819115602","potions_obtained":[{"floor":1.0,"key":"SmokeBomb"},{"floor":13,"key":"Weak Potion"},{"floor":16,"key":"PotionOfCapacity"},{"floor":20,"key":"Fruit Juice"},{"floor":20,"key":"EntropicBrew"},{"floor":20,"key":"Block Potion"}],"is_trial":false,"path_per_floor":["M","?","M","T","?","E","M","R","T","$","E","R","E","M","R","B",null,"M","?","?","M","$","E"],"character_chosen":"DEFECT","items_purchased":["Oddly Smooth Stone"],"campfire_rested":2,"item_purchase_floors":[10],"current_hp_per_floor":[82,79,73,73,73,45,45,45,45,45,30,54,32,9,33,33,89,44,44,49,40,40,0,0],"gold":177,"neow_bonus":"TEN_PERCENT_HP_BONUS","is_daily":false,"chose_seed":false,"campfire_upgraded":1,"win_rate":0.0,"timestamp":1611506441,"path_taken":["M","?","M","?","?","E","M","R","T","$","E","R","E","?","R","BOSS","M","?","?","?","$","E"],"items_purchased_type":["Relic"],"build_version":"2020-12-22","purchased_purges":1,"victory":false,"max_hp_per_floor":[82,82,82,82,82,82,82,82,82,82,82,82,82,82,82,82,89,89,89,94,94,94,94,94],"card_choices":[{"not_picked":["Chill","Gash"],"picked":"Streamline","floor":1.0},{"not_picked":["Consume","Defragment"],"picked":"White Noise","floor":3.0},{"not_picked":["Streamline","Compile Driver","Steam"],"picked":"SKIP","floor":6.0},{"not_picked":["Turbo","Stack"],"picked":"Double Energy","floor":7},{"not_picked":["Lockon","Cold Snap"],"picked":"Gash","floor":11},{"not_picked":["Glacier","Compile Driver"],"picked":"Coolheaded","floor":13},{"not_picked":["Aggregate","Force Field"],"picked":"Creative AI","floor":14},{"not_picked":["Biased Cognition","Rainbow"],"picked":"Electrodynamics","floor":16},{"not_picked":["Fusion","Barrage+1","Go for the Eyes"],"picked":"SKIP","floor":18},{"not_picked":["Aggregate","Steam+1"],"picked":"Beam Cell+1","floor":21}],"player_experience":230913,"relics_obtained":[{"floor":4.0,"key":"Lantern"},{"floor":6.0,"key":"Centennial Puzzle"},{"floor":9,"key":"TungstenRod"},{"floor":11,"key":"StoneCalendar"},{"floor":13,"key":"Torii"},{"floor":17,"key":"Strawberry"},{"floor":17,"key":"Pantograph"},{"floor":17,"key":"Calipers"}],"event_choices":[{"damage_healed":0.0,"max_hp_gain":0.0,"max_hp_loss":0.0,"gold_gain":0.0,"event_name":"Scrap Ooze","player_choice":"Success","floor":2.0,"gold_loss":0.0,"damage_taken":3.0,"relics_obtained":["Blue Candle"]},{"damage_healed":0.0,"max_hp_gain":0.0,"max_hp_loss":0.0,"gold_gain":0.0,"event_name":"Upgrade Shrine","player_choice":"Upgraded","floor":5.0,"gold_loss":0.0,"damage_taken":0.0,"cards_upgraded":["Streamline"]},{"damage_healed":0,"gold_gain":0,"cards_transformed":["Strike_B","Defend_B"],"player_choice":"Became Test Subject","damage_taken":0,"max_hp_gain":0,"max_hp_loss":0,"event_name":"Drug Dealer","floor":19,"gold_loss":0,"cards_obtained":["Core Surge","Streamline"]},{"damage_healed":0,"gold_gain":0,"player_choice":"Got Potions","damage_taken":0,"max_hp_gain":0,"max_hp_loss":0,"event_name":"Lab","floor":20,"gold_loss":0}],"is_beta":false,"boss_relics":[{"not_picked":["Philosopher\u0027s Stone","Coffee Dripper"],"picked":"Calling Bell"}],"items_purged_floors":[22],"is_endless":false,"potions_floor_spawned":[1,13,16],"killed_by":"Book of Stabbing","ascension_level":1}}