{"host":"g8ufh7m4frdlkxwv","time":1611462454,"event":{"mods":["AchievementEnabler","BaseMod","Colored Map","Dark Map","Minty Spire (QoL Compilation)","Relic Stats","StSLib","ojb\u0027s Info Mod"],"gold_per_floor":[213,213,213,224,224,250,5,5,5],"floor_reached":8,"language":"ENG","playtime":266,"items_purged":[],"score":108,"play_id":"299bd123-c2c4-4465-ac08-a8729709af21","local_time":"20210124052734","is_ascension_mode":true,"campfire_choices":[],"circlet_count":0,"master_deck":["AscendersBane","Strike_G","Strike_G","Strike_G","Strike_G","Strike_G","Defend_G","Defend_G","Defend_G","Defend_G","Survivor","Neutralize","Predator","Crippling Poison"],"relics":["Ring of the Snake","Tiny Chest","Omamori","Membership Card","Happy Flower"],"acts_visited":["Exordium"],"potions_floor_usage":[],"damage_taken":[{"damage":0.0,"enemies":"Cultist","floor":1.0,"turns":4.0},{"damage":6.0,"enemies":"Jaw Worm","floor":4.0,"turns":9.0},{"damage":24.0,"enemies":"Gremlin Nob","floor":6.0,"turns":4.0},{"damage":32,"enemies":"3 Sentries","floor":8,"turns":6}],"seed_played":"-2816552763756140620","potions_obtained":[{"floor":4.0,"key":"DuplicationPotion"}],"is_trial":false,"path_per_floor":["M","$","?","M","?","E","$","E"],"character_chosen":"THE_SILENT","items_purchased":["Membership Card","Happy Flower"],"campfire_rested":0,"item_purchase_floors":[7,7],"current_hp_per_floor":[59,59,59,53,53,29,29,0,0],"gold":5,"neow_bonus":"HUNDRED_GOLD","is_daily":false,"chose_seed":false,"campfire_upgraded":0,"win_rate":0.0,"timestamp":1611462454,"path_taken":["M","$","?","?","?","E","$","E"],"items_purchased_type":["Relic","Relic"],"build_version":"2020-12-22","purchased_purges":0,"victory":false,"max_hp_per_floor":[66,66,66,66,66,66,66,66,66],"relic_stats":{"Happy Flower":[2],"counters":[4,23],"Tiny Chest":0,"obtain_stats":[{"Happy Flower":7,"Tiny Chest":3,"Omamori":6,"Membership Card":7,"Ring of the Snake":0},{"Happy Flower":3,"Tiny Chest":1,"Omamori":3,"Membership Card":3,"Ring of the Snake":0},{"Happy Flower":17,"Tiny Chest":4,"Omamori":17,"Membership Card":17,"Ring of the Snake":0}],"Ring of the Snake":[8]},"card_choices":[{"not_picked":["Acrobatics","Distraction"],"picked":"Cloak And Dagger","floor":1.0},{"not_picked":["PiercingWail","Quick Slash"],"picked":"Predator","floor":4.0},{"not_picked":["Leg Sweep","Cloak And Dagger"],"picked":"Crippling Poison","floor":6.0}],"player_experience":1097874,"relics_obtained":[{"floor":6.0,"key":"Omamori"}],"event_choices":[{"cards_removed":["Cloak And Dagger"],"damage_healed":0.0,"max_hp_gain":0.0,"max_hp_loss":0.0,"gold_gain":0.0,"event_name":"WeMeetAgain","player_choice":"Gave Card","floor":3.0,"gold_loss":0.0,"damage_taken":0.0,"relics_obtained":["Tiny Chest"]},{"cards_removed":["Defend_G"],"damage_healed":0.0,"max_hp_gain":0.0,"max_hp_loss":0.0,"gold_gain":0.0,"event_name":"Purifier","player_choice":"Purged","floor":5.0,"gold_loss":0.0,"damage_taken":0.0}],"is_beta":false,"boss_relics":[],"items_purged_floors":[],"is_endless":false,"potions_floor_spawned":[4],"killed_by":"3 Sentries","ascension_level":20}}