{"host":"h23hlq20ir8sps7h","time":1611507815,"event":{"mods":["Act Like it!","Aspiration","BaseMod","BetterRewards","Colored Map","Conspire","Energized Spire","Friendly Minions","GifTheSpireLib","Halation","Hubris","Ironclad Rager","Minty Spire (QoL Compilation)","Permanent Neow","Prisma Mod","Quarter Circle Forward PUNCH!","Quick Restart","Railgun Mod","Remilia??????","Replay The Spire","SCP261 Mod","Shop Mod","Spikes Relics","StSLib","Stuff the Spire","The Animator","The Hierophant","The Problem Sleuth","The Runesmith","The Sage","Trackpad","Wandering Minibosses","vexMod"],"gold_per_floor":[129,139,158,66,82,82,82],"floor_reached":6,"language":"ENG","playtime":1057,"items_purged":[],"score":38,"play_id":"296e2d65-9d5d-4a66-854b-95b43dc9d460","local_time":"20210124090335","is_ascension_mode":false,"campfire_choices":[],"circlet_count":0,"master_deck":["animator:Strike_Konosuba","animator:Defend_Konosuba","animator:Kazuma","animator:Aqua","animator:FielNirvalen","animator:ElricAlphonse","animator:Lancer","animator:Strike_Elsword","animator:Strike_OwariNoSeraph","animator:Strike_Konosuba","animator:Defend_FullmetalAlchemist","animator:Defend_OnePunchMan","animator:Defend_Elsword"],"relics":["animator:LivingPicture","animator:TheMissingPiece"],"acts_visited":["Exordium"],"potions_floor_usage":[],"damage_taken":[{"damage":0,"enemies":"Small Slimes","floor":1,"turns":5},{"damage":0,"enemies":"2 Louse","floor":2,"turns":5},{"damage":9,"enemies":"Cultist","floor":3,"turns":7},{"damage":10,"enemies":"Looter","floor":5,"turns":7},{"damage":43,"enemies":"Lagavulin","floor":6,"turns":11}],"seed_played":"9190680993351066123","potions_obtained":[{"floor":1,"key":"animator:FalseLifePotion"},{"floor":5,"key":"SkillPotion"}],"is_trial":false,"path_per_floor":["M","M","M","?","M","E"],"character_chosen":"THE_ANIMATOR","items_purchased":[],"campfire_rested":0,"item_purchase_floors":[],"current_hp_per_floor":[50,52,45,45,37,0,0],"gold":82,"neow_bonus":"RANDOM_COLORLESS_2","is_daily":false,"chose_seed":false,"campfire_upgraded":0,"win_rate":0.0,"timestamp":1611507815,"path_taken":["M","M","M","?","M","E"],"items_purchased_type":[],"build_version":"2020-12-22","purchased_purges":0,"victory":false,"max_hp_per_floor":[66,66,66,66,66,66,66],"card_choices":[{"not_picked":["animator:ShinjiMatou","animator:DolaRiku"],"picked":"animator:FielNirvalen","floor":1},{"not_picked":["animator:Kazuma","animator:DwarfShaman"],"picked":"animator:ElricAlphonse","floor":2},{"not_picked":["animator:LizardPriest","animator:Mitsurugi"],"picked":"animator:Lancer","floor":3}],"player_experience":311318,"relics_obtained":[],"event_choices":[],"is_beta":false,"boss_relics":[],"items_purged_floors":[],"is_endless":false,"potions_floor_spawned":[1,5],"killed_by":"Lagavulin","ascension_level":0}}