{"host":"veymnbzwgp1k9ont","time":1611503989,"event":{"mods":["BaseMod","Defuse TimeMaze Blight","Minty Spire (QoL Compilation)","Rare Cards Sparkle","Shop Mod","StSLib"],"gold_per_floor":[116,116,135,60,74,74,88,88,115,15,15,32,45,75,75,180,180,191,78,78,90,105,105,134,134,134,134,151,171,171,189,189,286,286,297,314,333,333,333,333],"floor_reached":39,"language":"ENG","playtime":986,"items_purged":["Eviscerate","Expertise"],"score":605,"play_id":"b6bf4e3c-1a64-437d-84f9-0152c309fe1b","local_time":"20210124095949","daily_mods":["SealedDeck","Heirloom"],"is_ascension_mode":false,"campfire_choices":[{"data":"Catalyst","floor":6,"key":"SMITH"},{"data":"Catalyst","floor":8,"key":"SMITH"},{"data":"Deadly Poison","floor":11,"key":"SMITH"},{"data":"Catalyst","floor":15,"key":"SMITH"},{"data":"Burst","floor":23,"key":"SMITH"},{"data":"Noxious Fumes","floor":25,"key":"SMITH"},{"data":"Deadly Poison","floor":27,"key":"SMITH"},{"data":"Noxious Fumes","floor":32,"key":"SMITH"}],"circlet_count":0,"master_deck":["Outmaneuver","Backflip","Leg Sweep","Deflect","Poisoned Stab","Catalyst+1","Deadly Poison+1","Deadly Poison+1","Noxious Fumes+1","Catalyst+1","Neutralize","Dodge and Roll","Catalyst+1","PiercingWail","Burst+1","PiercingWail+1","Noxious Fumes+1","Burst"],"relics":["Ring of the Snake","Incense Burner","Tiny Chest","Philosopher\u0027s Stone","MerchantsRug","Singing Bowl","Dream Catcher","Lizard Tail","Coffee Dripper","Torii"],"acts_visited":["Exordium","TheCity","TheBeyond"],"potions_floor_usage":[12,12],"damage_taken":[{"damage":0,"enemies":"Jaw Worm","floor":1,"turns":3},{"damage":0,"enemies":"Cultist","floor":3,"turns":3},{"damage":0,"enemies":"2 Louse","floor":5,"turns":2},{"damage":0,"enemies":"Exordium Wildlife","floor":7,"turns":4},{"damage":12,"enemies":"Gremlin Gang","floor":12,"turns":4},{"damage":8,"enemies":"Lots of Slimes","floor":13,"turns":4},{"damage":13,"enemies":"Lagavulin","floor":14,"turns":3},{"damage":13,"enemies":"The Guardian","floor":16,"turns":4},{"damage":11,"enemies":"2 Thieves","floor":18,"turns":3},{"damage":0,"enemies":"Chosen","floor":21,"turns":3},{"damage":0,"enemies":"Snecko","floor":22,"turns":2},{"damage":2,"enemies":"Slavers","floor":24,"turns":6},{"damage":0,"enemies":"Snake Plant","floor":28,"turns":1},{"damage":0,"enemies":"Cultist and Chosen","floor":29,"turns":4},{"damage":2,"enemies":"Shelled Parasite and Fungi","floor":31,"turns":3},{"damage":13,"enemies":"Champ","floor":33,"turns":3},{"damage":27,"enemies":"3 Darklings","floor":35,"turns":3},{"damage":3,"enemies":"3 Shapes","floor":36,"turns":4},{"damage":0,"enemies":"Spire Growth","floor":37,"turns":2}],"seed_played":"8151702192588055885","potions_obtained":[{"floor":3,"key":"Dexterity Potion"},{"floor":5,"key":"Dexterity Potion"},{"floor":14,"key":"BlessingOfTheForge"},{"floor":22,"key":"EssenceOfSteel"},{"floor":28,"key":"FairyPotion"}],"is_trial":true,"path_per_floor":["M","?","M","$","M","R","M","R","T","$","R","M","M","E","R","B",null,"M","$","?","M","M","R","E","R","T","R","M","M","T","M","R","B",null,"M","M","M","T","$"],"character_chosen":"THE_SILENT","items_purchased":["MerchantsRug"],"campfire_rested":0,"item_purchase_floors":[19],"current_hp_per_floor":[70,70,70,70,70,70,70,70,70,70,70,58,50,37,37,24,70,59,59,46,46,46,46,46,46,46,46,46,48,48,48,48,35,81,56,55,57,57,57,57],"gold":333,"neow_bonus":"","is_daily":false,"chose_seed":false,"campfire_upgraded":8,"win_rate":0.0,"timestamp":1611503989,"path_taken":["M","?","M","$","M","R","M","R","T","$","R","M","?","E","R","BOSS","M","$","?","M","M","R","E","R","T","R","M","M","?","M","R","BOSS","M","M","?","?","$"],"items_purchased_type":["Relic"],"build_version":"2020-12-22","purchased_purges":2,"victory":false,"max_hp_per_floor":[70,70,70,70,70,70,70,70,70,70,70,70,70,70,70,70,70,70,70,75,75,75,75,77,77,77,77,77,79,79,81,81,81,81,83,85,87,87,87,87],"card_choices":[{"not_picked":["Backflip","Dodge and Roll"],"picked":"Catalyst","floor":1},{"not_picked":["Eviscerate","Prepared","Bane"],"picked":"SKIP","floor":3},{"not_picked":["Sucker Punch","Calculated Gamble","Crippling Poison"],"picked":"SKIP","floor":5},{"not_picked":["Flechettes","Cloak And Dagger","Tactician"],"picked":"SKIP","floor":7},{"not_picked":["Finisher","Slice"],"picked":"Catalyst","floor":12},{"not_picked":["Crippling Poison","Outmaneuver"],"picked":"PiercingWail","floor":13},{"not_picked":["Dodge and Roll","Endless Agony","Underhanded Strike"],"picked":"SKIP","floor":14},{"not_picked":["Envenom","Die Die Die"],"picked":"Burst","floor":16},{"not_picked":["Dodge and Roll","Blur","Poisoned Stab+1"],"picked":"SKIP","floor":18},{"not_picked":["Crippling Poison","Concentrate+1","Outmaneuver"],"picked":"SKIP","floor":21},{"not_picked":["Flechettes","Concentrate"],"picked":"PiercingWail+1","floor":22},{"not_picked":["Calculated Gamble+1","Dodge and Roll","Phantasmal Killer"],"picked":"Singing Bowl","floor":24},{"not_picked":["Riddle With Holes","Accuracy"],"picked":"Noxious Fumes","floor":28},{"not_picked":["Cloak And Dagger","Flying Knee+1","Dodge and Roll"],"picked":"Singing Bowl","floor":29},{"not_picked":["Underhanded Strike","Choke+1","All Out Attack"],"picked":"Singing Bowl","floor":31},{"not_picked":["Unload","Doppelganger"],"picked":"Burst","floor":33},{"not_picked":["Dagger Throw","Prepared+1","Quick Slash"],"picked":"Singing Bowl","floor":35},{"not_picked":["Deflect+1","Bouncing Flask+1","Expertise+1"],"picked":"Singing Bowl","floor":36},{"not_picked":["Flechettes+1","Bane+1","Underhanded Strike"],"picked":"Singing Bowl","floor":37}],"player_experience":408166,"relics_obtained":[{"floor":9,"key":"Toy Ornithopter"},{"floor":14,"key":"Tiny Chest"},{"floor":24,"key":"Singing Bowl"},{"floor":26,"key":"Dream Catcher"},{"floor":30,"key":"Lizard Tail"},{"floor":38,"key":"Torii"}],"event_choices":[{"damage_healed":0,"gold_gain":0,"player_choice":"3 cards matched","damage_taken":0,"max_hp_gain":0,"max_hp_loss":0,"event_name":"Match and Keep!","floor":2,"gold_loss":0,"cards_obtained":["Neutralize","Eviscerate","Dodge and Roll"]},{"damage_healed":0,"gold_gain":0,"player_choice":"Shed Blood","damage_taken":18,"max_hp_gain":5,"max_hp_loss":0,"event_name":"Forgotten Altar","floor":20,"gold_loss":0}],"is_beta":false,"boss_relics":[{"not_picked":["Cursed Key","Runic Pyramid"],"picked":"Philosopher\u0027s Stone"},{"not_picked":["Runic Dome","Ring of the Serpent"],"picked":"Coffee Dripper"}],"items_purged_floors":[4,10],"is_endless":true,"potions_floor_spawned":[3,5,14,22,28,31,36],"ascension_level":0}}