{"host":"7qoz5gmva6til3yp","time":1611501131,"event":{"mods":["AchievementEnabler","BaseMod","Minty Spire (QoL Compilation)","StSLib","SuperFastMode"],"gold_per_floor":[113,133,145,3,23,23,79,7,34,34,34,65,81,95,95,196,196,211,231,245,265,130,130,130,130,155,184,134,148,248,20,20,118,118,130,130,80,94,144,144,169,119,144,173,173,185,230,250,250,250],"floor_reached":51,"language":"KOR","playtime":1524,"items_purged":["Strike_R","Strike_R","Strike_R","Strike_R","Strike_R","Bash"],"score":775,"play_id":"adb65592-3d97-454e-94f9-91a25502b877","local_time":"20210125001211","is_ascension_mode":false,"campfire_choices":[{"data":"Dark Embrace","floor":6.0,"key":"SMITH"},{"floor":11,"key":"REST"},{"data":"Pommel Strike","floor":15,"key":"SMITH"},{"floor":23,"key":"REST"},{"data":"Fire Breathing","floor":25,"key":"SMITH"},{"floor":32,"key":"REST"},{"data":"Battle Trance","floor":40,"key":"SMITH"},{"data":"Fire Breathing","floor":45,"key":"SMITH"},{"data":"Master of Strategy","floor":49,"key":"SMITH"}],"circlet_count":0,"master_deck":["Defend_R","Defend_R","Defend_R","Defend_R","Fire Breathing+1","Seeing Red+1","Wild Strike","Dark Embrace+1","Battle Trance+1","Shockwave","Pommel Strike+1","Second Wind","Immolate","Evolve+1","Fire Breathing+1","Flash of Steel","Feel No Pain+1","Shrug It Off+1","Master of Strategy+1"],"relics":["Burning Blood","Smiling Mask","Happy Flower","Anchor","SlaversCollar","StoneCalendar","Bronze Scales","Bird Faced Urn","Thread and Needle","Mummified Hand","Philosopher\u0027s Stone","Incense Burner","Mango","Potion Belt","Omamori","Du-Vu Doll"],"acts_visited":["Exordium","TheCity","TheBeyond"],"potions_floor_usage":[16,16],"damage_taken":[{"damage":2.0,"enemies":"Small Slimes","floor":1.0,"turns":4.0},{"damage":1.0,"enemies":"Jaw Worm","floor":2.0,"turns":3.0},{"damage":1.0,"enemies":"Cultist","floor":3.0,"turns":4.0},{"damage":20.0,"enemies":"Gremlin Gang","floor":5.0,"turns":4.0},{"damage":57,"enemies":"Lagavulin Event","floor":7,"turns":8},{"damage":18,"enemies":"3 Sentries","floor":12,"turns":4},{"damage":7,"enemies":"3 Louse","floor":13,"turns":4},{"damage":7,"enemies":"2 Fungi Beasts","floor":14,"turns":3},{"damage":33,"enemies":"The Guardian","floor":16,"turns":9},{"damage":14,"enemies":"Shell Parasite","floor":18,"turns":5},{"damage":48,"enemies":"Spheric Guardian","floor":19,"turns":6},{"damage":2,"enemies":"Cultist and Chosen","floor":20,"turns":5},{"damage":24,"enemies":"Sentry and Sphere","floor":21,"turns":5},{"damage":18,"enemies":"Gremlin Leader","floor":27,"turns":5},{"damage":7,"enemies":"3 Cultists","floor":29,"turns":3},{"damage":32,"enemies":"Colosseum Slavers","floor":30,"turns":4},{"damage":20,"enemies":"Colosseum Nobs","floor":30,"turns":4},{"damage":13,"enemies":"Collector","floor":33,"turns":7},{"damage":15,"enemies":"Orb Walker","floor":35,"turns":4},{"damage":9,"enemies":"3 Darklings","floor":38,"turns":3},{"damage":0,"enemies":"Mind Bloom Boss Battle","floor":39,"turns":4},{"damage":0,"enemies":"Giant Head","floor":41,"turns":6},{"damage":24,"enemies":"Reptomancer","floor":44,"turns":4},{"damage":0,"enemies":"Spire Growth","floor":46,"turns":4},{"damage":17,"enemies":"2 Orb Walkers","floor":47,"turns":3},{"damage":0,"enemies":"4 Shapes","floor":48,"turns":3},{"damage":13,"enemies":"Time Eater","floor":50,"turns":7}],"seed_played":"-1085006366656942527","potions_obtained":[{"floor":1.0,"key":"SkillPotion"},{"floor":3.0,"key":"Explosive Potion"},{"floor":7,"key":"BlessingOfTheForge"},{"floor":12,"key":"Fire Potion"},{"floor":16,"key":"SkillPotion"},{"floor":19,"key":"BlessingOfTheForge"},{"floor":35,"key":"LiquidMemories"},{"floor":44,"key":"AttackPotion"},{"floor":46,"key":"Swift Potion"}],"is_trial":false,"path_per_floor":["M","M","M","$","M","R","?","$","T","?","R","E","M","M","R","B",null,"M","M","M","M","$","R","?","R","T","E","$","M","?","$","R","B",null,"M","?","$","M","?","R","E","$","T","E","R","M","?","M","R","B",null],"character_chosen":"IRONCLAD","items_purchased":["Dark Embrace","Battle Trance","Flash of Steel","Master of Strategy"],"campfire_rested":3,"item_purchase_floors":[4,8,22,31],"current_hp_per_floor":[88,88,88,88,74,74,23,23,23,23,49,37,36,35,35,8,88,80,38,42,24,24,50,50,50,50,38,38,43,19,19,45,48,88,83,83,83,85,88,88,102,102,102,86,86,102,91,102,102,99],"gold":250,"neow_bonus":"TEN_PERCENT_HP_BONUS","is_daily":false,"chose_seed":false,"campfire_upgraded":6,"win_rate":0.0,"timestamp":1611501131,"path_taken":["M","M","M","$","M","R","?","?","T","?","R","E","?","M","R","BOSS","M","M","M","?","$","R","?","R","T","E","$","M","?","$","R","BOSS","M","?","$","?","?","R","E","$","T","E","R","M","?","M","R","BOSS"],"items_purchased_type":["Card","Card","Card","Card"],"build_version":"2020-12-22","purchased_purges":6,"victory":true,"max_hp_per_floor":[88,88,88,88,88,88,88,88,88,88,88,88,88,88,88,88,88,88,88,88,88,88,88,88,88,88,88,88,88,88,88,88,88,88,88,88,88,88,88,88,102,102,102,102,102,102,102,102,102,102],"card_choices":[{"not_picked":["Pommel Strike","Rage"],"picked":"Fire Breathing","floor":1.0},{"not_picked":["Perfected Strike","Clash"],"picked":"Seeing Red","floor":2.0},{"not_picked":["Pummel","Dropkick"],"picked":"Wild Strike","floor":3.0},{"not_picked":["Armaments","Metallicize","Entrench"],"picked":"SKIP","floor":5.0},{"not_picked":["Juggernaut","Armaments"],"picked":"Shockwave","floor":12},{"not_picked":["Headbutt","Heavy Blade"],"picked":"Pommel Strike","floor":13},{"not_picked":["Cleave","Metallicize"],"picked":"Second Wind","floor":14},{"not_picked":["Brutality","Exhume"],"picked":"Immolate","floor":16},{"not_picked":["Armaments","Warcry"],"picked":"Evolve+1","floor":18},{"not_picked":["Headbutt","Thunderclap","Carnage"],"picked":"SKIP","floor":19},{"not_picked":["Heavy Blade","Seeing Red"],"picked":"Fire Breathing","floor":20},{"not_picked":["Perfected Strike","Headbutt","Inflame"],"picked":"SKIP","floor":21},{"not_picked":["Shrug It Off","Exhume"],"picked":"Feel No Pain+1","floor":27},{"not_picked":["Havoc","Cleave+1","Bloodletting"],"picked":"SKIP","floor":29},{"not_picked":["Flex","Shockwave"],"picked":"Shrug It Off+1","floor":30},{"not_picked":["Headbutt","Flex","Heavy Blade"],"picked":"SKIP","floor":35},{"not_picked":["Headbutt+1","Perfected Strike+1","Havoc+1"],"picked":"SKIP","floor":38},{"not_picked":["Shockwave+1","Bludgeon","Feel No Pain"],"picked":"SKIP","floor":41},{"not_picked":["Sword Boomerang","Clothesline","Inflame"],"picked":"SKIP","floor":44},{"not_picked":["Inflame","True Grit+1","Clothesline"],"picked":"SKIP","floor":46},{"not_picked":["True Grit+1","Evolve+1","Twin Strike+1"],"picked":"SKIP","floor":48}],"player_experience":427325,"relics_obtained":[{"floor":9,"key":"Happy Flower"},{"floor":12,"key":"Anchor"},{"floor":26,"key":"Bronze Scales"},{"floor":27,"key":"Bird Faced Urn"},{"floor":30,"key":"Thread and Needle"},{"floor":30,"key":"Mummified Hand"},{"floor":39,"key":"Incense Burner"},{"floor":41,"key":"Mango"},{"floor":43,"key":"Potion Belt"},{"floor":44,"key":"Omamori"},{"floor":47,"key":"Du-Vu Doll"}],"event_choices":[{"damage_healed":0,"gold_gain":30,"player_choice":"Searched \u00273\u0027 times","damage_taken":0,"relics_obtained":["Smiling Mask"],"max_hp_gain":0,"max_hp_loss":0,"event_name":"Dead Adventurer","floor":7,"gold_loss":0},{"damage_healed":0,"gold_gain":0,"player_choice":"Forge","damage_taken":0,"max_hp_gain":0,"max_hp_loss":0,"event_name":"Accursed Blacksmith","floor":10,"gold_loss":0,"cards_upgraded":["Seeing Red"]},{"damage_healed":0,"gold_gain":0,"player_choice":"Opened","damage_taken":0,"relics_obtained":["StoneCalendar"],"max_hp_gain":0,"max_hp_loss":0,"event_name":"The Mausoleum","floor":24,"gold_loss":0,"cards_obtained":["Writhe"]},{"damage_healed":0,"gold_gain":0,"player_choice":"Fight","damage_taken":0,"max_hp_gain":0,"max_hp_loss":0,"event_name":"Colosseum","floor":30,"gold_loss":0},{"damage_healed":0,"gold_gain":0,"player_choice":"Fought Nobs","damage_taken":0,"max_hp_gain":0,"max_hp_loss":0,"event_name":"Colosseum","floor":30,"gold_loss":0},{"damage_healed":0,"gold_gain":0,"player_choice":"Bought 0 Potions","damage_taken":0,"max_hp_gain":0,"max_hp_loss":0,"event_name":"The Woman in Blue","floor":36,"gold_loss":0},{"damage_healed":0,"gold_gain":0,"player_choice":"Fight","damage_taken":0,"max_hp_gain":0,"max_hp_loss":0,"event_name":"MindBloom","floor":39,"gold_loss":0},{"damage_healed":0,"gold_gain":0,"player_choice":"Fight","damage_taken":0,"max_hp_gain":0,"max_hp_loss":0,"event_name":"Mysterious Sphere","floor":47,"gold_loss":0}],"is_beta":false,"boss_relics":[{"not_picked":["Runic Cube","Velvet Choker"],"picked":"SlaversCollar"},{"not_picked":["Runic Pyramid","Astrolabe"],"picked":"Philosopher\u0027s Stone"}],"items_purged_floors":[4,22,28,31,37,42],"is_endless":false,"potions_floor_spawned":[1,3,7,12,16,19,27,30,30,35,38,44,46,48],"ascension_level":0}}