{"host":"vsgmwxc1n8l4tqfd","time":1611456105,"event":{"mods":["AchievementEnabler","BaseMod","Bestiary","Block Reminder","Colored Map","Colored Powertips","Minty Spire (QoL Compilation)","Quick Restart"],"gold_per_floor":[118,118,118,118,137,137,164,164,187,262,273,273,289,63,63,163,163,180,180,196,214,214,214,224,224,248,248,262,278,290,310,310,310,310],"floor_reached":33,"language":"ENG","playtime":1078,"items_purged":["Strike_G"],"score":299,"play_id":"5295ccce-5710-40b3-9e1d-832b83ce4897","local_time":"20210124024145","is_ascension_mode":false,"campfire_choices":[{"data":"Neutralize","floor":6,"key":"SMITH"},{"data":"Blade Dance","floor":8,"key":"SMITH"},{"floor":15,"key":"REST"},{"floor":23,"key":"REST"},{"floor":25,"key":"REST"},{"data":"A Thousand Cuts","floor":27,"key":"SMITH"},{"floor":32,"key":"REST"}],"circlet_count":0,"master_deck":["Strike_G","Strike_G","Strike_G","Strike_G","Defend_G","Defend_G","Defend_G","Defend_G","Defend_G","Survivor","Neutralize+1","Poisoned Stab+1","Blade Dance+1","Blade Dance","Poisoned Stab","A Thousand Cuts+1","Blade Dance+1","Corpse Explosion+1","Blur+1","Reflex","Distraction+1","Blade Dance","Deadly Poison+1"],"relics":["Ring of the Serpent","NeowsBlessing","Bird Faced Urn","Bronze Scales","Lizard Tail","Lantern","Bag of Preparation"],"acts_visited":["Exordium","TheCity"],"potions_floor_usage":[16,16,16,31,33],"damage_taken":[{"damage":0,"enemies":"2 Louse","floor":1,"turns":1},{"damage":0,"enemies":"Small Slimes","floor":5,"turns":1},{"damage":0,"enemies":"Lagavulin","floor":7,"turns":1},{"damage":0,"enemies":"Cultist","floor":11,"turns":3},{"damage":0,"enemies":"Large Slime","floor":13,"turns":4},{"damage":15,"enemies":"Hexaghost","floor":16,"turns":8},{"damage":2,"enemies":"Chosen","floor":18,"turns":4},{"damage":10,"enemies":"2 Thieves","floor":20,"turns":3},{"damage":7,"enemies":"Cultist and Chosen","floor":21,"turns":3},{"damage":23,"enemies":"Snake Plant","floor":24,"turns":4},{"damage":18,"enemies":"Snecko","floor":28,"turns":5},{"damage":8,"enemies":"Shelled Parasite and Fungi","floor":29,"turns":3},{"damage":17,"enemies":"Snake Plant","floor":30,"turns":4},{"damage":10,"enemies":"Chosen and Byrds","floor":31,"turns":2},{"damage":96,"enemies":"Automaton","floor":33,"turns":12}],"seed_played":"-7138220783558301430","potions_obtained":[{"floor":5,"key":"LiquidMemories"},{"floor":7,"key":"Poison Potion"},{"floor":13,"key":"ColorlessPotion"},{"floor":29,"key":"Ancient Potion"},{"floor":30,"key":"SteroidPotion"}],"is_trial":false,"path_per_floor":["M","?","?","$","M","R","E","R","T","?","M","?","M","$","R","B",null,"M","?","M","M","?","R","M","R","T","R","M","M","M","M","R","B"],"character_chosen":"THE_SILENT","items_purchased":["Lantern"],"campfire_rested":4,"item_purchase_floors":[14],"current_hp_per_floor":[70,70,70,70,70,70,70,70,70,59,59,34,34,34,55,40,70,68,62,52,45,45,66,45,66,66,66,50,44,27,19,40,0,0],"gold":310,"neow_bonus":"THREE_ENEMY_KILL","is_daily":false,"chose_seed":false,"campfire_upgraded":3,"win_rate":0.0,"timestamp":1611456105,"path_taken":["M","?","?","$","M","R","E","R","T","?","M","?","M","$","R","BOSS","M","?","M","?","?","R","M","R","T","R","?","M","M","M","R","BOSS"],"items_purchased_type":["Relic"],"build_version":"2020-12-22","purchased_purges":1,"victory":false,"max_hp_per_floor":[70,70,70,70,70,70,70,70,70,70,70,70,70,70,70,70,70,70,70,70,70,70,70,70,70,70,70,70,70,70,70,70,70,70],"card_choices":[{"not_picked":["PiercingWail","Underhanded Strike"],"picked":"Poisoned Stab","floor":1},{"not_picked":["All Out Attack","Blur","Expertise"],"picked":"SKIP","floor":5},{"not_picked":["Expertise","Terror"],"picked":"Blade Dance","floor":7},{"not_picked":["Prepared","Backflip"],"picked":"Blade Dance","floor":11},{"not_picked":["Flying Knee","Predator"],"picked":"Poisoned Stab","floor":13},{"not_picked":["Wraith Form v2","Die Die Die"],"picked":"A Thousand Cuts","floor":16},{"not_picked":["Outmaneuver","Dagger Spray"],"picked":"Blade Dance+1","floor":18},{"not_picked":["Flying Knee+1","Dodge and Roll"],"picked":"Corpse Explosion","floor":20},{"not_picked":["Dagger Throw","PiercingWail"],"picked":"Blur+1","floor":21},{"not_picked":["Dagger Spray","Acrobatics"],"picked":"Reflex","floor":24},{"not_picked":["Footwork","Backflip+1"],"picked":"Distraction+1","floor":28},{"not_picked":["Backflip","Tactician"],"picked":"Blade Dance","floor":29},{"not_picked":["Reflex","Blade Dance"],"picked":"Deadly Poison+1","floor":30},{"not_picked":["Well Laid Plans+1","Flechettes","Masterful Stab"],"picked":"SKIP","floor":31}],"player_experience":61472,"relics_obtained":[{"floor":7,"key":"Bird Faced Urn"},{"floor":9,"key":"Bronze Scales"},{"floor":26,"key":"Bag of Preparation"}],"event_choices":[{"damage_healed":0,"gold_gain":0,"player_choice":"Grow","damage_taken":0,"max_hp_gain":0,"max_hp_loss":0,"event_name":"Living Wall","floor":2,"gold_loss":0,"cards_upgraded":["Poisoned Stab"]},{"damage_healed":0,"gold_gain":0,"player_choice":"Ignored","damage_taken":0,"max_hp_gain":0,"max_hp_loss":0,"event_name":"Liars Game","floor":3,"gold_loss":0},{"damage_healed":0,"gold_gain":75,"player_choice":"Gather Gold","damage_taken":11,"max_hp_gain":0,"max_hp_loss":0,"event_name":"World of Goop","floor":10,"gold_loss":0},{"damage_healed":0,"gold_gain":0,"player_choice":"Success","damage_taken":25,"relics_obtained":["Lizard Tail"],"max_hp_gain":0,"max_hp_loss":0,"event_name":"Scrap Ooze","floor":12,"gold_loss":0},{"damage_healed":0,"gold_gain":0,"player_choice":"","damage_taken":6,"max_hp_gain":0,"max_hp_loss":0,"event_name":"Knowing Skull","floor":19,"potions_obtained":[],"gold_loss":0,"cards_obtained":[]},{"damage_healed":0,"gold_gain":0,"player_choice":"Upgraded","damage_taken":0,"max_hp_gain":0,"max_hp_loss":0,"event_name":"Upgrade Shrine","floor":22,"gold_loss":0,"cards_upgraded":["Corpse Explosion"]}],"is_beta":false,"boss_relics":[{"not_picked":["Pandora\u0027s Box","SlaversCollar"],"picked":"Ring of the Serpent"}],"items_purged_floors":[14],"is_endless":false,"potions_floor_spawned":[5,7,13,29,30],"killed_by":"Automaton","ascension_level":0}}