{"host":"rkezzvf6da7mjjsm","time":1611530719,"event":{"mods":["BaseMod","Colored Map","Downfall","Minty Spire (QoL Compilation)","StSLib"],"gold_per_floor":[99,99,99,99,99,131,181,181,193,220,220,220,255,12,24,125,125,25,39,39,39,53,53,79,104,104,204,238,238,338,370,388,487,487,487,499,515,515,515,245,245,245,298,298,85,85,85,113,125,125],"floor_reached":51,"language":"ENG","playtime":3244,"items_purged":["downfall:Bewildered","Pain","Parasite"],"score":895,"play_id":"3aa00f02-d8d2-4965-962c-3ff02e7edc7c","local_time":"20210125102519","is_ascension_mode":false,"campfire_choices":[{"data":"bronze:Replicate","floor":1.0,"key":"SMITH"},{"data":"bronze:Boost","floor":8.0,"key":"SMITH"},{"data":"bronze:Mutator","floor":18,"key":"SMITH"},{"data":"bronze:FineTuning","floor":26,"key":"SMITH"},{"data":"bronze:Boost","floor":29,"key":"SMITH"},{"data":"bronze:Assembly","floor":35,"key":"SMITH"},{"floor":42,"key":"REST"},{"data":"bronze:FindAndReplace","floor":44,"key":"SMITH"},{"data":"bronze:Fortify","floor":47,"key":"SMITH"}],"circlet_count":0,"master_deck":["bronze:Strike","bronze:Strike","bronze:Defend","bronze:Defend","bronze:Defend","bronze:Defend","bronze:Replicate+1","bronze:Goto+1","bronze:Overheat","bronze:Boost+1","bronze:Boost+1","bronze:Flail","bronze:Deprecate+1","bronze:ClassDefault+1","bronze:GetLatest","bronze:Mutator+1","bronze:FineTuning+1","bronze:SpaghettiCode","bronze:MaxOutput","bronze:WhirlingStrike","bronze:Return","bronze:Shield+1","bronze:DonuBeam","bronze:DecaBeam+1","bronze:Repulsor","bronze:Verify","bronze:Iterate+1","bronze:Assembly+1","bronze:CloningBeam+1","bronze:Shell+1","expansioncontent:AwakenDeath","expansioncontent:PrepareCrush","expansioncontent:AwakenDeath","bronze:BronzeOrb+1","bronze:Fortify+1","bronze:Flail","bronze:ItsAFeature+1","bronze:FindAndReplace+1","bronze:FindAndReplace","bronze:Boost+1","bronze:Return","bronze:BronzeOrb+1","bronze:Constructor+1","bronze:BurnOut"],"relics":["bronze:BronzeCore","downfall:HeartsMalice","downfall:BrokenWingStatue","Guardian:PocketSentry","Juzu Bracelet","bronze:BronzeIdol","Membership Card","Blood Vial","Cursed Key","downfall:HeartBlessingGreen","downfall:RedIOU","sneckomod:BabySnecko","PreservedInsect","Happy Flower","Pen Nib","MutagenicStrength","Slimebound:StickyStick","Slimebound:PreparedRelic","bronze:MakeshiftBattery","Spirit Poop","bronze:SilverBullet","hexamod:BolsterEngine","Calipers","sneckomod:BlankCard","War Paint","Orrery","DollysMirror","Oddly Smooth Stone","bronze:BottledCode","Mercury Hourglass"],"acts_visited":["Exordium","TheCity","TheBeyond"],"potions_floor_usage":[15,16,16,28,30,33,50,50,50],"damage_taken":[{"damage":0.0,"enemies":"2 Louse","floor":2.0,"turns":1.0},{"damage":0.0,"enemies":"Small Slimes","floor":3.0,"turns":1.0},{"damage":0.0,"enemies":"Cultist","floor":5.0,"turns":1.0},{"damage":14.0,"enemies":"Gremlin Nob","floor":6.0,"turns":5.0},{"damage":2,"enemies":"Large Slime","floor":9,"turns":5},{"damage":1,"enemies":"3 Sentries","floor":10,"turns":5},{"damage":20,"enemies":"Gremlin Nob","floor":13,"turns":4},{"damage":0,"enemies":"downfall:FleeingMerchant","floor":14,"turns":4},{"damage":0,"enemies":"Exordium Thugs","floor":15,"turns":4},{"damage":24,"enemies":"DF_ARCHETYPE_STREAMLINE","floor":16,"turns":11},{"damage":0,"enemies":"3 Byrds","floor":19,"turns":3},{"damage":0,"enemies":"Snake Plant","floor":22,"turns":4},{"damage":0,"enemies":"downfall:Augmenter","floor":27,"turns":4},{"damage":15,"enemies":"Slavers","floor":28,"turns":3},{"damage":14,"enemies":"Slavers","floor":30,"turns":4},{"damage":0,"enemies":"Gremlin Leader","floor":31,"turns":4},{"damage":0,"enemies":"Centurion and Healer","floor":32,"turns":7},{"damage":12,"enemies":"WA_ARCHETYPE_CALM","floor":33,"turns":8},{"damage":7,"enemies":"3 Shapes","floor":36,"turns":4},{"damage":9,"enemies":"3 Darklings","floor":37,"turns":6},{"damage":11,"enemies":"downfall:FleeingMerchant","floor":40,"turns":4},{"damage":0,"enemies":"downfall:FleeingMerchant","floor":43,"turns":1},{"damage":0,"enemies":"Giant Head","floor":48,"turns":4},{"damage":0,"enemies":"Maw","floor":49,"turns":5},{"damage":0,"enemies":"IC_BLOCK_ARCHETYPE","floor":50,"turns":7}],"seed_played":"5363012448192530804","potions_obtained":[{"floor":6.0,"key":"Dexterity Potion"},{"floor":10,"key":"SkillPotion"},{"floor":13,"key":"Energy Potion"},{"floor":16,"key":"FearPotion"},{"floor":28,"key":"Energy Potion"},{"floor":30,"key":"hexamod:SoulburnPotion"},{"floor":31,"key":"ColorlessPotion"},{"floor":33,"key":"EssenceOfSteel"},{"floor":49,"key":"Energy Potion"}],"is_trial":false,"path_per_floor":["R","M","M","?","M","E","T","R","M","E","?","?","E","$","M","B",null,"R","M","?","?","M","?","T","T","R","?","E","R","?","E","M","B",null,"R","M","M","?","?","$","T","R","$","R","?","?","R","E","M","B",null],"character_chosen":"THE_AUTOMATON","items_purchased":["Membership Card","Blood Vial","bronze:SilverBullet","hexamod:BolsterEngine","bronze:Fortify","bronze:Flail","sneckomod:BlankCard","War Paint","Orrery","DollysMirror","Oddly Smooth Stone"],"campfire_rested":1,"item_purchase_floors":[14,14,40,40,40,40,43,43,43,45,45],"current_hp_per_floor":[70,70,70,70,70,56,56,56,54,53,53,53,33,33,35,13,70,70,70,70,70,70,70,70,70,70,70,55,55,43,45,47,37,70,70,63,56,46,46,37,37,58,60,60,60,57,57,57,57,57],"gold":125,"neow_bonus":"THREE_ENEMY_KILL","is_daily":false,"chose_seed":false,"campfire_upgraded":8,"win_rate":0.0,"timestamp":1611530719,"path_taken":["R","M","M","?","M","E","T","R","M","E","?","?","E","$","M","BOSS","R","M","?","?","M","?","T","?","R","?","E","R","?","E","M","BOSS","R","M","M","?","?","$","T","R","$","R","?","?","R","E","M","BOSS"],"items_purchased_type":["Relic","Relic","Relic","Relic","Card","Card","Relic","Relic","Relic","Relic","Relic"],"build_version":"2020-12-22","purchased_purges":3,"victory":true,"max_hp_per_floor":[70,70,70,70,70,70,70,70,70,70,70,70,70,70,70,70,70,70,70,70,70,70,70,70,70,70,70,70,70,70,70,70,70,70,70,70,70,70,70,70,70,70,70,70,67,57,57,57,57,57],"card_choices":[{"not_picked":["bronze:ForLoop","bronze:Constructor"],"picked":"bronze:Overheat","floor":2.0},{"not_picked":["bronze:GetLatest","bronze:CloningBeam"],"picked":"bronze:Boost","floor":3.0},{"not_picked":["bronze:Branch","bronze:Overheat"],"picked":"bronze:Boost","floor":5.0},{"not_picked":["bronze:Overheat","bronze:Return"],"picked":"bronze:Flail","floor":6.0},{"not_picked":["bronze:WildBeam","bronze:GetLatest"],"picked":"bronze:Deprecate","floor":9},{"not_picked":["bronze:Allocate","bronze:Optimize"],"picked":"bronze:ClassDefault","floor":10},{"not_picked":["bronze:ForLoop","bronze:CloningBeam"],"picked":"bronze:GetLatest","floor":13},{"not_picked":["bronze:DelayedSlice","bronze:WildBeam"],"picked":"bronze:Mutator","floor":14},{"not_picked":["bronze:CutThrough","bronze:Flail"],"picked":"bronze:FineTuning","floor":15},{"not_picked":["bronze:CleanCode","bronze:RecursiveStrike"],"picked":"bronze:SpaghettiCode","floor":16},{"not_picked":["bronze:Branch","bronze:FineTuning"],"picked":"bronze:MaxOutput","floor":19},{"not_picked":["bronze:Return","bronze:CutThrough","bronze:DelayedGuard+1"],"picked":"SKIP","floor":22},{"not_picked":["bronze:Optimize","bronze:Deprecate"],"picked":"bronze:Shield+1","floor":27},{"not_picked":["bronze:DarkDash","bronze:Shield","bronze:ClassDefault"],"picked":"SKIP","floor":28},{"not_picked":[],"picked":"bronze:DonuBeam","floor":30},{"not_picked":[],"picked":"bronze:DecaBeam","floor":30},{"not_picked":["bronze:ClassDefault+1","bronze:OilSpill"],"picked":"bronze:Repulsor","floor":30},{"not_picked":["bronze:BugBarrage","bronze:CutThrough"],"picked":"bronze:Verify","floor":31},{"not_picked":["bronze:CutThrough","bronze:Branch+1"],"picked":"bronze:Iterate+1","floor":32},{"not_picked":["bronze:Verify","bronze:Format"],"picked":"bronze:Assembly","floor":33},{"not_picked":["bronze:Shield","bronze:BitShift"],"picked":"bronze:CloningBeam+1","floor":36},{"not_picked":["bronze:DarkDash+1","bronze:DelayedSlice"],"picked":"bronze:Shell+1","floor":37},{"not_picked":["expansioncontent:PrepareCrush","expansioncontent:YouAreMine"],"picked":"expansioncontent:AwakenDeath","floor":38},{"not_picked":["expansioncontent:Hexaburn","expansioncontent:YouAreMine"],"picked":"expansioncontent:PrepareCrush","floor":38},{"not_picked":["expansioncontent:PolyBeam","expansioncontent:Chronoboost"],"picked":"expansioncontent:AwakenDeath","floor":38},{"not_picked":["bronze:WhirlingStrike","bronze:Deprecate"],"picked":"bronze:BronzeOrb+1","floor":40},{"not_picked":["bronze:Overheat","bronze:GetLatest+1"],"picked":"bronze:ItsAFeature+1","floor":43},{"not_picked":["bronze:Flail+1","bronze:BronzeOrb"],"picked":"bronze:FindAndReplace","floor":43},{"not_picked":["bronze:Branch","bronze:Philosophize"],"picked":"bronze:FindAndReplace","floor":43},{"not_picked":["bronze:Safeguard+1","bronze:Turbo"],"picked":"bronze:Boost+1","floor":43},{"not_picked":["bronze:DelayedGuard","bronze:NullPointer+1"],"picked":"bronze:Return","floor":43},{"not_picked":["bronze:BuggyMess","bronze:Safeguard"],"picked":"bronze:Constructor+1","floor":48},{"not_picked":["bronze:NullPointer+1","bronze:Repair"],"picked":"bronze:BurnOut","floor":49}],"player_experience":660375,"relics_obtained":[{"floor":6.0,"key":"Guardian:PocketSentry"},{"floor":7.0,"key":"Nunchaku"},{"floor":10,"key":"Juzu Bracelet"},{"floor":13,"key":"bronze:BronzeIdol"},{"floor":24,"key":"Happy Flower"},{"floor":25,"key":"Pen Nib"},{"floor":27,"key":"MutagenicStrength"},{"floor":28,"key":"Slimebound:StickyStick"},{"floor":31,"key":"Slimebound:PreparedRelic"},{"floor":41,"key":"Calipers"},{"floor":48,"key":"Mercury Hourglass"}],"event_choices":[{"cards_removed":["downfall:Icky"],"damage_healed":0,"gold_gain":0,"player_choice":"Card Removal","damage_taken":0,"max_hp_gain":0,"max_hp_loss":0,"event_name":"The Cleric","floor":12,"gold_loss":0},{"cards_removed":["downfall:Haunted"],"damage_healed":0,"gold_gain":0,"player_choice":"Offered Curse","damage_taken":0,"relics_obtained":["Spirit Poop"],"max_hp_gain":0,"max_hp_loss":0,"event_name":"Bonfire Elementals","floor":39,"gold_loss":0}],"is_beta":false,"boss_relics":[{"not_picked":["Pandora\u0027s Box","Calling Bell"],"picked":"Cursed Key"},{"not_picked":["Velvet Choker","Empty Cage"],"picked":"bronze:MakeshiftBattery"}],"items_purged_floors":[40,43,45],"is_endless":false,"potions_floor_spawned":[6,10,13,16,28,30,31,33,49],"ascension_level":0}}