{"host":"lbezuomzcjopy55u","time":1611503573,"event":{"mods":["BaseMod","Bestiary","Minty Spire (QoL Compilation)","Quick Restart","Slay-I","StSLib","Uncapped"],"gold_per_floor":[109,109,109,109,184,219,219,230,230,118,149,168,168,181,181,282,282,296,211,225,225,243,270,170,231,231,231,231],"floor_reached":27,"language":"ZHS","playtime":782,"items_purged":["Regret","Strike_B"],"score":372,"play_id":"1ab4e767-e211-4e86-adfb-c8920ab8d3e6","local_time":"20210124235253","is_ascension_mode":true,"campfire_choices":[{"data":"Rainbow","floor":7,"key":"SMITH"},{"data":"Dualcast","floor":13,"key":"SMITH"},{"data":"Loop","floor":15,"key":"SMITH"}],"circlet_count":0,"master_deck":["Strike_B+1","Strike_B","Defend_B","Defend_B","Defend_B","Defend_B","Zap","Dualcast+1","Cold Snap+1","Rainbow+1","Capacitor","Loop+1","Buffer","Loop","Cold Snap+1","Machine Learning","Coolheaded"],"relics":["Cracked Core","NeowsBlessing","MealTicket","Symbiotic Virus","HornCleat","DataDisk","Pantograph","Sozu","Mercury Hourglass","SsserpentHead","Bag of Marbles","Whetstone"],"acts_visited":["Exordium","TheCity"],"potions_floor_usage":[23],"damage_taken":[{"damage":0,"enemies":"2 Louse","floor":1,"turns":1},{"damage":0,"enemies":"Gremlin Nob","floor":6,"turns":1},{"damage":0,"enemies":"Small Slimes","floor":8,"turns":1},{"damage":11,"enemies":"Lagavulin","floor":11,"turns":6},{"damage":0,"enemies":"Jaw Worm","floor":12,"turns":3},{"damage":4,"enemies":"Large Slime","floor":14,"turns":4},{"damage":23,"enemies":"Hexaghost","floor":16,"turns":6},{"damage":9,"enemies":"Shell Parasite","floor":18,"turns":5},{"damage":0,"enemies":"Chosen","floor":20,"turns":4},{"damage":9,"enemies":"3 Cultists","floor":22,"turns":5},{"damage":35,"enemies":"Slavers","floor":23,"turns":5},{"damage":16,"enemies":"Snake Plant","floor":25,"turns":3},{"damage":19,"enemies":"Book of Stabbing","floor":27,"turns":4}],"seed_played":"-6194744698792717461","potions_obtained":[{"floor":1,"key":"BlessingOfTheForge"},{"floor":6,"key":"AttackPotion"},{"floor":11,"key":"Energy Potion"}],"is_trial":false,"path_per_floor":["M","?","?","T","?","E","R","M","T","$","E","M","R","M","R","B",null,"M","?","M","?","M","E","$","M","T","E"],"character_chosen":"DEFECT","items_purchased":["Capacitor"],"campfire_rested":0,"item_purchase_floors":[10],"current_hp_per_floor":[68,68,68,68,57,57,57,57,57,72,61,61,61,57,57,52,69,60,60,60,60,51,16,31,15,15,0,0],"gold":231,"neow_bonus":"THREE_ENEMY_KILL","is_daily":false,"chose_seed":false,"campfire_upgraded":3,"win_rate":0.0,"timestamp":1611503573,"path_taken":["M","?","?","?","?","E","R","M","T","?","E","M","R","M","R","BOSS","M","?","M","?","M","E","$","?","T","E"],"items_purchased_type":["Card"],"build_version":"2020-12-22","purchased_purges":2,"victory":false,"max_hp_per_floor":[75,75,75,75,75,75,75,75,75,75,75,75,75,75,75,75,75,75,75,75,75,75,75,75,75,75,75,75],"card_choices":[{"not_picked":["Sunder","Leap"],"picked":"Cold Snap","floor":1},{"not_picked":["Blizzard","Hologram"],"picked":"Rainbow","floor":6},{"not_picked":["Leap","Reprogram","Streamline"],"picked":"SKIP","floor":8},{"not_picked":["Steam Power","Gash","Leap"],"picked":"SKIP","floor":11},{"not_picked":["Redo","Recycle","Fusion"],"picked":"SKIP","floor":12},{"not_picked":["Steam","Capacitor"],"picked":"Loop","floor":14},{"not_picked":["Reboot","Multi-Cast"],"picked":"Buffer","floor":16},{"not_picked":["Redo","Sunder","Leap+1"],"picked":"SKIP","floor":18},{"not_picked":["Hologram","Blizzard"],"picked":"Loop","floor":20},{"not_picked":["Stack","Leap"],"picked":"Cold Snap+1","floor":22},{"not_picked":["Streamline+1","Ball Lightning"],"picked":"Machine Learning","floor":23},{"not_picked":["Blizzard","Ball Lightning+1"],"picked":"Coolheaded","floor":25}],"player_experience":286585,"relics_obtained":[{"floor":4,"key":"Symbiotic Virus"},{"floor":6,"key":"HornCleat"},{"floor":9,"key":"DataDisk"},{"floor":11,"key":"Pantograph"},{"floor":23,"key":"Bag of Marbles"},{"floor":26,"key":"Whetstone"}],"event_choices":[{"cards_removed":["Strike_B"],"damage_healed":0,"gold_gain":0,"player_choice":"Forget","damage_taken":0,"max_hp_gain":0,"max_hp_loss":0,"event_name":"Living Wall","floor":2,"gold_loss":0},{"damage_healed":0,"gold_gain":0,"player_choice":"Box","damage_taken":0,"relics_obtained":["MealTicket"],"max_hp_gain":0,"max_hp_loss":0,"event_name":"Big Fish","floor":3,"gold_loss":0,"cards_obtained":["Regret"]},{"damage_healed":0,"gold_gain":75,"player_choice":"Gather Gold","damage_taken":11,"max_hp_gain":0,"max_hp_loss":0,"event_name":"World of Goop","floor":5,"gold_loss":0},{"damage_healed":0,"gold_gain":0,"player_choice":"Obtained Relic","damage_taken":0,"relics_obtained":["Mercury Hourglass"],"max_hp_gain":0,"max_hp_loss":0,"event_name":"Addict","floor":19,"gold_loss":85},{"damage_healed":0,"gold_gain":0,"player_choice":"Trade","damage_taken":0,"relics_obtained":["SsserpentHead"],"max_hp_gain":0,"max_hp_loss":0,"event_name":"FaceTrader","floor":21,"gold_loss":0}],"is_beta":false,"boss_relics":[{"not_picked":["Tiny House","Runic Dome"],"picked":"Sozu"}],"items_purged_floors":[10,24],"is_endless":false,"potions_floor_spawned":[1,6,11,22,23,25],"killed_by":"Book of Stabbing","ascension_level":8}}