{"host":"o6rpelx2jpc8yies","time":1611450786,"event":{"mods":["BaseMod","Downfall","Minty Spire (QoL Compilation)","StSLib"],"gold_per_floor":[99,116,126,137,137,168,168,168,202,2,0,16,1,18,35,35,35,35],"floor_reached":16,"language":"ENG","playtime":1156,"items_purged":[],"score":151,"play_id":"236fe390-2871-4cb9-af80-6a5c30ee7c34","local_time":"20210123181306","is_ascension_mode":true,"campfire_choices":[{"floor":1,"key":"RECALL"},{"floor":10,"key":"REST"}],"circlet_count":0,"master_deck":["Guardian:Strike_Guardian","Guardian:Strike_Guardian","Guardian:Strike_Guardian","Guardian:Strike_Guardian","Guardian:Defend_Guardian","Guardian:Defend_Guardian","Guardian:Defend_Guardian","Guardian:Defend_Guardian","Guardian:CurlUp","Guardian:TwinSlam","Normality","Guardian:ExploitGems","Guardian:BodySlam","Guardian:Clone","Guardian:TemporalShield","Guardian:ExploitGems","Writhe","Guardian:Recover","Guardian:Gem_Green","Guardian:Gem_Green","Guardian:Gem_Blue","Guardian:Planning","Guardian:PiercingHide"],"relics":["Guardian:ModeShifter","Blue Candle","Dream Catcher","Meat on the Bone","Gremlin Horn","downfall:HeartBlessingRed","downfall:HeartBlessingGreen"],"acts_visited":["Exordium"],"potions_floor_usage":[9],"damage_taken":[{"damage":0,"enemies":"2 Louse","floor":2,"turns":3},{"damage":0,"enemies":"Cultist","floor":3,"turns":5},{"damage":10,"enemies":"Small Slimes","floor":4,"turns":4},{"damage":22,"enemies":"Lagavulin","floor":6,"turns":9},{"damage":27,"enemies":"3 Sentries","floor":9,"turns":10},{"damage":2,"enemies":"downfall:FleeingMerchant","floor":11,"turns":4},{"damage":3,"enemies":"3 Louse","floor":12,"turns":5},{"damage":2,"enemies":"downfall:FleeingMerchant","floor":13,"turns":4},{"damage":2,"enemies":"Exordium Wildlife","floor":14,"turns":4},{"damage":7,"enemies":"2 Fungi Beasts","floor":15,"turns":2},{"damage":75,"enemies":"DF_ARCHETYPE_STREAMLINE","floor":16,"turns":14}],"seed_played":"-1162489763348281923","potions_obtained":[{"floor":2,"key":"ColorlessPotion"},{"floor":6,"key":"BlessingOfTheForge"},{"floor":14,"key":"Dexterity Potion"},{"floor":15,"key":"Guardian:AcceleratePotion"}],"is_trial":false,"path_per_floor":["R","M","M","M","?","E","T","?","E","R","$","M","$","M","M","B"],"character_chosen":"GUARDIAN","items_purchased":[],"campfire_rested":1,"item_purchase_floors":[],"current_hp_per_floor":[72,72,72,62,57,35,35,35,20,44,42,51,49,47,52,0,0,0],"gold":35,"neow_bonus":"THREE_RARE_CARDS","is_daily":false,"chose_seed":false,"campfire_upgraded":0,"win_rate":0.0,"timestamp":1611450786,"path_taken":["R","M","M","M","?","E","T","?","E","R","$","?","?","M","M","BOSS"],"items_purchased_type":[],"build_version":"2020-12-22","purchased_purges":0,"victory":false,"max_hp_per_floor":[80,80,80,80,80,80,80,80,80,80,80,80,80,80,80,80,80,80],"card_choices":[{"not_picked":["Guardian:RevengeProtocol","Guardian:HyperBeam_Guardian"],"picked":"Guardian:ExploitGems","floor":0},{"not_picked":["Guardian:ChargeCore","Guardian:Gem_Green"],"picked":"Guardian:BodySlam","floor":2},{"not_picked":["Guardian:PrimingBeam","Guardian:Gem_Crimson"],"picked":"Guardian:Clone","floor":3},{"not_picked":["Guardian:RollAttack","Guardian:FuturePlans"],"picked":"Guardian:TemporalShield","floor":4},{"not_picked":["Guardian:Gem_Blue","Guardian:DecasProtection"],"picked":"Guardian:Gem_Cyan","floor":6},{"not_picked":["Guardian:VentSteam","Guardian:Preprogram"],"picked":"Guardian:Recover","floor":9},{"not_picked":["Guardian:PrimingBeam","Guardian:TemporalStrike"],"picked":"Guardian:Gem_Green","floor":10},{"not_picked":["Guardian:PrismaticBarrier","Guardian:WalkerClaw"],"picked":"Guardian:Gem_Green","floor":11},{"not_picked":["Guardian:Gem_Purple","Guardian:ChargeUp"],"picked":"Guardian:Gem_Blue","floor":12},{"not_picked":["Guardian:SpikerProtocol","Guardian:PrismaticBeam"],"picked":"Guardian:Planning","floor":13},{"not_picked":["Guardian:TimeBomb","Guardian:Reroute","Guardian:RollAttack"],"picked":"SKIP","floor":14},{"not_picked":["Guardian:RollAttack","Guardian:Planning"],"picked":"Guardian:PiercingHide","floor":15}],"player_experience":1835717,"relics_obtained":[{"floor":6,"key":"Dream Catcher"},{"floor":7,"key":"Meat on the Bone"},{"floor":9,"key":"Gremlin Horn"}],"event_choices":[],"is_beta":false,"boss_relics":[],"items_purged_floors":[],"is_endless":false,"potions_floor_spawned":[2,6,14,15],"killed_by":"DF_ARCHETYPE_STREAMLINE","ascension_level":7}}