{"host":"yvb207ks1sg3cxef","time":1611515491,"event":{"mods":["2.2 Compatiblity","BaseMod","Bestiary","Colored Powertips","Minty Spire (QoL Compilation)","Permanent Neow","Quick Restart","Relic Stats","StSLib"],"gold_per_floor":[109,119,13,13,13,13,44,56,56,75,109,109,441,454,454,525,525,537,550,600,600,619,619,644,7,7,22,54,54,86,36,36,108,108,124,124,149,194,212,242,253,280,280,313,313,313,342,357,357,357,357,357,141,167,167],"floor_reached":56,"language":"ENG","playtime":2998,"items_purged":["Strike_P+1","Defend_P","Strike_P+1"],"score":3012,"play_id":"948ec39d-263e-42b2-8cd7-40b50e930e40","local_time":"20210125004131","is_ascension_mode":true,"campfire_choices":[{"data":"Eruption","floor":6.0,"key":"SMITH"},{"data":"MentalFortress","floor":12.0,"key":"SMITH"},{"data":"FlurryOfBlows","floor":15.0,"key":"SMITH"},{"floor":23.0,"key":"RECALL"},{"floor":32,"key":"REST"},{"data":"1","floor":46,"key":"LIFT"},{"data":"2","floor":49,"key":"LIFT"},{"data":"3","floor":52,"key":"LIFT"}],"circlet_count":0,"master_deck":["AscendersBane","Strike_P+1","Defend_P+1","Defend_P+1","Defend_P+1","Eruption+1","Vigilance+1","FlyingSleeves+1","MentalFortress+1","FlurryOfBlows+1","LessonLearned+1","Tantrum+1","FlurryOfBlows+1","FearNoEvil+1","Scrawl+1","EmptyFist+1","Blasphemy+1","EmptyFist+1","LessonLearned+1","Scrawl+1","Wireheading+1","TalkToTheHand+1","Devotion+1","Adaptation+1","WheelKick+1","Wallop+1","Meditate+1","Meditate+1"],"relics":["PureWater","NeowsBlessing","Eternal Feather","Mercury Hourglass","Smiling Mask","Old Coin","Fusion Hammer","White Beast Statue","TungstenRod","DollysMirror","Letter Opener","Juzu Bracelet","Enchiridion","Bag of Preparation","Coffee Dripper","Girya","CaptainsWheel","InkBottle","CloakClasp","Kunai","Anchor","Oddly Smooth Stone","Turnip"],"acts_visited":["Exordium","TheCity","TheBeyond","TheEnding"],"potions_floor_usage":[41,55,55,55,55,55,55],"damage_taken":[{"damage":0.0,"enemies":"Cultist","floor":1.0,"turns":1.0},{"damage":0.0,"enemies":"Jaw Worm","floor":2.0,"turns":1.0},{"damage":0.0,"enemies":"3 Sentries","floor":7.0,"turns":2.0},{"damage":0.0,"enemies":"2 Louse","floor":8.0,"turns":1.0},{"damage":0.0,"enemies":"Looter","floor":10.0,"turns":1.0},{"damage":17.0,"enemies":"Gremlin Nob","floor":11.0,"turns":3.0},{"damage":0.0,"enemies":"3 Sentries","floor":13.0,"turns":3.0},{"damage":6.0,"enemies":"Exordium Thugs","floor":14.0,"turns":3.0},{"damage":0.0,"enemies":"Slime Boss","floor":16.0,"turns":6.0},{"damage":5.0,"enemies":"3 Byrds","floor":18.0,"turns":4.0},{"damage":0.0,"enemies":"Chosen","floor":19.0,"turns":2.0},{"damage":0.0,"enemies":"Centurion and Healer","floor":22.0,"turns":7.0},{"damage":0.0,"enemies":"Book of Stabbing","floor":24.0,"turns":4.0},{"damage":0,"enemies":"Chosen and Byrds","floor":27,"turns":3},{"damage":0,"enemies":"Gremlin Leader","floor":28,"turns":5},{"damage":8,"enemies":"Book of Stabbing","floor":30,"turns":3},{"damage":0,"enemies":"Champ","floor":33,"turns":5},{"damage":0,"enemies":"Orb Walker","floor":35,"turns":1},{"damage":0,"enemies":"Mind Bloom Boss Battle","floor":37,"turns":5},{"damage":0,"enemies":"2 Orb Walkers","floor":38,"turns":4},{"damage":0,"enemies":"3 Darklings","floor":39,"turns":3},{"damage":1,"enemies":"Reptomancer","floor":40,"turns":6},{"damage":2,"enemies":"Maw","floor":41,"turns":4},{"damage":0,"enemies":"Giant Head","floor":42,"turns":6},{"damage":0,"enemies":"Reptomancer","floor":44,"turns":4},{"damage":0,"enemies":"Giant Head","floor":47,"turns":3},{"damage":3,"enemies":"Jaw Worm Horde","floor":48,"turns":4},{"damage":0,"enemies":"Donu and Deca","floor":50,"turns":4},{"damage":5,"enemies":"Shield and Spear","floor":54,"turns":4},{"damage":42,"enemies":"The Heart","floor":55,"turns":6}],"seed_played":"1414126140695201065","potions_obtained":[{"floor":7.0,"key":"StancePotion"},{"floor":11.0,"key":"SkillPotion"},{"floor":19.0,"key":"FearPotion"},{"floor":22.0,"key":"Swift Potion"},{"floor":27,"key":"Fire Potion"},{"floor":35,"key":"EntropicBrew"},{"floor":37,"key":"Block Potion"},{"floor":41,"key":"AttackPotion"},{"floor":42,"key":"CultistPotion"}],"is_trial":false,"path_per_floor":["M","M","$","?","$","R","E","M","T","M","E","R","E","M","R","B",null,"M","M","?","?","M","R","E","$","T","M","E","?","E","$","R","B",null,"M","?","?","?","M","E","M","E","T","E","?","R","E","M","R","B",null,"R","$","E","B",null],"character_chosen":"WATCHER","items_purchased":["FlurryOfBlows","Fire Potion","TungstenRod","DollysMirror","Wireheading","Oddly Smooth Stone"],"campfire_rested":1,"item_purchase_floors":[3,3,25,25,25,53],"current_hp_per_floor":[61,61,61,54,54,54,54,54,54,54,37,46,46,40,49,49,63,58,58,58,58,58,68,68,68,68,68,68,51,43,43,68,68,68,68,65,65,65,65,64,62,62,62,62,62,65,65,62,65,65,65,65,65,60,18],"gold":167,"neow_bonus":"THREE_ENEMY_KILL","is_daily":false,"chose_seed":false,"campfire_upgraded":3,"win_rate":0.0,"timestamp":1611515491,"path_taken":["M","?","$","?","?","R","E","M","T","?","E","R","E","M","R","BOSS","M","M","?","?","?","R","E","$","T","M","E","?","E","$","R","BOSS","M","?","?","?","M","E","M","E","T","E","?","R","E","M","R","BOSS","R","$","E","BOSS"],"items_purchased_type":["Card","Potion","Relic","Relic","Card","Relic"],"build_version":"2020-12-22","purchased_purges":3,"victory":true,"max_hp_per_floor":[68,68,68,68,68,68,68,68,68,68,68,68,68,68,68,68,68,68,68,68,68,68,68,68,68,68,68,68,68,68,68,68,68,68,68,65,65,65,65,65,65,65,65,65,65,65,65,65,65,65,65,65,65,65,65],"relic_stats":{"counters":[30,108],"Eternal Feather":46,"Juzu Bracelet":0,"Bag of Preparation":[28],"CloakClasp":[134],"Letter Opener":[125],"Smiling Mask":150,"Mercury Hourglass":[408],"Turnip":[2],"Kunai":[34],"obtain_stats":[{"Girya":37,"NeowsBlessing":0,"Enchiridion":29,"Oddly Smooth Stone":53,"Eternal Feather":7,"Juzu Bracelet":28,"Bag of Preparation":30,"CloakClasp":42,"Letter Opener":26,"Smiling Mask":11,"White Beast Statue":24,"Mercury Hourglass":9,"Old Coin":13,"CaptainsWheel":38,"Anchor":47,"DollysMirror":25,"Fusion Hammer":17,"Turnip":54,"Coffee Dripper":34,"Kunai":44,"PureWater":0,"TungstenRod":25,"InkBottle":40},{"Girya":19,"NeowsBlessing":0,"Enchiridion":15,"Oddly Smooth Stone":28,"Eternal Feather":3,"Juzu Bracelet":15,"Bag of Preparation":16,"CloakClasp":24,"Letter Opener":13,"Smiling Mask":6,"White Beast Statue":13,"Mercury Hourglass":4,"Old Coin":7,"CaptainsWheel":20,"Anchor":26,"DollysMirror":13,"Fusion Hammer":9,"Turnip":29,"Coffee Dripper":17,"Kunai":25,"PureWater":0,"TungstenRod":13,"InkBottle":22},{"Girya":60,"NeowsBlessing":0,"Enchiridion":46,"Oddly Smooth Stone":98,"Eternal Feather":4,"Juzu Bracelet":46,"Bag of Preparation":49,"CloakClasp":83,"Letter Opener":38,"Smiling Mask":9,"White Beast Statue":38,"Mercury Hourglass":5,"Old Coin":12,"CaptainsWheel":64,"Anchor":90,"DollysMirror":38,"Fusion Hammer":21,"Turnip":102,"Coffee Dripper":54,"Kunai":87,"PureWater":0,"TungstenRod":38,"InkBottle":73}],"TungstenRod":12,"InkBottle":[27]},"card_choices":[{"not_picked":["Halt","Crescendo"],"picked":"FlyingSleeves","floor":1.0},{"not_picked":["JustLucky","Prostrate"],"picked":"MentalFortress","floor":2.0},{"not_picked":["SashWhip","Evaluate"],"picked":"LessonLearned","floor":7.0},{"not_picked":["Nirvana","JustLucky"],"picked":"Tantrum","floor":8.0},{"not_picked":["Prostrate","Swivel"],"picked":"FlurryOfBlows","floor":10.0},{"not_picked":["CrushJoints","Devotion"],"picked":"FearNoEvil","floor":11.0},{"not_picked":["Collect","CrushJoints","Conclude"],"picked":"SKIP","floor":13.0},{"not_picked":["ClearTheMind","EmptyFist"],"picked":"Sanctity","floor":14.0},{"not_picked":["MasterReality","SpiritShield"],"picked":"Scrawl","floor":16.0},{"not_picked":["Consecrate","CutThroughFate","SashWhip"],"picked":"SKIP","floor":18.0},{"not_picked":["CrushJoints","PathToVictory+1"],"picked":"EmptyFist","floor":19.0},{"not_picked":["ReachHeaven+1","Consecrate"],"picked":"EmptyFist","floor":22.0},{"not_picked":["Fasting2","CarveReality"],"picked":"LessonLearned","floor":24.0},{"not_picked":["JustLucky","ThirdEye","SignatureMove"],"picked":"SKIP","floor":27},{"not_picked":["EmptyBody+1","Wallop+1"],"picked":"TalkToTheHand+1","floor":28},{"not_picked":["Consecrate","EmptyFist","FollowUp"],"picked":"SKIP","floor":30},{"not_picked":["Blasphemy","LessonLearned"],"picked":"Devotion","floor":33},{"not_picked":["Consecrate","JustLucky","Weave+1"],"picked":"SKIP","floor":35},{"not_picked":["Nirvana","FlurryOfBlows"],"picked":"Adaptation","floor":39},{"not_picked":["ConjureBlade","Halt"],"picked":"WheelKick","floor":40},{"not_picked":["Sanctity","WindmillStrike","SashWhip"],"picked":"SKIP","floor":41},{"not_picked":["Pray","FollowUp","Indignation"],"picked":"SKIP","floor":42},{"not_picked":["CrushJoints+1","WindmillStrike"],"picked":"Wallop+1","floor":44},{"not_picked":["CutThroughFate+1","LikeWater"],"picked":"Meditate","floor":47},{"not_picked":["ClearTheMind","SashWhip"],"picked":"Meditate","floor":48},{"not_picked":["DeceiveReality","EmptyBody","Vengeance+1"],"picked":"SKIP","floor":54}],"player_experience":444530,"relics_obtained":[{"floor":7.0,"key":"Eternal Feather"},{"floor":9.0,"key":"Mercury Hourglass"},{"floor":11.0,"key":"Smiling Mask"},{"floor":13.0,"key":"Old Coin"},{"floor":24.0,"key":"White Beast Statue"},{"floor":26.0,"key":"Letter Opener"},{"floor":28,"key":"Juzu Bracelet"},{"floor":29,"key":"Enchiridion"},{"floor":30,"key":"Bag of Preparation"},{"floor":37,"key":"Girya"},{"floor":38,"key":"CaptainsWheel"},{"floor":40,"key":"InkBottle"},{"floor":42,"key":"CloakClasp"},{"floor":44,"key":"Kunai"},{"floor":47,"key":"Anchor"},{"floor":54,"key":"Turnip"}],"event_choices":[{"cards_removed":["Strike_P"],"damage_healed":0.0,"max_hp_gain":0.0,"max_hp_loss":0.0,"gold_gain":0.0,"event_name":"Golden Wing","player_choice":"Card Removal","floor":4.0,"gold_loss":0.0,"damage_taken":7.0},{"damage_healed":0.0,"max_hp_gain":0.0,"max_hp_loss":0.0,"gold_gain":50.0,"event_name":"Nest","player_choice":"Stole From Cult","floor":20.0,"gold_loss":0.0,"damage_taken":0.0},{"damage_healed":0.0,"max_hp_gain":0.0,"max_hp_loss":0.0,"gold_gain":0.0,"event_name":"Match and Keep!","player_choice":"1 cards matched","floor":21.0,"gold_loss":0.0,"damage_taken":0.0,"cards_obtained":["Blasphemy"]},{"damage_healed":0,"gold_gain":0,"player_choice":"Obtained Book","damage_taken":21,"max_hp_gain":0,"max_hp_loss":0,"event_name":"Cursed Tome","floor":29,"gold_loss":0},{"damage_healed":0,"gold_gain":0,"player_choice":"Max HP","damage_taken":0,"max_hp_gain":0,"max_hp_loss":3,"event_name":"Winding Halls","floor":36,"gold_loss":0},{"damage_healed":0,"gold_gain":0,"player_choice":"Fight","damage_taken":0,"max_hp_gain":0,"max_hp_loss":0,"event_name":"MindBloom","floor":37,"gold_loss":0},{"damage_healed":0,"gold_gain":0,"player_choice":"Fight","damage_taken":0,"max_hp_gain":0,"max_hp_loss":0,"event_name":"Mysterious Sphere","floor":38,"gold_loss":0},{"cards_removed":["Sanctity"],"damage_healed":0,"gold_gain":0,"player_choice":"Removed Skill","damage_taken":0,"max_hp_gain":0,"max_hp_loss":0,"event_name":"Falling","floor":45,"gold_loss":0}],"is_beta":false,"boss_relics":[{"not_picked":["Runic Pyramid","SacredBark"],"picked":"Fusion Hammer"},{"not_picked":["Sozu","Empty Cage"],"picked":"Coffee Dripper"}],"items_purged_floors":[25,31,53],"is_endless":false,"potions_floor_spawned":[7,8,11,19,22,27,28,30,33,35,37,38,39,40,41,42,44,47,48,54],"ascension_level":19}}