{"host":"10b2ljh1rg6srmxa","time":1611525914,"event":{"mods":["AchievementEnabler","BaseMod","Colored Powertips","Conspire","Downfall","Googly Eyes","Hubris","Infinite Spire","Minty Spire (QoL Compilation)","Replay The Spire","StSLib"],"gold_per_floor":[109,5,17,28,28,57,88,88,163,179,7,7,26,60,60,157,157,170,170,185,185,185,185,212,212,212,412,424,436,436,454,454,579,579,637,698,698,753,813,897,897,897,897,502,502,347,396,439,439,439,439,439,45,83,83],"floor_reached":56,"language":"ENG","playtime":4992,"items_purged":["Thunder Strike+1","FIFO Queue+1"],"score":1826,"play_id":"834a5e16-0d28-4a0f-99c4-189eb73be47f","local_time":"20210124230514","is_ascension_mode":true,"campfire_choices":[{"floor":8,"key":"REST"},{"data":"Creative AI","floor":8,"key":"SMITH"},{"floor":15,"key":"REST"},{"data":"White Noise","floor":15,"key":"SMITH"},{"floor":23,"key":"REST"},{"data":"conspire:SharedLibrary","floor":23,"key":"SMITH"},{"floor":25,"key":"REST"},{"data":"Defragment","floor":25,"key":"SMITH"},{"floor":32,"key":"REST"},{"data":"Conserve Battery","floor":32,"key":"SMITH"},{"floor":41,"key":"REST"},{"data":"Electrodynamics","floor":41,"key":"SMITH"},{"data":"Zap","floor":45,"key":"SMITH"},{"floor":49,"key":"REST"},{"floor":49,"key":"RECALL"},{"floor":52,"key":"REST"},{"data":"Mirror Shield","floor":52,"key":"SMITH"}],"circlet_count":0,"master_deck":["Strike_B","Strike_B","Strike_B","Defend_B","Defend_B","Defend_B","Zap+1","Dualcast","Crystallizer+1","hubris:Ukulele+1","Sweeping Beam","Creative AI+1","Compile Driver","BootSequence","Conserve Battery+1","Cold Snap","Defragment+1","conspire:SharedLibrary+1","White Noise+1","Mirror Shield+1","Gash+1","ReplayTheSpireMod:Book of Names","Reboot","Defragment+1","Ball Lightning+1","Electrodynamics+1","Hello World+1","Barrage+1","ReplayTheSpireMod:Calculation Training+1"],"relics":["Cracked Core","NeowsBlessing","infinitespire:Magic Flask","FossilizedHelix","hubris:PeanutButter","SlaversCollar","White Beast Statue","White Beast Statue","hubris:BallOfYels","hubris:Towel","infinitespire:EvilPickle","hubris:Backtick","Mummified Hand","ReplayFunnel","infinitespire:Golems Mask","PreservedInsect","Vajra","Strange Spoon","Replay:Baseball","Orichalcum","hubris:EmptyBottle","Chameleon Ring"],"acts_visited":["Exordium","TheCity","TheBeyond","TheEnding"],"potions_floor_usage":[7,10,14,16,29,33,36,39,48,48,50,55,55,55,55,55,55],"damage_taken":[{"damage":0,"enemies":"Cultist","floor":1,"turns":1},{"damage":0,"enemies":"2 Louse","floor":3,"turns":1},{"damage":0,"enemies":"Jaw Worm","floor":4,"turns":1},{"damage":31,"enemies":"3 Sentries","floor":6,"turns":6},{"damage":30,"enemies":"conspire:MimicChest","floor":7,"turns":5},{"damage":10,"enemies":"Large Slime","floor":10,"turns":5},{"damage":15,"enemies":"Exordium Thugs","floor":13,"turns":5},{"damage":0,"enemies":"Lagavulin","floor":14,"turns":6},{"damage":7,"enemies":"Hexaghost","floor":16,"turns":8},{"damage":15,"enemies":"Spheric Guardian","floor":18,"turns":5},{"damage":2,"enemies":"Chosen","floor":20,"turns":6},{"damage":22,"enemies":"Gremlin Leader","floor":24,"turns":8},{"damage":0,"enemies":"Snecko","floor":28,"turns":7},{"damage":0,"enemies":"Centurion and Healer","floor":29,"turns":7},{"damage":34,"enemies":"Sentry and Sphere","floor":31,"turns":6},{"damage":0,"enemies":"Pondfish","floor":33,"turns":8},{"damage":0,"enemies":"3 Shapes","floor":35,"turns":2},{"damage":0,"enemies":"3 Darklings","floor":36,"turns":2},{"damage":3,"enemies":"Maw","floor":38,"turns":6},{"damage":0,"enemies":"Jaw Worm Horde","floor":39,"turns":3},{"damage":25,"enemies":"Nemesis","floor":40,"turns":7},{"damage":0,"enemies":"Reptomancer","floor":47,"turns":4},{"damage":56,"enemies":"Writhing Mass","floor":48,"turns":4},{"damage":0,"enemies":"infinitespire:MassOfShapes","floor":50,"turns":9},{"damage":55,"enemies":"Shield and Spear","floor":54,"turns":4},{"damage":19,"enemies":"The Heart","floor":55,"turns":6}],"seed_played":"-7275101229917994801","potions_obtained":[{"floor":4,"key":"Dexterity Potion"},{"floor":6,"key":"Adrenaline Potion"},{"floor":7,"key":"champ:CounterPotion"},{"floor":14,"key":"DistilledChaos"},{"floor":18,"key":"SteroidPotion"},{"floor":20,"key":"Fruit Juice"},{"floor":24,"key":"champ:CounterPotion"},{"floor":28,"key":"Adrenaline Potion"},{"floor":29,"key":"Block Potion"},{"floor":33,"key":"Milkshake"},{"floor":36,"key":"Explosive Potion"},{"floor":38,"key":"PowerPotion"},{"floor":39,"key":"Weak Potion"},{"floor":40,"key":"ColorlessPotion"},{"floor":47,"key":"ColorlessPotion"},{"floor":48,"key":"Block Potion"},{"floor":54,"key":"AttackPotion"}],"is_trial":false,"path_per_floor":["M","$","M","M","?","E","?","R","T","M","$","?","M","E","R","B",null,"M","AVR","M","?","?","R","E","R","T","?","M","M","?","M","R","B",null,"M","M","?","M","M","E","R","?","T","$","R","$","E","M","R","B",null,"R","$","E","B",null],"character_chosen":"DEFECT","items_purchased":["hubris:Ukulele+1","Sweeping Beam","Cold Snap","Defragment","PreservedInsect","Vajra","Strange Spoon","Orichalcum","hubris:EmptyBottle","Adrenaline Potion","FocusPotion"],"campfire_rested":8,"item_purchase_floors":[2,2,11,11,44,44,46,53,53,53,53],"current_hp_per_floor":[75,75,75,75,75,44,14,36,36,26,26,26,11,11,33,26,75,60,60,58,58,58,75,53,75,75,75,75,80,80,46,70,70,80,80,80,76,73,73,48,70,70,70,70,70,70,70,14,36,36,76,76,76,21,2],"gold":83,"neow_bonus":"THREE_ENEMY_KILL","is_daily":false,"chose_seed":false,"campfire_upgraded":8,"win_rate":0.0,"timestamp":1611525914,"path_taken":["M","$","M","?","?","E","?","R","T","M","$","?","M","E","R","BOSS","M","AVR","M","?","?","R","E","R","T","?","M","?","?","M","R","BOSS","M","M","?","M","M","E","R","?","T","$","R","?","E","M","R","BOSS","R","$","E","BOSS"],"items_purchased_type":["Card","Card","Card","Card","Relic","Relic","Relic","Relic","Relic","Potion","Potion"],"build_version":"2020-12-22","purchased_purges":2,"victory":true,"max_hp_per_floor":[75,75,75,75,75,75,75,75,75,75,75,75,75,75,75,75,75,75,75,75,75,75,75,75,75,75,75,75,80,80,80,80,80,80,80,80,76,76,76,76,76,76,76,76,76,76,76,76,76,76,76,76,76,76,76],"card_choices":[{"not_picked":["Rebound","Blizzard"],"picked":"Crystallizer","floor":1},{"not_picked":["Beam Cell","Lockon","Stack"],"picked":"SKIP","floor":3},{"not_picked":["Turbo","Recycle"],"picked":"Creative AI","floor":4},{"not_picked":["BasicCrystalCard","Beam Cell"],"picked":"Compile Driver","floor":6},{"not_picked":["Leap","hubris:PowerSurge"],"picked":"BootSequence","floor":7},{"not_picked":["Compile Driver","ReplayTheSpireMod:GoodbyeWorld"],"picked":"Conserve Battery","floor":10},{"not_picked":["Ball Lightning","Barrage"],"picked":"White Noise","floor":13},{"not_picked":["Beam Cell","Steam","Creative AI"],"picked":"SKIP","floor":14},{"not_picked":["Thunder Strike","Machine Learning"],"picked":"Mirror Shield","floor":16},{"not_picked":["Lockon","Stack"],"picked":"Gash+1","floor":18},{"not_picked":["Sweeping Beam","hubris:Ukulele+1","Compile Driver"],"picked":"SKIP","floor":20},{"not_picked":["Coolheaded","conspire:Rain"],"picked":"Reboot","floor":24},{"not_picked":["ReplayTheSpireMod:Repulse","Self Repair+1"],"picked":"Defragment+1","floor":28},{"not_picked":["Cold Snap","Rip and Tear+1"],"picked":"Ball Lightning+1","floor":29},{"not_picked":["Rebound+1","Lockon+1","Beam Cell+1"],"picked":"SKIP","floor":31},{"not_picked":["Multi-Cast","ReplayTheSpireMod:Omega Cannon"],"picked":"Electrodynamics","floor":33},{"not_picked":["Conserve Battery+1","Sweeping Beam+1"],"picked":"Hello World+1","floor":35},{"not_picked":["Capacitor+1","Compile Driver","hubris:Prefetch"],"picked":"SKIP","floor":36},{"not_picked":["Panic Button+1","Streamline","Recycle"],"picked":"SKIP","floor":38},{"not_picked":["Beam Cell+1","Ball Lightning","Auto Shields"],"picked":"SKIP","floor":39},{"not_picked":["BasicCrystalCard","Conserve Battery"],"picked":"FIFO Queue+1","floor":40},{"not_picked":["ReplayTheSpireMod:System Scan","Panic Button+1"],"picked":"Barrage+1","floor":47},{"not_picked":["Chill+1","Sweeping Beam+1"],"picked":"ReplayTheSpireMod:Calculation Training+1","floor":48},{"not_picked":["Double Energy","ReplayTheSpireMod:GoodbyeWorld","ReplayTheSpireMod:Calculation Training"],"picked":"SKIP","floor":54},{"not_picked":["Double Energy","ReplayTheSpireMod:GoodbyeWorld","ReplayTheSpireMod:Calculation Training"],"picked":"SKIP","floor":54}],"player_experience":349994,"relics_obtained":[{"floor":6,"key":"infinitespire:Magic Flask"},{"floor":7,"key":"FossilizedHelix"},{"floor":14,"key":"hubris:PeanutButter"},{"floor":24,"key":"White Beast Statue"},{"floor":26,"key":"hubris:BallOfYels"},{"floor":40,"key":"ReplayFunnel"},{"floor":43,"key":"infinitespire:Golems Mask"},{"floor":47,"key":"Replay:Baseball"},{"floor":54,"key":"Chameleon Ring"}],"event_choices":[{"damage_healed":0,"gold_gain":0,"cards_transformed":["Strike_B"],"player_choice":"Transformed","damage_taken":0,"max_hp_gain":0,"max_hp_loss":0,"event_name":"Transmorgrifier","floor":12,"gold_loss":0,"cards_obtained":["conspire:SharedLibrary"]},{"damage_healed":0,"gold_gain":0,"player_choice":"Ignored","damage_taken":0,"max_hp_gain":0,"max_hp_loss":0,"event_name":"Vampires","floor":22,"gold_loss":0},{"damage_healed":0,"gold_gain":250,"player_choice":"Bet on Owner","damage_taken":0,"max_hp_gain":0,"max_hp_loss":0,"event_name":"The Joust","floor":27,"gold_loss":50},{"damage_healed":0,"gold_gain":0,"player_choice":"Max HP","damage_taken":0,"max_hp_gain":0,"max_hp_loss":4,"event_name":"Winding Halls","floor":37,"gold_loss":0},{"damage_healed":0,"gold_gain":0,"player_choice":"Ignored","damage_taken":0,"max_hp_gain":0,"max_hp_loss":0,"event_name":"Tomb of Lord Red Mask","floor":42,"gold_loss":0}],"is_beta":false,"boss_relics":[{"not_picked":["hubris:Stopwatch","Velvet Choker"],"picked":"SlaversCollar"},{"not_picked":["Empty Cage","Snecko Heart"],"picked":"hubris:Backtick"}],"items_purged_floors":[11,44],"is_endless":false,"potions_floor_spawned":[4,6,7,14,18,20,24,28,29,31,33,35,36,38,39,40,47,48,54],"ascension_level":2}}