{"host":"4a6fro0of1ie0h2w","time":1611446409,"event":{"mods":["Aspiration","BaseMod","CCEM","Colored Map","Conspire","Downfall","GifTheSpireLib","Halation","Highlight Path","Hubris","Infinite Spire","Marisa????????","Minty Spire (QoL Compilation)","Permanent Neow","Replay The Spire","StSLib","Stuff the Spire","The Servant 0.9.4"],"gold_per_floor":[99,117,292,305,305,305,305,323,339,357,383,20,20,35,49,145,145,145,165,165,165,184,211,234,234,249,278,278,289,89,106,125,222,272,272,282,282,298,298,298,344,225,265,297,197,207,207,68,82,185,185,185,202,302,347,379,379,404,404,422,435,435,435,448,448,459,558,558,558,577,588,588,604,604,630,672,672,672],"floor_reached":76,"language":"ENG","playtime":3122,"items_purged":["downfall:Malfunctioning","StuffTheSpire:CuriosityCurse","Doubt"],"score":1394,"play_id":"20f9cec5-9747-4051-9cca-06b5b28395e8","local_time":"20210124020009","is_ascension_mode":false,"campfire_choices":[{"floor":1,"key":"DIG"},{"floor":18,"key":"RECALL"},{"data":"ManaRampage","floor":30,"key":"SMITH"},{"data":"sneckomod:MorePower","floor":35,"key":"SMITH"},{"data":"sneckomod:UnlimitedRolls","floor":40,"key":"SMITH"},{"floor":45,"key":"REST"},{"data":"sneckomod:CheapStock","floor":47,"key":"SMITH"},{"data":"infinitespire:Execution","floor":57,"key":"SMITH"},{"data":"sneckomod:UnendingSupply","floor":62,"key":"SMITH"},{"data":"infinitespire:FinalStrike","floor":69,"key":"SMITH"}],"circlet_count":0,"master_deck":["sneckomod:TailWhip","sneckomod:SnekBite","sneckomod:Unknown","sneckomod:UnknownClassGREEN","sneckomod:QuickMove","sneckomod:UnknownRareAttack","sneckomod:ImprovisedAttack","sneckomod:UnknownBoss+1","sneckomod:UnknownStrike","sneckomod:UnknownUncommonPower","sneckomod:Nope","ManaRampage+1","sneckomod:UnknownClassSLIMEBOUND","sneckomod:CheapStock+1","sneckomod:UnlimitedRolls+1","sneckomod:QuickBite+1","sneckomod:UnknownClassTHE_BRONZE_AUTOMATON+1","sneckomod:SoulDraw+1","sneckomod:Unknown","sneckomod:UnknownVulnerable","sneckomod:Unknown2Cost","sneckomod:UnknownCommonAttack","sneckomod:UnknownUncommonAttack","sneckomod:UnknownStrength","sneckomod:MorePower+1","sneckomod:UnknownX+1","infinitespire:Execution+1","sneckomod:Unknown3Cost+1","sneckomod:DiceBoulder","sneckomod:UnknownClassBLUE+1","sneckomod:UnknownRareAttack+1","sneckomod:UnknownCommonAttack+1","sneckomod:UnknownUncommonSkill","sneckomod:UnknownBoss","sneckomod:UnknownClassHEXA_GHOST_PURPLE","sneckomod:ImprovisedGuard","sneckomod:UnknownUncommonSkill+1","sneckomod:UnknownClassGUARDIAN","sneckomod:WideSting+1","sneckomod:UnknownCommonAttack","sneckomod:UnknownCommonSkill","sneckomod:CheapStock","sneckomod:Unknown0Cost","sneckomod:UnknownClassMARISA_COLOR+1","sneckomod:UnknownUncommonAttack","sneckomod:UnknownClassTHE_BRONZE_AUTOMATON+1","sneckomod:UnknownWeak+1","sneckomod:SerpentIdol+1","sneckomod:UnendingSupply+1","sneckomod:Unknown2Cost","Parasite","sneckomod:UnknownVulnerable+1","sneckomod:UnknownBoss","sneckomod:Rotation","sneckomod:Unknown1Cost","sneckomod:UnknownClassSILVER","sneckomod:UnknownClassMARISA_COLOR+1","sneckomod:UnknownClassRED","sneckomod:UnknownRarePower+1","sneckomod:SoulDraw","sneckomod:Unknown0Cost","sneckomod:UnknownRarePower","infinitespire:FutureSight","sneckomod:UnknownClassHEXA_GHOST_PURPLE","MillisecondPulsars","infinitespire:FinalStrike+1","StarlightTyphoon","OneTimeOff","ReplayTheSpireMod:Dual Polarity","sneckomod:UnknownClassSLIMEBOUND","sneckomod:UnknownBoss+1","sneckomod:UnknownX"],"relics":["sneckomod:SneckoSoul","infinitespire:Golems Mask","conspire:Flyswatter","halation:KoshaPiece","aspiration:HummingbirdHeart","Blood Vial","Guardian:PocketSentry","aspiration:PoetsPen_weak","champ:DuelingGlove","Chameleon Ring","Potion Belt","Dream Catcher","downfall:HeartBlessingGreen","downfall:HeartBlessingRed","Tiny House","hubris:Towel","StuffTheSpire:BottledEssence","Replay:WaspNest","downfall:HeartBlessingBlue","aspiration:MarisaSkillbook","Boot","Sozu","hubris:EmptyBottle","ChewingGum","Blue Candle"],"acts_visited":["Exordium","TheCity","TheBeyond","Exordium","TheCity"],"potions_floor_usage":[16,23,23,33,33,43,44,44,50,50,50,50],"damage_taken":[{"damage":6,"enemies":"2 Louse","floor":2,"turns":2},{"damage":0,"enemies":"Small Slimes","floor":4,"turns":3},{"damage":2,"enemies":"Cultist","floor":8,"turns":4},{"damage":0,"enemies":"Red Slaver","floor":9,"turns":2},{"damage":5,"enemies":"Exordium Thugs","floor":10,"turns":4},{"damage":0,"enemies":"Replay:BlueRogue","floor":11,"turns":4},{"damage":0,"enemies":"downfall:FleeingMerchant","floor":12,"turns":4},{"damage":0,"enemies":"3 Louse","floor":14,"turns":1},{"damage":11,"enemies":"Blue Slaver","floor":15,"turns":3},{"damage":27,"enemies":"IC_STATUS_ARCHETYPE","floor":16,"turns":4},{"damage":0,"enemies":"Chosen","floor":19,"turns":3},{"damage":5,"enemies":"Snecko","floor":22,"turns":3},{"damage":18,"enemies":"conspire:SneckoGhost","floor":23,"turns":4},{"damage":5,"enemies":"conspire:HollyBat","floor":26,"turns":5},{"damage":19,"enemies":"Nightmare","floor":27,"turns":6},{"damage":0,"enemies":"Cultist and Chosen","floor":29,"turns":1},{"damage":0,"enemies":"Snecko","floor":31,"turns":2},{"damage":0,"enemies":"Centurion and Healer","floor":32,"turns":2},{"damage":22,"enemies":"DF_ARCHETYPE_CLAW","floor":33,"turns":4},{"damage":5,"enemies":"Orb Walker","floor":36,"turns":2},{"damage":32,"enemies":"3 Shapes","floor":38,"turns":5},{"damage":0,"enemies":"downfall:FleeingMerchant","floor":42,"turns":4},{"damage":14,"enemies":"Sphere and 2 Shapes","floor":43,"turns":3},{"damage":4,"enemies":"Giant Head","floor":44,"turns":6},{"damage":16,"enemies":"Spire Growth","floor":46,"turns":3},{"damage":10,"enemies":"Writhing Mass","floor":49,"turns":3},{"damage":4,"enemies":"SI_POISON_ARCHETYPE","floor":50,"turns":5},{"damage":19,"enemies":"Small Slimes","floor":53,"turns":3},{"damage":0,"enemies":"Jaw Worm","floor":55,"turns":1},{"damage":0,"enemies":"Lagavulin","floor":56,"turns":3},{"damage":0,"enemies":"Cultist","floor":60,"turns":2},{"damage":13,"enemies":"3 Louse","floor":61,"turns":2},{"damage":0,"enemies":"Blue Slaver","floor":64,"turns":1},{"damage":11,"enemies":"Large Slime","floor":66,"turns":2},{"damage":0,"enemies":"Slime Boss","floor":67,"turns":3},{"damage":16,"enemies":"3 Byrds","floor":70,"turns":4},{"damage":2,"enemies":"Chosen","floor":71,"turns":3},{"damage":11,"enemies":"Snecko","floor":73,"turns":3},{"damage":15,"enemies":"Book of Stabbing","floor":75,"turns":4},{"damage":62,"enemies":"Nightmare","floor":76,"turns":4}],"seed_played":"3978116343436927762","potions_obtained":[{"floor":2,"key":"Energy Potion"},{"floor":8,"key":"champ:CounterPotion"},{"floor":14,"key":"Swift Potion"},{"floor":23,"key":"Swift Potion"},{"floor":27,"key":"hexamod:SoulburnPotion"},{"floor":29,"key":"Fire Potion"},{"floor":33,"key":"LifebloodPotion"},{"floor":34,"key":"hexamod:SoulburnPotion"},{"floor":43,"key":"sneckomod:DiceRollPotion"},{"floor":44,"key":"LifebloodPotion"},{"floor":49,"key":"LifebloodPotion"},{"floor":55,"key":"Swift Potion"},{"floor":60,"key":"DuplicationPotion"}],"is_trial":false,"path_per_floor":["R_BF","M","?","M","?","?","T","M","M","M","E","$","R","M","M","B",null,"R","M","AVR","?","M","E","T","?","M","NM","?","M","R","M","M","B",null,"R","M","?","M","?","R","T","$","M","E","R","M","R","$","M","B",null,"R_BF","M","?","M","E","R","T","?","M","M","R","AVR","M","?","M","B",null,"R","M","M","?","M","?","E","NM"],"character_chosen":"THE_SNECKO","items_purchased":["Guardian:PocketSentry","sneckomod:UnknownUncommonPower","sneckomod:Nope","StuffTheSpire:BottledEssence","sneckomod:UnknownCommonAttack","sneckomod:UnknownCommonSkill","sneckomod:CheapStock","sneckomod:UnendingSupply","sneckomod:Unknown2Cost"],"campfire_rested":1,"item_purchase_floors":[12,12,12,42,42,42,42,48,48],"current_hp_per_floor":[81,75,75,75,75,75,75,73,73,68,68,70,70,72,63,38,81,81,81,81,66,63,47,47,47,51,34,34,36,36,38,40,24,91,91,86,86,56,56,56,56,58,46,44,84,70,70,70,62,60,101,101,82,82,92,94,94,94,94,96,85,85,85,87,61,52,54,101,101,85,85,85,76,71,58,0,0,0],"gold":672,"neow_bonus":"ONE_RARE_RELIC","is_daily":false,"chose_seed":false,"campfire_upgraded":7,"win_rate":0.0,"timestamp":1611446409,"path_taken":["R_BF","M","?","M","?","?","T","M","M","M","E","$","R","M","M","BOSS","R","M","AVR","?","M","E","T","?","M","NM","?","M","R","M","M","BOSS","R","M","?","M","?","R","T","$","M","E","R","M","R","$","M","BOSS","R_BF","M","?","?","?","R","T","?","?","M","R","AVR","M","?","M","BOSS","R","M","M","?","?","?","E","NM"],"items_purchased_type":["Relic","Card","Card","Relic","Card","Card","Card","Card","Card"],"build_version":"2020-12-22","purchased_purges":3,"victory":false,"max_hp_per_floor":[81,81,81,81,81,81,81,81,81,81,81,81,81,81,81,81,81,81,81,81,86,86,86,86,86,86,86,86,86,86,86,86,86,91,91,91,91,91,91,91,91,91,91,91,101,101,101,101,101,101,101,101,101,101,101,101,101,101,101,101,101,101,101,101,101,101,101,101,101,101,101,101,101,101,101,101,101,101],"card_choices":[{"not_picked":["sneckomod:SoulCleanse","sneckomod:MasterEye"],"picked":"sneckomod:UnknownClassGREEN","floor":2},{"not_picked":["sneckomod:UnknownStrike","sneckomod:DefensiveFlair"],"picked":"sneckomod:QuickMove","floor":4},{"not_picked":["sneckomod:UnknownClassMARISA_DERIVATIONS","sneckomod:DefensiveFlair"],"picked":"sneckomod:UnknownRareAttack","floor":8},{"not_picked":["sneckomod:Nope","sneckomod:RainOfDice"],"picked":"sneckomod:UnknownClassMARISA_COLOR","floor":9},{"not_picked":["sneckomod:SoulDraw","sneckomod:UnknownClassMARISA_DERIVATIONS"],"picked":"sneckomod:ImprovisedAttack","floor":10},{"not_picked":["sneckomod:UnknownClassTHE_BRONZE_AUTOMATON","sneckomod:UnknownCommonSkill"],"picked":"sneckomod:UnknownBoss","floor":11},{"not_picked":["sneckomod:UnknownClassHEXA_GHOST_PURPLE","sneckomod:SoulDraw"],"picked":"sneckomod:UnknownStrike","floor":12},{"not_picked":["sneckomod:UnknownStrike","sneckomod:Rotation"],"picked":"sneckomod:UnknownClassSLIMEBOUND","floor":14},{"not_picked":["sneckomod:UnknownCommonAttack","sneckomod:ImprovisedAttack"],"picked":"sneckomod:CheapStock","floor":15},{"not_picked":["sneckomod:UnknownRarePower","sneckomod:Mudshield"],"picked":"sneckomod:UnlimitedRolls","floor":16},{"not_picked":["sneckomod:UnknownClassGUARDIAN","sneckomod:SerpentIdol"],"picked":"sneckomod:QuickBite+1","floor":19},{"not_picked":["sneckomod:DiceBlock","sneckomod:UnknownClassBLESSING"],"picked":"sneckomod:UnknownClassTHE_BRONZE_AUTOMATON+1","floor":22},{"not_picked":["sneckomod:PureSnecko","sneckomod:UnknownClassPURPLE"],"picked":"sneckomod:SoulDraw","floor":23},{"not_picked":["sneckomod:PureSnecko","sneckomod:CheapStock"],"picked":"sneckomod:MorePower","floor":26},{"not_picked":["sneckomod:UnknownClassGUARDIAN+1","sneckomod:UnknownClassGREEN+1"],"picked":"sneckomod:UnknownX+1","floor":27},{"not_picked":["infinitespire:UltimateForm","infinitespire:FinalStrike"],"picked":"infinitespire:Execution","floor":27},{"not_picked":["sneckomod:UnknownClassEV_BLUE_COLOR+1","sneckomod:SoulDraw"],"picked":"sneckomod:Unknown3Cost","floor":27},{"not_picked":["sneckomod:SnakeSap","sneckomod:UnknownClassGUARDIAN"],"picked":"sneckomod:UnknownClassBLUE+1","floor":29},{"not_picked":["sneckomod:UnknownUncommonSkill+1","sneckomod:UnknownClassEV_BLUE_COLOR+1"],"picked":"sneckomod:UnknownRareAttack+1","floor":31},{"not_picked":["sneckomod:QuickBite","sneckomod:SoulDraw"],"picked":"sneckomod:UnknownCommonAttack","floor":31},{"not_picked":["sneckomod:UnlimitedRolls","sneckomod:DiceBoulder+1"],"picked":"sneckomod:UnknownUncommonSkill","floor":32},{"not_picked":["sneckomod:Unknown3Cost","sneckomod:UnknownRareSkill"],"picked":"sneckomod:UnknownBoss","floor":33},{"not_picked":["sneckomod:UnknownClassPURPLE","sneckomod:UnknownClassBLUE"],"picked":"sneckomod:UnknownClassHEXA_GHOST_PURPLE","floor":34},{"not_picked":["sneckomod:UnknownClassEV_BLUE_COLOR","sneckomod:QuickMove+1"],"picked":"sneckomod:ImprovisedGuard","floor":36},{"not_picked":["sneckomod:UnknownExhaust+1","sneckomod:UnknownClassSLIMEBOUND+1"],"picked":"sneckomod:UnknownUncommonSkill+1","floor":38},{"not_picked":["sneckomod:Nope","sneckomod:UnknownCommonSkill"],"picked":"sneckomod:UnknownClassGUARDIAN","floor":38},{"not_picked":["sneckomod:UnknownVulnerable","sneckomod:SnakeSap+1"],"picked":"sneckomod:WideSting+1","floor":42},{"not_picked":["sneckomod:UnknownClassHEXA_GHOST_PURPLE","sneckomod:SnakeSap+1"],"picked":"sneckomod:Unknown0Cost","floor":43},{"not_picked":["sneckomod:UnknownColorless+1","sneckomod:UnknownClassBLUE+1"],"picked":"sneckomod:UnknownClassMARISA_COLOR+1","floor":44},{"not_picked":["sneckomod:WideSting","sneckomod:UnknownVulnerable"],"picked":"sneckomod:UnknownUncommonAttack","floor":44},{"not_picked":["sneckomod:SlitherStrike+1","sneckomod:UnknownCommonAttack"],"picked":"sneckomod:UnknownClassTHE_BRONZE_AUTOMATON+1","floor":45},{"not_picked":["sneckomod:Unknown1Cost+1","sneckomod:UnknownCommonSkill+1"],"picked":"sneckomod:UnknownWeak+1","floor":46},{"not_picked":["sneckomod:PureSnecko+1","sneckomod:ImprovisedAttack"],"picked":"sneckomod:SerpentIdol+1","floor":46},{"not_picked":["sneckomod:UnknownWeak","sneckomod:SnekBeam"],"picked":"sneckomod:UnknownVulnerable+1","floor":49},{"not_picked":["sneckomod:DangerNoodle","sneckomod:UnknownRareAttack"],"picked":"sneckomod:UnknownBoss","floor":50},{"not_picked":["PulseMagic","sneckomod:UnknownClassBLESSING","sneckomod:UnknownUncommonSkill"],"picked":"sneckomod:Rotation","floor":52},{"not_picked":["sneckomod:Memorize","sneckomod:SerpentIdol","sneckomod:CheapStock"],"picked":"sneckomod:Unknown1Cost","floor":53},{"not_picked":["sneckomod:Cheat","AsteroidBelt","SprinkleStarSeal"],"picked":"sneckomod:UnknownClassSILVER","floor":55},{"not_picked":["sneckomod:UnknownClassTHE_BRONZE_AUTOMATON+1","sneckomod:UnknownClassINFINITE_BLACK+1","sneckomod:UnknownUncommonSkill+1"],"picked":"sneckomod:UnknownClassMARISA_COLOR+1","floor":56},{"not_picked":["Robbery","sneckomod:DiceBlock","IllusionStar"],"picked":"sneckomod:UnknownClassRED","floor":56},{"not_picked":["sneckomod:UnknownClassPURPLE+1","sneckomod:UnknownClassTHE_CHAMP_GRAY+1","sneckomod:UnknownBlock+1"],"picked":"sneckomod:UnknownRarePower+1","floor":60},{"not_picked":["ShootingEcho","sneckomod:Memorize","sneckomod:SlitherStrike"],"picked":"sneckomod:SoulDraw","floor":60},{"not_picked":["sneckomod:UnendingSupply","GalacticHalo","WitchLeyline"],"picked":"sneckomod:Unknown0Cost","floor":61},{"not_picked":["OortCloud","sneckomod:UnknownClassGUARDIAN","GrandCross"],"picked":"sneckomod:UnknownRarePower","floor":64},{"not_picked":["Replay:Fractal Strike","ReplayTheSpireMod:Haul"],"picked":"infinitespire:FutureSight","floor":65},{"not_picked":["sneckomod:UnknownUncommonSkill","DragonMeteor","DeepEcoloBomb"],"picked":"sneckomod:UnknownClassHEXA_GHOST_PURPLE","floor":66},{"not_picked":["sneckomod:UnknownRareSkill","sneckomod:UnknownBoss","sneckomod:SerpentMind"],"picked":"MillisecondPulsars","floor":67},{"not_picked":["infinitespire:Collect","infinitespire:UltimateForm"],"picked":"infinitespire:FinalStrike","floor":67},{"not_picked":["GalacticHalo","PulseMagic","sneckomod:RainOfDice","SporeBomb"],"picked":"SKIP","floor":70},{"not_picked":["sneckomod:UnknownClassGUARDIAN","GrandCross","DarkSpark"],"picked":"StarlightTyphoon","floor":71},{"not_picked":["sneckomod:SoulRoll","sneckomod:PureSnecko+1","PowerUp"],"picked":"sneckomod:UnknownClassSLIMEBOUND","floor":73},{"not_picked":["sneckomod:UnknownDraw+1","sneckomod:Unknown1Cost+1","sneckomod:UnknownUncommonSkill+1"],"picked":"sneckomod:UnknownBoss+1","floor":75},{"not_picked":["WitchOfGreed","sneckomod:UnknownClassGREEN","OneTimeOff"],"picked":"sneckomod:UnknownX","floor":75}],"player_experience":221172,"relics_obtained":[{"floor":1,"key":"conspire:Flyswatter"},{"floor":7,"key":"aspiration:HummingbirdHeart"},{"floor":11,"key":"Blood Vial"},{"floor":23,"key":"Chameleon Ring"},{"floor":24,"key":"Potion Belt"},{"floor":27,"key":"Dream Catcher"},{"floor":44,"key":"Replay:WaspNest"},{"floor":58,"key":"Boot"}],"event_choices":[{"cards_removed":["infinitespire:Oblivion"],"damage_healed":0,"gold_gain":0,"player_choice":"Removed Attack","damage_taken":0,"max_hp_gain":0,"max_hp_loss":0,"event_name":"Falling","floor":39,"gold_loss":0},{"damage_healed":0,"gold_gain":0,"player_choice":"Grow","damage_taken":0,"max_hp_gain":0,"max_hp_loss":0,"event_name":"Living Wall","floor":59,"gold_loss":0,"cards_upgraded":["sneckomod:UnknownBoss"]}],"is_beta":false,"boss_relics":[{"not_picked":["halation:MonkeysPaw","Painkiller Herb"],"picked":"aspiration:PoetsPen_weak"},{"not_picked":["halation:HeavySnake","Runic Pyramid"],"picked":"Tiny House"},{"not_picked":["aspiration:FutureDiary","halation:Yufonium"],"picked":"aspiration:MarisaSkillbook"},{"not_picked":["Cursed Key","Runic Pyramid"],"picked":"ChewingGum"}],"items_purged_floors":[12,20,42],"is_endless":true,"potions_floor_spawned":[2,8,14,23,27,29,33,43,44,49,55,60,66,67,73,75],"killed_by":"Nightmare","ascension_level":0}}