{"host":"v16t4fbv9yk4gg06","time":1611453504,"event":{"mods":["BaseMod","Bestiary","Dark Map","Fox Events","Minty Spire (QoL Compilation)","Robot Space Explorer","Spicy Shops","StSLib"],"gold_per_floor":[115,190,218,237,86,116,391,408,485,497,497,508,31,42,42,140,217,235,235,249,164,175,175,175,175,304,304,317,327,327,106,106,106,106],"floor_reached":33,"language":"ENG","playtime":1786,"items_purged":["Regret"],"score":272,"play_id":"17281e93-fbb6-4990-880d-483fb8cc7aa9","local_time":"20210124025824","is_ascension_mode":false,"campfire_choices":[{"floor":11,"key":"REST"},{"floor":15,"key":"REST"},{"floor":23,"key":"REST"},{"data":"RobotSpaceExplorer:Autoloader","floor":25,"key":"SMITH"},{"floor":32,"key":"REST"}],"circlet_count":0,"master_deck":["RobotSpaceExplorer:Strike","RobotSpaceExplorer:Strike","RobotSpaceExplorer:Strike","RobotSpaceExplorer:Strike","RobotSpaceExplorer:Defend","RobotSpaceExplorer:Defend","RobotSpaceExplorer:Defend","RobotSpaceExplorer:Defend","RobotSpaceExplorer:Scan","RobotSpaceExplorer:MiniLasers","RobotSpaceExplorer:Pulsar","RobotSpaceExplorer:Probe","RobotSpaceExplorer:DroneSwarm","RobotSpaceExplorer:StunGrenade","RobotSpaceExplorer:Autoloader+1","RobotSpaceExplorer:Pulsar","RobotSpaceExplorer:Accelerator","RobotSpaceExplorer:LaserBurst","RobotSpaceExplorer:StarLightning","RobotSpaceExplorer:StarDust"],"relics":["RobotSpaceExplorer:RoboCore","NeowsBlessing","foxEvents:LuckyCharm","Pen Nib","Pocketwatch","Meat on the Bone","Bottled Lightning","Black Star","Sundial","Bag of Marbles","Juzu Bracelet","Anchor"],"acts_visited":["Exordium","TheCity"],"potions_floor_usage":[18,28,28,33,33],"damage_taken":[{"damage":0,"enemies":"Jaw Worm","floor":1,"turns":1},{"damage":0,"enemies":"Colosseum Slavers","floor":3,"turns":1},{"damage":0,"enemies":"Small Slimes","floor":4,"turns":1},{"damage":37,"enemies":"Lagavulin","floor":6,"turns":13},{"damage":8,"enemies":"Cultist","floor":8,"turns":3},{"damage":0,"enemies":"Looter","floor":10,"turns":3},{"damage":12,"enemies":"3 Louse","floor":12,"turns":3},{"damage":18,"enemies":"Exordium Thugs","floor":14,"turns":4},{"damage":29,"enemies":"Slime Boss","floor":16,"turns":10},{"damage":29,"enemies":"Spheric Guardian","floor":18,"turns":8},{"damage":13,"enemies":"Shell Parasite","floor":20,"turns":9},{"damage":40,"enemies":"Sentry and Sphere","floor":22,"turns":9},{"damage":22,"enemies":"Centurion and Healer","floor":28,"turns":12},{"damage":32,"enemies":"3 Cultists","floor":29,"turns":5},{"damage":61,"enemies":"Collector","floor":33,"turns":7}],"seed_played":"-6308810468753900253","potions_obtained":[{"floor":3,"key":"SpeedPotion"},{"floor":8,"key":"Fruit Juice"},{"floor":12,"key":"Regen Potion"},{"floor":18,"key":"Energy Potion"},{"floor":27,"key":"Fruit Juice"},{"floor":28,"key":"DistilledChaos"}],"is_trial":false,"path_per_floor":["M","?","?","M","$","E","?","M","T","M","R","M","$","M","R","B",null,"M","?","M","?","M","R","?","R","T","?","M","M","?","$","R","B"],"character_chosen":"RobotSpaceExplorer","items_purchased":["Pen Nib","Bottled Lightning","RobotSpaceExplorer:Autoloader","Juzu Bracelet","Anchor"],"campfire_rested":4,"item_purchase_floors":[5,13,13,31,31],"current_hp_per_floor":[75,64,64,64,64,27,27,19,19,31,53,41,41,35,57,40,75,51,51,50,50,22,46,46,46,46,46,44,24,24,24,49,0,0],"gold":106,"neow_bonus":"THREE_ENEMY_KILL","is_daily":false,"chose_seed":false,"campfire_upgraded":1,"win_rate":0.0,"timestamp":1611453504,"path_taken":["M","?","?","M","$","E","?","M","T","M","R","?","$","M","R","BOSS","M","?","M","?","?","R","?","R","T","?","?","M","?","$","R","BOSS"],"items_purchased_type":["Relic","Relic","Card","Relic","Relic"],"build_version":"2020-12-22","purchased_purges":1,"victory":false,"max_hp_per_floor":[75,75,75,75,75,75,75,75,75,75,75,75,75,75,75,75,75,80,80,80,80,80,80,80,80,80,80,85,85,85,85,85,85,85],"card_choices":[{"not_picked":["RobotSpaceExplorer:Probe","RobotSpaceExplorer:SwiftStep"],"picked":"RobotSpaceExplorer:Pulsar","floor":1},{"not_picked":["RobotSpaceExplorer:Counterblock","RobotSpaceExplorer:Ammunition","RobotSpaceExplorer:JunkDive"],"picked":"SKIP","floor":4},{"not_picked":["RobotSpaceExplorer:Discharger","RobotSpaceExplorer:SlimeMissile","RobotSpaceExplorer:FrostMissile"],"picked":"SKIP","floor":6},{"not_picked":["RobotSpaceExplorer:ShockKick","RobotSpaceExplorer:Counterblock"],"picked":"RobotSpaceExplorer:Probe","floor":8},{"not_picked":["RobotSpaceExplorer:ToxicBomb","RobotSpaceExplorer:GlueShot"],"picked":"RobotSpaceExplorer:DroneSwarm","floor":10},{"not_picked":["RobotSpaceExplorer:SlimeMissile","RobotSpaceExplorer:Ammunition"],"picked":"RobotSpaceExplorer:StunGrenade","floor":12},{"not_picked":["RobotSpaceExplorer:Smokescreen","RobotSpaceExplorer:MetalStrike"],"picked":"RobotSpaceExplorer:Pulsar","floor":14},{"not_picked":["RobotSpaceExplorer:Asteroid","RobotSpaceExplorer:Explosion"],"picked":"RobotSpaceExplorer:Accelerator","floor":16},{"not_picked":["RobotSpaceExplorer:Probe","RobotSpaceExplorer:DoubleFind","RobotSpaceExplorer:ImprovisedAttack"],"picked":"SKIP","floor":18},{"not_picked":["RobotSpaceExplorer:SurgingStrike+1","RobotSpaceExplorer:Reload","RobotSpaceExplorer:ScrapShield"],"picked":"SKIP","floor":20},{"not_picked":["RobotSpaceExplorer:ImprovisedAttack","RobotSpaceExplorer:FranticSearch"],"picked":"RobotSpaceExplorer:LaserBurst","floor":22},{"not_picked":["RobotSpaceExplorer:Counterblock+1","RobotSpaceExplorer:SelfCleaning+1","RobotSpaceExplorer:FranticSearch"],"picked":"SKIP","floor":28},{"not_picked":["RobotSpaceExplorer:SlimeMissile","RobotSpaceExplorer:SurgingStrike"],"picked":"RobotSpaceExplorer:StarDust","floor":29}],"player_experience":287337,"relics_obtained":[{"floor":3,"key":"foxEvents:LuckyCharm"},{"floor":6,"key":"Pocketwatch"},{"floor":9,"key":"Meat on the Bone"},{"floor":26,"key":"Bag of Marbles"}],"event_choices":[{"damage_healed":0,"gold_gain":75,"player_choice":"Gather Gold","damage_taken":11,"max_hp_gain":0,"max_hp_loss":0,"event_name":"World of Goop","floor":2,"gold_loss":0},{"damage_healed":0,"gold_gain":275,"player_choice":"Desecrate","damage_taken":0,"max_hp_gain":0,"max_hp_loss":0,"event_name":"Golden Shrine","floor":7,"gold_loss":0,"cards_obtained":["Regret"]},{"damage_healed":0,"gold_gain":0,"player_choice":"Obtained Relic","damage_taken":0,"relics_obtained":["Sundial"],"max_hp_gain":0,"max_hp_loss":0,"event_name":"Addict","floor":21,"gold_loss":85},{"damage_healed":0,"gold_gain":0,"player_choice":"Read","damage_taken":0,"max_hp_gain":0,"max_hp_loss":0,"event_name":"The Library","floor":24,"gold_loss":0,"cards_obtained":["RobotSpaceExplorer:StarLightning"]},{"damage_healed":0,"gold_gain":0,"player_choice":"Got Potions","damage_taken":0,"max_hp_gain":0,"max_hp_loss":0,"event_name":"Lab","floor":27,"gold_loss":0},{"damage_healed":0,"gold_gain":0,"player_choice":"Ignored","damage_taken":0,"max_hp_gain":0,"max_hp_loss":0,"event_name":"Beggar","floor":30,"gold_loss":0}],"is_beta":false,"boss_relics":[{"not_picked":["Coffee Dripper","Empty Cage"],"picked":"Black Star"}],"items_purged_floors":[13],"is_endless":false,"potions_floor_spawned":[3,8,12,16,18,22,28],"killed_by":"Collector","ascension_level":0}}