{"host":"wj6vwlg8bkoql3lv","time":1611502987,"event":{"mods":["AchievementEnabler","Bard","Bartender","BaseMod","Better Altar","Better Match","Better Note","Better Sensory Stone","Better Skull","Better Third Choice","Better Vampires","Card Forge","Colored Map","Custom Start","Decade(???)","Downfall","Energized Spire","Friendly Minions","Hermit","Hubris","Infinite Spire","JesterMod","Jorbs\u0027s Wanderer Trilogy","Marisa????????","Minty Spire (QoL Compilation)","Permanent Neow","Potionbrewer","Quick Restart","Random Character Button","Replay The Spire","Robot Space Explorer","SIMod","Shade Mod","StSLib","The Blue Laboratory","The Bug Knight","The Construct","The Cursed","The Death Knight","The Disciple","The Gatherer","The Hayseed","The Hierophant","The Jungle","The Marked","The Mystic","The Runesmith","The Senshi","The Servant 0.9.4","TheFirefly","Transform Curses"],"gold_per_floor":[115,115,125,141,90,90,104,104,104,122,139,139,139,149,149,250,250,270,281,293,195,195,195,195],"floor_reached":23,"language":"ENG","playtime":1881,"items_purged":[],"score":235,"play_id":"a9e6c592-4790-48f7-9106-a63818bdcbf7","local_time":"20210124154307","is_ascension_mode":false,"campfire_choices":[{"data":"ConcertedEfforts","floor":6,"key":"SMITH"},{"data":"BehindTheScene","floor":8,"key":"SMITH"},{"floor":13,"key":"RECALL"},{"floor":15,"key":"REST"}],"circlet_count":0,"master_deck":["Strike_AJ+1","Strike_RR+1","Strike_RD+1","Defend_TS+1","Defend_PP+1","Defend_FS+1","Defend_AJ+1","ConcertedEfforts+1","HarmonyShield+1","BehindTheScene+1","Lasso+1","PartyTime+1","Yay+1","Return_To_Past+1","AppleFeast+1","Louder+1","AlloutStrike+1","Celebrities+1","ISayNo+1","TenInstruments+1","TwentyPercentcooler+1","Batlization+1","RunningOfTheLeaves+1","FriendOfNature+1","CowboySkills+1","Harmanyblast+1","Magic+1","Laughter+1","Loyalty+1","Honesty+1","Kindness+1","Generousity+1","Magic+1","Honesty+1","Generousity+1","AppleFever","Yay","Louder"],"relics":["The_element_of_harmony","Hammer of Thor","Seething Fire","Anvil of the Gods","hubris:Towel","hubris:CuriousFeather","Philosopher\u0027s Stone"],"acts_visited":["Exordium","TheCity"],"potions_floor_usage":[16,16,16],"damage_taken":[{"damage":2,"enemies":"2 Louse","floor":1,"turns":2},{"damage":1,"enemies":"Jaw Worm","floor":3,"turns":7},{"damage":0,"enemies":"Cultist","floor":4,"turns":5},{"damage":3,"enemies":"2 Fungi Beasts","floor":7,"turns":5},{"damage":2,"enemies":"Blue Slaver","floor":10,"turns":4},{"damage":9,"enemies":"3 Louse","floor":11,"turns":3},{"damage":28,"enemies":"Exordium Thugs","floor":14,"turns":5},{"damage":19,"enemies":"Hexaghost","floor":16,"turns":8},{"damage":0,"enemies":"Chosen","floor":18,"turns":3},{"damage":3,"enemies":"Spheric Guardian","floor":19,"turns":5},{"damage":37,"enemies":"Shelled Parasite and Fungi","floor":20,"turns":4},{"damage":63,"enemies":"Slavers","floor":23,"turns":3}],"seed_played":"-6242853482053837478","potions_obtained":[{"floor":1,"key":"blueLaboratory:PyrophylliteBrew"},{"floor":3,"key":"potionbrewer:BarricadePotion"},{"floor":11,"key":"potionbrewer:SplittingPotion"},{"floor":16,"key":"blueLaboratory:StoneskinPotion"}],"is_trial":false,"path_per_floor":["M","?","M","M","$","R","M","R","T","M","M","?","R","M","R","B",null,"M","M","M","$","?","E"],"character_chosen":"TWI_CLASS","items_purchased":["Louder","Yay","Louder"],"campfire_rested":1,"item_purchase_floors":[5,21,21],"current_hp_per_floor":[96,96,95,95,95,95,92,92,92,90,81,81,81,53,82,69,98,98,95,61,61,61,0,0],"gold":195,"neow_bonus":"TWENTY_PERCENT_HP_BONUS","is_daily":false,"chose_seed":false,"campfire_upgraded":2,"win_rate":0.0,"timestamp":1611502987,"path_taken":["M","?","M","M","$","R","M","R","T","M","M","?","R","M","R","BOSS","M","M","M","$","?","E"],"items_purchased_type":["Card","Card","Card"],"build_version":"2020-12-22","purchased_purges":0,"victory":false,"max_hp_per_floor":[98,98,98,98,98,98,98,98,98,98,98,98,98,98,98,98,98,98,98,98,98,98,98,98],"card_choices":[{"not_picked":["Yay"],"picked":"BehindTheScene","floor":1},{"not_picked":["PartyTime"],"picked":"Lasso","floor":1},{"not_picked":["Lasso"],"picked":"PartyTime","floor":3},{"not_picked":["Generousity"],"picked":"Yay","floor":3},{"not_picked":["PartyTime"],"picked":"Return_To_Past","floor":4},{"not_picked":["Yay"],"picked":"AppleFeast","floor":4},{"not_picked":["Anxiousness"],"picked":"AlloutStrike","floor":7},{"not_picked":["Overwhelming"],"picked":"Celebrities","floor":7},{"not_picked":["Anxiousness"],"picked":"ISayNo","floor":10},{"not_picked":["ServeMeal"],"picked":"TenInstruments","floor":10},{"not_picked":["Return_To_Past"],"picked":"TwentyPercentcooler","floor":11},{"not_picked":["Yay"],"picked":"Batlization","floor":11},{"not_picked":["DynamicVision"],"picked":"RunningOfTheLeaves","floor":14},{"not_picked":["ThunderCloud"],"picked":"FriendOfNature","floor":14},{"not_picked":["Flutterguy"],"picked":"CowboySkills","floor":16},{"not_picked":["TakeTheLead"],"picked":"Harmanyblast","floor":16},{"not_picked":["Generousity"],"picked":"Magic","floor":18},{"not_picked":["Magic_Beam"],"picked":"Honesty+1","floor":18},{"not_picked":["GemstoneDetection"],"picked":"Generousity+1","floor":19},{"not_picked":["Magictrain","Perfectionism"],"picked":"SKIP","floor":19},{"not_picked":["Magictrain","Perfectionism"],"picked":"SKIP","floor":19},{"not_picked":["RunningOfTheLeaves"],"picked":"AppleFever","floor":20},{"not_picked":["GemstoneDetection","KillingWithKindness"],"picked":"SKIP","floor":20}],"player_experience":173581,"relics_obtained":[{"floor":9,"key":"hubris:CuriousFeather"}],"event_choices":[{"cards_removed":["Strike_TS"],"damage_healed":0,"gold_gain":0,"player_choice":"Offered Basic","damage_taken":0,"max_hp_gain":0,"max_hp_loss":0,"event_name":"Bonfire Elementals","floor":22,"gold_loss":0}],"is_beta":false,"boss_relics":[{"not_picked":["jesterMod:MachoBrace","construct:ClawGrip"],"picked":"Philosopher\u0027s Stone"}],"items_purged_floors":[],"is_endless":false,"potions_floor_spawned":[1,3,11,16,20],"killed_by":"Slavers","ascension_level":0}}