{"host":"50per11302020","time":1611453328,"event":{"mods":["AchievementEnabler","BaseMod","Colored Map","Minty Spire (QoL Compilation)","Relic Stats","StSLib"],"gold_per_floor":[115,135,135,135,19,50,109,109,109,109,12,39,72,72,72,149,149,165,180,180,80,99,99,119,119,194,194,212,241,252,252,252,252,252],"floor_reached":33,"language":"ENG","playtime":1273,"items_purged":["Regret","Strike_R"],"score":562,"play_id":"04fe1b7c-0f58-496c-8181-5ef89fc18cd0","local_time":"20210123175528","is_ascension_mode":true,"campfire_choices":[{"data":"Combust","floor":8.0,"key":"SMITH"},{"data":"Perfected Strike","floor":10.0,"key":"SMITH"},{"data":"Limit Break","floor":15.0,"key":"SMITH"},{"data":"Limit Break","floor":23.0,"key":"SMITH"},{"data":"Armaments","floor":25.0,"key":"SMITH"},{"data":"Discovery","floor":27.0,"key":"SMITH"},{"floor":32.0,"key":"REST"}],"circlet_count":0,"master_deck":["AscendersBane","Strike_R","Strike_R","Strike_R","Strike_R","Defend_R","Defend_R","Defend_R","Defend_R","Bash","Perfected Strike+1","Pommel Strike","Evolve","Combust+1","Spot Weakness","Discovery+1","Limit Break+1","Limit Break+1","Intimidate","Armaments+1","Necronomicurse","Combust","Juggernaut","True Grit"],"relics":["Burning Blood","NeowsBlessing","Red Skull","PreservedInsect","Strawberry","Self Forming Clay","Eternal Feather","Vajra","Anchor","Mark of Pain","Necronomicon","Kunai","Letter Opener"],"acts_visited":["Exordium","TheCity"],"potions_floor_usage":[],"damage_taken":[{"damage":0.0,"enemies":"Cultist","floor":1.0,"turns":1.0},{"damage":0.0,"enemies":"Jaw Worm","floor":2.0,"turns":1.0},{"damage":0.0,"enemies":"Lagavulin","floor":6.0,"turns":1.0},{"damage":37.0,"enemies":"Lagavulin Event","floor":7.0,"turns":4.0},{"damage":8.0,"enemies":"Gremlin Nob","floor":13.0,"turns":3.0},{"damage":35.0,"enemies":"Slime Boss","floor":16.0,"turns":6.0},{"damage":0.0,"enemies":"Chosen","floor":18.0,"turns":2.0},{"damage":14.0,"enemies":"Shell Parasite","floor":19.0,"turns":4.0},{"damage":13.0,"enemies":"Shelled Parasite and Fungi","floor":22.0,"turns":3.0},{"damage":14.0,"enemies":"Snake Plant","floor":24.0,"turns":2.0},{"damage":45.0,"enemies":"3 Cultists","floor":28.0,"turns":5.0},{"damage":7.0,"enemies":"Slavers","floor":29.0,"turns":2.0},{"damage":16.0,"enemies":"Centurion and Healer","floor":30.0,"turns":5.0},{"damage":13.0,"enemies":"Colosseum Slavers","floor":31.0,"turns":2.0},{"damage":77,"enemies":"Automaton","floor":33,"turns":6}],"seed_played":"-7622481922881476626","potions_obtained":[{"floor":1.0,"key":"Explosive Potion"},{"floor":13.0,"key":"Weak Potion"},{"floor":30.0,"key":"DuplicationPotion"}],"is_trial":false,"path_per_floor":["M","M","?","?","$","E","?","R","T","R","$","T","E","$","R","B",null,"M","M","?","$","M","R","M","R","T","R","M","E","M","?","R","B"],"character_chosen":"IRONCLAD","items_purchased":["Evolve","Discovery"],"campfire_rested":1,"item_purchase_floors":[5,11],"current_hp_per_floor":[74,75,75,70,70,82,51,51,51,60,60,60,58,58,67,38,71,77,69,48,48,41,53,45,57,57,69,30,29,19,12,48,0,0],"gold":252,"neow_bonus":"THREE_ENEMY_KILL","is_daily":false,"chose_seed":false,"campfire_upgraded":6,"win_rate":0.0,"timestamp":1611453328,"path_taken":["M","?","?","?","$","E","?","R","T","R","?","?","E","$","R","BOSS","M","M","?","$","M","R","M","R","T","R","M","E","M","?","R","BOSS"],"items_purchased_type":["Card","Card"],"build_version":"2020-12-18","purchased_purges":2,"victory":false,"max_hp_per_floor":[75,75,75,75,75,82,82,82,82,82,82,82,82,82,82,82,82,82,82,82,82,82,82,82,82,82,82,82,82,82,82,82,82,82],"relic_stats":{"counters":[15,47],"Self Forming Clay":[114],"Eternal Feather":66,"PreservedInsect":91,"Necronomicon":[12],"Kunai":[6],"Letter Opener":[26],"obtain_stats":[{"NeowsBlessing":0,"Self Forming Clay":7,"Vajra":12,"Eternal Feather":9,"PreservedInsect":4,"Letter Opener":29,"Burning Blood":0,"Anchor":13,"Strawberry":6,"Mark of Pain":17,"Necronomicon":20,"Kunai":26,"Red Skull":3},{"NeowsBlessing":0,"Self Forming Clay":3,"Vajra":4,"Eternal Feather":4,"PreservedInsect":2,"Letter Opener":12,"Burning Blood":0,"Anchor":5,"Strawberry":3,"Mark of Pain":6,"Necronomicon":8,"Kunai":10,"Red Skull":2},{"NeowsBlessing":0,"Self Forming Clay":3,"Vajra":7,"Eternal Feather":7,"PreservedInsect":2,"Letter Opener":34,"Burning Blood":0,"Anchor":10,"Strawberry":3,"Mark of Pain":16,"Necronomicon":22,"Kunai":27,"Red Skull":2}],"Burning Blood":78},"card_choices":[{"not_picked":["Dropkick","Flex"],"picked":"Perfected Strike","floor":1.0},{"not_picked":["True Grit","Havoc"],"picked":"Pommel Strike","floor":2.0},{"not_picked":["Cleave","Thunderclap"],"picked":"Combust","floor":6.0},{"not_picked":["Armaments","Sentinel"],"picked":"Spot Weakness","floor":7.0},{"not_picked":["Armaments","Sentinel"],"picked":"Limit Break","floor":13.0},{"not_picked":["Bludgeon","Immolate"],"picked":"Limit Break","floor":16.0},{"not_picked":["Blood for Blood","Sentinel"],"picked":"Intimidate","floor":18.0},{"not_picked":["Rage","Havoc"],"picked":"Armaments","floor":19.0},{"not_picked":["Infernal Blade","Sword Boomerang","Thunderclap"],"picked":"SKIP","floor":22.0},{"not_picked":["Intimidate+1","Dual Wield"],"picked":"Combust","floor":24.0},{"not_picked":["Second Wind","Body Slam+1"],"picked":"Juggernaut","floor":28.0},{"not_picked":["Wild Strike","Hemokinesis"],"picked":"True Grit","floor":29.0},{"not_picked":["Wild Strike","Feel No Pain","Cleave+1"],"picked":"SKIP","floor":30.0}],"player_experience":350493,"relics_obtained":[{"floor":6.0,"key":"Strawberry"},{"floor":9.0,"key":"Eternal Feather"},{"floor":12.0,"key":"Vajra"},{"floor":13.0,"key":"Anchor"},{"floor":20.0,"key":"Necronomicon"},{"floor":26.0,"key":"Kunai"},{"floor":29.0,"key":"Letter Opener"}],"event_choices":[{"damage_healed":0.0,"max_hp_gain":0.0,"max_hp_loss":0.0,"gold_gain":0.0,"event_name":"Big Fish","player_choice":"Box","floor":3.0,"gold_loss":0.0,"damage_taken":0.0,"relics_obtained":["Red Skull"],"cards_obtained":["Regret"]},{"damage_healed":0.0,"max_hp_gain":0.0,"max_hp_loss":0.0,"gold_gain":0.0,"event_name":"Scrap Ooze","player_choice":"Success","floor":4.0,"gold_loss":0.0,"damage_taken":5.0,"relics_obtained":["PreservedInsect"]},{"damage_healed":0.0,"max_hp_gain":0.0,"max_hp_loss":0.0,"gold_gain":0.0,"event_name":"Dead Adventurer","player_choice":"Searched \u00272\u0027 times","floor":7.0,"gold_loss":0.0,"damage_taken":0.0,"relics_obtained":["Self Forming Clay"]},{"damage_healed":0.0,"max_hp_gain":0.0,"max_hp_loss":0.0,"gold_gain":0.0,"event_name":"Cursed Tome","player_choice":"Obtained Book","floor":20.0,"gold_loss":0.0,"damage_taken":21.0},{"damage_healed":0.0,"max_hp_gain":0.0,"max_hp_loss":0.0,"gold_gain":0.0,"event_name":"Colosseum","player_choice":"Fight","floor":31.0,"gold_loss":0.0,"damage_taken":0.0},{"damage_healed":0.0,"max_hp_gain":0.0,"max_hp_loss":0.0,"gold_gain":0.0,"event_name":"Colosseum","player_choice":"Fled From Nobs","floor":31.0,"gold_loss":0.0,"damage_taken":0.0}],"is_beta":true,"boss_relics":[{"not_picked":["Black Blood","Astrolabe"],"picked":"Mark of Pain"}],"items_purged_floors":[5,21],"is_endless":false,"potions_floor_spawned":[1,13,18,30,31],"killed_by":"Automaton","ascension_level":18}}