{"host":"9ndbo4kgsfoemf7y","time":1611488415,"event":{"mods":["AchievementEnabler","BaseMod","Colored Map","DeckTracker","Keyboard Shortcuts","Minty Spire (QoL Compilation)","Permanent Neow","Quick Restart","Relic Stats","StSLib","SuperFastMode"],"gold_per_floor":[112,37,37,50,50,77,77,89,139,139,152,152,171,197,197,197,197],"floor_reached":16,"language":"KOR","playtime":344,"items_purged":["Strike_B"],"score":189,"play_id":"a5f10c46-1086-497f-9cbe-be03a0d30922","local_time":"20210124204015","is_ascension_mode":true,"campfire_choices":[{"data":"Darkness","floor":7.0,"key":"SMITH"},{"data":"Undo","floor":10.0,"key":"SMITH"},{"data":"Redo","floor":12.0,"key":"SMITH"},{"data":"Genetic Algorithm","floor":15.0,"key":"SMITH"}],"circlet_count":0,"master_deck":["Strike_B","Strike_B","Strike_B","Defend_B","Defend_B","Defend_B","Defend_B","Zap","Dualcast","Darkness+1","Conserve Battery","Undo+1","Capacitor","Redo+1","Hologram","Genetic Algorithm+1"],"relics":["Cracked Core","NeowsBlessing","Kunai","Lantern","Happy Flower","Gremlin Horn"],"acts_visited":["Exordium"],"potions_floor_usage":[16,16],"damage_taken":[{"damage":0.0,"enemies":"Cultist","floor":1.0,"turns":1.0},{"damage":0.0,"enemies":"Jaw Worm","floor":4.0,"turns":1.0},{"damage":0.0,"enemies":"Lagavulin","floor":6.0,"turns":1.0},{"damage":0.0,"enemies":"2 Louse","floor":8.0,"turns":2.0},{"damage":6.0,"enemies":"Looter","floor":11.0,"turns":4.0},{"damage":33.0,"enemies":"Gremlin Gang","floor":13.0,"turns":5.0},{"damage":4.0,"enemies":"3 Sentries","floor":14.0,"turns":8.0},{"damage":25,"enemies":"The Guardian","floor":16,"turns":6}],"seed_played":"-6023893707081712570","potions_obtained":[{"floor":8.0,"key":"Weak Potion"},{"floor":13.0,"key":"Fire Potion"},{"floor":14.0,"key":"FocusPotion"}],"is_trial":false,"path_per_floor":["M","$","?","M","T","E","R","M","T","R","M","R","M","E","R","B"],"character_chosen":"DEFECT","items_purchased":[],"campfire_rested":0,"item_purchase_floors":[],"current_hp_per_floor":[68,68,68,68,68,68,68,68,68,68,62,62,29,25,25,0,0],"gold":197,"neow_bonus":"THREE_ENEMY_KILL","is_daily":false,"chose_seed":false,"campfire_upgraded":4,"win_rate":0.0,"timestamp":1611488415,"path_taken":["M","?","?","?","?","E","R","M","T","R","M","R","M","E","R","BOSS"],"items_purchased_type":[],"build_version":"2020-12-22","purchased_purges":1,"victory":false,"max_hp_per_floor":[75,75,75,75,75,75,75,75,75,75,75,75,75,75,75,75,75],"relic_stats":{"Happy Flower":[7],"Gremlin Horn":[0,0],"counters":[8,28],"Kunai":[0],"obtain_stats":[{"Lantern":6,"NeowsBlessing":0,"Happy Flower":9,"Gremlin Horn":14,"Kunai":5,"Cracked Core":0},{"Lantern":3,"NeowsBlessing":0,"Happy Flower":4,"Gremlin Horn":7,"Kunai":2,"Cracked Core":0},{"Lantern":3,"NeowsBlessing":0,"Happy Flower":5,"Gremlin Horn":22,"Kunai":2,"Cracked Core":0}]},"card_choices":[{"not_picked":["Beam Cell","Tempest"],"picked":"Darkness","floor":1.0},{"not_picked":["Cold Snap","Gash"],"picked":"Conserve Battery","floor":4.0},{"not_picked":["Fission","Coolheaded"],"picked":"Undo","floor":6.0},{"not_picked":["Hello World","Ball Lightning"],"picked":"Capacitor","floor":8.0},{"not_picked":["Scrape","Fusion"],"picked":"Redo","floor":11.0},{"not_picked":["Beam Cell","Auto Shields"],"picked":"Hologram","floor":13.0},{"not_picked":["Go for the Eyes","Defragment"],"picked":"Genetic Algorithm","floor":14.0}],"player_experience":844320,"relics_obtained":[{"floor":5.0,"key":"Kunai"},{"floor":6.0,"key":"Lantern"},{"floor":9.0,"key":"Happy Flower"},{"floor":14.0,"key":"Gremlin Horn"}],"event_choices":[{"damage_healed":0.0,"max_hp_gain":0.0,"max_hp_loss":0.0,"gold_gain":0.0,"event_name":"Match and Keep!","player_choice":"0 cards matched","floor":3.0,"gold_loss":0.0,"damage_taken":0.0,"cards_obtained":[]}],"is_beta":false,"boss_relics":[],"items_purged_floors":[2],"is_endless":false,"potions_floor_spawned":[8,13,14],"killed_by":"The Guardian","ascension_level":8}}