{"host":"ysj15tgd1sneq0s0","time":1611460955,"event":{"mods":["AchievementEnabler","BaseMod","DeckTracker","Highlight Path","Minty Spire (QoL Compilation)","Permanent Neow","Quick Restart","StSLib","SuperFastMode","everything is the same but u backflip on backflip"],"gold_per_floor":[112,130,130,142,155,155,155,185,185,185,204,221,521,73,73,73,73],"floor_reached":16,"language":"KOR","playtime":708,"items_purged":["Regret"],"score":102,"play_id":"1f2c96c0-94f5-4565-8b11-4851854e5fcf","local_time":"20210124130235","is_ascension_mode":false,"campfire_choices":[{"data":"Wraith Form v2","floor":6,"key":"SMITH"},{"floor":10,"key":"REST"},{"floor":15,"key":"REST"}],"circlet_count":0,"master_deck":["Strike_G","Strike_G","Strike_G","Strike_G","Strike_G","Defend_G","Defend_G","Defend_G","Defend_G","Defend_G","Survivor","Neutralize","Doppelganger","Infinite Blades","Prepared","Deflect","Wraith Form v2+1","Neutralize","Writhe","Deadly Poison","Noxious Fumes","Deadly Poison","Deadly Poison"],"relics":["Ring of the Snake","Bronze Scales","Mercury Hourglass","Pen Nib","Old Coin","Anchor","DollysMirror"],"acts_visited":["Exordium"],"potions_floor_usage":[16,16],"damage_taken":[{"damage":4,"enemies":"Cultist","floor":1,"turns":5},{"damage":2,"enemies":"Jaw Worm","floor":2,"turns":4},{"damage":11,"enemies":"2 Louse","floor":4,"turns":2},{"damage":6,"enemies":"Large Slime","floor":5,"turns":6},{"damage":40,"enemies":"Lagavulin","floor":8,"turns":10},{"damage":3,"enemies":"Red Slaver","floor":11,"turns":3},{"damage":7,"enemies":"Blue Slaver","floor":12,"turns":3},{"damage":48,"enemies":"The Guardian","floor":16,"turns":6}],"seed_played":"830218229525365908","potions_obtained":[{"floor":5,"key":"Swift Potion"},{"floor":8,"key":"ColorlessPotion"},{"floor":11,"key":"Dexterity Potion"}],"is_trial":false,"path_per_floor":["M","M","?","M","M","R","?","E","T","R","M","M","?","$","R","B"],"character_chosen":"THE_SILENT","items_purchased":["Regen Potion","Anchor","DollysMirror"],"campfire_rested":2,"item_purchase_floors":[14,14,14],"current_hp_per_floor":[66,64,64,53,47,47,47,7,7,28,25,18,11,11,32,0,0],"gold":73,"neow_bonus":"ONE_RANDOM_RARE_CARD","is_daily":false,"chose_seed":false,"campfire_upgraded":1,"win_rate":0.0,"timestamp":1611460955,"path_taken":["M","M","?","M","M","R","?","E","T","R","M","?","?","$","R","BOSS"],"items_purchased_type":["Potion","Relic","Relic"],"build_version":"2020-12-22","purchased_purges":1,"victory":false,"max_hp_per_floor":[70,70,70,70,70,70,70,70,70,70,70,70,70,70,70,70,70],"card_choices":[{"not_picked":["Dagger Throw","Outmaneuver"],"picked":"Infinite Blades","floor":1},{"not_picked":["Escape Plan","PiercingWail"],"picked":"Prepared","floor":2},{"not_picked":["Leg Sweep","Dodge and Roll"],"picked":"Deflect","floor":4},{"not_picked":["Deadly Poison","Deflect"],"picked":"Wraith Form v2","floor":5},{"not_picked":["Bane","Masterful Stab"],"picked":"Deadly Poison","floor":8},{"not_picked":["Terror","Backflip"],"picked":"Noxious Fumes","floor":11},{"not_picked":["Slice","Footwork"],"picked":"Deadly Poison","floor":12}],"player_experience":23244,"relics_obtained":[{"floor":8,"key":"Mercury Hourglass"},{"floor":9,"key":"Pen Nib"}],"event_choices":[{"damage_healed":0,"gold_gain":0,"player_choice":"Box","damage_taken":0,"relics_obtained":["Bronze Scales"],"max_hp_gain":0,"max_hp_loss":0,"event_name":"Big Fish","floor":3,"gold_loss":0,"cards_obtained":["Regret"]},{"damage_healed":0,"gold_gain":0,"player_choice":"2 cards matched","damage_taken":0,"max_hp_gain":0,"max_hp_loss":0,"event_name":"Match and Keep!","floor":7,"gold_loss":0,"cards_obtained":["Neutralize","Writhe"]},{"damage_healed":0,"gold_gain":0,"player_choice":"Success","damage_taken":7,"relics_obtained":["Old Coin"],"max_hp_gain":0,"max_hp_loss":0,"event_name":"Scrap Ooze","floor":13,"gold_loss":0}],"is_beta":false,"boss_relics":[],"items_purged_floors":[14],"is_endless":false,"potions_floor_spawned":[5,8,11],"killed_by":"The Guardian","ascension_level":0}}