{"host":"nh70f3bv2bgakzh3","time":1611472828,"event":{"mods":["BaseMod","Downfall","Minty Spire (QoL Compilation)","StSLib","The Construct","The Mystic"],"gold_per_floor":[99,115,215,234,248,233,285,303,107,107,123,156,166,196,207,310,310,310,325,335,353,353,353,380,413,428,179,179,193,212,238,254,352,352,252,271,284,222,222,235,235,35,52,70,101,112,139,139,150,150,150,150,150,150],"floor_reached":52,"language":"ENG","playtime":5832,"items_purged":["hexamod:ParanormalForm","Shame"],"score":872,"play_id":"94730451-21a8-4bbf-ae33-ea0c141b0b97","local_time":"20210124022028","is_ascension_mode":false,"campfire_choices":[{"floor":1.0,"key":"RECALL"},{"data":"expansioncontent:DashGenerateEvil","floor":10.0,"key":"SMITH"},{"data":"hexamod:HeatMetal","floor":18.0,"key":"SMITH"},{"data":"expansioncontent:QuickStudy","floor":35,"key":"SMITH"},{"data":"expansioncontent:QuickStudy","floor":42,"key":"SMITH"}],"circlet_count":0,"master_deck":["hexamod:Defend+1","hexamod:Defend","hexamod:Defend","hexamod:Defend","hexamod:Sear","hexamod:Float","hexamod:NightmareGuise","hexamod:SpectersWail","expansioncontent:DashGenerateEvil+1","hexamod:HeatMetal+1","hexamod:TimeWarp+1","hexamod:NightmareStrike","hexamod:NightmareGuise","hexamod:RecurringNightmare+1","hexamod:Hexaguard","Bite","Bite","Bite","Bite","Bite","hexamod:PhantomFireball+1","hexamod:FastForward","hexamod:BurningTouch","expansioncontent:QuickStudy+1","expansioncontent:DashGenerateEvil+1","expansioncontent:QuickStudy+1","hexamod:GhostShield+1","hexamod:SpectersWail","hexamod:NecessarySacrifice","hexamod:ThermalTransfer+1","hexamod:ForkedFlame","expansioncontent:QuickStudy+1","CurseOfTheBell","CurseOfTheBell","downfall:Haunted","hexamod:GhostOfSpirePresent","expansioncontent:HyperBeam","expansioncontent:PolyBeam","expansioncontent:PolyBeam","hexamod:SpectersWail+1"],"relics":["hexamod:SpiritBrand","Oddly Smooth Stone","Pantograph","Gremlin Horn","Snecko Eye","Centennial Puzzle","MealTicket","Strawberry","hexamod:TheBrokenSeal","Pear","hexamod:IceCube","downfall:HeartBlessingRed","Boot","downfall:ExtraCursedBell","Lantern","Kunai","Torii","downfall:HeartBlessingBlue","downfall:HeartBlessingGreen","Letter Opener","Toy Ornithopter"],"acts_visited":["Exordium","TheCity","TheBeyond","TheEnding"],"potions_floor_usage":[21,25,26,26,27,27,32,33,33,43,46,50],"damage_taken":[{"damage":2.0,"enemies":"Small Slimes","floor":2.0,"turns":5.0},{"damage":0.0,"enemies":"Jaw Worm","floor":4.0,"turns":5.0},{"damage":1.0,"enemies":"Cultist","floor":5.0,"turns":3.0},{"damage":0.0,"enemies":"downfall:FleeingMerchant","floor":6.0,"turns":4.0},{"damage":0.0,"enemies":"Large Slime","floor":8.0,"turns":6.0},{"damage":0.0,"enemies":"downfall:FleeingMerchant","floor":9.0,"turns":4.0},{"damage":0.0,"enemies":"Blue Slaver","floor":11.0,"turns":3.0},{"damage":16.0,"enemies":"Lagavulin","floor":12.0,"turns":7.0},{"damage":1.0,"enemies":"3 Louse","floor":13.0,"turns":2.0},{"damage":0.0,"enemies":"Gremlin Nob","floor":14.0,"turns":3.0},{"damage":8.0,"enemies":"Gremlin Gang","floor":15.0,"turns":3.0},{"damage":65.0,"enemies":"WA_ARCHETYPE_RETAIN","floor":16.0,"turns":10.0},{"damage":12,"enemies":"Shell Parasite","floor":19,"turns":4},{"damage":0,"enemies":"3 Byrds","floor":20,"turns":6},{"damage":30,"enemies":"Centurion and Healer","floor":21,"turns":6},{"damage":22,"enemies":"Book of Stabbing","floor":25,"turns":6},{"damage":10,"enemies":"Snecko","floor":26,"turns":4},{"damage":0,"enemies":"downfall:FleeingMerchant","floor":27,"turns":4},{"damage":1,"enemies":"Snake Plant","floor":29,"turns":2},{"damage":0,"enemies":"3 Cultists","floor":30,"turns":3},{"damage":0,"enemies":"Slavers","floor":31,"turns":2},{"damage":0,"enemies":"Cultist and Chosen","floor":32,"turns":3},{"damage":30,"enemies":"SI_MIRROR_ARCHETYPE","floor":33,"turns":8},{"damage":0,"enemies":"Orb Walker","floor":36,"turns":3},{"damage":15,"enemies":"3 Darklings","floor":37,"turns":4},{"damage":0,"enemies":"downfall:FleeingMerchant","floor":38,"turns":4},{"damage":0,"enemies":"4 Shapes","floor":40,"turns":1},{"damage":19,"enemies":"Transient","floor":43,"turns":5},{"damage":0,"enemies":"3 Darklings","floor":44,"turns":2},{"damage":1,"enemies":"Reptomancer","floor":45,"turns":4},{"damage":10,"enemies":"Writhing Mass","floor":46,"turns":3},{"damage":1,"enemies":"Giant Head","floor":47,"turns":7},{"damage":8,"enemies":"Maw","floor":49,"turns":5},{"damage":58,"enemies":"IC_BLOCK_ARCHETYPE","floor":50,"turns":12},{"damage":95,"enemies":"downfall:CharBossMerchant","floor":52,"turns":6}],"seed_played":"-5935023226762939057","potions_obtained":[{"floor":2.0,"key":"Dexterity Potion"},{"floor":4.0,"key":"hexamod:DoubleChargePotion"},{"floor":5.0,"key":"FearPotion"},{"floor":12.0,"key":"EntropicBrew"},{"floor":13.0,"key":"hexamod:EctoCoolerPotion"},{"floor":14.0,"key":"LiquidMemories"},{"floor":16.0,"key":"Strength Potion"},{"floor":19,"key":"EssenceOfSteel"},{"floor":21,"key":"FearPotion"},{"floor":25,"key":"Explosive Potion"},{"floor":32,"key":"EssenceOfSteel"},{"floor":33,"key":"SteroidPotion"},{"floor":37,"key":"Strength Potion"},{"floor":40,"key":"AttackPotion"},{"floor":43,"key":"champ:CounterPotion"}],"is_trial":false,"path_per_floor":["R","M","?","M","M","$","T","M","$","R","M","E","M","E","M","B",null,"R","M","M","M","?","?","T","E","M","$","?","M","M","E","M","B",null,"R","M","M","$","?","M","T","R","M","M","E","M","E","?","M","B",null,"E"],"character_chosen":"THE_SPIRIT","items_purchased":["expansioncontent:DashGenerateEvil","expansioncontent:QuickStudy","expansioncontent:QuickStudy+1","Boot"],"campfire_rested":0,"item_purchase_floors":[9,27,38,38],"current_hp_per_floor":[77,75,75,75,77,77,77,77,77,77,77,61,60,60,52,19,77,77,65,72,42,42,42,42,42,38,70,70,69,70,80,80,54,80,80,80,67,80,80,80,80,90,71,71,80,74,83,73,69,46,90,0,0,0],"gold":150,"neow_bonus":"TEN_PERCENT_HP_BONUS","is_daily":false,"chose_seed":false,"campfire_upgraded":4,"win_rate":0.0,"timestamp":1611472828,"path_taken":["R","M","?","M","M","$","T","M","$","R","M","E","M","E","M","BOSS","R","M","M","M","?","?","T","E","M","$","?","M","M","E","M","BOSS","R","M","M","$","?","M","T","R","M","M","E","M","E","?","M","BOSS","E"],"items_purchased_type":["Card","Card","Card","Relic"],"build_version":"2020-12-22","purchased_purges":2,"victory":false,"max_hp_per_floor":[77,77,77,77,77,77,77,77,77,77,77,77,77,77,77,77,77,77,77,77,77,77,53,53,60,60,70,70,70,70,80,80,80,80,80,80,80,80,80,80,80,90,90,90,90,90,90,90,90,90,90,90,90,90],"card_choices":[{"not_picked":["hexamod:EtherealExpedition","hexamod:GhostLash"],"picked":"hexamod:FirstSeal","floor":2.0},{"not_picked":["hexamod:SkipABeat","hexamod:InspiringFlames"],"picked":"hexamod:NightmareGuise","floor":4.0},{"not_picked":["hexamod:NightmareGuise","hexamod:HeatShield","hexamod:SwordOfDarkness"],"picked":"SKIP","floor":5.0},{"not_picked":["hexamod:InspiringFlames","hexamod:ExtraCrispy","hexamod:Rewind"],"picked":"SKIP","floor":6.0},{"not_picked":["hexamod:HeatMetal","hexamod:BurningTouch"],"picked":"hexamod:FourthSeal","floor":8.0},{"not_picked":["hexamod:InspiringFlames","hexamod:AdvancingGuard"],"picked":"hexamod:SpectersWail","floor":9.0},{"not_picked":["hexamod:Firestarter","hexamod:WildfireWeapon"],"picked":"hexamod:HeatMetal","floor":11.0},{"not_picked":["hexamod:ExtraCrispy","hexamod:RainOfEmbers"],"picked":"hexamod:TimeWarp","floor":12.0},{"not_picked":["hexamod:ThermalTransfer","hexamod:SpectralAdrenaline"],"picked":"hexamod:NightmareStrike","floor":13.0},{"not_picked":["hexamod:RecurringNightmare","hexamod:PhantomCloak"],"picked":"hexamod:ParanormalForm","floor":14.0},{"not_picked":["hexamod:InspiringFlames","hexamod:HeatMetal"],"picked":"hexamod:NightmareGuise","floor":15.0},{"not_picked":["hexamod:TimeOfNeed","hexamod:GhostOfSpirePresent"],"picked":"hexamod:FifthSeal","floor":16.0},{"not_picked":["hexamod:ThirdSeal","hexamod:SecondSeal"],"picked":"hexamod:SixthSeal","floor":19},{"not_picked":["hexamod:ChargedBarrage+1","hexamod:Again"],"picked":"hexamod:RecurringNightmare+1","floor":19},{"not_picked":["hexamod:ThirdSeal","hexamod:FirstSeal"],"picked":"hexamod:SecondSeal","floor":20},{"not_picked":["hexamod:PhantomCloak","hexamod:AdvancingGuard+1","hexamod:Incineration+1"],"picked":"SKIP","floor":20},{"not_picked":["hexamod:SecondSeal","hexamod:FourthSeal"],"picked":"hexamod:ThirdSeal","floor":21},{"not_picked":["hexamod:Rewind+1","hexamod:GhostLash"],"picked":"hexamod:Hexaguard","floor":21},{"not_picked":["hexamod:InspiringFlames+1","hexamod:AdvancingGuard"],"picked":"hexamod:PhantomFireball+1","floor":25},{"not_picked":["hexamod:BurningTouch+1","hexamod:EtherealExpedition","hexamod:ThermalTransfer"],"picked":"SKIP","floor":25},{"not_picked":["hexamod:FastForward","hexamod:PhantomFireball","hexamod:ThirdSeal"],"picked":"SKIP","floor":26},{"not_picked":["hexamod:BurningTouch","hexamod:RadiantFlame"],"picked":"hexamod:FastForward","floor":27},{"not_picked":["hexamod:SwordOfDarkness","hexamod:SecondSeal"],"picked":"hexamod:BurningTouch","floor":27},{"not_picked":["hexamod:NecessarySacrifice","hexamod:Firestarter"],"picked":"hexamod:GhostShield+1","floor":29},{"not_picked":["hexamod:ShieldOfDarkness","hexamod:GhostShield+1"],"picked":"hexamod:SpectersWail","floor":30},{"not_picked":["hexamod:StepThrough","hexamod:FifthSeal"],"picked":"hexamod:NecessarySacrifice","floor":31},{"not_picked":["hexamod:BacktrackSmack","hexamod:HeatCrush"],"picked":"hexamod:ThermalTransfer+1","floor":32},{"not_picked":["hexamod:FifthSeal","hexamod:WildfireWeapon"],"picked":"hexamod:ForkedFlame","floor":33},{"not_picked":["hexamod:SoulSteal+1","hexamod:HeatCrush","hexamod:InspiringFlames+1"],"picked":"SKIP","floor":36},{"not_picked":["hexamod:GhostLash+1","hexamod:NightmareGuise","hexamod:ShieldOfDarkness"],"picked":"SKIP","floor":37},{"not_picked":["hexamod:NecessarySacrifice+1","hexamod:GhostOfSpirePast","hexamod:FifthSeal"],"picked":"SKIP","floor":38},{"not_picked":["hexamod:AdvancingGuard+1","hexamod:ThermalTransfer","hexamod:SoulSteal"],"picked":"SKIP","floor":40},{"not_picked":["hexamod:PhantomCloak+1","hexamod:HauntingEcho+1","hexamod:AdvancingGuard"],"picked":"SKIP","floor":43},{"not_picked":["hexamod:NightmareStrike+1","hexamod:ThirdSeal","hexamod:BacktrackSmack"],"picked":"SKIP","floor":44},{"not_picked":["hexamod:FastForward","hexamod:ParanormalForm","hexamod:BacktrackSmack"],"picked":"SKIP","floor":45},{"not_picked":["hexamod:HeatMetal+1","hexamod:SwordOfDarkness+1","hexamod:AdvancingGuard"],"picked":"SKIP","floor":46},{"not_picked":["hexamod:FourthSeal","hexamod:HeatMetal","hexamod:SwordOfDarkness"],"picked":"SKIP","floor":47},{"not_picked":["expansioncontent:AwakenDeath","expansioncontent:LastStand"],"picked":"expansioncontent:HyperBeam","floor":48},{"not_picked":["expansioncontent:LastStand","expansioncontent:Chronoboost"],"picked":"expansioncontent:PolyBeam","floor":48},{"not_picked":["expansioncontent:YouAreMine","expansioncontent:LastStand"],"picked":"expansioncontent:PolyBeam","floor":48},{"not_picked":["hexamod:FourthSeal","hexamod:Again+1"],"picked":"hexamod:SpectersWail+1","floor":49}],"player_experience":50915,"relics_obtained":[{"floor":7.0,"key":"Oddly Smooth Stone"},{"floor":12.0,"key":"Pantograph"},{"floor":14.0,"key":"Gremlin Horn"},{"floor":24,"key":"MealTicket"},{"floor":25,"key":"Strawberry"},{"floor":31,"key":"Pear"},{"floor":39,"key":"Lantern"},{"floor":39,"key":"Kunai"},{"floor":39,"key":"Torii"},{"floor":45,"key":"Letter Opener"},{"floor":47,"key":"Toy Ornithopter"}],"event_choices":[{"damage_healed":0,"gold_gain":0,"player_choice":"Became a vampire","damage_taken":0,"max_hp_gain":0,"max_hp_loss":24,"event_name":"Vampires","floor":23,"gold_loss":0,"cards_obtained":["Bite","Bite","Bite","Bite","Bite"]}],"is_beta":false,"boss_relics":[{"not_picked":["SacredBark","Busted Crown"],"picked":"Snecko Eye"},{"not_picked":["bronze:MakeshiftBattery","Velvet Choker"],"picked":"hexamod:IceCube"}],"items_purged_floors":[27,38],"is_endless":false,"potions_floor_spawned":[2,4,5,13,19,21,25,32,33,37,40,43,45],"killed_by":"downfall:CharBossMerchant","ascension_level":0}}