{"host":"d54lcqy5t45er8jx","time":1611494338,"event":{"mods":["2.2 Compatiblity","BaseMod","CapriCore","Defuse TimeMaze Blight","Hermit","Hubris","Infinite Spire","Marisa£¨Ùöéë¡¡Øª×âÞÞ£©","Minty Spire (QoL Compilation)","Rare Cards Sparkle","Relic Stats","StSLib","The Animator","The Cursed","The Immortal","The Servant 0.9.4","WarShipGirlsR/??á´Ò³R mod"],"gold_per_floor":[125,9,37,59,39,77,77,77,77],"floor_reached":8,"language":"ENG","playtime":365,"items_purged":["animator:Strike"],"score":109,"play_id":"b7fab1bb-e4b9-4cce-95a0-f9aea2a04059","local_time":"20210124221858","daily_mods":["Heirloom","DeadlyEvents","Elite Swarm","Uncertain Future"],"is_ascension_mode":true,"campfire_choices":[{"data":"animator:MetalKnight","floor":7,"key":"SMITH"}],"circlet_count":0,"master_deck":["AscendersBane","animator:Strike_GoblinSlayer","animator:Defend_GoblinSlayer","animator:Strike","animator:Strike","animator:Defend","animator:Defend","animator:Defend","animator:LizardPriest","animator:DwarfShaman","animator:CrowleyEusford","animator:Yuuichirou","animator:MetalKnight+1","animator:GuildGirl","animator:Mitsuba"],"relics":["animator:LivingPicture","animator:TheMissingPiece","hubris:GlazedTorus","Potion Belt"],"acts_visited":["Exordium"],"potions_floor_usage":[6],"damage_taken":[{"damage":1,"enemies":"Cultist","floor":1,"turns":4},{"damage":8,"enemies":"2 Louse","floor":3,"turns":3},{"damage":4,"enemies":"Small Slimes","floor":4,"turns":5},{"damage":24,"enemies":"Lagavulin","floor":6,"turns":5},{"damage":18,"enemies":"3 Sentries","floor":8,"turns":4}],"seed_played":"6613800445413120545","potions_obtained":[{"floor":5,"key":"Energy Potion"},{"floor":6,"key":"LiquidBronze"}],"is_trial":true,"path_per_floor":["M","$","M","M","?","E","R","E"],"character_chosen":"THE_ANIMATOR","items_purchased":["animator:Yuuichirou"],"campfire_rested":0,"item_purchase_floors":[2],"current_hp_per_floor":[53,53,45,41,41,18,18,0,0],"gold":77,"neow_bonus":"","is_daily":false,"chose_seed":false,"campfire_upgraded":1,"win_rate":0.0,"timestamp":1611494338,"path_taken":["M","$","?","M","?","E","R","E"],"items_purchased_type":["Card"],"build_version":"2020-12-22","purchased_purges":1,"victory":false,"max_hp_per_floor":[60,60,60,60,60,61,61,61,61],"relic_stats":{"counters":[5,21],"obtain_stats":[{"Potion Belt":6,"animator:TheMissingPiece":0,"animator:LivingPicture":0,"hubris:GlazedTorus":0},{"Potion Belt":4,"animator:TheMissingPiece":0,"animator:LivingPicture":0,"hubris:GlazedTorus":0},{"Potion Belt":17,"animator:TheMissingPiece":0,"animator:LivingPicture":0,"hubris:GlazedTorus":0}]},"card_choices":[{"not_picked":["animator:KyokoSakura","animator:UneriGinkaku"],"picked":"animator:CrowleyEusford","floor":1},{"not_picked":["animator:Shichika","animator:PandorasActor"],"picked":"animator:MetalKnight","floor":3},{"not_picked":["animator:DwarfShaman","animator:Ciel"],"picked":"animator:GuildGirl","floor":4},{"not_picked":["animator:Shigure","animator:CrowleyEusford"],"picked":"animator:Mitsuba","floor":6}],"player_experience":896380,"relics_obtained":[{"floor":6,"key":"Potion Belt"}],"event_choices":[{"damage_healed":0,"gold_gain":0,"player_choice":"Bought 1 Potion","damage_taken":0,"max_hp_gain":0,"max_hp_loss":0,"event_name":"The Woman in Blue","floor":5,"gold_loss":0}],"is_beta":false,"boss_relics":[],"items_purged_floors":[2],"is_endless":false,"potions_floor_spawned":[6],"killed_by":"3 Sentries","ascension_level":19}}