{"host":"xp5rvh2jwe2ejyfm","time":1611524545,"event":{"mods":["BaseMod","Downfall","Duelist Mod","GifTheSpireLib","Gremlin Mod","Hermit","Hubris","Minty Spire (QoL Compilation)","Robot Space Explorer","StSLib","The Blackbeard","The Clintock","The Construct","The Cursed","The Disciple","The Forsaken","The Hierophant","The Necromancer","The Runesmith","The Servant 0.9.4"],"gold_per_floor":[110,110,110,110,60,85,98,98,121,136,154,154,165,180,180,283,283,300,300,55,105,122,122,141,141,141,168,168,178,204,214,214,316,316,326,346,346,346],"floor_reached":37,"language":"ENG","playtime":1428,"items_purged":[],"score":416,"play_id":"b2d00adf-4d60-4732-b35b-3759ffe9bca1","local_time":"20210124164225","is_ascension_mode":false,"campfire_choices":[{"floor":8,"key":"RECALL"},{"data":"RobotSpaceExplorer:MiniDrones","floor":12,"key":"SMITH"},{"data":"RobotSpaceExplorer:MetalStrike","floor":15,"key":"SMITH"},{"data":"RobotSpaceExplorer:Comet","floor":23,"key":"SMITH"},{"data":"RobotSpaceExplorer:MiniDrones","floor":25,"key":"SMITH"},{"floor":32,"key":"REST"}],"circlet_count":0,"master_deck":["RobotSpaceExplorer:Strike","RobotSpaceExplorer:Strike","RobotSpaceExplorer:Strike","RobotSpaceExplorer:Strike","RobotSpaceExplorer:Defend","RobotSpaceExplorer:Defend","RobotSpaceExplorer:Defend","RobotSpaceExplorer:Defend","RobotSpaceExplorer:Scan","RobotSpaceExplorer:MiniLasers+1","RobotSpaceExplorer:SurgingShield","RobotSpaceExplorer:StunGrenade","RobotSpaceExplorer:ScrapToss","RobotSpaceExplorer:SwiftStep","RobotSpaceExplorer:MiniDrones+1","RobotSpaceExplorer:Ammunition","RobotSpaceExplorer:Comet+1","RobotSpaceExplorer:MetalStrike+1","RobotSpaceExplorer:Asteroid","RobotSpaceExplorer:DualCore+1","RobotSpaceExplorer:StarDust","RobotSpaceExplorer:StunGrenade","RobotSpaceExplorer:SurgingShield","RobotSpaceExplorer:MiniDrones+1","RobotSpaceExplorer:GlueShot","RobotSpaceExplorer:ShovelStrike","RobotSpaceExplorer:MiniDrones","RobotSpaceExplorer:Explosion","RobotSpaceExplorer:StunGrenade+1","RobotSpaceExplorer:SurgingStrike"],"relics":["RobotSpaceExplorer:RoboCore","NeowsBlessing","hubris:Icosahedron","Letter Opener","Sozu","Lee\u0027s Waffle","Sundial","Omamori","Regal Pillow","hubris:64BitClover","hubris:Backtick","Vajra"],"acts_visited":["Exordium","TheCity","TheBeyond"],"potions_floor_usage":[10,16,29,30,30],"damage_taken":[{"damage":0,"enemies":"2 Louse","floor":1,"turns":1},{"damage":0,"enemies":"3 Sentries","floor":6,"turns":1},{"damage":0,"enemies":"Small Slimes","floor":7,"turns":1},{"damage":1,"enemies":"Jaw Worm","floor":10,"turns":4},{"damage":2,"enemies":"Gremlin Gang","floor":11,"turns":5},{"damage":6,"enemies":"Exordium Thugs","floor":13,"turns":5},{"damage":0,"enemies":"3 Louse","floor":14,"turns":3},{"damage":43,"enemies":"Hexaghost","floor":16,"turns":11},{"damage":18,"enemies":"2 Thieves","floor":18,"turns":4},{"damage":0,"enemies":"3 Byrds","floor":22,"turns":4},{"damage":19,"enemies":"Shelled Parasite and Fungi","floor":24,"turns":6},{"damage":3,"enemies":"Chosen and Byrds","floor":29,"turns":5},{"damage":5,"enemies":"Book of Stabbing","floor":30,"turns":5},{"damage":29,"enemies":"Snake Plant","floor":31,"turns":4},{"damage":48,"enemies":"Collector","floor":33,"turns":9},{"damage":17,"enemies":"3 Shapes","floor":35,"turns":4},{"damage":14,"enemies":"Orb Walker","floor":36,"turns":4},{"damage":59,"enemies":"Writhing Mass","floor":37,"turns":7}],"seed_played":"3181070391053447928","potions_obtained":[{"floor":1,"key":"Block Potion"},{"floor":7,"key":"hexamod:SoulburnPotion"},{"floor":10,"key":"Fruit Juice"},{"floor":14,"key":"Strength Potion"},{"floor":16,"key":"Dexterity Potion"}],"is_trial":false,"path_per_floor":["M","?","?","?","$","E","M","R","T","M","M","R","M","M","R","B",null,"M","?","$","?","M","R","M","R","T","T","?","M","E","M","R","B",null,"M","M","M"],"character_chosen":"RobotSpaceExplorer","items_purchased":["RobotSpaceExplorer:StunGrenade","RobotSpaceExplorer:StarDust","RobotSpaceExplorer:StunGrenade","Lee\u0027s Waffle"],"campfire_rested":1,"item_purchase_floors":[5,20,20,20],"current_hp_per_floor":[75,75,75,75,75,75,75,75,75,79,77,77,71,71,71,28,80,62,62,87,87,87,87,68,68,68,68,68,65,60,31,72,24,87,70,56,0,0],"gold":346,"neow_bonus":"THREE_ENEMY_KILL","is_daily":false,"chose_seed":false,"campfire_upgraded":4,"win_rate":0.0,"timestamp":1611524545,"path_taken":["M","?","?","?","$","E","M","R","T","M","M","R","M","M","R","BOSS","M","?","$","?","M","R","?","R","T","?","?","M","E","M","R","BOSS","M","M","M"],"items_purchased_type":["Card","Card","Card","Relic"],"build_version":"2020-12-22","purchased_purges":0,"victory":false,"max_hp_per_floor":[75,75,75,75,75,75,75,75,75,80,80,80,80,80,80,80,80,80,80,87,87,87,87,87,87,87,87,87,87,87,87,87,87,87,87,87,87,87],"card_choices":[{"not_picked":["RobotSpaceExplorer:Electropulse","RobotSpaceExplorer:Blitz"],"picked":"RobotSpaceExplorer:SurgingShield","floor":1},{"not_picked":["RobotSpaceExplorer:SlimeMissile","RobotSpaceExplorer:LuckyStrike"],"picked":"RobotSpaceExplorer:ScrapToss","floor":6},{"not_picked":["RobotSpaceExplorer:FranticSearch","RobotSpaceExplorer:ShockKick"],"picked":"RobotSpaceExplorer:SwiftStep","floor":7},{"not_picked":["RobotSpaceExplorer:FranticSearch","RobotSpaceExplorer:StarDust"],"picked":"RobotSpaceExplorer:MiniDrones","floor":10},{"not_picked":["RobotSpaceExplorer:Counterblock","RobotSpaceExplorer:ShockKick"],"picked":"RobotSpaceExplorer:Ammunition","floor":11},{"not_picked":["RobotSpaceExplorer:ScrapMissile","RobotSpaceExplorer:SurgingShield"],"picked":"RobotSpaceExplorer:Comet","floor":13},{"not_picked":["RobotSpaceExplorer:FranticSearch","RobotSpaceExplorer:ScrapMissile"],"picked":"RobotSpaceExplorer:MetalStrike","floor":14},{"not_picked":["RobotSpaceExplorer:ShockMissile","RobotSpaceExplorer:Arsenal"],"picked":"RobotSpaceExplorer:Asteroid","floor":16},{"not_picked":["RobotSpaceExplorer:Reload","RobotSpaceExplorer:Ammunition"],"picked":"RobotSpaceExplorer:DualCore+1","floor":18},{"not_picked":["RobotSpaceExplorer:SlimeMissile+1","RobotSpaceExplorer:ShovelStrike"],"picked":"RobotSpaceExplorer:SurgingShield","floor":22},{"not_picked":["RobotSpaceExplorer:IronShell","RobotSpaceExplorer:Probe+1"],"picked":"RobotSpaceExplorer:MiniDrones","floor":24},{"not_picked":["RobotSpaceExplorer:FrostMissile","RobotSpaceExplorer:ShovelStrike"],"picked":"RobotSpaceExplorer:GlueShot","floor":29},{"not_picked":["RobotSpaceExplorer:Electropulse","RobotSpaceExplorer:SwiftStep"],"picked":"RobotSpaceExplorer:ShovelStrike","floor":30},{"not_picked":["RobotSpaceExplorer:Pulsar+1","RobotSpaceExplorer:Counterblock"],"picked":"RobotSpaceExplorer:MiniDrones","floor":31},{"not_picked":["RobotSpaceExplorer:Wormhole","RobotSpaceExplorer:Asteroid"],"picked":"RobotSpaceExplorer:Explosion","floor":33},{"not_picked":["RobotSpaceExplorer:FreezingShield","RobotSpaceExplorer:ShockKick"],"picked":"RobotSpaceExplorer:StunGrenade+1","floor":35},{"not_picked":["RobotSpaceExplorer:SwiftStep+1","RobotSpaceExplorer:GlueShot"],"picked":"RobotSpaceExplorer:SurgingStrike","floor":36}],"player_experience":310531,"relics_obtained":[{"floor":6,"key":"Letter Opener"},{"floor":26,"key":"Sundial"},{"floor":27,"key":"Omamori"},{"floor":30,"key":"hubris:64BitClover"}],"event_choices":[{"damage_healed":0,"gold_gain":0,"player_choice":"Ignored","damage_taken":0,"max_hp_gain":0,"max_hp_loss":0,"event_name":"Golden Wing","floor":2,"gold_loss":0},{"damage_healed":0,"gold_gain":100,"player_choice":"Bet on Murderer","damage_taken":0,"max_hp_gain":0,"max_hp_loss":0,"event_name":"The Joust","floor":21,"gold_loss":50},{"damage_healed":0,"gold_gain":0,"player_choice":"Opened","damage_taken":0,"relics_obtained":["Regal Pillow"],"max_hp_gain":0,"max_hp_loss":0,"event_name":"The Mausoleum","floor":28,"gold_loss":0,"cards_obtained":["Writhe"]}],"is_beta":false,"boss_relics":[{"not_picked":["Coffee Dripper","Runesmith:UraniumAnvil"],"picked":"Sozu"},{"not_picked":["Calling Bell","Velvet Choker"],"picked":"hubris:Backtick"}],"items_purged_floors":[],"is_endless":false,"potions_floor_spawned":[1,7,10,14,16,29,30],"killed_by":"Writhing Mass","ascension_level":0}}