{"host":"vhkb6vx6yafo1fpa","time":1611457293,"event":{"mods":["BaseMod","Colored Map","Custom Start","Minty Spire (QoL Compilation)","Quick Restart","Replay The Spire","StSLib","SuperFastMode"],"gold_per_floor":[111,128,128,140,160,186,213,231,231,266,266,286,321,338,338,338,338],"floor_reached":16,"language":"KOR","playtime":395,"items_purged":[],"score":130,"play_id":"1c8c7abb-c9ef-4a29-b054-a7cece72eeae","local_time":"20210124120133","is_ascension_mode":true,"campfire_choices":[{"data":"Uppercut","floor":11.0,"key":"SMITH"},{"data":"Bash","floor":15.0,"key":"SMITH"}],"circlet_count":0,"master_deck":["Strike_R","Strike_R","Strike_R","Strike_R","Strike_R","Defend_R","Defend_R","Defend_R","Defend_R","Bash+1","Cleave","Pommel Strike","Uppercut+1","Battle Trance","Bloodletting","Dropkick"],"relics":["Burning Blood","Replay:Rubber Ducky","Tiny Chest","Garlic","Smiling Mask","TungstenRod"],"acts_visited":["Exordium"],"potions_floor_usage":[],"damage_taken":[{"damage":8.0,"enemies":"Small Slimes","floor":1.0,"turns":4.0},{"damage":9.0,"enemies":"Jaw Worm","floor":2.0,"turns":4.0},{"damage":3.0,"enemies":"2 Louse","floor":4.0,"turns":3.0},{"damage":11.0,"enemies":"Blue Slaver","floor":5.0,"turns":4.0},{"damage":37.0,"enemies":"3 Sentries","floor":6.0,"turns":9.0},{"damage":6.0,"enemies":"2 Fungi Beasts","floor":8.0,"turns":4.0},{"damage":12.0,"enemies":"Gremlin Nob","floor":10.0,"turns":3.0},{"damage":7.0,"enemies":"3 Louse","floor":12.0,"turns":3.0},{"damage":20.0,"enemies":"Lagavulin","floor":13.0,"turns":6.0},{"damage":1.0,"enemies":"Blue Slaver","floor":14.0,"turns":3.0},{"damage":0,"enemies":"The Guardian","floor":16,"turns":1}],"seed_played":"5469469632899791892","potions_obtained":[{"floor":5.0,"key":"Languid Potion"},{"floor":6.0,"key":"Milkshake"},{"floor":8.0,"key":"Explosive Potion"}],"is_trial":false,"path_per_floor":["M","M","?","M","M","E","T","M","T","E","R","M","E","M","R","B"],"character_chosen":"IRONCLAD","items_purchased":[],"campfire_rested":0,"item_purchase_floors":[],"current_hp_per_floor":[86,83,88,91,86,55,55,55,55,49,49,48,34,39,39,39,39],"gold":338,"neow_bonus":"TEN_PERCENT_HP_BONUS","is_daily":false,"chose_seed":false,"campfire_upgraded":2,"win_rate":0.0,"timestamp":1611457293,"path_taken":["M","M","?","M","M","E","?","M","T","E","R","M","E","M","R","BOSS"],"items_purchased_type":[],"build_version":"2020-12-22","purchased_purges":0,"victory":false,"max_hp_per_floor":[88,88,93,93,93,93,93,93,93,93,93,93,93,93,93,93,93],"card_choices":[{"not_picked":["Flex","Perfected Strike"],"picked":"Cleave","floor":1.0},{"not_picked":["Twin Strike","Pummel"],"picked":"Pommel Strike","floor":2.0},{"not_picked":["Sword Boomerang","Iron Wave","Run Through"],"picked":"SKIP","floor":4.0},{"not_picked":["Headbutt","Heavy Blade"],"picked":"Uppercut","floor":5.0},{"not_picked":["ReplayTheSpireMod:Corrosion Curse","Entrench"],"picked":"Battle Trance","floor":6.0},{"not_picked":["Searing Blow","Cleave","Bloodletting"],"picked":"SKIP","floor":8.0},{"not_picked":["Searing Blow","Cleave"],"picked":"Bloodletting","floor":8.0},{"not_picked":["Abandon","Body Slam"],"picked":"Dropkick","floor":10.0},{"not_picked":["Life Link","Double Tap","Iron Wave"],"picked":"SKIP","floor":12.0},{"not_picked":["Anger","Clothesline","Pommel Strike"],"picked":"SKIP","floor":13.0},{"not_picked":["Feel No Pain","Armaments","Uppercut"],"picked":"SKIP","floor":14.0}],"player_experience":331421,"relics_obtained":[{"floor":6.0,"key":"Replay:Rubber Ducky"},{"floor":7.0,"key":"Tiny Chest"},{"floor":9.0,"key":"Garlic"},{"floor":10.0,"key":"Smiling Mask"},{"floor":13.0,"key":"TungstenRod"}],"event_choices":[{"damage_healed":0.0,"max_hp_gain":5.0,"max_hp_loss":0.0,"gold_gain":0.0,"event_name":"Big Fish","player_choice":"Donut","floor":3.0,"gold_loss":0.0,"damage_taken":0.0}],"is_beta":false,"boss_relics":[],"items_purged_floors":[],"is_endless":false,"potions_floor_spawned":[5,6,8,12,14],"killed_by":"The Guardian","ascension_level":1}}