{"host":"4c7oxphrh4ok8x7u","time":1611504354,"event":{"mods":["100% Spire Juice","2.2 Compatiblity","Act Like it!","Arknights The Spire","Aspiration","BaseMod","Better Skull","Better Vampires","BetterRewards","Challenge The Spire","Conjunction","Conspire","Custom Start","Dota2Spire","Ekko","Evolution","Fiend Mod","Friendly Minions","FruityMod","GifTheSpireLib","Good Game Mod","Halation","Hermit","HololiveMod","Hubris","Hyrulean Relics","Jedi Mod","Jess\u0027s Bottle","Kratos Character Expansion","Minty Spire (QoL Compilation)","MostiFishMod","Permanent Neow","Poor People Problems","Prisma Mod","Quarter Circle Forward PUNCH!","RatMod","Reliquary","Replay The Spire","Robot Space Explorer","SCP261 Mod","Shade Mod","Slay the Relics Exporter","Small Relic Pack","Spicy Shops","Spikes Relics","Spires And Sneckos","StS++","StSLib","Stuff the Spire","The Animator","The Blue Laboratory","The Death Knight","The Edgeheg","The Exalted","The Fake Hero","The Servant 0.9.4","The Trickster","TheVacant","TheWitcher","Wandering Minibosses","WarShipGirlsR/????R mod"],"gold_per_floor":[110,110,131,147,172,207,207,225,250,266,266,266,266,290,290,409,409,429,450,450,491,507,507,550,550,550,550,573,608,288,324,324,452,452,472,472,496,546,598,666,678,741,780,354,354,401,401,436,436,358,358,358,29,96,114],"floor_reached":56,"language":"RUS","playtime":2405,"items_purged":["Delirium","conspire:NecroticWound"],"score":1390,"play_id":"ef060638-6f94-4a84-b27e-cc5f284d458b","local_time":"20210124190554","is_ascension_mode":false,"campfire_choices":[{"floor":7,"key":"RECALL"},{"floor":11,"key":"REST"},{"floor":13,"key":"REST"},{"data":"DeathKnight:Strike_DeathKnight","floor":15,"key":"PURGE"},{"data":"DeathKnight:MutagenicPlague","floor":23,"key":"SMITH"},{"data":"StuffTheSpire:CelestialWarden","floor":25,"key":"SMITH"},{"data":"DeathKnight:Defile","floor":27,"key":"SMITH"},{"data":"DeathKnight:MutagenicPlague","floor":32,"key":"SMITH"},{"data":"DeathKnight:Contagion","floor":41,"key":"SMITH"},{"floor":49,"key":"REST"},{"data":"MostiFishMod:WinterMarkForm","floor":52,"key":"SMITH"}],"circlet_count":0,"master_deck":["DeathKnight:HartStrike","DeathKnight:HartStrike","DeathKnight:Strike_DeathKnight","DeathKnight:Strike_DeathKnight","DeathKnight:Defend_DeathKnight+1","DeathKnight:Defend_DeathKnight","DeathKnight:Defend_DeathKnight","DeathKnight:Defend_DeathKnight","DeathKnight:Defend_DeathKnight","DeathKnight:RuneTap","DeathKnight:RuneStrike","MostiFishMod:FrostNova","MostiFishMod:WinterMarkForm+1","DeathKnight:FoulBulwark+1","DeathKnight:Pestilence+1","DeathKnight:Contagion+1","DeathKnight:MutagenicPlague+1","DeathKnight:Pestilence+1","DeathKnight:MutagenicPlague+1","DeathKnight:PlagueStrike","DeathKnight:Defile+1","DeathKnight:Pestilence+1","DeathKnight:DeathAndDecay","StuffTheSpire:CelestialWarden+1","DeathKnight:Pestilence+1","DeathKnight:UnholyExperiment","DeathKnight:UnholyPresence+1","DeathKnight:BladedArmor+1","Madness","Madness","DeathKnight:FrosPresence+1","hubris:Envy","hubris:Envy","DeathKnight:MutagenicPlague+1","DeathKnight:MutagenicPlague+1"],"relics":["DeathKnight:BrokenRuneblade","EVO:Axolotl","DaveBox","REME:ComplimentaryCards","FrostBlade","SynthV:TestCard","Golden Idol","Dota2Spire:EchoSabre","wanderingMiniBosses:OtherGremlinHorn","Sandwich","Red Mask","Bottled Flame","GiantMaggot","reliquary:TuningFork","Replay:Wax Seal","RollingBoulder","DeathKnight:PreciousRibbon","Dota2Spire:DrumOfEndurance","StSpp:Balance","ReplayTheSpireMod:Ring of Collecting","Ring of Greed","Replay:Bandana","MawBank","halation:AfternoonTea","Replay:Bottled Eggs","Ring of Panic","ReplayTheSpireMod:TigerMarble","SuspiciousGoo","ChiLing","Chi","Ling","StSpp:SailorCap","halation:NonexistentMirror","Frozen Eye","Bromod:ArcaneVictory"],"acts_visited":["Exordium","TheCity","TheBeyond","TheEnding"],"potions_floor_usage":[8,8,8,16,37,39,40,42,55,55,55],"damage_taken":[{"damage":8,"enemies":"Jaw Worm","floor":1,"turns":3},{"damage":0,"enemies":"Cultist","floor":3,"turns":3},{"damage":0,"enemies":"Small Slimes","floor":4,"turns":3},{"damage":0,"enemies":"Lagavulin","floor":6,"turns":5},{"damage":22,"enemies":"Gremlin Gang","floor":8,"turns":8},{"damage":0,"enemies":"Looter","floor":10,"turns":3},{"damage":1,"enemies":"Large Slime","floor":14,"turns":3},{"damage":16,"enemies":"Hexaghost","floor":16,"turns":5},{"damage":0,"enemies":"2 Thieves","floor":18,"turns":3},{"damage":0,"enemies":"Shell Parasite","floor":19,"turns":1},{"damage":0,"enemies":"Masked Bandits","floor":21,"turns":3},{"damage":0,"enemies":"Snake Plant","floor":22,"turns":3},{"damage":0,"enemies":"conspire:SneckoGhost","floor":24,"turns":3},{"damage":0,"enemies":"conspire:HollyBat","floor":28,"turns":4},{"damage":0,"enemies":"Replay:Snechameleon","floor":29,"turns":3},{"damage":0,"enemies":"conspire:Head Lice","floor":31,"turns":3},{"damage":2,"enemies":"Champ","floor":33,"turns":4},{"damage":8,"enemies":"3 Shapes","floor":35,"turns":3},{"damage":0,"enemies":"3 Darklings","floor":37,"turns":3},{"damage":0,"enemies":"Maw","floor":39,"turns":4},{"damage":0,"enemies":"Nemesis","floor":40,"turns":5},{"damage":0,"enemies":"R_Hoarder","floor":42,"turns":4},{"damage":3,"enemies":"Transient","floor":46,"turns":4},{"damage":5,"enemies":"4 Shapes","floor":48,"turns":2},{"damage":7,"enemies":"Replay:Hell Engine","floor":50,"turns":6},{"damage":2,"enemies":"Shield and Spear","floor":54,"turns":3},{"damage":10,"enemies":"The Heart","floor":55,"turns":5}],"seed_played":"6781644813314356443","potions_obtained":[{"floor":0,"key":"SkillPotion"},{"floor":0,"key":"blueLaboratory:EnragingPotion"},{"floor":0,"key":"SkillPotion"},{"floor":14,"key":"Fire Potion"},{"floor":16,"key":"blueLaboratory:RememoryPotion"},{"floor":18,"key":"FearPotion"},{"floor":31,"key":"DeathKnight:VirulencePotion"},{"floor":40,"key":"Venom Potion"},{"floor":46,"key":"LifebloodPotion"}],"is_trial":false,"path_per_floor":["M","?","M","M","T","E","R","M","T","M","R","?","R","M","R","B",null,"M","M","?","?","M","R","E","R","T","R","M","E","$","E","R","B",null,"M","?","M","?","M","E","R","E","T","$","?","M","?","M","R","B",null,"R","$","E","B",null],"character_chosen":"DEATH_KNIGHT","items_purchased":["Replay:Wax Seal","RollingBoulder","DeathKnight:PreciousRibbon","SuspiciousGoo","ChiLing","StSpp:SailorCap","halation:NonexistentMirror","Frozen Eye"],"campfire_rested":3,"item_purchase_floors":[30,30,30,44,44,44,53,53],"current_hp_per_floor":[67,49,49,49,49,49,49,27,27,27,49,49,71,70,70,54,75,75,75,75,75,75,75,75,75,75,75,75,75,75,75,75,73,75,67,67,67,67,67,67,67,67,67,67,58,55,55,50,72,74,75,75,75,73,64],"gold":114,"neow_bonus":"THREE_SMALL_POTIONS","is_daily":false,"chose_seed":false,"campfire_upgraded":6,"win_rate":0.0,"timestamp":1611504354,"path_taken":["M","?","M","M","?","E","R","M","T","?","R","?","R","M","R","BOSS","M","?","?","?","M","R","E","R","T","R","M","E","$","E","R","BOSS","M","?","M","?","?","E","R","E","T","$","?","M","?","?","R","BOSS","R","$","E","BOSS"],"items_purchased_type":["Relic","Relic","Relic","Relic","Relic","Relic","Relic","Relic"],"build_version":"2020-12-22","purchased_purges":2,"victory":true,"max_hp_per_floor":[75,75,75,75,75,75,75,75,75,75,75,75,75,75,75,75,75,75,75,75,75,75,75,75,75,75,75,75,75,75,75,75,75,75,75,75,75,75,75,75,75,75,75,75,75,75,75,75,75,75,75,75,75,75,75],"card_choices":[{"not_picked":["DeathKnight:Rot","DeathKnight:RaiseAlly"],"picked":"DeathKnight:FoulBulwark","floor":1},{"not_picked":["DeathKnight:RaiseAlly","DeathKnight:AntiMagicShell","DeathKnight:Culling","DeathKnight:UnholyAssault"],"picked":"DeathKnight:Pestilence","floor":3},{"not_picked":["DeathKnight:BoneSpear","DeathKnight:BloodBoil","DeathKnight:BloodEchoes","DeathKnight:FrosPresence"],"picked":"DeathKnight:Contagion","floor":4},{"not_picked":["DeathKnight:BloodStrike","DeathKnight:Parry","DeathKnight:UnholyFrenzy","DeathKnight:DreadStrike"],"picked":"DeathKnight:MutagenicPlague","floor":6},{"not_picked":["DeathKnight:PillarOfFrost","DeathKnight:BludPresence","DeathKnight:Hemostasis","DeathKnight:Lichborne"],"picked":"DeathKnight:Pestilence","floor":8},{"not_picked":["DeathKnight:DeathCoil","DeathKnight:BoneSpear","DeathKnight:VampiricBlood","DeathKnight:RunicCorruption"],"picked":"DeathKnight:MutagenicPlague","floor":10},{"not_picked":["DeathKnight:IcyTouch","DeathKnight:RaiseAlly","DeathKnight:MindFreeze","DeathKnight:DreadStrike"],"picked":"DeathKnight:PlagueStrike","floor":14},{"not_picked":["DeathKnight:Outbreak","DeathKnight:Simulacrum","DeathKnight:ArmyOfTheDead","DeathKnight:ReapingStrike"],"picked":"DeathKnight:Defile","floor":16},{"not_picked":["DeathKnight:Obliterate+1","DeathKnight:Runeguard","DeathKnight:RunicCorruption","DeathKnight:HornOfWinter+1"],"picked":"DeathKnight:Pestilence","floor":18},{"not_picked":["DeathKnight:BladedArmor","DeathKnight:BloodBoil","DeathKnight:Runesurge","DeathKnight:BloodStrike"],"picked":"DeathKnight:DeathAndDecay","floor":19},{"not_picked":["StuffTheSpire:Vigor","StuffTheSpire:Rapture"],"picked":"StuffTheSpire:CelestialWarden","floor":20},{"not_picked":["DeathKnight:MarkOfBlood","DeathKnight:BludPresence","DeathKnight:DancingRuneblade+1","DeathKnight:DeathGrip"],"picked":"DeathKnight:Pestilence+1","floor":21},{"not_picked":["DeathKnight:HowlingBlast","DeathKnight:DeathCoil","DeathKnight:HartStrike","DeathKnight:BoneSpear+1","DeathKnight:MindFreeze+1"],"picked":"SKIP","floor":22},{"not_picked":["DeathKnight:PlagueStrike","DeathKnight:FoulBulwark","DeathKnight:BoneSpear","DeathKnight:Frostscythe","DeathKnight:IcyTouch"],"picked":"SKIP","floor":24},{"not_picked":["DeathKnight:BloodPact","DeathKnight:DeathsAdvance","DeathKnight:MindFreeze","DeathKnight:UnholyAssault","DeathKnight:HornOfWinter"],"picked":"SKIP","floor":28},{"not_picked":["DeathKnight:UnholyFrenzy+1","DeathKnight:DeathAndDecay","DeathKnight:Hemostasis","DeathKnight:ThirstingStrike","DeathKnight:BloodStrike+1"],"picked":"SKIP","floor":29},{"not_picked":["DeathKnight:PathOfFrost","DeathKnight:UnholyFrenzy","DeathKnight:ShatteringStrikes","DeathKnight:DeathStrike+1","DeathKnight:BoneSpear"],"picked":"SKIP","floor":31},{"not_picked":["DeathKnight:SindragosasBreath","DeathKnight:Razorice","DeathKnight:ArmyOfTheDead","DeathKnight:ReapingStrike"],"picked":"DeathKnight:UnholyExperiment","floor":33},{"not_picked":["DeathKnight:PillarOfFrost+1","DeathKnight:Rot","DeathKnight:UnholyAssault+1","DeathKnight:FrostStrike+1","DeathKnight:BloodStrike+1"],"picked":"SKIP","floor":35},{"not_picked":["DeathKnight:Parry+1","DeathKnight:BludPresence+1","DeathKnight:DeathCoil+1","DeathKnight:BloodTap+1"],"picked":"DeathKnight:UnholyPresence+1","floor":37},{"not_picked":["DeathKnight:RunicCorruption+1","DeathKnight:PlagueStrike+1","DeathKnight:WraithWalk","DeathKnight:UnholyPresence+1","DeathKnight:HornOfWinter"],"picked":"SKIP","floor":39},{"not_picked":["DeathKnight:ArmyOfTheDead","DeathKnight:HowlingBlast+1","DeathKnight:BladedArmor+1","DeathKnight:DarkSuccor+1","DeathKnight:Runeguard+1"],"picked":"SKIP","floor":40},{"not_picked":["DeathKnight:ArmyOfTheDead","DeathKnight:HowlingBlast+1","DeathKnight:DarkSuccor+1","DeathKnight:Runeguard+1"],"picked":"DeathKnight:BladedArmor+1","floor":40},{"not_picked":["DeathKnight:ChainsOfIce","DeathKnight:BoneSpear","DeathKnight:DreadStrike","DeathKnight:RunicDetonation","DeathKnight:Pestilence+1"],"picked":"SKIP","floor":42},{"not_picked":["DeathKnight:BloodTap+1","DeathKnight:FrostStrike+1","DeathKnight:RuneShock","DeathKnight:ChainsOfIce","DeathKnight:UnholyFrenzy"],"picked":"SKIP","floor":46},{"not_picked":["DeathKnight:Hemostasis+1","DeathKnight:UnholyFrenzy","DeathKnight:ArmyOfTheDead","DeathKnight:HartStrike+1"],"picked":"DeathKnight:FrosPresence+1","floor":48},{"not_picked":["DeathKnight:VampiricBlood","DeathKnight:RunicCorruption+1","DeathKnight:DancingRuneblade","DeathKnight:IceboundArmor"],"picked":"DeathKnight:MutagenicPlague+1","floor":54}],"player_experience":755766,"relics_obtained":[{"floor":1,"key":"SynthV:TestCard"},{"floor":5,"key":"Dota2Spire:EchoSabre"},{"floor":6,"key":"Gremlin Food"},{"floor":8,"key":"wanderingMiniBosses:OtherGremlinHorn"},{"floor":21,"key":"Red Mask"},{"floor":24,"key":"Bottled Flame"},{"floor":26,"key":"GiantMaggot"},{"floor":29,"key":"reliquary:TuningFork"},{"floor":31,"key":"Dota2Spire:DrumOfEndurance"},{"floor":38,"key":"ReplayTheSpireMod:Ring of Collecting"},{"floor":38,"key":"Ring of Greed"},{"floor":38,"key":"Replay:Bandana"},{"floor":38,"key":"MawBank"},{"floor":40,"key":"halation:AfternoonTea"},{"floor":42,"key":"Replay:Bottled Eggs"},{"floor":43,"key":"Ring of Panic"},{"floor":43,"key":"ReplayTheSpireMod:TigerMarble"},{"floor":54,"key":"Bromod:ArcaneVictory"}],"event_choices":[{"damage_healed":0,"gold_gain":0,"player_choice":"Take Damage","damage_taken":18,"relics_obtained":["Golden Idol"],"max_hp_gain":0,"max_hp_loss":0,"event_name":"Golden Idol","floor":2,"gold_loss":0},{"damage_healed":0,"gold_gain":0,"player_choice":"Ignored","damage_taken":0,"max_hp_gain":0,"max_hp_loss":0,"event_name":"NoteForYourself","floor":12,"gold_loss":0},{"damage_healed":0,"gold_gain":0,"player_choice":"Fought Bandits","damage_taken":0,"max_hp_gain":0,"max_hp_loss":0,"event_name":"Masked Bandits","floor":21,"gold_loss":0},{"damage_healed":0,"gold_gain":0,"player_choice":"Embrace Madness","damage_taken":9,"max_hp_gain":0,"max_hp_loss":0,"event_name":"Winding Halls","floor":45,"gold_loss":0,"cards_obtained":["Madness","Madness"]}],"is_beta":false,"boss_relics":[{"not_picked":["jessBottle:WaterBottleRelic","hubris:BlackHole"],"picked":"Sandwich"},{"not_picked":["FixedStarFall","reliquary:KinkedSpring"],"picked":"StSpp:Balance"}],"items_purged_floors":[44,53],"is_endless":false,"potions_floor_spawned":[1,3,14,16,18,21,28,31,35,40,42,46,54],"ascension_level":0}}