{"host":"s9n53dspxjwkh5no","time":1611531852,"event":{"mods":["AchievementEnabler","Aspiration","Bard","BaseMod","Beaked The Cultist","Better Altar","Better Match","Better Note","Better Sensory Stone","Better Skull","Better Third Choice","BetterRewards","Colored Map","Colored Powertips","Conspire","Dio Mod","Disable Question Mark Monsters","Downfall","Energized Spire","Halation","Hermit","Hubris","Marisa????????","Marked Mod","Melee Mod","Minty Spire (QoL Compilation)","Quick Restart","Random Character Button","Rare Cards Sparkle","Reimu??????","Relic Stats","Remilia??????","Replay The Spire","Shade Mod","Small Relic Pack","Spicy Shops","StSLib","The Animator","The Bug Knight","The Construct","The Disciple","The Hierophant","The Problem Sleuth","The Runesmith","The Servant 0.9.4","The Valiant","The Wild Card","TheBandit","TheVacant","Wandering Minibosses"],"gold_per_floor":[109,109,109,125,2,2,34,53,76,105,118,118,133,103,103,202,202,212,231,11,31,102,118,118,118,118,17,17,30,30,58,58,160,160,170,170,170,170],"floor_reached":37,"language":"ENG","playtime":2299,"items_purged":[],"score":547,"play_id":"9a5799cf-175a-4bf0-b6bd-adf6c06fcfb0","local_time":"20210124164412","is_ascension_mode":false,"campfire_choices":[{"data":"SilverBlades","floor":6.0,"key":"SMITH"},{"floor":12.0,"key":"REST"},{"floor":15.0,"key":"REST"},{"floor":24.0,"key":"RECALL"},{"floor":28.0,"key":"REST"},{"floor":30.0,"key":"REST"},{"floor":32.0,"key":"REST"}],"circlet_count":0,"master_deck":["Strike_P","Strike_P","Strike_P","Strike_P","Defend_P","Defend_P","Defend_P","Defend_P","Eruption","Vigilance","Replay:BluntJabs","Consecrate","SilverBlades+1","ReplayTheSpireMod:Trickstab","Collect","FlyingSleeves","InstantArmor","Replay:ManipulateFuture","CrushJoints","TheWorld","Guardian:PackageDonuDeca","Defy","SashWhip","MarkedMod:GracefulMovements","Perseverance","DeceiveReality","LessonLearned","ReachHeaven","Sunlight","FollowUp"],"relics":["aspiration:ServantSkillbook","ReplayTheSpireMod:TigerMarble","beaked:ShinyBauble","Toolbox","Replay:WaspNest","Nloth\u0027s Gift","Toy Ornithopter","Lantern","construct:WeddingRing","relicPack:OneForAll"],"acts_visited":["Exordium","TheCity","TheBeyond"],"potions_floor_usage":[],"damage_taken":[{"damage":0.0,"enemies":"Cultist","floor":1.0,"turns":3.0},{"damage":5.0,"enemies":"2 Louse","floor":4.0,"turns":3.0},{"damage":0.0,"enemies":"Gremlin Nob","floor":7.0,"turns":3.0},{"damage":0.0,"enemies":"Jaw Worm","floor":8.0,"turns":2.0},{"damage":0.0,"enemies":"HollowMod:MossKnight","floor":10.0,"turns":4.0},{"damage":0.0,"enemies":"3 Louse","floor":11.0,"turns":2.0},{"damage":28.0,"enemies":"Exordium Thugs","floor":13.0,"turns":6.0},{"damage":0.0,"enemies":"Fading Forest","floor":16.0,"turns":11.0},{"damage":1.0,"enemies":"3 Byrds","floor":18.0,"turns":5.0},{"damage":0.0,"enemies":"Chosen","floor":19.0,"turns":3.0},{"damage":0.0,"enemies":"3 Cultists","floor":21.0,"turns":4.0},{"damage":26.0,"enemies":"Centurion and Healer","floor":23.0,"turns":6.0},{"damage":0.0,"enemies":"Snecko","floor":29.0,"turns":5.0},{"damage":44.0,"enemies":"conspire:SneckoGhost","floor":31.0,"turns":7.0},{"damage":0.0,"enemies":"StardustCrusaders","floor":33.0,"turns":8.0},{"damage":52.0,"enemies":"Orb Walker","floor":35.0,"turns":6.0},{"damage":24,"enemies":"3 Darklings","floor":37,"turns":2}],"seed_played":"-1129421212382504299","potions_obtained":[{"floor":10.0,"key":"BlessingOfTheForge"},{"floor":11.0,"key":"Reflective Coating"},{"floor":14.0,"key":"LifebloodPotion"},{"floor":14.0,"key":"MarkedMod:BlackLotusJuice"},{"floor":19.0,"key":"Strength Potion"},{"floor":21.0,"key":"Death Potion"},{"floor":31.0,"key":"Block Potion"}],"is_trial":false,"path_per_floor":["M","?","?","M","$","R","E","M","T","E","M","R","M","?","R","B",null,"M","M","$","M","T","M","R","?","T","$","R","M","R","E","R","B",null,"M","?","M"],"character_chosen":"WATCHER","items_purchased":["SilverBlades","ReplayTheSpireMod:Trickstab","Toolbox","DistilledChaos","DeceiveReality"],"campfire_rested":5,"item_purchase_floors":[5,5,20,20,27],"current_hp_per_floor":[72,72,72,67,67,67,67,67,67,67,67,72,44,44,65,72,72,71,71,71,71,71,45,45,45,45,45,66,66,72,28,49,54,72,20,20,0,0],"gold":170,"neow_bonus":"BOSS_RELIC","is_daily":false,"chose_seed":false,"campfire_upgraded":1,"win_rate":0.0,"timestamp":1611531852,"path_taken":["M","?","?","M","?","R","E","?","T","E","M","R","M","?","R","BOSS","M","?","$","M","?","M","R","?","T","$","R","M","R","E","R","BOSS","M","?","M"],"items_purchased_type":["Card","Card","Relic","Potion","Card"],"build_version":"2020-12-22","purchased_purges":0,"victory":false,"max_hp_per_floor":[72,72,72,72,72,72,72,72,72,72,72,72,72,72,72,72,72,72,72,72,72,72,72,72,72,72,72,72,72,72,72,72,72,72,72,72,72,72],"relic_stats":{"counters":[17,80],"Nloth\u0027s Gift":2,"obtain_stats":[{"relicPack:OneForAll":36,"beaked:ShinyBauble":10,"Lantern":31,"construct:WeddingRing":34,"aspiration:ServantSkillbook":0,"beaked:SacredDeck":17,"Toolbox":20,"Replay:WaspNest":22,"ReplayTheSpireMod:TigerMarble":7,"Nloth\u0027s Gift":25,"PureWater":0,"Toy Ornithopter":26},{"relicPack:OneForAll":16,"beaked:ShinyBauble":5,"Lantern":14,"construct:WeddingRing":15,"aspiration:ServantSkillbook":0,"beaked:SacredDeck":8,"Toolbox":10,"Replay:WaspNest":11,"ReplayTheSpireMod:TigerMarble":3,"Nloth\u0027s Gift":12,"PureWater":0,"Toy Ornithopter":12},{"relicPack:OneForAll":78,"beaked:ShinyBauble":15,"Lantern":64,"construct:WeddingRing":72,"aspiration:ServantSkillbook":0,"beaked:SacredDeck":34,"Toolbox":42,"Replay:WaspNest":46,"ReplayTheSpireMod:TigerMarble":9,"Nloth\u0027s Gift":52,"PureWater":0,"Toy Ornithopter":52}],"Toy Ornithopter":5},"card_choices":[{"not_picked":["Defy","Adaptation","BattleHymn"],"picked":"Replay:BluntJabs","floor":1.0},{"not_picked":["TimeWarp","Moondial","Prostrate"],"picked":"Consecrate","floor":4.0},{"not_picked":["InnerPeace","ShatteredReality","Alpha"],"picked":"Collect","floor":7.0},{"not_picked":["Replay:DivineShield","Prostrate","CutThroughFate"],"picked":"FlyingSleeves","floor":8.0},{"not_picked":["RealityMarble","Evaluate","MarkedMod:Acupuncture"],"picked":"InstantArmor","floor":10.0},{"not_picked":["Alleviate","Rewind","Worship"],"picked":"Replay:ManipulateFuture","floor":11.0},{"not_picked":["Revamp","TimeTheft","Crescendo"],"picked":"CrushJoints","floor":13.0},{"not_picked":["Sunlight","Brilliance","DeusExMachina"],"picked":"TheWorld","floor":16.0},{"not_picked":["Spin","Crescendo+1","Potential"],"picked":"Defy","floor":18.0},{"not_picked":["ThirdEye","Foresight","Replay:BluntJabs"],"picked":"SashWhip","floor":19.0},{"not_picked":["FastForward","Sanctity","MarkedMod:Acupuncture+1"],"picked":"MarkedMod:GracefulMovements","floor":21.0},{"not_picked":["Defy","SashWhip","MarkedMod:Acupuncture"],"picked":"Perseverance","floor":23.0},{"not_picked":["BowlingBash","EmptyFist","FlyingSleeves"],"picked":"LessonLearned","floor":29.0},{"not_picked":["Replay:AllIn","Replay:Battleflow","Swivel"],"picked":"ReachHeaven","floor":31.0},{"not_picked":["DeusExMachina","Solidify","LightFlow"],"picked":"Sunlight","floor":33.0},{"not_picked":["MarkedMod:FirstStrike","FloweringNight","Replay:AtTheReady"],"picked":"FollowUp","floor":35.0}],"player_experience":374940,"relics_obtained":[{"floor":7.0,"key":"ReplayTheSpireMod:TigerMarble"},{"floor":10.0,"key":"beaked:ShinyBauble"},{"floor":22.0,"key":"Replay:WaspNest"},{"floor":26.0,"key":"Toy Ornithopter"},{"floor":31.0,"key":"Lantern"}],"event_choices":[{"damage_healed":0.0,"max_hp_gain":0.0,"max_hp_loss":0.0,"gold_gain":0.0,"event_name":"conspire:Investor","player_choice":"Leave","floor":3.0,"gold_loss":0.0,"damage_taken":0.0},{"damage_healed":0.0,"max_hp_gain":0.0,"max_hp_loss":0.0,"gold_gain":0.0,"event_name":"The Woman in Blue","player_choice":"Bought 2 Potions","floor":14.0,"gold_loss":0.0,"damage_taken":0.0},{"damage_healed":0.0,"max_hp_gain":0.0,"max_hp_loss":0.0,"gold_gain":0.0,"event_name":"N\u0027loth","player_choice":"Traded Relic","floor":25.0,"relics_lost":["beaked:SacredDeck"],"gold_loss":0.0,"damage_taken":0.0,"relics_obtained":["Nloth\u0027s Gift"]}],"is_beta":false,"boss_relics":[{"not_picked":["Philosopher\u0027s Stone","energizedSpire:CursedPentagram"],"picked":"beaked:SacredDeck"},{"not_picked":["bronze:MakeshiftBattery","SacredBark"],"picked":"construct:WeddingRing"}],"items_purged_floors":[],"is_endless":false,"potions_floor_spawned":[10,11,19,21,31],"killed_by":"3 Darklings","ascension_level":0}}