{"host":"mqhvlr3kpxebko0t","time":1611458492,"event":{"mods":["AchievementEnabler","BaseMod","Colored Map","Colored Powertips","KOR Keyword Fix","Keyboard Shortcuts","Minty Spire (QoL Compilation)","StSLib","SuperFastMode"],"gold_per_floor":[13,13,33,52,52,52,52,52,52,52,65,65,65,90,90,90,90],"floor_reached":16,"language":"KOR","playtime":231,"items_purged":[],"score":162,"play_id":"b3408ae3-ffe9-4f07-a736-a4cca8285233","local_time":"20210124122132","is_ascension_mode":true,"campfire_choices":[{"data":"Blade Dance","floor":6,"key":"SMITH"},{"data":"Deadly Poison","floor":10,"key":"SMITH"},{"data":"Neutralize","floor":12,"key":"SMITH"},{"data":"Dash","floor":15,"key":"SMITH"}],"circlet_count":0,"master_deck":["AscendersBane","Strike_G","Strike_G","Defend_G","Defend_G","Defend_G","Defend_G","Survivor","Neutralize+1","Underhanded Strike","Deadly Poison+1","Blade Dance+1","Dash+1","Dagger Throw"],"relics":["Ring of the Snake","Golden Idol","Pear"],"acts_visited":["Exordium"],"potions_floor_usage":[14],"damage_taken":[{"damage":1,"enemies":"Small Slimes","floor":1,"turns":5},{"damage":2,"enemies":"Jaw Worm","floor":3,"turns":4},{"damage":0,"enemies":"2 Louse","floor":4,"turns":2},{"damage":1,"enemies":"2 Fungi Beasts","floor":11,"turns":3},{"damage":3,"enemies":"3 Louse","floor":14,"turns":3},{"damage":62,"enemies":"Slime Boss","floor":16,"turns":11}],"seed_played":"2105914027427397150","potions_obtained":[{"floor":1,"key":"DistilledChaos"}],"is_trial":false,"path_per_floor":["M","?","M","M","?","R","?","?","T","R","M","R","$","M","R","B"],"character_chosen":"THE_SILENT","items_purchased":[],"campfire_rested":0,"item_purchase_floors":[],"current_hp_per_floor":[58,58,56,56,49,49,54,54,64,64,63,63,63,60,60,0,0],"gold":90,"neow_bonus":"REMOVE_TWO","is_daily":false,"chose_seed":false,"campfire_upgraded":4,"win_rate":0.0,"timestamp":1611458492,"path_taken":["M","?","M","M","?","R","?","?","T","R","M","R","$","M","R","BOSS"],"items_purchased_type":[],"build_version":"2020-12-22","purchased_purges":0,"victory":false,"max_hp_per_floor":[66,66,66,66,66,66,71,64,74,74,74,74,74,74,74,74,74],"card_choices":[{"not_picked":["Predator","Blur","Sucker Punch"],"picked":"SKIP","floor":1},{"not_picked":["Deflect","PiercingWail"],"picked":"Deadly Poison","floor":3},{"not_picked":["Bane","Quick Slash"],"picked":"Blade Dance","floor":4},{"not_picked":["Dagger Throw","Acrobatics"],"picked":"Dash","floor":11},{"not_picked":["PiercingWail","Riddle With Holes"],"picked":"Dagger Throw","floor":14}],"player_experience":687923,"relics_obtained":[{"floor":9,"key":"Pear"}],"event_choices":[{"damage_healed":0,"gold_gain":0,"cards_transformed":["Strike_G"],"player_choice":"Change","damage_taken":0,"max_hp_gain":0,"max_hp_loss":0,"event_name":"Living Wall","floor":2,"gold_loss":0,"cards_obtained":["Underhanded Strike"]},{"cards_removed":["Strike_G"],"damage_healed":0,"gold_gain":0,"player_choice":"Card Removal","damage_taken":7,"max_hp_gain":0,"max_hp_loss":0,"event_name":"Golden Wing","floor":5,"gold_loss":0},{"damage_healed":0,"gold_gain":0,"player_choice":"Donut","damage_taken":0,"max_hp_gain":5,"max_hp_loss":0,"event_name":"Big Fish","floor":7,"gold_loss":0},{"damage_healed":0,"gold_gain":0,"player_choice":"Lose Max HP","damage_taken":0,"relics_obtained":["Golden Idol"],"max_hp_gain":0,"max_hp_loss":7,"event_name":"Golden Idol","floor":8,"gold_loss":0}],"is_beta":false,"boss_relics":[],"items_purged_floors":[],"is_endless":false,"potions_floor_spawned":[1],"killed_by":"Slime Boss","ascension_level":16}}