{"host":"rkezzvf6da7mjjsm","time":1611531679,"event":{"mods":["BaseMod","Colored Map","Downfall","Minty Spire (QoL Compilation)","StSLib"],"gold_per_floor":[99,116,131,143,143,154,154,254,254,10,10,110,110,127,145,145,145,145],"floor_reached":16,"language":"ENG","playtime":897,"items_purged":["downfall:Malfunctioning"],"score":92,"play_id":"de8c70ff-e65e-42d7-917b-74a210f04d0f","local_time":"20210125104119","is_ascension_mode":false,"campfire_choices":[{"data":"sneckomod:SnekBite","floor":11,"key":"SMITH"},{"data":"sneckomod:UnknownClassGUARDIAN","floor":13,"key":"SMITH"}],"circlet_count":0,"master_deck":["sneckomod:Strike","sneckomod:Defend+1","sneckomod:Defend","sneckomod:Defend","sneckomod:TailWhip","sneckomod:SnekBite+1","sneckomod:Unknown+1","Madness","sneckomod:UnendingSupply","sneckomod:WideSting","sneckomod:UnknownRareSkill+1","sneckomod:UnknownClassGUARDIAN+1","sneckomod:DiceBlock","sneckomod:DiceBlock+1","sneckomod:DiceCrush","sneckomod:Unknown3Cost","sneckomod:SoulDraw"],"relics":["sneckomod:SneckoSoul","Mummified Hand","Sling"],"acts_visited":["Exordium"],"potions_floor_usage":[8,16,16,16],"damage_taken":[{"damage":6,"enemies":"Jaw Worm","floor":2,"turns":3},{"damage":2,"enemies":"Cultist","floor":3,"turns":4},{"damage":7,"enemies":"2 Louse","floor":4,"turns":2},{"damage":11,"enemies":"2 Fungi Beasts","floor":6,"turns":4},{"damage":44,"enemies":"downfall:Heads","floor":8,"turns":6},{"damage":0,"enemies":"downfall:FleeingMerchant","floor":10,"turns":4},{"damage":2,"enemies":"Large Slime","floor":14,"turns":8},{"damage":12,"enemies":"Exordium Thugs","floor":15,"turns":5},{"damage":19,"enemies":"SI_SHIV_ARCHETYPE","floor":16,"turns":7}],"seed_played":"4270880088856440810","potions_obtained":[{"floor":3,"key":"Energy Potion"},{"floor":8,"key":"EssenceOfSteel"},{"floor":14,"key":"sneckomod:MuddlingPotion"},{"floor":15,"key":"Weak Potion"}],"is_trial":false,"path_per_floor":["R","M","M","M","?","M","T","?","?","$","R","?","R","M","M","B"],"character_chosen":"THE_SNECKO","items_purchased":["Sling"],"campfire_rested":0,"item_purchase_floors":[10],"current_hp_per_floor":[99,93,91,84,84,73,73,29,29,29,29,29,29,27,15,0,0,0],"gold":145,"neow_bonus":"TEN_PERCENT_HP_BONUS","is_daily":false,"chose_seed":false,"campfire_upgraded":2,"win_rate":0.0,"timestamp":1611531679,"path_taken":["R","M","M","M","?","?","T","?","?","$","R","?","R","?","M","BOSS"],"items_purchased_type":["Relic"],"build_version":"2020-12-22","purchased_purges":1,"victory":false,"max_hp_per_floor":[99,99,99,99,99,99,99,99,99,99,99,99,99,99,99,99,99,99],"card_choices":[{"not_picked":["sneckomod:UnknownClassGREEN","sneckomod:DiceBlock"],"picked":"sneckomod:UnendingSupply","floor":2},{"not_picked":["sneckomod:UnknownClassBLUE","sneckomod:Nope"],"picked":"sneckomod:WideSting","floor":3},{"not_picked":["sneckomod:SoulCleanse","sneckomod:UnknownClassRED"],"picked":"sneckomod:UnknownRareSkill","floor":4},{"not_picked":["sneckomod:UnknownUncommonSkill","sneckomod:RainOfDice"],"picked":"sneckomod:UnknownClassGUARDIAN","floor":6},{"not_picked":["sneckomod:UnknownClassGREEN","sneckomod:UnknownCommonAttack"],"picked":"sneckomod:DiceBlock","floor":8},{"not_picked":["sneckomod:UnknownBlock","sneckomod:ImprovisedGuard"],"picked":"sneckomod:DiceCrush","floor":10},{"not_picked":["sneckomod:Unknown1Cost","sneckomod:UnknownCommonAttack"],"picked":"sneckomod:Unknown3Cost","floor":14},{"not_picked":["sneckomod:UnknownBlock","sneckomod:Nope"],"picked":"sneckomod:SoulDraw","floor":15}],"player_experience":663627,"relics_obtained":[{"floor":7,"key":"Mummified Hand"}],"event_choices":[{"damage_healed":0,"gold_gain":0,"player_choice":"Ignored","damage_taken":0,"max_hp_gain":0,"max_hp_loss":0,"event_name":"NoteForYourself","floor":5,"gold_loss":0}],"is_beta":false,"boss_relics":[],"items_purged_floors":[10],"is_endless":false,"potions_floor_spawned":[3,8,14,15],"killed_by":"SI_SHIV_ARCHETYPE","ascension_level":0}}