{"host":"nnt34ungdh9fkcmy","time":1611532595,"event":{"mods":["BaseMod","Downfall","Minty Spire (QoL Compilation)","StSLib","SuperFastMode"],"gold_per_floor":[99,109,109,127,37,37,113,133,133,148,178,124,24,37,52,148,148,48,67,84,95,95,95,95,114,114,114,61,61,61,78,92,196,196,96,116,127,127,82,82,82,97,107,134,134,134,134],"floor_reached":45,"language":"ENG","playtime":2275,"items_purged":["Pain","Decay"],"score":494,"play_id":"aca5f9cd-cc11-4b59-bc57-879f855e5dc4","local_time":"20210124165635","is_ascension_mode":true,"campfire_choices":[{"data":"Slimebound:CorrosiveSpit","floor":1.0,"key":"SMITH"},{"data":"Slimebound:Tackle","floor":6.0,"key":"SMITH"},{"floor":9.0,"key":"RECALL"},{"data":"Slimebound:SlimeBarrage","floor":13.0,"key":"SMITH"},{"data":"Slimebound:DuplicatedForm","floor":18.0,"key":"SMITH"},{"data":"Slimebound:GoopSpray","floor":23.0,"key":"SMITH"},{"data":"Slimebound:LeadByExample","floor":30.0,"key":"SMITH"},{"data":"Slimebound:PressTheAttack","floor":35,"key":"SMITH"}],"circlet_count":0,"master_deck":["Slimebound:Strike_Slimebound+1","Slimebound:Strike_Slimebound+1","Slimebound:Tackle+1","Slimebound:Defend_Slimebound","Slimebound:Defend_Slimebound","Slimebound:Defend_Slimebound","Slimebound:Split+1","Slimebound:CorrosiveSpit+1","Slimebound:LeechingTouch","Slimebound:SlimeSpikes","Slimebound:SlimeBarrage+1","Slimebound:SlimeSpikes","Slimebound:SpikyOuterGoop","Slimebound:DuplicatedForm+1","Slimebound:SlimeBarrage","Slimebound:SlimeSlap","Slimebound:SplitMire+1","Slimebound:GoopSpray+1","Slimebound:SpikyOuterGoop","Slimebound:SpikyOuterGoop","Slimebound:LeadByExample+1","Slimebound:Schlurp","Slimebound:HauntingLick","Slimebound:SplitSpecialist","Slimebound:PressTheAttack+1","Slimebound:MinionMaster","Slimebound:SplitAcid+1","Slimebound:ItLooksTasty+1","expansioncontent:PolyBeam","Slimebound:ForwardTackle"],"relics":["Slimebound:AbsorbEndCombat","WarpedTongs","Matryoshka","Eternal Feather","downfall:HeartBlessingGreen","Cursed Key","downfall:HeartBlessingRed","Whetstone","Enchiridion","Runic Pyramid","downfall:HeartBlessingBlue","Omamori","Medical Kit","Art of War","Du-Vu Doll","Bronze Scales"],"acts_visited":["Exordium","TheCity","TheBeyond"],"potions_floor_usage":[],"damage_taken":[{"damage":0.0,"enemies":"2 Louse","floor":2.0,"turns":3.0},{"damage":5.0,"enemies":"Cultist","floor":4.0,"turns":3.0},{"damage":12.0,"enemies":"downfall:FleeingMerchant","floor":5.0,"turns":4.0},{"damage":0.0,"enemies":"Small Slimes","floor":8.0,"turns":3.0},{"damage":1.0,"enemies":"2 Fungi Beasts","floor":10.0,"turns":3.0},{"damage":9.0,"enemies":"Lagavulin","floor":11.0,"turns":7.0},{"damage":10.0,"enemies":"downfall:FleeingMerchant","floor":12.0,"turns":4.0},{"damage":6.0,"enemies":"Exordium Wildlife","floor":14.0,"turns":3.0},{"damage":13.0,"enemies":"Blue Slaver","floor":15.0,"turns":4.0},{"damage":35.0,"enemies":"WA_ARCHETYPE_RETAIN","floor":16.0,"turns":8.0},{"damage":5.0,"enemies":"Spheric Guardian","floor":19.0,"turns":3.0},{"damage":24.0,"enemies":"Centurion and Healer","floor":20.0,"turns":6.0},{"damage":49.0,"enemies":"Shelled Parasite and Fungi","floor":21.0,"turns":5.0},{"damage":15.0,"enemies":"Snecko","floor":22.0,"turns":2.0},{"damage":17.0,"enemies":"Centurion and Healer","floor":25.0,"turns":7.0},{"damage":0.0,"enemies":"downfall:FleeingMerchant","floor":28.0,"turns":4.0},{"damage":29.0,"enemies":"Snake Plant","floor":31.0,"turns":3.0},{"damage":16,"enemies":"Shelled Parasite and Fungi","floor":32,"turns":6},{"damage":8,"enemies":"DF_ARCHETYPE_CLAW","floor":33,"turns":9},{"damage":7,"enemies":"3 Shapes","floor":36,"turns":3},{"damage":31,"enemies":"3 Darklings","floor":37,"turns":5},{"damage":0,"enemies":"downfall:FleeingMerchant","floor":39,"turns":4},{"damage":30,"enemies":"Writhing Mass","floor":42,"turns":5},{"damage":15,"enemies":"Maw","floor":43,"turns":5},{"damage":36,"enemies":"Giant Head","floor":44,"turns":9},{"damage":13,"enemies":"4 Shapes","floor":45,"turns":1}],"seed_played":"-8172288316896420762","potions_obtained":[{"floor":4.0,"key":"Slimebound:SpawnSlimePotion"},{"floor":11.0,"key":"Fire Potion"},{"floor":14.0,"key":"SpeedPotion"},{"floor":15.0,"key":"Slimebound:SpawnSlimePotion"},{"floor":20.0,"key":"SmokeBomb"},{"floor":32,"key":"Strength Potion"},{"floor":33,"key":"hexamod:SoulburnPotion"},{"floor":43,"key":"DuplicationPotion"}],"is_trial":false,"path_per_floor":["R","M","?","M","$","R","T","M","R","M","E","$","R","M","M","B",null,"R","M","M","M","M","R","T","M","?","?","$","?","R","M","M","B",null,"R","M","M","?","$","?","T","M","M","E","M"],"character_chosen":"SLIMEBOUND","items_purchased":["Slimebound:SpikyOuterGoop","Slimebound:LeadByExample","Omamori","Medical Kit"],"campfire_rested":0,"item_purchase_floors":[12,28,39,39],"current_hp_per_floor":[65,65,65,62,56,56,56,58,58,61,60,56,65,61,50,38,65,65,60,59,29,29,41,41,32,16,16,24,24,39,16,8,8,65,75,74,46,46,52,47,47,25,33,5,0,0,0],"gold":134,"neow_bonus":"UPGRADE_CARD","is_daily":false,"chose_seed":false,"campfire_upgraded":7,"win_rate":0.0,"timestamp":1611532595,"path_taken":["R","M","?","?","$","R","T","M","R","M","E","$","R","M","M","BOSS","R","M","M","M","M","R","T","M","?","?","$","?","R","?","M","BOSS","R","M","M","?","$","?","T","M","M","E","?"],"items_purchased_type":["Card","Card","Relic","Relic"],"build_version":"2020-12-22","purchased_purges":2,"victory":false,"max_hp_per_floor":[65,65,65,65,65,65,65,65,65,65,65,65,65,65,65,65,65,65,65,65,65,65,65,65,65,65,65,65,65,65,65,65,65,65,75,75,75,75,75,75,75,75,75,75,75,75,75],"card_choices":[{"not_picked":["Slimebound:GoopTackle","Slimebound:ProtectTheBoss"],"picked":"Slimebound:RollThrough","floor":2.0},{"not_picked":["Slimebound:RainOfGoop","Slimebound:LeechEnergy","Slimebound:Dissolve"],"picked":"SKIP","floor":4.0},{"not_picked":["Slimebound:HungryTackle","Slimebound:SamplingLick"],"picked":"Slimebound:LeechingTouch","floor":5.0},{"not_picked":["Slimebound:SplitMire","Slimebound:Repurpose"],"picked":"Slimebound:SlimeSpikes","floor":8.0},{"not_picked":["Slimebound:SamplingLick","Slimebound:Darklings"],"picked":"Slimebound:SlimeBarrage","floor":10.0},{"not_picked":["Slimebound:PressTheAttack","Slimebound:SplitMire"],"picked":"Slimebound:SlimeSpikes","floor":11.0},{"not_picked":["Slimebound:GoopTackle","Slimebound:Prepare","Slimebound:RollThrough"],"picked":"SKIP","floor":12.0},{"not_picked":["Slimebound:FlameTackle","Slimebound:SplitLeeching"],"picked":"Slimebound:DuplicatedForm","floor":14.0},{"not_picked":["Slimebound:ProtectTheBoss","Slimebound:LeechingTouch"],"picked":"Slimebound:SlimeBarrage","floor":15.0},{"not_picked":["Slimebound:MassFeed","Slimebound:WasteNot"],"picked":"Slimebound:SlimeSlap","floor":16.0},{"not_picked":["Slimebound:LivingWall+1","Slimebound:ProtectTheBoss"],"picked":"Slimebound:SplitMire+1","floor":19.0},{"not_picked":["Slimebound:GoopTackle+1","Slimebound:HauntingLick"],"picked":"Slimebound:GoopSpray","floor":20.0},{"not_picked":["Slimebound:ServeAndProtect","Slimebound:FinishingTackle"],"picked":"Slimebound:SpikyOuterGoop","floor":21.0},{"not_picked":["Slimebound:LivingWall+1","Slimebound:ViciousTackle"],"picked":"Slimebound:SpikyOuterGoop","floor":25.0},{"not_picked":["Slimebound:MegaLick","Slimebound:SplitLeeching","Slimebound:Grow+1"],"picked":"SKIP","floor":28.0},{"not_picked":["Slimebound:DivideAndConquer+1","Slimebound:SplitLeeching"],"picked":"Slimebound:SplitSpecialist","floor":31.0},{"not_picked":["Slimebound:SpikyOuterGoop+1","Slimebound:WasteNot"],"picked":"Slimebound:PressTheAttack","floor":32},{"not_picked":["Slimebound:LeechLife","Slimebound:WasteNot"],"picked":"Slimebound:MinionMaster","floor":33},{"not_picked":["Slimebound:FinishingTackle+1","Slimebound:Nibble+1"],"picked":"Slimebound:SplitAcid+1","floor":36},{"not_picked":["Slimebound:GoopTackle+1","Slimebound:FlameTackle+1","Slimebound:ServeAndProtect+1"],"picked":"SKIP","floor":37},{"not_picked":["Slimebound:SplitMire+1","Slimebound:SlimeBrawl+1"],"picked":"Slimebound:ItLooksTasty+1","floor":39},{"not_picked":["expansioncontent:LastStand","expansioncontent:AwakenDeath"],"picked":"expansioncontent:PolyBeam","floor":40},{"not_picked":["Slimebound:Schlurp+1","Slimebound:SplitBruiser"],"picked":"Slimebound:ForwardTackle","floor":42},{"not_picked":["Slimebound:GoopSpray","Slimebound:RollThrough","Slimebound:DisruptingSlam"],"picked":"SKIP","floor":43},{"not_picked":["Slimebound:Prepare+1","Slimebound:FinishingTackle","Slimebound:LeechEnergy"],"picked":"SKIP","floor":44}],"player_experience":253737,"relics_obtained":[{"floor":7.0,"key":"Matryoshka"},{"floor":11.0,"key":"Eternal Feather"},{"floor":24.0,"key":"Whetstone"},{"floor":26.0,"key":"Enchiridion"},{"floor":41,"key":"Art of War"},{"floor":41,"key":"Du-Vu Doll"},{"floor":44,"key":"Bronze Scales"}],"event_choices":[{"damage_healed":0.0,"max_hp_gain":0.0,"max_hp_loss":0.0,"gold_gain":0.0,"event_name":"Accursed Blacksmith","player_choice":"Rummage","floor":3.0,"gold_loss":0.0,"damage_taken":0.0,"relics_obtained":["WarpedTongs"],"cards_obtained":["Pain"]},{"damage_healed":0.0,"max_hp_gain":0.0,"max_hp_loss":0.0,"gold_gain":0.0,"cards_transformed":["Slimebound:Strike_Slimebound","Slimebound:Defend_Slimebound"],"event_name":"Drug Dealer","player_choice":"Became Test Subject","floor":29.0,"gold_loss":0.0,"damage_taken":0.0,"cards_obtained":["Slimebound:Schlurp","Slimebound:HauntingLick"]},{"cards_removed":["Slimebound:RollThrough"],"damage_healed":0,"gold_gain":0,"player_choice":"Removed Attack","damage_taken":0,"max_hp_gain":0,"max_hp_loss":0,"event_name":"Falling","floor":38,"gold_loss":0}],"is_beta":false,"boss_relics":[{"not_picked":["bronze:MakeshiftBattery","SacredBark"],"picked":"Cursed Key"},{"not_picked":["Tiny House","Philosopher\u0027s Stone"],"picked":"Runic Pyramid"}],"items_purged_floors":[5,39],"is_endless":false,"potions_floor_spawned":[4,11,14,15,20,22,32,33,42,43,44],"killed_by":"4 Shapes","ascension_level":2}}