{"host":"3oowddqpmj34xmzc","time":1611494077,"event":{"mods":["2.2 Compatiblity","Act Like it!","Arknights The Spire","Aspiration","BaseMod","CapriCore","Gensokyo","Gold Saver","Minty Spire (QoL Compilation)","Pale of the Ancients","Reimu（博丽灵梦）","Relic Stats","Remilia（蕾米莉亚）","Replay The Spire","Robot Space Explorer","Spicy Shops","StSLib","The Gatherer","The Servant 0.9.4","Uncapped","[GremlinLeader]The Maniac"],"gold_per_floor":[920,367,384,384,334,361,361,389,413,413,413,418,435,182,182,284,284,303,43,53,71,91,119,119,119,119,22,22,47,67,85,85,188,188,208,208,208,219,229,249,249,353,353,373,392,21,21,21,21,21],"floor_reached":51,"language":"ZHS","playtime":3567,"items_purged":["Strike_R","Poor:ReiMu","Shame","Regret"],"score":755,"play_id":"6dadabbb-5518-4ce6-939c-c30e25afca15","local_time":"20210124211437","is_ascension_mode":false,"campfire_choices":[{"data":"Bash","floor":7.0,"key":"SMITH"},{"data":"Body Slam","floor":15.0,"key":"SMITH"},{"data":"Demon Form","floor":24.0,"key":"SMITH"},{"data":"Demon Form","floor":32,"key":"SMITH"},{"data":"Enlightenment","floor":41,"key":"SMITH"},{"floor":47,"key":"REST"},{"data":"Body Slam","floor":49,"key":"SMITH"}],"circlet_count":0,"master_deck":["Defend_R+1","Defend_R+1","Defend_R+1","Defend_R+1","Bash+1","Clash","Body Slam+1","Demon Form+1","Whirlwind+1","Inflame+1","Armaments+1","Ghostly Armor+1","Heavy Blade","Replay:Undeath\u0027s Touch+1","Demon Form+1","Enlightenment+1","Bloodletting+1","After Image+1","Die Die Die","Dagger Throw","Body Slam+1","Pot Of Greed","Pot Of Greed","Metallicize+1"],"relics":["Burning Blood","aspiration:Nostalgia","m_ScarletBlood","Sling","OrangePellets","Replay:Bottled Eggs","TungstenRod","Whetstone","Pen Nib","Letter Opener","YidongShenshe:ReiMu","ReplayTheSpireMod:TigerMarble","aspiration:Lifesprig","Replay:Grab Bag","Cursed Key","Busted Crown","Astrolabe","BargainBundle","ClockworkSouvenir","aspiration:StickyExplosives_weak","ReplayTheSpireMod:Ring of Collecting","Frozen Egg 2","aspiration:FutureDiary","Pet Ghost","Grinning Jar","Medical Kit"],"acts_visited":["Exordium","TheCity","Gensokyo:Gensokyoest"],"potions_floor_usage":[39,50],"damage_taken":[{"damage":6.0,"enemies":"2 Louse","floor":1.0,"turns":3.0},{"damage":3.0,"enemies":"Jaw Worm","floor":3.0,"turns":4.0},{"damage":4.0,"enemies":"Gremlin Nob","floor":6.0,"turns":3.0},{"damage":8.0,"enemies":"3 Sentries","floor":8.0,"turns":10.0},{"damage":7.0,"enemies":"Gremlin Nob","floor":12.0,"turns":3.0},{"damage":0.0,"enemies":"Small Slimes","floor":13.0,"turns":2.0},{"damage":26.0,"enemies":"Fading Forest","floor":16.0,"turns":11.0},{"damage":0.0,"enemies":"3 Byrds","floor":18.0,"turns":4.0},{"damage":0.0,"enemies":"Spheric Guardian","floor":20.0,"turns":2.0},{"damage":8.0,"enemies":"Shelled Parasite and Fungi","floor":21.0,"turns":5.0},{"damage":6.0,"enemies":"Snake Plant","floor":22.0,"turns":2.0},{"damage":1.0,"enemies":"Slavers","floor":23.0,"turns":2.0},{"damage":19.0,"enemies":"Gremlin Leader","floor":29.0,"turns":3.0},{"damage":4.0,"enemies":"Sentry and Sphere","floor":30.0,"turns":3.0},{"damage":5,"enemies":"3 Cultists","floor":31,"turns":3},{"damage":50,"enemies":"Automaton","floor":33,"turns":7},{"damage":4,"enemies":"Gensokyo:3_Bats","floor":35,"turns":4},{"damage":0,"enemies":"Gensokyo:AncientGuardian","floor":38,"turns":4},{"damage":5,"enemies":"Gensokyo:4_Bats","floor":39,"turns":2},{"damage":0,"enemies":"Gensokyo:SeedOfUnknown","floor":40,"turns":3},{"damage":30,"enemies":"Gensokyo:AtlasGolem","floor":44,"turns":4},{"damage":6,"enemies":"Gensokyo:4_Bats","floor":45,"turns":2},{"damage":5,"enemies":"Gensokyo:Yuyuko","floor":50,"turns":6}],"seed_played":"4902531873623752830","potions_obtained":[{"floor":3.0,"key":"Block Potion"},{"floor":6.0,"key":"BlessingOfTheForge"},{"floor":20.0,"key":"Block Potion"},{"floor":23.0,"key":"Death Potion"},{"floor":30.0,"key":"Milkshake"},{"floor":31,"key":"Explosive Potion"},{"floor":39,"key":"Dexterity Potion"},{"floor":40,"key":"DuplicationPotion"}],"is_trial":false,"path_per_floor":["M","$","M","?","?","E","R","E","T","T","?","E","M","$","R","B",null,"M","$","M","M","M","E","R","?","T","$","?","E","M","M","R","B",null,"M","?","?","M","M","M","R","?","T","M","M","$","R","COS","R","B",null],"character_chosen":"IRONCLAD","items_purchased":["Sling","OrangePellets","Replay:Bottled Eggs","aspiration:Lifesprig","BargainBundle","ClockworkSouvenir","Enlightenment","Medical Kit","Metallicize+1"],"campfire_rested":1,"item_purchase_floors":[2,2,2,14,19,19,27,46,46],"current_hp_per_floor":[80,80,80,80,80,80,80,78,78,78,78,77,80,80,80,80,80,80,80,80,78,78,80,80,80,80,80,80,67,69,70,70,26,80,80,80,80,80,80,80,80,80,80,56,56,56,80,80,80,80],"gold":21,"neow_bonus":"NOSTALGIA","is_daily":false,"chose_seed":false,"campfire_upgraded":6,"win_rate":0.0,"timestamp":1611494077,"path_taken":["M","$","M","?","?","E","R","E","T","?","?","E","M","$","R","BOSS","M","$","M","M","M","E","R","?","T","$","?","E","?","M","R","BOSS","M","?","?","?","M","M","R","?","T","M","M","$","R","COS","R","BOSS"],"items_purchased_type":["Relic","Relic","Relic","Relic","Relic","Relic","Card","Relic","Card"],"build_version":"2020-12-22","purchased_purges":4,"victory":true,"max_hp_per_floor":[80,80,80,80,80,80,80,80,80,80,80,80,80,80,80,80,80,80,80,80,80,80,80,80,80,80,80,80,80,80,80,80,80,80,80,80,80,80,80,80,80,80,80,80,80,80,80,80,80,80],"relic_stats":{"OrangePellets":[1],"Busted Crown":36,"counters":[23,92],"Astrolabe":["Whirlwind","Inflame","Armaments"],"Pen Nib":[13],"Whetstone":["Strike_R","Strike_R"],"Letter Opener":[165],"Cursed Key":0,"Medical Kit":[3],"obtain_stats":[{"aspiration:Lifesprig":14,"Whetstone":8,"Sling":2,"Cursed Key":17,"Burning Blood":0,"Pet Ghost":36,"ClockworkSouvenir":19,"aspiration:StickyExplosives_weak":23,"m_ScarletBlood":0,"Replay:Bottled Eggs":2,"aspiration:FutureDiary":34,"BargainBundle":19,"aspiration:Nostalgia":0,"Replay:Grab Bag":17,"Astrolabe":17,"Pen Nib":9,"Letter Opener":10,"Frozen Egg 2":29,"Medical Kit":46,"OrangePellets":2,"Busted Crown":17,"ReplayTheSpireMod:Ring of Collecting":25,"YidongShenshe:ReiMu":11,"ReplayTheSpireMod:TigerMarble":12,"Grinning Jar":42,"TungstenRod":6},{"aspiration:Lifesprig":6,"Whetstone":4,"Sling":1,"Cursed Key":7,"Burning Blood":0,"Pet Ghost":17,"ClockworkSouvenir":8,"aspiration:StickyExplosives_weak":12,"m_ScarletBlood":0,"Replay:Bottled Eggs":1,"aspiration:FutureDiary":16,"BargainBundle":8,"aspiration:Nostalgia":0,"Replay:Grab Bag":7,"Astrolabe":7,"Pen Nib":4,"Letter Opener":4,"Frozen Egg 2":13,"Medical Kit":22,"OrangePellets":1,"Busted Crown":7,"ReplayTheSpireMod:Ring of Collecting":12,"YidongShenshe:ReiMu":4,"ReplayTheSpireMod:TigerMarble":5,"Grinning Jar":20,"TungstenRod":3},{"aspiration:Lifesprig":25,"Whetstone":20,"Sling":3,"Cursed Key":36,"Burning Blood":0,"Pet Ghost":71,"ClockworkSouvenir":40,"aspiration:StickyExplosives_weak":51,"m_ScarletBlood":0,"Replay:Bottled Eggs":3,"aspiration:FutureDiary":67,"BargainBundle":40,"aspiration:Nostalgia":0,"Replay:Grab Bag":36,"Astrolabe":36,"Pen Nib":20,"Letter Opener":20,"Frozen Egg 2":54,"Medical Kit":86,"OrangePellets":3,"Busted Crown":36,"ReplayTheSpireMod:Ring of Collecting":51,"YidongShenshe:ReiMu":20,"ReplayTheSpireMod:TigerMarble":23,"Grinning Jar":80,"TungstenRod":10}],"Burning Blood":93,"TungstenRod":38},"card_choices":[{"not_picked":["Warcry","Blood for Blood"],"picked":"Flex","floor":1.0},{"not_picked":["ReplayTheSpireMod:Strike From Hell","Massacre","Abandon"],"picked":"SKIP","floor":3.0},{"not_picked":["Corruption","ReplayTheSpireMod:Corrosion Curse"],"picked":"Clash","floor":6.0},{"not_picked":["Anger","Heavy Blade"],"picked":"Twin Strike","floor":8.0},{"not_picked":["Thunderclap","Dual Wield"],"picked":"Body Slam","floor":12.0},{"not_picked":["ReplayReversal","Defy Death"],"picked":"Metallicize","floor":13.0},{"not_picked":["Corruption","Double Tap"],"picked":"Demon Form","floor":16.0},{"not_picked":[],"picked":"Ghostly Armor+1","floor":18.0},{"not_picked":[],"picked":"Heavy Blade","floor":20.0},{"not_picked":["Shrug It Off+1"],"picked":"SKIP","floor":21.0},{"not_picked":[],"picked":"Replay:Undeath\u0027s Touch+1","floor":22.0},{"not_picked":[],"picked":"Demon Form","floor":23.0},{"not_picked":["Thunderclap"],"picked":"SKIP","floor":29.0},{"not_picked":[],"picked":"Bloodletting+1","floor":30.0},{"not_picked":["Searing Blow"],"picked":"SKIP","floor":31},{"not_picked":["ReplayReversal+1"],"picked":"SKIP","floor":35},{"not_picked":[],"picked":"Body Slam","floor":38},{"not_picked":["Clothesline+1"],"picked":"SKIP","floor":39},{"not_picked":["Shrug It Off"],"picked":"SKIP","floor":40},{"not_picked":["Iron Wave+1"],"picked":"SKIP","floor":44},{"not_picked":["Cleave"],"picked":"SKIP","floor":45}],"player_experience":128481,"relics_obtained":[{"floor":6.0,"key":"TungstenRod"},{"floor":8.0,"key":"Whetstone"},{"floor":9.0,"key":"Pen Nib"},{"floor":10.0,"key":"Letter Opener"},{"floor":12.0,"key":"ReplayTheSpireMod:TigerMarble"},{"floor":23.0,"key":"aspiration:StickyExplosives_weak"},{"floor":25.0,"key":"ReplayTheSpireMod:Ring of Collecting"},{"floor":29.0,"key":"Frozen Egg 2"},{"floor":42,"key":"Grinning Jar"}],"event_choices":[{"damage_healed":0.0,"max_hp_gain":0.0,"max_hp_loss":0.0,"gold_gain":0.0,"event_name":"Liars Game","player_choice":"Ignored","floor":4.0,"gold_loss":0.0,"damage_taken":0.0},{"cards_removed":["Strike_R"],"damage_healed":0.0,"max_hp_gain":0.0,"max_hp_loss":0.0,"gold_gain":0.0,"event_name":"The Cleric","player_choice":"Card Removal","floor":5.0,"gold_loss":50.0,"damage_taken":0.0},{"damage_healed":0.0,"max_hp_gain":0.0,"max_hp_loss":0.0,"gold_gain":0.0,"event_name":"yidonshenshe","player_choice":"带走神社","floor":11.0,"gold_loss":0.0,"damage_taken":0.0,"relics_obtained":["YidongShenshe:ReiMu"],"cards_obtained":["Poor:ReiMu"]}],"is_beta":false,"boss_relics":[{"not_picked":["Kintsugi","Replay:Bronze Core"],"picked":"Replay:Grab Bag"},{"not_picked":["Philosopher\u0027s Stone","Runic Dome"],"picked":"Cursed Key"},{"not_picked":["Coffee Dripper","SlaversCollar"],"picked":"Busted Crown"},{"not_picked":["aspiration:SilentSkillbook","Calling Bell"],"picked":"Astrolabe"},{"not_picked":["Electric Blood","Pandora\u0027s Box"],"picked":"aspiration:FutureDiary"}],"items_purged_floors":[2,14,19,46],"is_endless":false,"potions_floor_spawned":[3,6,20,23,30,31,39,40],"ascension_level":0}}