{"host":"70zhvo5nwrhp1mbg","time":1611519251,"event":{"mods":["BaseMod","Colored Map","Colored Powertips","Filter the Spire","Highlight Path","Minty Spire (QoL Compilation)","Rare Cards Sparkle","StSLib"],"gold_per_floor":[116,136,152,164,164,164,191,201,201,226,226,252,252,74,74,179,179,198,198,123,323,336,365,377,97,122,156,176,176,194,226,226,328,328,342,104,104,116,127,127,140,140,140,140,166,41,341,356,356,356,356],"floor_reached":50,"language":"ENG","playtime":4022,"items_purged":[],"score":793,"play_id":"086e63d1-7f7a-4697-8097-d09a32f78d13","local_time":"20210124151411","is_ascension_mode":true,"campfire_choices":[{"floor":6.0,"key":"REST"},{"floor":11.0,"key":"REST"},{"floor":13.0,"key":"REST"},{"floor":15.0,"key":"REST"},{"floor":29.0,"key":"REST"},{"floor":32,"key":"REST"},{"floor":40,"key":"REST"},{"floor":42,"key":"REST"},{"floor":44,"key":"REST"},{"floor":49,"key":"REST"}],"circlet_count":0,"master_deck":["Strike_R","Strike_R","Strike_R","Strike_R","Defend_R","Defend_R","Defend_R","Defend_R+1","Bash","Pommel Strike","Anger+1","Heavy Blade","Ghostly Armor+1","Cleave","Thunderclap","Flame Barrier","Blood for Blood","Fiend Fire","Demon Form","Headbutt","Carnage+1","Anger","Perfected Strike","Flame Barrier","Carnage","Uppercut","Bludgeon","Flame Barrier","Rampage","Rage","Rage+1","Twin Strike+1","Reaper","Dropkick+1","True Grit+1","Entrench","Body Slam+1","Cleave+1"],"relics":["Burning Blood","Bag of Preparation","War Paint","StoneCalendar","Paper Frog","Girya","Snecko Eye","The Courier","Toolbox","Potion Belt","Blood Vial","Toy Ornithopter","Bird Faced Urn","Runic Cube","Bronze Scales","ClockworkSouvenir","Self Forming Clay","Torii","Orrery"],"acts_visited":["Exordium","TheCity","TheBeyond"],"potions_floor_usage":[33,33,33,33,33,39,50],"damage_taken":[{"damage":7.0,"enemies":"2 Louse","floor":1.0,"turns":4.0},{"damage":1.0,"enemies":"Cultist","floor":2.0,"turns":3.0},{"damage":8.0,"enemies":"Jaw Worm","floor":3.0,"turns":4.0},{"damage":13.0,"enemies":"Red Slaver","floor":4.0,"turns":3.0},{"damage":32.0,"enemies":"Gremlin Nob","floor":7.0,"turns":4.0},{"damage":9.0,"enemies":"Exordium Thugs","floor":8.0,"turns":5.0},{"damage":45.0,"enemies":"Lagavulin","floor":10.0,"turns":7.0},{"damage":19.0,"enemies":"3 Sentries","floor":12.0,"turns":7.0},{"damage":21.0,"enemies":"Slime Boss","floor":16.0,"turns":8.0},{"damage":23.0,"enemies":"3 Byrds","floor":18.0,"turns":4.0},{"damage":10.0,"enemies":"2 Thieves","floor":22.0,"turns":4.0},{"damage":18.0,"enemies":"Gremlin Leader","floor":23.0,"turns":5.0},{"damage":16.0,"enemies":"Centurion and Healer","floor":24.0,"turns":5.0},{"damage":21.0,"enemies":"Book of Stabbing","floor":27.0,"turns":3.0},{"damage":0.0,"enemies":"Cultist and Chosen","floor":28.0,"turns":3.0},{"damage":0.0,"enemies":"Snecko","floor":30.0,"turns":2.0},{"damage":21.0,"enemies":"Gremlin Leader","floor":31.0,"turns":6.0},{"damage":4,"enemies":"Collector","floor":33,"turns":7},{"damage":5,"enemies":"3 Shapes","floor":35,"turns":2},{"damage":8,"enemies":"Orb Walker","floor":38,"turns":3},{"damage":38,"enemies":"3 Darklings","floor":39,"turns":5},{"damage":48,"enemies":"Writhing Mass","floor":41,"turns":4},{"damage":46,"enemies":"Reptomancer","floor":45,"turns":6},{"damage":15,"enemies":"4 Shapes","floor":48,"turns":3},{"damage":82,"enemies":"Donu and Deca","floor":50,"turns":6}],"seed_played":"2001579243364643607","potions_obtained":[{"floor":7.0,"key":"Weak Potion"},{"floor":10.0,"key":"LiquidMemories"},{"floor":16.0,"key":"SteroidPotion"},{"floor":22.0,"key":"EssenceOfSteel"},{"floor":27.0,"key":"BlessingOfTheForge"},{"floor":28.0,"key":"Dexterity Potion"},{"floor":33,"key":"Fire Potion"},{"floor":48,"key":"Block Potion"}],"is_trial":false,"path_per_floor":["M","M","M","M","?","R","E","M","T","E","R","E","R","$","R","B",null,"M","?","$","?","M","E","M","$","T","E","M","R","M","E","R","B",null,"M","$","?","M","M","R","M","R","T","R","E","$","?","M","R","B"],"character_chosen":"IRONCLAD","items_purchased":["AttackPotion","Fiend Fire","BlessingOfTheForge","LiquidBronze","Toolbox","Potion Belt","Block Potion","Bronze Scales","ClockworkSouvenir","Orrery"],"campfire_rested":10,"item_purchase_floors":[14,14,14,20,25,25,25,36,36,46],"current_hp_per_floor":[71,76,74,67,67,80,54,51,51,12,36,23,47,47,71,56,74,57,57,57,57,53,41,31,31,31,18,26,50,58,45,69,80,80,80,80,80,78,53,77,38,62,62,80,42,42,42,49,73,0,0],"gold":356,"neow_bonus":"RANDOM_COMMON_RELIC","is_daily":false,"chose_seed":false,"campfire_upgraded":0,"win_rate":0.0,"timestamp":1611519251,"path_taken":["M","M","M","M","?","R","E","M","T","E","R","E","R","$","R","BOSS","M","?","$","?","M","E","M","$","T","E","M","R","?","E","R","BOSS","M","?","?","?","M","R","M","R","T","R","E","$","?","M","R","BOSS"],"items_purchased_type":["Potion","Card","Potion","Potion","Relic","Relic","Potion","Relic","Relic","Relic"],"build_version":"2020-12-22","purchased_purges":0,"victory":false,"max_hp_per_floor":[80,80,80,80,80,80,80,80,80,80,80,80,80,80,80,80,80,80,80,80,80,80,80,80,80,80,80,80,80,80,80,80,80,80,80,80,80,80,80,80,80,80,80,80,80,80,80,80,80,80,80],"card_choices":[{"not_picked":["Wild Strike","Intimidate"],"picked":"Pommel Strike","floor":1.0},{"not_picked":["Bloodletting","Wild Strike"],"picked":"Anger","floor":2.0},{"not_picked":["Hemokinesis","Anger"],"picked":"Heavy Blade","floor":3.0},{"not_picked":["Infernal Blade","Heavy Blade"],"picked":"Ghostly Armor","floor":4.0},{"not_picked":["Body Slam","Wild Strike"],"picked":"Cleave","floor":7.0},{"not_picked":["Headbutt","True Grit"],"picked":"Thunderclap","floor":8.0},{"not_picked":["Bludgeon","Anger"],"picked":"Flame Barrier","floor":10.0},{"not_picked":["Pommel Strike","Feel No Pain"],"picked":"Blood for Blood","floor":12.0},{"not_picked":["Barricade","Brutality"],"picked":"Demon Form","floor":16.0},{"not_picked":["Rupture+1","Anger+1"],"picked":"Headbutt","floor":18.0},{"not_picked":["Armaments","Hemokinesis","Twin Strike"],"picked":"SKIP","floor":22.0},{"not_picked":["Warcry","Havoc"],"picked":"Carnage+1","floor":23.0},{"not_picked":["Sentinel","Pommel Strike"],"picked":"Anger","floor":24.0},{"not_picked":["Disarm","Offering"],"picked":"Perfected Strike","floor":27.0},{"not_picked":["Thunderclap+1","Disarm"],"picked":"Flame Barrier","floor":28.0},{"not_picked":["Body Slam","Bloodletting"],"picked":"Carnage","floor":30.0},{"not_picked":["Pommel Strike+1","Blood for Blood+1"],"picked":"Uppercut","floor":31.0},{"not_picked":["Impervious","Fiend Fire"],"picked":"Bludgeon","floor":33},{"not_picked":["Uppercut+1","Rampage"],"picked":"Flame Barrier","floor":35},{"not_picked":["Spot Weakness","Heavy Blade+1"],"picked":"Rage","floor":38},{"not_picked":["Pommel Strike","Combust"],"picked":"Rage+1","floor":39},{"not_picked":["Wild Strike+1","Demon Form"],"picked":"Twin Strike+1","floor":41},{"not_picked":["Cleave+1","Body Slam"],"picked":"Reaper","floor":45},{"not_picked":["Dark Embrace+1","Shrug It Off+1"],"picked":"Dropkick+1","floor":46},{"not_picked":["Flex","Warcry+1"],"picked":"True Grit+1","floor":46},{"not_picked":["Shrug It Off+1","Warcry"],"picked":"Entrench","floor":46},{"not_picked":["Clash","Armaments"],"picked":"Body Slam+1","floor":46},{"not_picked":["Warcry","Pommel Strike"],"picked":"Cleave+1","floor":48}],"player_experience":460957,"relics_obtained":[{"floor":7.0,"key":"War Paint"},{"floor":9.0,"key":"StoneCalendar"},{"floor":10.0,"key":"Paper Frog"},{"floor":12.0,"key":"Girya"},{"floor":23.0,"key":"The Courier"},{"floor":26.0,"key":"Blood Vial"},{"floor":27.0,"key":"Toy Ornithopter"},{"floor":31.0,"key":"Bird Faced Urn"},{"floor":43,"key":"Self Forming Clay"},{"floor":45,"key":"Torii"}],"event_choices":[{"damage_healed":0.0,"max_hp_gain":0.0,"max_hp_loss":0.0,"gold_gain":0.0,"event_name":"Living Wall","player_choice":"Grow","floor":5.0,"gold_loss":0.0,"damage_taken":0.0,"cards_upgraded":["Anger"]},{"damage_healed":0.0,"max_hp_gain":0.0,"max_hp_loss":0.0,"gold_gain":0.0,"event_name":"Ghosts","player_choice":"Ignored","floor":19.0,"gold_loss":0.0,"damage_taken":0.0},{"damage_healed":0.0,"max_hp_gain":0.0,"max_hp_loss":0.0,"gold_gain":250.0,"event_name":"The Joust","player_choice":"Bet on Owner","floor":21.0,"gold_loss":50.0,"damage_taken":0.0},{"damage_healed":0,"gold_gain":0,"cards_transformed":["Strike_R"],"player_choice":"Transformed","damage_taken":0,"max_hp_gain":0,"max_hp_loss":0,"event_name":"Transmorgrifier","floor":37,"gold_loss":0,"cards_obtained":["Rampage"]},{"damage_healed":0,"gold_gain":300,"player_choice":"Gold","damage_taken":0,"max_hp_gain":0,"max_hp_loss":0,"event_name":"Wheel of Change","floor":47,"gold_loss":0}],"is_beta":false,"boss_relics":[{"not_picked":["Runic Pyramid","SacredBark"],"picked":"Snecko Eye"},{"not_picked":["Coffee Dripper","Busted Crown"],"picked":"Runic Cube"}],"items_purged_floors":[],"is_endless":false,"potions_floor_spawned":[7,10,16,22,23,27,28,33,48],"killed_by":"Donu and Deca","ascension_level":7}}