{"host":"uv5ws9rdk87e8i5k","time":1611513563,"event":{"mods":["AchievementEnabler","BaseMod","Colored Map","Minty Spire (QoL Compilation)","StSLib","SuperFastMode"],"gold_per_floor":[115,129,141,160,63,88,88,115,162,57,57,68,68,80,80,182,182,201,218,236,236,236],"floor_reached":21,"language":"ENG","playtime":677,"items_purged":["Strike_G"],"score":305,"play_id":"1f8599a0-9f32-491e-9306-c80b3666e333","local_time":"20210124123923","is_ascension_mode":true,"campfire_choices":[{"data":"Noxious Fumes","floor":7,"key":"SMITH"},{"data":"Catalyst","floor":11,"key":"SMITH"},{"floor":15,"key":"REST"}],"circlet_count":0,"master_deck":["Strike_G","Strike_G","Strike_G","Strike_G","Defend_G","Defend_G","Defend_G","Defend_G","Defend_G","Survivor","Neutralize","Poisoned Stab","Noxious Fumes+1","Prepared","Catalyst+1","Footwork","PiercingWail","Tools of the Trade","Bouncing Flask"],"relics":["Ring of the Snake","Singing Bowl","Ninja Scroll","MealTicket","Cursed Key"],"acts_visited":["Exordium","TheCity"],"potions_floor_usage":[6,16,18,20],"damage_taken":[{"damage":2,"enemies":"Small Slimes","floor":1,"turns":4},{"damage":3,"enemies":"Jaw Worm","floor":2,"turns":4},{"damage":2,"enemies":"Cultist","floor":3,"turns":4},{"damage":16,"enemies":"Exordium Thugs","floor":4,"turns":6},{"damage":21,"enemies":"Lagavulin","floor":6,"turns":8},{"damage":19,"enemies":"3 Sentries","floor":8,"turns":8},{"damage":5,"enemies":"3 Louse","floor":12,"turns":5},{"damage":5,"enemies":"Large Slime","floor":14,"turns":6},{"damage":23,"enemies":"The Guardian","floor":16,"turns":11},{"damage":5,"enemies":"Shell Parasite","floor":18,"turns":5},{"damage":0,"enemies":"Chosen","floor":19,"turns":5},{"damage":28,"enemies":"Sentry and Sphere","floor":20,"turns":7},{"damage":0,"enemies":"Centurion and Healer","floor":21,"turns":2}],"seed_played":"-312492086155899758","potions_obtained":[{"floor":1,"key":"Swift Potion"},{"floor":12,"key":"Block Potion"},{"floor":14,"key":"ColorlessPotion"},{"floor":18,"key":"Block Potion"}],"is_trial":false,"path_per_floor":["M","M","M","M","$","E","R","E","T","$","R","M","?","M","R","B",null,"M","M","M","M"],"character_chosen":"THE_SILENT","items_purchased":["Prepared","Footwork","PiercingWail"],"campfire_rested":1,"item_purchase_floors":[5,10,10],"current_hp_per_floor":[68,65,63,47,47,28,28,9,9,24,24,21,21,18,42,19,67,64,66,38,38,38],"gold":236,"neow_bonus":"TEN_PERCENT_HP_BONUS","is_daily":false,"chose_seed":false,"campfire_upgraded":2,"win_rate":0.0,"timestamp":1611513563,"path_taken":["M","M","M","M","$","E","R","E","T","$","R","M","?","M","R","BOSS","M","M","M","M"],"items_purchased_type":["Card","Card","Card"],"build_version":"2020-12-22","purchased_purges":1,"victory":false,"max_hp_per_floor":[77,77,77,77,77,79,79,79,79,79,79,81,81,83,83,83,83,85,87,87,87,87],"card_choices":[{"not_picked":["Sucker Punch","Blade Dance"],"picked":"Poisoned Stab","floor":1},{"not_picked":["Escape Plan","Quick Slash"],"picked":"Noxious Fumes","floor":2},{"not_picked":["Caltrops","Setup","Flechettes"],"picked":"SKIP","floor":3},{"not_picked":["All Out Attack","Distraction","Reflex"],"picked":"SKIP","floor":4},{"not_picked":["Dash","Slice","Predator"],"picked":"Singing Bowl","floor":6},{"not_picked":["Adrenaline","Flying Knee"],"picked":"Catalyst","floor":8},{"not_picked":["Finisher","Concentrate","Footwork"],"picked":"Singing Bowl","floor":12},{"not_picked":["Dash","Acrobatics","PiercingWail"],"picked":"Singing Bowl","floor":14},{"not_picked":["Malaise","Die Die Die"],"picked":"Tools of the Trade","floor":16},{"not_picked":["Underhanded Strike","Well Laid Plans","Accuracy"],"picked":"Singing Bowl","floor":18},{"not_picked":["Prepared","Deflect","Quick Slash"],"picked":"Singing Bowl","floor":19},{"not_picked":["Leg Sweep","Deflect"],"picked":"Bouncing Flask","floor":20}],"player_experience":232225,"relics_obtained":[{"floor":6,"key":"Singing Bowl"},{"floor":8,"key":"Ninja Scroll"},{"floor":9,"key":"MealTicket"}],"event_choices":[{"damage_healed":0,"gold_gain":0,"player_choice":"Searched \u00270\u0027 times","damage_taken":0,"max_hp_gain":0,"max_hp_loss":0,"event_name":"Dead Adventurer","floor":13,"gold_loss":0}],"is_beta":false,"boss_relics":[{"not_picked":["Empty Cage","WristBlade"],"picked":"Cursed Key"}],"items_purged_floors":[5],"is_endless":false,"potions_floor_spawned":[1,12,14,18],"killed_by":"Centurion and Healer","ascension_level":9}}