{"host":"w8xisjf5mgmfjvmt","time":1611486795,"event":{"mods":["BaseMod","BetterRewards","Challenge The Spire","Conspire","Dota2Spire","Energized Spire","Filter the Spire","Minty Spire (QoL Compilation)","Quarter Circle Forward PUNCH!","Quick Restart","Relic Stats","Replay The Spire","Shop Mod","Spicy Shops","StSLib","Starting Relic: Pandora\u0027s Box","¡¾ÒÅÎï¿¨ÅÆ¡¿REMEMod","óô»ðÖ¸ÄÏ"],"gold_per_floor":[118,137,153,153,2,36,46,57,57,75,90,125,137,156,156,227,227,245,245,39,39,33,59,70,102,152,169,187,112,112,146,146,220,220,236,252,252,252,252,252,252],"floor_reached":40,"language":"ZHS","playtime":1801,"items_purged":["Envenom"],"score":1074,"play_id":"d36beecd-73b7-4232-9c2d-421b537f55a8","local_time":"20210124191315","is_ascension_mode":true,"campfire_choices":[{"data":"A Thousand Cuts","floor":15.0,"key":"SMITH"},{"data":"REME_GreenPollution","floor":30.0,"key":"SMITH"},{"floor":32.0,"key":"REST"}],"circlet_count":0,"master_deck":["AscendersBane","Survivor","Neutralize","Hidden Blade","Distraction","Cloak And Dagger","PiercingWail","Cloak And Dagger","Dagger Throw","Setup","Sadistic Nature","Panache","Cloak And Dagger","Replay:Poison Smokescreen","Backflip","REME_GreenPollution+1","Prepared","ReplayTheSpireMod:Speed Training","Acrobatics","Metallicize+1","Reflex","Protect","A Thousand Cuts+1","Eviscerate","Underhanded Strike","ReplayTheSpireMod:Necrosis","Bandage Up","Finesse"],"relics":["Pandora\u0027s Box","REME_ComplimentaryCards","Dota2Spire:Butterfly","qcfpunch:School_Backpack","qcfpunch:White_Boots","Empty Cage","Medical Kit","Replay:Accelerometer","qcfpunch:Chain_With_Nametags","Anchor","REME_PuzzleBoxRelic","Dota2Spire:Bloodstone"],"acts_visited":["Exordium","TheCity","TheBeyond"],"potions_floor_usage":[],"damage_taken":[{"damage":0.0,"enemies":"Jaw Worm","floor":1.0,"turns":2.0},{"damage":0.0,"enemies":"Cultist","floor":2.0,"turns":3.0},{"damage":0.0,"enemies":"Small Slimes","floor":3.0,"turns":2.0},{"damage":4.0,"enemies":"Lagavulin","floor":6.0,"turns":5.0},{"damage":5.0,"enemies":"Exordium Thugs","floor":7.0,"turns":3.0},{"damage":0.0,"enemies":"Lots of Slimes","floor":8.0,"turns":3.0},{"damage":0.0,"enemies":"Large Slime","floor":10.0,"turns":3.0},{"damage":0.0,"enemies":"Exordium Wildlife","floor":11.0,"turns":2.0},{"damage":0.0,"enemies":"Gremlin Nob","floor":12.0,"turns":2.0},{"damage":6.0,"enemies":"3 Louse","floor":13.0,"turns":3.0},{"damage":0.0,"enemies":"Exordium Thugs","floor":14.0,"turns":4.0},{"damage":0.0,"enemies":"Fading Forest","floor":16.0,"turns":13.0},{"damage":10.0,"enemies":"3 Byrds","floor":18.0,"turns":4.0},{"damage":1.0,"enemies":"2 Thieves","floor":22.0,"turns":4.0},{"damage":2.0,"enemies":"Gremlin Leader","floor":23.0,"turns":5.0},{"damage":0.0,"enemies":"Centurion and Healer","floor":24.0,"turns":4.0},{"damage":28.0,"enemies":"Slavers","floor":25.0,"turns":4.0},{"damage":0.0,"enemies":"Snecko","floor":27.0,"turns":5.0},{"damage":0.0,"enemies":"3 Cultists","floor":28.0,"turns":4.0},{"damage":1.0,"enemies":"Book of Stabbing","floor":31.0,"turns":5.0},{"damage":2.0,"enemies":"conspire:MysteriousRune","floor":33.0,"turns":6.0},{"damage":0.0,"enemies":"Orb Walker","floor":35.0,"turns":3.0},{"damage":0.0,"enemies":"3 Shapes","floor":36.0,"turns":3.0},{"damage":0,"enemies":"Nemesis","floor":40,"turns":4}],"seed_played":"-660211778252918874","potions_obtained":[{"floor":2.0,"key":"LiquidBronze"},{"floor":3.0,"key":"Weak Potion"},{"floor":6.0,"key":"Explosive Potion"},{"floor":10.0,"key":"Swift Potion"},{"floor":13.0,"key":"Toxic Potion"},{"floor":16.0,"key":"AttackPotion"},{"floor":21.0,"key":"PowerPotion"},{"floor":21.0,"key":"LiquidBronze"},{"floor":22.0,"key":"Block Potion"},{"floor":23.0,"key":"EssenceOfSteel"},{"floor":28.0,"key":"DuplicationPotion"},{"floor":33.0,"key":"SteroidPotion"},{"floor":36.0,"key":"Doom Potion"}],"is_trial":false,"path_per_floor":["M","M","M","?","$","E","M","M","T","M","M","E","M","M","R","B",null,"M","?","$","?","M","E","M","E","T","M","M","$","R","E","R","B",null,"M","M","?","?","?","E"],"character_chosen":"THE_SILENT","items_purchased":["REME_GreenPollution","Prepared","Eviscerate","Medical Kit"],"campfire_rested":1,"item_purchase_floors":[5,5,20,20],"current_hp_per_floor":[59,59,59,59,59,55,50,50,50,50,50,50,44,44,44,52,58,48,48,48,48,47,45,45,17,17,17,17,17,17,16,34,32,53,53,53,53,53,43,47,47],"gold":252,"neow_bonus":"RANDOM_COLORLESS_2","is_daily":false,"chose_seed":false,"campfire_upgraded":2,"win_rate":0.0,"timestamp":1611486795,"path_taken":["M","M","M","?","$","E","?","M","T","M","M","E","?","M","R","BOSS","M","?","$","?","M","E","M","E","T","?","?","$","R","E","R","BOSS","M","M","?","?","?","E"],"items_purchased_type":["Card","Card","Card","Relic"],"build_version":"2020-12-22","purchased_purges":1,"victory":false,"max_hp_per_floor":[60,60,60,60,60,60,60,60,60,60,60,60,60,60,60,60,60,60,60,60,60,60,60,60,60,60,60,60,60,60,60,60,60,60,60,60,60,57,57,57,57],"relic_stats":{"counters":[24,96],"Pandora\u0027s Box":[],"Medical Kit":[0],"obtain_stats":[{"Replay:Accelerometer":23,"Anchor":26,"Dota2Spire:Butterfly":6,"qcfpunch:School_Backpack":9,"Pandora\u0027s Box":0,"Dota2Spire:Bloodstone":34,"REME_PuzzleBoxRelic":31,"qcfpunch:White_Boots":12,"Empty Cage":17,"Medical Kit":20,"qcfpunch:Chain_With_Nametags":25,"REME_ComplimentaryCards":0},{"Replay:Accelerometer":15,"Anchor":17,"Dota2Spire:Butterfly":4,"qcfpunch:School_Backpack":6,"Pandora\u0027s Box":0,"Dota2Spire:Bloodstone":21,"REME_PuzzleBoxRelic":20,"qcfpunch:White_Boots":9,"Empty Cage":12,"Medical Kit":13,"qcfpunch:Chain_With_Nametags":17,"REME_ComplimentaryCards":0},{"Replay:Accelerometer":58,"Anchor":66,"Dota2Spire:Butterfly":12,"qcfpunch:School_Backpack":18,"Pandora\u0027s Box":0,"Dota2Spire:Bloodstone":86,"REME_PuzzleBoxRelic":80,"qcfpunch:White_Boots":25,"Empty Cage":45,"Medical Kit":49,"qcfpunch:Chain_With_Nametags":66,"REME_ComplimentaryCards":0}]},"card_choices":[{"not_picked":["REME_MawOfCthun","Transmutation"],"picked":"Sadistic Nature","floor":0.0},{"not_picked":["Underhanded Strike","Prepared"],"picked":"Cloak And Dagger","floor":1.0},{"not_picked":["ReplayTheSpireMod:Tripwire","Dodge and Roll"],"picked":"Replay:Poison Smokescreen","floor":2.0},{"not_picked":["Quick Slash","Riddle With Holes"],"picked":"Backflip","floor":3.0},{"not_picked":["ReplayTheSpireMod:Exploit Weakness","Poisoned Stab"],"picked":"ReplayTheSpireMod:Speed Training","floor":6.0},{"not_picked":["REME_LeechingPoison","Crippling Poison"],"picked":"Acrobatics","floor":7.0},{"not_picked":["ReplayTheSpireMod:Exploit Weakness","Dagger Spray","Expertise"],"picked":"SKIP","floor":8.0},{"not_picked":["Iron Wave","Sword Boomerang+1"],"picked":"Metallicize+1","floor":10.0},{"not_picked":["Cloak And Dagger","Backstab","ReplayTheSpireMod:Exploit Weakness"],"picked":"SKIP","floor":10.0},{"not_picked":["Dagger Throw","Acrobatics"],"picked":"Reflex","floor":11.0},{"not_picked":["Rebound+1","Force Field","Gash"],"picked":"SKIP","floor":11.0},{"not_picked":["JustLucky","Replay:ManipulateFuture"],"picked":"Protect","floor":12.0},{"not_picked":["Cloak And Dagger","Outmaneuver","Predator"],"picked":"SKIP","floor":12.0},{"not_picked":["FlurryOfBlows","Halt","SashWhip"],"picked":"SKIP","floor":13.0},{"not_picked":["PiercingWail","Flechettes","ReplayTheSpireMod:Speed Training"],"picked":"SKIP","floor":13.0},{"not_picked":["ReplayTheSpireMod:The Works","Caltrops"],"picked":"A Thousand Cuts","floor":14.0},{"not_picked":["Darkness","Rebound","Panic Button"],"picked":"SKIP","floor":14.0},{"not_picked":["REME_CopyPotion","Venomology"],"picked":"Envenom","floor":16.0},{"not_picked":["Quick Slash","Concentrate","Dagger Spray"],"picked":"SKIP","floor":18.0},{"not_picked":["Dodge and Roll","Blade Dance"],"picked":"Underhanded Strike","floor":22.0},{"not_picked":["Outmaneuver","Unload","Hidden Blade"],"picked":"SKIP","floor":23.0},{"not_picked":["ReplayTheSpireMod:The Works","Hidden Blade","Dodge and Roll"],"picked":"SKIP","floor":24.0},{"not_picked":["Slice","PiercingWail","Choke"],"picked":"SKIP","floor":25.0},{"not_picked":["REME_GreenPollution","Caltrops+1","All Out Attack"],"picked":"SKIP","floor":27.0},{"not_picked":["Underhanded Strike","Bane","Quick Slash"],"picked":"SKIP","floor":28.0},{"not_picked":["Corpse Explosion","Bouncing Flask","Endless Agony"],"picked":"SKIP","floor":31.0},{"not_picked":["Envenom","Wraith Form v2"],"picked":"ReplayTheSpireMod:Necrosis","floor":33.0},{"not_picked":["Quick Slash+1","Flechettes","Deadly Poison"],"picked":"SKIP","floor":35.0},{"not_picked":["Dodge and Roll","Acrobatics","Quick Slash"],"picked":"SKIP","floor":36.0},{"not_picked":["Madness","Panacea"],"picked":"Bandage Up","floor":39},{"not_picked":["Panacea","Dramatic Entrance"],"picked":"Finesse","floor":39}],"player_experience":1235522,"relics_obtained":[{"floor":6.0,"key":"Dota2Spire:Butterfly"},{"floor":9.0,"key":"qcfpunch:School_Backpack"},{"floor":12.0,"key":"qcfpunch:White_Boots"},{"floor":23.0,"key":"Replay:Accelerometer"},{"floor":25.0,"key":"qcfpunch:Chain_With_Nametags"},{"floor":26.0,"key":"Anchor"},{"floor":31.0,"key":"REME_PuzzleBoxRelic"}],"event_choices":[{"cards_removed":["ReplayTheSpireMod:Shiv Toss"],"damage_healed":0.0,"max_hp_gain":0.0,"max_hp_loss":0.0,"gold_gain":0.0,"event_name":"Purifier","player_choice":"Purged","floor":4.0,"gold_loss":0.0,"damage_taken":0.0},{"damage_healed":0.0,"max_hp_gain":0.0,"max_hp_loss":0.0,"gold_gain":0.0,"event_name":"Vampires","player_choice":"Ignored","floor":19.0,"gold_loss":0.0,"damage_taken":0.0},{"damage_healed":0.0,"max_hp_gain":0.0,"max_hp_loss":0.0,"gold_gain":0.0,"event_name":"Lab","player_choice":"Got Potions","floor":21.0,"gold_loss":0.0,"damage_taken":0.0},{"damage_healed":0,"gold_gain":0,"player_choice":"Ignored","damage_taken":0,"max_hp_gain":0,"max_hp_loss":0,"event_name":"Mysterious Sphere","floor":37,"gold_loss":0},{"damage_healed":0,"gold_gain":0,"player_choice":"Max HP","damage_taken":0,"max_hp_gain":0,"max_hp_loss":3,"event_name":"Winding Halls","floor":38,"gold_loss":0},{"damage_healed":0,"gold_gain":0,"player_choice":"Memory 3","damage_taken":10,"max_hp_gain":0,"max_hp_loss":0,"event_name":"SensoryStone","floor":39,"gold_loss":0}],"is_beta":false,"boss_relics":[{"not_picked":["SacredBark","WristBlade"],"picked":"Empty Cage"},{"not_picked":["Honey Jar","ReplayTheSpireMod:DimensionalGlitch"],"picked":"Dota2Spire:Bloodstone"}],"items_purged_floors":[29],"is_endless":false,"potions_floor_spawned":[2,3,6,10,13,16,22,23,28,33,36],"killed_by":"Nemesis","ascension_level":20}}