{"host":"7rmsgc3rayi00cdt","time":1611501858,"event":{"mods":["BaseMod","Minty Spire (QoL Compilation)"],"gold_per_floor":[365,330,16,16,27,27,55,55,55,67,113,135,121,145,157,245,257,286,272,301,326,388,400,443,455,467,479,524,556,86,121,121,198,198,216,216,38,0,0,0,45,78,78,78,91,116,134,134,134,134],"floor_reached":51,"language":"ENG","playtime":2134,"items_purged":["Strike_B"],"score":1509,"play_id":"d46c42c7-082a-4ed5-b077-0b9a3b07ab40","local_time":"20210124152418","is_ascension_mode":true,"campfire_choices":[{"data":"Zap","floor":6,"key":"SMITH"},{"floor":8,"key":"REST"},{"data":"Leap","floor":10,"key":"SMITH"},{"floor":15,"key":"REST"},{"floor":23,"key":"REST"},{"data":"Static Discharge","floor":25,"key":"SMITH"},{"data":"Defend_B","floor":27,"key":"SMITH"},{"floor":32,"key":"REST"},{"floor":40,"key":"REST"},{"data":"Defend_B","floor":44,"key":"SMITH"},{"floor":49,"key":"REST"}],"circlet_count":0,"master_deck":["AscendersBane","Strike_B","Strike_B","Strike_B","Defend_B+1","Defend_B","Defend_B+1","Defend_B+1","Zap+1","Dualcast","Static Discharge+1","Leap+1","Ball Lightning","Genetic Algorithm","Leap+1","FTL","Static Discharge+1","Fission+1","Gash+1","Stack+1","Gash","Coolheaded+1","Gash","Chill+1","Hologram+1","Compile Driver+1","Electrodynamics","Madness+1","Madness+1","Rebound+1","Auto Shields+1","Go for the Eyes+1","Coolheaded+1"],"relics":["Cracked Core","Meat on the Bone","Matryoshka","MawBank","Toxic Egg 2","Pen Nib","Black Star","StrikeDummy","The Courier","Akabeko","StoneCalendar","Cables","Smiling Mask","Tiny Chest","Molten Egg 2","ClockworkSouvenir","Ornamental Fan","Prayer Wheel","SacredBark","Happy Flower","Red Mask","Dream Catcher","Turnip","Ice Cream","InkBottle","Letter Opener","Bottled Lightning"],"acts_visited":["Exordium","TheCity","TheBeyond"],"potions_floor_usage":[7,16,16,21,33,42,48,50],"damage_taken":[{"damage":9,"enemies":"2 Louse","floor":1,"turns":2},{"damage":0,"enemies":"Jaw Worm","floor":5,"turns":4},{"damage":32,"enemies":"Gremlin Nob","floor":7,"turns":3},{"damage":28,"enemies":"3 Sentries","floor":11,"turns":6},{"damage":2,"enemies":"Small Slimes","floor":12,"turns":3},{"damage":8,"enemies":"Exordium Thugs","floor":13,"turns":4},{"damage":0,"enemies":"Large Slime","floor":14,"turns":6},{"damage":26,"enemies":"Slime Boss","floor":16,"turns":6},{"damage":15,"enemies":"Spheric Guardian","floor":18,"turns":5},{"damage":3,"enemies":"2 Thieves","floor":19,"turns":4},{"damage":23,"enemies":"Snecko","floor":20,"turns":5},{"damage":20,"enemies":"Shelled Parasite and Fungi","floor":21,"turns":6},{"damage":22,"enemies":"Book of Stabbing","floor":24,"turns":6},{"damage":16,"enemies":"Gremlin Leader","floor":28,"turns":5},{"damage":16,"enemies":"Centurion and Healer","floor":29,"turns":4},{"damage":30,"enemies":"Book of Stabbing","floor":31,"turns":5},{"damage":28,"enemies":"Automaton","floor":33,"turns":8},{"damage":25,"enemies":"3 Darklings","floor":35,"turns":4},{"damage":0,"enemies":"Giant Head","floor":42,"turns":8},{"damage":1,"enemies":"Orb Walker","floor":45,"turns":3},{"damage":26,"enemies":"Reptomancer","floor":46,"turns":5},{"damage":13,"enemies":"Spire Growth","floor":47,"turns":5},{"damage":0,"enemies":"Writhing Mass","floor":48,"turns":3},{"damage":23,"enemies":"Awakened One","floor":50,"turns":15}],"seed_played":"-1025149800699278692","potions_obtained":[{"floor":1,"key":"PowerPotion"},{"floor":13,"key":"Weak Potion"},{"floor":14,"key":"FearPotion"},{"floor":16,"key":"Energy Potion"},{"floor":18,"key":"Regen Potion"},{"floor":24,"key":"Swift Potion"},{"floor":28,"key":"EssenceOfDarkness"},{"floor":35,"key":"PowerPotion"},{"floor":45,"key":"SmokeBomb"}],"is_trial":false,"path_per_floor":["M","?","$","?","M","R","E","R","T","R","E","M","M","M","R","B",null,"M","M","M","M","?","R","E","R","T","R","E","M","$","E","R","B",null,"M","?","$","?","?","R","T","E","T","R","M","E","M","M","R","B",null],"character_chosen":"DEFECT","items_purchased":["Meat on the Bone","Leap","Tiny Chest","Molten Egg 2","ClockworkSouvenir","Happy Flower"],"campfire_rested":6,"item_purchase_floors":[3,3,30,30,30,37],"current_hp_per_floor":[37,54,54,33,45,45,25,46,46,46,30,40,44,44,65,39,63,48,45,34,41,34,55,45,45,45,45,41,37,37,19,40,24,59,46,33,33,33,33,54,54,54,54,54,53,39,38,38,59,36],"gold":134,"neow_bonus":"TWO_FIFTY_GOLD","is_daily":false,"chose_seed":false,"campfire_upgraded":5,"win_rate":0.0,"timestamp":1611501858,"path_taken":["M","?","$","?","M","R","E","R","T","R","E","M","M","M","R","BOSS","M","M","M","M","?","R","E","R","T","R","E","?","$","E","R","BOSS","M","?","$","?","?","R","?","E","T","R","M","E","M","?","R","BOSS"],"items_purchased_type":["Relic","Card","Relic","Relic","Relic","Relic"],"build_version":"2020-12-22","purchased_purges":1,"victory":true,"max_hp_per_floor":[71,71,71,71,71,71,71,71,71,71,71,71,71,71,71,71,71,71,71,71,71,71,71,71,71,71,71,71,71,71,71,71,71,71,71,71,71,71,71,71,71,71,71,71,71,71,71,71,71,71],"card_choices":[{"not_picked":["Rebound","Streamline"],"picked":"Static Discharge","floor":1},{"not_picked":["Rip and Tear","Glacier"],"picked":"Ball Lightning","floor":5},{"not_picked":["Conserve Battery","Skim"],"picked":"Genetic Algorithm","floor":7},{"not_picked":["Aggregate+1","Biased Cognition","Barrage"],"picked":"SKIP","floor":11},{"not_picked":["Ball Lightning","Static Discharge"],"picked":"Leap+1","floor":12},{"not_picked":["Capacitor","Skim+1"],"picked":"FTL","floor":13},{"not_picked":["Turbo+1","Doom and Gloom"],"picked":"Static Discharge","floor":14},{"not_picked":["All For One","Rainbow+1"],"picked":"Fission+1","floor":16},{"not_picked":["Turbo+1","Conserve Battery+1"],"picked":"Gash+1","floor":18},{"not_picked":["Beam Cell+1","White Noise+1"],"picked":"Stack+1","floor":19},{"not_picked":["Leap+1","Coolheaded+1"],"picked":"Gash","floor":20},{"not_picked":["Tempest+1","Recycle+1"],"picked":"Coolheaded+1","floor":21},{"not_picked":["Turbo+1","Multi-Cast+1"],"picked":"Gash","floor":24},{"not_picked":["White Noise+1","Genetic Algorithm+1"],"picked":"Chill+1","floor":28},{"not_picked":["Barrage","Turbo+1"],"picked":"Hologram+1","floor":29},{"not_picked":["Chaos+1","Reinforced Body+1"],"picked":"Compile Driver+1","floor":31},{"not_picked":["Fission+1","Machine Learning"],"picked":"Electrodynamics","floor":33},{"not_picked":["Cold Snap+1","Capacitor","Compile Driver+1"],"picked":"SKIP","floor":35},{"not_picked":["Gash+1","Redo+1","Compile Driver+1"],"picked":"SKIP","floor":35},{"not_picked":["Sweeping Beam+1","Lockon+1","Cold Snap+1"],"picked":"SKIP","floor":42},{"not_picked":["Gash+1","Steam+1"],"picked":"Rebound+1","floor":45},{"not_picked":["Skim+1","Barrage+1"],"picked":"Auto Shields+1","floor":45},{"not_picked":["Undo+1","Glacier+1"],"picked":"Go for the Eyes+1","floor":46},{"not_picked":["Reinforced Body+1","Conserve Battery+1"],"picked":"Coolheaded+1","floor":47},{"not_picked":["Barrage+1","Redo+1","Biased Cognition"],"picked":"SKIP","floor":47}],"player_experience":781376,"relics_obtained":[{"floor":7,"key":"Matryoshka"},{"floor":9,"key":"MawBank"},{"floor":9,"key":"Toxic Egg 2"},{"floor":11,"key":"Pen Nib"},{"floor":24,"key":"StrikeDummy"},{"floor":24,"key":"The Courier"},{"floor":26,"key":"Akabeko"},{"floor":26,"key":"StoneCalendar"},{"floor":28,"key":"Cables"},{"floor":28,"key":"Smiling Mask"},{"floor":31,"key":"Ornamental Fan"},{"floor":31,"key":"Prayer Wheel"},{"floor":41,"key":"Dream Catcher"},{"floor":42,"key":"Turnip"},{"floor":42,"key":"Ice Cream"},{"floor":43,"key":"InkBottle"},{"floor":46,"key":"Letter Opener"},{"floor":46,"key":"Bottled Lightning"}],"event_choices":[{"damage_healed":17,"gold_gain":0,"player_choice":"Healed","damage_taken":0,"max_hp_gain":0,"max_hp_loss":0,"event_name":"The Cleric","floor":2,"gold_loss":35},{"damage_healed":0,"gold_gain":0,"player_choice":"Entered Light","damage_taken":21,"max_hp_gain":0,"max_hp_loss":0,"event_name":"Shining Light","floor":4,"gold_loss":0,"cards_upgraded":["Static Discharge","Defend_B"]},{"damage_healed":0,"gold_gain":50,"player_choice":"Touch","damage_taken":7,"max_hp_gain":0,"max_hp_loss":0,"event_name":"FaceTrader","floor":22,"gold_loss":0},{"damage_healed":0,"gold_gain":0,"player_choice":"Embrace Madness","damage_taken":13,"max_hp_gain":0,"max_hp_loss":0,"event_name":"Winding Halls","floor":36,"gold_loss":0,"cards_obtained":["Madness","Madness"]},{"damage_healed":0,"gold_gain":0,"player_choice":"Paid","damage_taken":0,"relics_obtained":["Red Mask"],"max_hp_gain":0,"max_hp_loss":0,"event_name":"Tomb of Lord Red Mask","floor":38,"gold_loss":38},{"damage_healed":0,"gold_gain":0,"player_choice":"Ignored","damage_taken":0,"max_hp_gain":0,"max_hp_loss":0,"event_name":"Mysterious Sphere","floor":39,"gold_loss":0}],"is_beta":false,"boss_relics":[{"not_picked":["Cursed Key","Astrolabe"],"picked":"Black Star"},{"not_picked":["Snecko Eye","Coffee Dripper"],"picked":"SacredBark"}],"items_purged_floors":[37],"is_endless":false,"potions_floor_spawned":[1,13,14,16,18,24,28,31,35,45,48],"ascension_level":17}}