{"host":"ees9py5fbpv5lclk","time":1611466288,"event":{"mods":["AchievementEnabler","BaseMod","Challenge The Spire","Colored Map","Colored Powertips","Conspire","Downfall","Hermit","Infinite Spire","Minty Spire (QoL Compilation)","Replay The Spire","Shop Mod","StSLib","SuperFastMode","The Bug Knight","The Cursed","The Servant 0.9.4"],"gold_per_floor":[112,122,142,142,142,142,156,156,230,65,65,84,100,133,133,233,233,244,260,260,260,276,276,276,276,300,326,337,353,353,353,353],"floor_reached":31,"language":"ENG","playtime":2604,"items_purged":[],"score":257,"play_id":"8ac97e2c-a093-405c-8abc-78c8043685e9","local_time":"20210124003127","daily_mods":["Heirloom","Time Dilation","Uncertain Future"],"is_ascension_mode":false,"campfire_choices":[{"data":"Luminosity","floor":6,"key":"SMITH"},{"floor":8,"key":"REST"},{"floor":15,"key":"REST"},{"data":"MoonPhase","floor":23,"key":"SMITH"},{"floor":25,"key":"REST"}],"circlet_count":0,"master_deck":["Strike_S","Strike_S","Strike_S","Strike_S","Defend_S","Defend_S","Defend_S","Defend_S","KidneyShot","Exchange+1","ShatteredReality","Luminosity+1","Sabotage","Moonlight","Unruled+1","Potential","MoonPhase+1","StarChef","MurderousAura","BottledTime","Contraction+1","Shame","infinitespire:FutureSight","Contraction+1","Shuttle","FastForward"],"relics":["Uniform","Durian","Replay:Accelerometer","MerchantsRug","HollowMod:PaleOreRelic","Sozu","Replay:Mystery Machine","Toy Ornithopter","Bronze Scales","Frozen Egg 2"],"acts_visited":["Exordium","TheCity"],"potions_floor_usage":[29],"damage_taken":[{"damage":6,"enemies":"Small Slimes","floor":1,"turns":3},{"damage":0,"enemies":"2 Louse","floor":2,"turns":3},{"damage":5,"enemies":"Jaw Worm","floor":3,"turns":4},{"damage":24,"enemies":"Gremlin Gang","floor":7,"turns":5},{"damage":0,"enemies":"2 Fungi Beasts","floor":12,"turns":2},{"damage":23,"enemies":"Exordium Thugs","floor":13,"turns":4},{"damage":17,"enemies":"Lagavulin","floor":14,"turns":4},{"damage":33,"enemies":"Hexaghost","floor":16,"turns":11},{"damage":2,"enemies":"Spheric Guardian","floor":18,"turns":4},{"damage":19,"enemies":"Chosen and Byrds","floor":19,"turns":6},{"damage":40,"enemies":"3 Cultists","floor":22,"turns":6},{"damage":19,"enemies":"Nightmare","floor":27,"turns":9},{"damage":13,"enemies":"conspire:HollyBat","floor":28,"turns":9},{"damage":2,"enemies":"Shelled Parasite and Fungi","floor":29,"turns":5},{"damage":13,"enemies":"Snake Plant","floor":31,"turns":1}],"seed_played":"3652105194832136772","potions_obtained":[{"floor":2,"key":"ColorlessPotion"},{"floor":7,"key":"Guardian:BlockOnCardUsePotion"}],"is_trial":true,"path_per_floor":["M","M","M","?","?","R","M","R","T","$","?","M","M","E","R","B",null,"M","M","AVR","?","M","R","?","R","T","NM","M","M","T","M"],"character_chosen":"THE_SERVANT","items_purchased":["MerchantsRug","Unruled+1"],"campfire_rested":3,"item_purchase_floors":[10,10],"current_hp_per_floor":[64,64,59,59,64,64,40,62,62,62,62,62,39,22,44,11,75,73,54,54,54,14,14,14,36,36,17,4,7,7,0,0],"gold":353,"neow_bonus":"","is_daily":false,"chose_seed":false,"campfire_upgraded":2,"win_rate":0.0,"timestamp":1611466287,"path_taken":["M","M","M","?","?","R","M","R","T","$","?","M","M","E","R","BOSS","M","M","AVR","?","M","R","?","R","T","NM","M","M","?","M"],"items_purchased_type":["Relic","Card"],"build_version":"2020-12-22","purchased_purges":0,"victory":false,"max_hp_per_floor":[70,70,70,70,75,75,75,75,75,75,75,75,75,75,75,75,75,75,75,75,75,75,75,75,75,75,75,75,75,75,75,75],"card_choices":[{"not_picked":["Starlight","Rewind"],"picked":"ShatteredReality","floor":1},{"not_picked":["Snipe","FastForward"],"picked":"Luminosity","floor":2},{"not_picked":["Comet","Unruled"],"picked":"Sabotage","floor":3},{"not_picked":["Snipe","Misdirection"],"picked":"Moonlight","floor":7},{"not_picked":["Alleviate","KillingDoll"],"picked":"Potential","floor":12},{"not_picked":["Rewind","Potential"],"picked":"MoonPhase","floor":13},{"not_picked":["Rearm","Defy"],"picked":"StarChef","floor":14},{"not_picked":["KillingDoll","Duplication"],"picked":"MurderousAura","floor":16},{"not_picked":["Alleviate","Potential"],"picked":"BottledTime","floor":18},{"not_picked":["Desolation","DoubleEdge+1"],"picked":"Contraction+1","floor":19},{"not_picked":["Rewind","StarChef","Potential+1"],"picked":"SKIP","floor":22},{"not_picked":["infinitespire:SealOfDarkness+","ReplayTheSpireMod:Black Plague"],"picked":"infinitespire:FutureSight","floor":27},{"not_picked":["Unruled","ShatteredReality"],"picked":"Contraction+1","floor":27},{"not_picked":["Revamp","Potential+1"],"picked":"Shuttle","floor":28},{"not_picked":["Revamp","BottledTime"],"picked":"FastForward","floor":29}],"player_experience":109002,"relics_obtained":[{"floor":9,"key":"Replay:Accelerometer"},{"floor":14,"key":"HollowMod:PaleOreRelic"},{"floor":26,"key":"Toy Ornithopter"},{"floor":27,"key":"Bronze Scales"},{"floor":30,"key":"Frozen Egg 2"}],"event_choices":[{"damage_healed":0,"gold_gain":0,"player_choice":"Grow","damage_taken":0,"max_hp_gain":0,"max_hp_loss":0,"event_name":"Living Wall","floor":4,"gold_loss":0,"cards_upgraded":["Exchange"]},{"damage_healed":0,"gold_gain":0,"player_choice":"Donut","damage_taken":0,"max_hp_gain":5,"max_hp_loss":0,"event_name":"Big Fish","floor":5,"gold_loss":0},{"damage_healed":0,"gold_gain":0,"player_choice":"Ignored","damage_taken":0,"max_hp_gain":0,"max_hp_loss":0,"event_name":"The Mausoleum","floor":21,"gold_loss":0},{"damage_healed":0,"gold_gain":0,"player_choice":"Stole Relic","damage_taken":0,"relics_obtained":["Replay:Mystery Machine"],"max_hp_gain":0,"max_hp_loss":0,"event_name":"Addict","floor":24,"gold_loss":0,"cards_obtained":["Shame"]}],"is_beta":false,"boss_relics":[{"not_picked":["Pandora\u0027s Box","Snecko Heart"],"picked":"Sozu"}],"items_purged_floors":[],"is_endless":false,"potions_floor_spawned":[2,7,19,27,28],"killed_by":"Snake Plant","ascension_level":0}}