{"host":"qdfumeom6htv8yxl","time":1611460851,"event":{"mods":["AchievementEnabler","BaseMod","Bestiary","Block Reminder","Minty Spire (QoL Compilation)","Quick Restart","Relic Stats"],"gold_per_floor":[112,112,12,30,49,80,80,80,80],"floor_reached":8,"language":"ENG","playtime":289,"items_purged":["Regret"],"score":106,"play_id":"e0cccb6f-e307-47c6-a6eb-170f4a47df71","local_time":"20210123220051","is_ascension_mode":true,"campfire_choices":[{"data":"Panache","floor":7,"key":"SMITH"}],"circlet_count":0,"master_deck":["AscendersBane","Strike_B","Strike_B","Strike_B","Strike_B","Defend_B+1","Defend_B","Defend_B","Defend_B+1","Zap","Dualcast","Panache+1","Beam Cell","Steam","Reprogram","FTL","Go for the Eyes"],"relics":["Cracked Core","Bird Faced Urn","War Paint"],"acts_visited":["Exordium"],"potions_floor_usage":[6],"damage_taken":[{"damage":8.0,"enemies":"Small Slimes","floor":1.0,"turns":3.0},{"damage":7.0,"enemies":"Jaw Worm","floor":4.0,"turns":3.0},{"damage":0.0,"enemies":"Cultist","floor":5.0,"turns":3.0},{"damage":12,"enemies":"Lagavulin","floor":6,"turns":7},{"damage":24,"enemies":"Gremlin Nob","floor":8,"turns":4}],"seed_played":"-4452728454085264613","potions_obtained":[{"floor":5,"key":"Swift Potion"}],"is_trial":false,"path_per_floor":["M","?","$","M","M","E","R","E"],"character_chosen":"DEFECT","items_purchased":["Steam"],"campfire_rested":0,"item_purchase_floors":[3],"current_hp_per_floor":[56,45,45,40,40,30,30,6,6],"gold":80,"neow_bonus":"RANDOM_COLORLESS_2","is_daily":false,"chose_seed":false,"campfire_upgraded":1,"win_rate":0.0,"timestamp":1611460851,"path_taken":["M","?","$","M","M","E","R","E"],"items_purchased_type":["Card"],"build_version":"2020-12-22","purchased_purges":1,"victory":false,"max_hp_per_floor":[71,71,71,71,71,71,71,71,71],"relic_stats":{"counters":[5,19],"Bird Faced Urn":[4],"War Paint":["Defend_B","Defend_B"],"obtain_stats":[{"Bird Faced Urn":2,"War Paint":6,"Cracked Core":0},{"Bird Faced Urn":1,"War Paint":4,"Cracked Core":0},{"Bird Faced Urn":3,"War Paint":16,"Cracked Core":0}]},"card_choices":[{"not_picked":["Metamorphosis","Magnetism"],"picked":"Panache","floor":0.0},{"not_picked":["Steam Power","Sunder"],"picked":"Beam Cell","floor":1.0},{"not_picked":["Hello World","Redo"],"picked":"Reprogram","floor":4.0},{"not_picked":["Capacitor","Genetic Algorithm"],"picked":"FTL","floor":5},{"not_picked":["Rip and Tear","Compile Driver"],"picked":"Go for the Eyes","floor":6}],"player_experience":1819328,"relics_obtained":[{"floor":6,"key":"War Paint"}],"event_choices":[{"damage_healed":0.0,"max_hp_gain":0.0,"max_hp_loss":0.0,"gold_gain":0.0,"event_name":"Scrap Ooze","player_choice":"Success","floor":2.0,"gold_loss":0.0,"damage_taken":11.0,"relics_obtained":["Bird Faced Urn"]}],"is_beta":false,"boss_relics":[],"items_purged_floors":[3],"is_endless":false,"potions_floor_spawned":[5],"killed_by":"Gremlin Nob","ascension_level":18}}