{"host":"u9h06qdlnp3wgzsw","time":1611514588,"event":{"mods":["Act Like it!","BaseMod","Curses Come First","Downfall","Hallownest","Hermit","Minty Spire (QoL Compilation)","Quick Restart","Rare Cards Sparkle","Replay The Spire","Shop Mod","StSLib","The Disciple","The Hierophant","The Servant 0.9.4"],"gold_per_floor":[119,36,47,47,47,47,78,78,78,78,27,56,118,47,47,157,157,81,106,132,159,102,18,27,27,27,27,40,40,56,77,77,183,192,212,24,24,24,38,72,132,210,234,305,316,209,209,228,228,228],"floor_reached":51,"language":"ENG","playtime":3798,"items_purged":["Amnesia","downfall:Bewildered","ReplayTheSpireMod:Splinters"],"score":760,"play_id":"dcb0277c-2494-4b46-96c2-a6740cbc3c24","local_time":"20210124135628","is_ascension_mode":false,"campfire_choices":[{"data":"Eruption","floor":6.0,"key":"SMITH"},{"data":"ReplayTheSpireMod:Private Reserves","floor":8.0,"key":"SMITH"},{"floor":15.0,"key":"REST"},{"floor":27,"key":"REST"},{"floor":29,"key":"RECALL"},{"floor":32,"key":"REST"},{"floor":49,"key":"REST"}],"circlet_count":0,"master_deck":["Strike_P","Strike_P","Strike_P","Defend_P","Defend_P","Vigilance","ReplayTheSpireMod:Private Reserves+1","Consecrate","JustLucky+1","FlyingSleeves","DevaForm","FollowUp","Sanctity+1","Evaluate","Evaluate+1","Panache","Replay:BasicMightCard+1","WindmillStrike+1","DeusExMachina","AbeCurse","Alpha","Fasting2","Replay:Sssssssssshield","ReplayTheSpireMod:Private Reserves"],"relics":["Replay:Drink Me","Mercury Hourglass","CeramicFish","Replay:Wax Seal","Art of War","Membership Card","Philosopher\u0027s Stone","ReplayTheSpireMod:Ring of Collecting","Ring of Peace","Ring of Hypnosis","Singing Bowl","Replay:Grab Bag","Sozu","Abe\u0027s Treasure","VioletLotus","Du-Vu Doll","Replay:Towering Pillar of Hats","Peace Pipe","Gambling Chip","ReplayTheSpireMod:CursedCoin","ReplayTheSpireMod:ShopPack"],"acts_visited":["Exordium","TheCity","TheBeyond"],"potions_floor_usage":[20,20,23],"damage_taken":[{"damage":0.0,"enemies":"2 Louse","floor":1.0,"turns":3.0},{"damage":2.0,"enemies":"Jaw Worm","floor":3.0,"turns":4.0},{"damage":0.0,"enemies":"Replay:BlueRogue","floor":7.0,"turns":4.0},{"damage":14.0,"enemies":"Gremlin Nob","floor":12.0,"turns":3.0},{"damage":0.0,"enemies":"Small Slimes","floor":14.0,"turns":2.0},{"damage":27.0,"enemies":"Hexaghost","floor":16.0,"turns":7.0},{"damage":10,"enemies":"2 Thieves","floor":18,"turns":3},{"damage":2,"enemies":"Shell Parasite","floor":19,"turns":4},{"damage":16,"enemies":"Snake Plant","floor":20,"turns":5},{"damage":0,"enemies":"3 Cultists","floor":21,"turns":3},{"damage":2,"enemies":"Centurion and Healer","floor":23,"turns":4},{"damage":0,"enemies":"Snecko","floor":28,"turns":4},{"damage":8,"enemies":"Snake Plant","floor":30,"turns":5},{"damage":9,"enemies":"Cultist and Chosen","floor":31,"turns":5},{"damage":51,"enemies":"Automaton","floor":33,"turns":8},{"damage":0,"enemies":"Orb Walker","floor":35,"turns":4},{"damage":0,"enemies":"3 Shapes","floor":39,"turns":4},{"damage":0,"enemies":"R_Hoarder","floor":40,"turns":6},{"damage":44,"enemies":"2 Orb Walkers","floor":41,"turns":5},{"damage":12,"enemies":"Writhing Mass","floor":45,"turns":5},{"damage":0,"enemies":"Maw","floor":48,"turns":5},{"damage":0,"enemies":"Awakened One","floor":50,"turns":8}],"seed_played":"6043368808748231612","potions_obtained":[{"floor":3.0,"key":"Ambrosia"},{"floor":16.0,"key":"Regen Potion"},{"floor":18,"key":"StancePotion"},{"floor":23,"key":"Venom Potion"}],"is_trial":false,"path_per_floor":["M","$","M","?","?","R","E","R","T","?","$","E","$","M","R","B",null,"M","M","M","M","$","M","?","?","T","R","M","R","M","M","R","B",null,"M","$","?","$","M","E","?","$","T","?","M","$","?","M","R","B",null],"character_chosen":"WATCHER","items_purchased":["ReplayTheSpireMod:Private Reserves","PowerPotion","Membership Card","JustLucky+1","Panache","Replay:BasicMightCard","CultistPotion","Du-Vu Doll","ReplayTheSpireMod:CursedCoin","Fasting2","ReplayTheSpireMod:ShopPack"],"campfire_rested":4,"item_purchase_floors":[2,11,13,13,22,22,22,36,42,42,46],"current_hp_per_floor":[54,54,52,52,52,52,52,52,52,49,49,35,35,35,51,24,54,44,42,35,35,35,33,33,33,33,49,51,51,45,36,53,2,58,60,60,60,60,62,64,20,20,20,22,12,14,14,16,37,37],"gold":228,"neow_bonus":"BOSS_RELIC","is_daily":false,"chose_seed":false,"campfire_upgraded":2,"win_rate":0.0,"timestamp":1611514588,"path_taken":["M","$","M","?","?","R","E","R","T","?","$","E","$","M","R","BOSS","M","M","M","M","$","M","?","?","T","R","?","R","M","M","R","BOSS","M","$","?","?","M","E","?","$","T","?","M","$","?","?","R","BOSS"],"items_purchased_type":["Card","Potion","Relic","Card","Card","Card","Potion","Relic","Relic","Card","Relic"],"build_version":"2020-12-22","purchased_purges":3,"victory":true,"max_hp_per_floor":[54,54,54,54,54,54,54,54,54,54,54,54,54,54,54,54,54,54,54,54,54,54,54,54,54,54,54,56,56,58,58,58,58,58,60,60,60,60,62,64,64,64,64,66,68,70,70,72,72,72],"card_choices":[{"not_picked":["FlurryOfBlows","PathToVictory","Replay:ManipulateFuture"],"picked":"SKIP","floor":1.0},{"not_picked":["Meditate","LessonLearned","SashWhip"],"picked":"SKIP","floor":3.0},{"not_picked":["WheelKick","Crescendo"],"picked":"Consecrate","floor":7.0},{"not_picked":["Weave","SashWhip","Ragnarok"],"picked":"SKIP","floor":12.0},{"not_picked":["CutThroughFate","Replay:Anticipation"],"picked":"FlyingSleeves","floor":14.0},{"not_picked":["Devotion","Blasphemy"],"picked":"DevaForm","floor":16.0},{"not_picked":["Halt","CrushJoints"],"picked":"FollowUp","floor":18},{"not_picked":["Swivel","BowlingBash"],"picked":"Sanctity+1","floor":19},{"not_picked":["Halt","WreathOfFlame"],"picked":"Evaluate","floor":20},{"not_picked":["Collect","WaveOfTheHand"],"picked":"Evaluate+1","floor":21},{"not_picked":["Halt+1","LikeWater+1","InnerPeace+1"],"picked":"SKIP","floor":23},{"not_picked":["Worship","Tantrum+1","FlurryOfBlows"],"picked":"Singing Bowl","floor":28},{"not_picked":["FlyingSleeves","Worship","EmptyFist"],"picked":"Singing Bowl","floor":30},{"not_picked":["Halt+1","JustLucky"],"picked":"WindmillStrike+1","floor":31},{"not_picked":["Omniscience","Wish"],"picked":"DeusExMachina","floor":33},{"not_picked":["Evaluate","FlurryOfBlows+1","Replay:AtTheReady+1"],"picked":"Singing Bowl","floor":35},{"not_picked":["Replay:BluntJabs+1","PathToVictory+1","Sanctity"],"picked":"Singing Bowl","floor":39},{"not_picked":["Replay:Battleflow+1","Tantrum","Replay:ManipulateFuture"],"picked":"Singing Bowl","floor":40},{"not_picked":["Replay:Vibes","Replay:Cycle"],"picked":"Alpha","floor":41},{"not_picked":["ThirdEye+1","EmptyBody","CrushJoints"],"picked":"Singing Bowl","floor":44},{"not_picked":["CrushJoints+1","LessonLearned","ForeignInfluence+1"],"picked":"Singing Bowl","floor":45},{"not_picked":["Midas Touch","HandOfGreed","Chrysalis"],"picked":"Singing Bowl","floor":46},{"not_picked":["Specialist","Enlightenment"],"picked":"Replay:Sssssssssshield","floor":46},{"not_picked":["Finesse","Trip"],"picked":"ReplayTheSpireMod:Private Reserves","floor":46},{"not_picked":["Prostrate","DeceiveReality","Replay:AtTheReady"],"picked":"Singing Bowl","floor":48}],"player_experience":863985,"relics_obtained":[{"floor":7.0,"key":"Mercury Hourglass"},{"floor":9.0,"key":"CeramicFish"},{"floor":12.0,"key":"Art of War"},{"floor":24,"key":"ReplayTheSpireMod:Ring of Collecting"},{"floor":24,"key":"Ring of Peace"},{"floor":26,"key":"Ring of Hypnosis"},{"floor":26,"key":"Singing Bowl"},{"floor":40,"key":"Peace Pipe"},{"floor":41,"key":"Gambling Chip"}],"event_choices":[{"damage_healed":0.0,"max_hp_gain":0.0,"max_hp_loss":0.0,"gold_gain":0.0,"event_name":"Golden Wing","player_choice":"Ignored","floor":4.0,"gold_loss":0.0,"damage_taken":0.0},{"damage_healed":0.0,"max_hp_gain":0.0,"max_hp_loss":0.0,"gold_gain":0.0,"event_name":"The Cleric","player_choice":"Leave","floor":5.0,"gold_loss":0.0,"damage_taken":0.0},{"damage_healed":0.0,"max_hp_gain":0.0,"max_hp_loss":0.0,"gold_gain":0.0,"event_name":"Scrap Ooze","player_choice":"Success","floor":10.0,"gold_loss":0.0,"damage_taken":3.0,"relics_obtained":["Replay:Wax Seal"]},{"damage_healed":0,"gold_gain":0,"player_choice":"Upgraded","damage_taken":0,"max_hp_gain":0,"max_hp_loss":0,"event_name":"Upgrade Shrine","floor":25,"gold_loss":0,"cards_upgraded":["Replay:BasicMightCard"]},{"damage_healed":0,"gold_gain":0,"player_choice":"Gave Potion","damage_taken":0,"relics_obtained":["Replay:Towering Pillar of Hats"],"max_hp_gain":0,"max_hp_loss":0,"event_name":"WeMeetAgain","floor":37,"gold_loss":0},{"damage_healed":0,"gold_gain":0,"player_choice":"Fight","damage_taken":0,"max_hp_gain":0,"max_hp_loss":0,"event_name":"Mysterious Sphere","floor":41,"gold_loss":0},{"cards_removed":["Eruption"],"damage_healed":0,"gold_gain":0,"player_choice":"Removed Attack","damage_taken":0,"max_hp_gain":0,"max_hp_loss":0,"event_name":"Falling","floor":47,"gold_loss":0}],"is_beta":false,"boss_relics":[{"not_picked":["SlaversCollar","Painkiller Herb"],"picked":"Philosopher\u0027s Stone"},{"not_picked":["Kintsugi","Honey Jar"],"picked":"Replay:Grab Bag"},{"not_picked":["ChewingGum","ReplayTheSpireMod:DimensionalGlitch"],"picked":"Sozu"},{"not_picked":["Coffee Dripper","ReplayTheSpireMod:Onyx Gauntlets"],"picked":"Abe\u0027s Treasure"},{"not_picked":["Astrolabe","SacredBark"],"picked":"VioletLotus"}],"items_purged_floors":[36,42,46],"is_endless":false,"potions_floor_spawned":[3,16,18,23,35,40,41],"ascension_level":0}}