{"host":"g5n11qgy11rb534n","time":1611473556,"event":{"mods":["Act Like it!","BaseMod","BetterRewards","CapriCore","Colored Powertips","Downfall","Friendly Minions","Gensokyo","Hermit","Hubris","KinomotoSakuraMod(木之本樱)","Koishi","Luminous","Mari Mod (Legacy)","Mari\u0027s V1 Patch","Marisa（F雨　魔理沙）","Minty Spire (QoL Compilation)","Pale of the Ancients","Prisma Mod","Quick Restart","READ ME - Guardian Mod","Reimu（博丽灵梦）","Remilia（蕾米莉亚）","Replay The Spire","SIMod","StSLib","The Administrix","The Alterego","The Animator","The Bladedancer","The Construct","The Cursed","The Disciple","The Gatherer","The Hierophant","The Immortal","The Mystic","The Senshi","The Servant 0.9.4","UnlockEverythingMod","Voiceroid Mod","Waifu the Spire","WarShipGirlsR/战舰少女R mod","Yakumo Yukari mod","Yuyuko"],"gold_per_floor":[138,149,149,229,89,115,115,132,179,189,213,225,237,265,277,289,289],"floor_reached":16,"language":"ZHS","playtime":948,"items_purged":[],"score":125,"play_id":"2da98fc4-464b-484e-b603-33fc3cb9cd9f","local_time":"20210124153236","is_ascension_mode":false,"campfire_choices":[{"data":"Observe_purple_2","floor":7,"key":"SMITH"},{"data":"PositiveMatter_Antimatter_Universe_purple","floor":13,"key":"SMITH"},{"floor":15,"key":"REST"}],"circlet_count":0,"master_deck":["AT_purpleEX","AT_purpleEX","AT_purpleEX","AT_purpleEX","Defend_purpleEX","Defend_purpleEX+1","Defend_purpleEX","Defend_purpleEX","Observe_purple_1","Observe_purple_2+1","Line_surface_state_purple","AdvanceAttack_purple","Injury","WingOfChimera_purple","ExternalForce_HighSpeedFlying_purple","PositiveMatter_Antimatter_Universe_purple+1","MetroBOOM_purple"],"relics":["Boundary_crack","Memoryfragments_purpleEX","NeowsBlessing","Antimatter_spacedebris","hubris:Zylophone","Gremlin Food","Omamori","MawBank","Gensokyo:NagashiBinaDoll"],"acts_visited":["Gensokyo:Gensokyo"],"potions_floor_usage":[14,16],"damage_taken":[{"damage":0,"enemies":"Gensokyo:3_Fairies","floor":1,"turns":1},{"damage":0,"enemies":"Gensokyo:2_Kodama","floor":2,"turns":1},{"damage":21,"enemies":"Gensokyo:Cirno","floor":6,"turns":2},{"damage":0,"enemies":"Gensokyo:Gryphon","floor":8,"turns":6},{"damage":18,"enemies":"Gensokyo:LivingMonolith","floor":10,"turns":4},{"damage":2,"enemies":"Gensokyo:Python_and_Kodama","floor":14,"turns":4},{"damage":63,"enemies":"Gensokyo:Reimu","floor":16,"turns":13}],"seed_played":"-4991766614593940293","potions_obtained":[{"floor":8,"key":"Milkshake"},{"floor":10,"key":"Fire Potion"}],"is_trial":false,"path_per_floor":["M","M","?","?","?","E","R","M","T","M","T","?","R","M","R","B"],"character_chosen":"Youkari","items_purchased":[],"campfire_rested":1,"item_purchase_floors":[],"current_hp_per_floor":[70,70,70,70,70,49,49,54,54,40,40,40,40,40,61,0,0],"gold":289,"neow_bonus":"THREE_ENEMY_KILL","is_daily":false,"chose_seed":false,"campfire_upgraded":2,"win_rate":0.0,"timestamp":1611473556,"path_taken":["M","M","?","?","?","E","R","M","T","?","?","?","R","?","R","BOSS"],"items_purchased_type":[],"build_version":"2020-12-22","purchased_purges":0,"victory":false,"max_hp_per_floor":[70,70,70,70,70,70,70,70,70,70,70,70,70,70,70,70,70],"card_choices":[{"not_picked":["Worldmountain_purple","SfantasyHide_purple"],"picked":"Line_surface_state_purple","floor":1},{"not_picked":["OpenedBox_purple","Umbrella_purple"],"picked":"AdvanceAttack_purple","floor":2},{"not_picked":["MeetDecomposer_purple","EighthInstrument_OneDividesIntoTwo_purple"],"picked":"WingOfChimera_purple","floor":6},{"not_picked":["Fantasy_PerpetualMotionMachine_purple","Line_surface_state_purple"],"picked":"ExternalForce_HighSpeedFlying_purple","floor":8},{"not_picked":["OmniscientAndOmnipotent_Monster_purple","Umbrella_purple"],"picked":"PositiveMatter_Antimatter_Universe_purple","floor":10},{"not_picked":["WingOfChimera_purple","MeetDecomposer_purple"],"picked":"MetroBOOM_purple","floor":14}],"player_experience":5790,"relics_obtained":[{"floor":6,"key":"Gremlin Food"},{"floor":9,"key":"Omamori"},{"floor":11,"key":"MawBank"}],"event_choices":[],"is_beta":false,"boss_relics":[],"items_purged_floors":[],"is_endless":false,"potions_floor_spawned":[8,10],"killed_by":"Gensokyo:Reimu","ascension_level":0}}