{"host":"1zjc08c6hob33401","time":1611528711,"event":{"mods":["AchievementEnabler","Act Like it!","Aspiration","BaseMod","Downfall","Elementarium","Energized Spire","Evolution","Friendly Minions","Gensokyo","GifTheSpireLib","Hubris","Infinite Spire","Jedi Mod","Menagerie","Minty Spire (QoL Compilation)","Pale of the Ancients","Quick Restart","Reliquary","Replay The Spire","Retaliation","Shop Mod","Spire Arcade","StS++","StSLib","Stuff the Spire","The Blue Laboratory","Wandering Minibosses","vexMod","??????REMEMod"],"gold_per_floor":[118,118,148,73,73,73,16,16,16,29,55,55,69,83,83,161,161,175,8,21,21,21,21],"floor_reached":22,"language":"RUS","playtime":1629,"items_purged":["Defend_B"],"score":353,"play_id":"39a195a0-9b4c-435a-a291-7e7246137a57","local_time":"20210125005151","is_ascension_mode":true,"campfire_choices":[{"data":"bronze:HyperBeam","floor":6,"key":"SMITH"},{"data":"Zap","floor":8,"key":"SMITH"},{"data":"hubris:PowerSurge","floor":15,"key":"SMITH"}],"circlet_count":0,"master_deck":["AscendersBane","Sweeping Beam","Sweeping Beam","Sweeping Beam","Sweeping Beam","Defend_B","Defend_B","Defend_B","Zap+1","Dualcast","bronze:HyperBeam+1","StSpp:Saturation","jedi:sharpshooter","jedi:hex","jedi:overflow","jedi:BurstLightning","hubris:PowerSurge+1","Static Discharge","Beam Cell","hubris:SpecializedCircuitry","StSpp:Igniter+1","Compile Driver+1"],"relics":["Cracked Core","EVO:Axolotl","REME_ComplimentaryCards","Solar Panel","reliquary:Aerogel","Omamori","energizedSpire:EnergizedDie","ReplayTheSpireMod:CursedCoin","Torii"],"acts_visited":["Exordium","TheCity"],"potions_floor_usage":[11,22],"damage_taken":[{"damage":3,"enemies":"2 Louse","floor":1,"turns":2},{"damage":2,"enemies":"Jaw Worm","floor":10,"turns":3},{"damage":17,"enemies":"3 Sentries","floor":11,"turns":3},{"damage":0,"enemies":"Cultist","floor":13,"turns":2},{"damage":1,"enemies":"Looter","floor":14,"turns":2},{"damage":9,"enemies":"Slime Boss","floor":16,"turns":5},{"damage":28,"enemies":"3 Byrds","floor":18,"turns":3},{"damage":17,"enemies":"2 Thieves","floor":20,"turns":2},{"damage":46,"enemies":"Cultist and Chosen","floor":22,"turns":4}],"seed_played":"-1871967782635662754","potions_obtained":[{"floor":3,"key":"jedi:holywater"},{"floor":10,"key":"blueLaboratory:HorrorPotion"},{"floor":14,"key":"blueLaboratory:AbyssPotion"},{"floor":16,"key":"CultistPotion"}],"is_trial":false,"path_per_floor":["M","?","?","$","?","R","$","R","T","M","E","?","M","M","R","B",null,"M","$","M","$","M"],"character_chosen":"DEFECT","items_purchased":["blueLaboratory:FruitPunch","ReplayTheSpireMod:CursedCoin","Torii"],"campfire_rested":0,"item_purchase_floors":[7,19,19],"current_hp_per_floor":[61,61,61,61,61,61,61,61,61,59,48,48,48,51,51,46,66,42,42,29,29,0,0],"gold":21,"neow_bonus":"ONE_RANDOM_RARE_CARD","is_daily":false,"chose_seed":false,"campfire_upgraded":3,"win_rate":0.0,"timestamp":1611528711,"path_taken":["M","?","?","$","?","R","$","R","T","?","E","?","M","?","R","BOSS","M","$","M","$","?"],"items_purchased_type":["Potion","Relic","Relic"],"build_version":"2020-12-22","purchased_purges":1,"victory":false,"max_hp_per_floor":[71,71,71,71,71,71,71,71,71,71,73,73,73,73,73,73,73,73,73,73,73,73,73],"card_choices":[{"not_picked":["Barrage","Cold Snap"],"picked":"jedi:sharpshooter","floor":1},{"not_picked":["REME_SelfUpgrade","jedi:BurstFrost"],"picked":"jedi:hex","floor":10},{"not_picked":["Sunder","Panic Button"],"picked":"jedi:overflow","floor":11},{"not_picked":["Barrage","Stack"],"picked":"Static Discharge","floor":13},{"not_picked":["Skim","Cold Snap"],"picked":"Beam Cell","floor":14},{"not_picked":["jedi:readyaimfire","REME_Shoggoth"],"picked":"hubris:SpecializedCircuitry","floor":16},{"not_picked":["Leap+1","Rebound"],"picked":"StSpp:Igniter+1","floor":18},{"not_picked":["jedi:BurstFrost","Conserve Battery"],"picked":"Compile Driver+1","floor":20}],"player_experience":686162,"relics_obtained":[{"floor":9,"key":"reliquary:Aerogel"},{"floor":11,"key":"Omamori"}],"event_choices":[{"damage_healed":0,"gold_gain":0,"player_choice":"Ignored","damage_taken":0,"max_hp_gain":0,"max_hp_loss":0,"event_name":"Liars Game","floor":2,"gold_loss":0},{"damage_healed":0,"gold_gain":0,"player_choice":"Gave Potion","damage_taken":0,"relics_obtained":["Solar Panel"],"max_hp_gain":0,"max_hp_loss":0,"event_name":"WeMeetAgain","floor":5,"gold_loss":0},{"damage_healed":0,"gold_gain":0,"player_choice":"2 cards matched","damage_taken":0,"max_hp_gain":0,"max_hp_loss":0,"event_name":"Match and Keep!","floor":12,"gold_loss":0,"cards_obtained":["jedi:BurstLightning","hubris:PowerSurge"]}],"is_beta":false,"boss_relics":[{"not_picked":["Pandora\u0027s Box","Replay:Drink Me"],"picked":"energizedSpire:EnergizedDie"}],"items_purged_floors":[4],"is_endless":false,"potions_floor_spawned":[10,14,16],"killed_by":"Cultist and Chosen","ascension_level":16}}