{"host":"1hw3ks68c0zl1mxv","time":1611484154,"event":{"mods":["Act Like it!","Ascension Reborn","Aspiration","BaseMod","BetterRewards","Colored Map","Colored Powertips","Conspire","Energized Spire","GungeonMod","Halation","Hallownest","Hubris","Infinite Spire","Marisa????????","Mimic Mod","Minty Spire (QoL Compilation)","Quick Restart","Replay The Spire","Shop Mod","StSLib","The Bug Knight","The Construct","The Elementalist","The Necromancer","The Saiyan","The Servant 0.9.4","TheHero","vexMod"],"gold_per_floor":[115,115,115,133,408,408,408,427,508,252,252,281,281,298,298,393,393,406,406,505,515,311,342,342,362,387,400,400,418,444,467,467,577,577,596,617,617,592,619,659,759,759,835,835,321,321,342,361,361,373],"floor_reached":51,"language":"ENG","playtime":2761,"items_purged":["Strike_W"],"score":997,"play_id":"582ef631-7132-46fd-a3e5-070afa7047d0","local_time":"20210124032914","is_ascension_mode":false,"campfire_choices":[{"data":"Bone_Bullets","floor":6,"key":"SMITH"},{"data":"Scare","floor":15,"key":"SMITH"},{"data":"Summon_Vampire_Lady","floor":28,"key":"SMITH"},{"data":"Bone_Armory","floor":32,"key":"SMITH"},{"data":"Bones_to_Steel","floor":44,"key":"SMITH"},{"data":"1","floor":46,"key":"LIFT"},{"data":"Cloudkill","floor":49,"key":"SMITH"}],"circlet_count":0,"master_deck":["Strike_W","Strike_W+1","Strike_W+1","Defend_W+1","Defend_W+1","Defend_W+1","Defend_W+1","Negative_Energy_Arrows","Bone_Wall","Bone_Bullets+1","Scare+1","Bone_Armory+1","Bones_to_Steel+1","Summon_Vampire_Lady+1","Bone_Prison","Bone_Shift+1","Bone_Armory+1","Detonate_Bones","Negative_Energy_Sphere+1","Bone_Armory+1","Cloudkill+1","Corrupt"],"relics":["Vampire_Amulet","halation:LettersToHer","DemoMod:PinkGuonStone","aspiration:SeaSaltIceCream","Whetstone","DemoMod:MeltedRock","Empty Cage","hubris:Reverence","Bronze Scales","ReplayTheSpireMod:Lightbulb","Garlic","aspiration:TomeofQuesting","Bag of Marbles","Replay:Bottled Eggs","Ice Cream","halation:IllGainedPizza","energizedSpire:SpiderWeb","Unceasing Top","Letter Opener","Membership Card","DemoMod:MonsterBlood","Girya"],"acts_visited":["Exordium","TheCity","TheBeyond"],"potions_floor_usage":[25,25,36,50,50,50],"damage_taken":[{"damage":0.0,"enemies":"conspire:RoseBush","floor":1.0,"turns":3.0},{"damage":2,"enemies":"Small Slimes","floor":4,"turns":3},{"damage":0,"enemies":"Cultist","floor":8,"turns":3},{"damage":4,"enemies":"Lagavulin","floor":12,"turns":6},{"damage":0,"enemies":"2 Fungi Beasts","floor":14,"turns":2},{"damage":0,"enemies":"Fading Forest","floor":16,"turns":11},{"damage":0,"enemies":"3 Byrds","floor":18,"turns":4},{"damage":0,"enemies":"Shell Parasite","floor":21,"turns":7},{"damage":0,"enemies":"conspire:Head Lice","floor":23,"turns":7},{"damage":0,"enemies":"Centurion and Healer","floor":25,"turns":8},{"damage":0,"enemies":"conspire:HollyBat","floor":27,"turns":7},{"damage":10,"enemies":"Snecko","floor":29,"turns":5},{"damage":0,"enemies":"Shelled Parasite and Fungi","floor":30,"turns":8},{"damage":10,"enemies":"Snake Plant","floor":31,"turns":4},{"damage":71,"enemies":"hubris:MusketHawk","floor":33,"turns":17},{"damage":0,"enemies":"3 Darklings","floor":35,"turns":5},{"damage":0,"enemies":"Orb Walker","floor":36,"turns":4},{"damage":0,"enemies":"Maw","floor":39,"turns":8},{"damage":3,"enemies":"HollowMod:StalkingDevout","floor":40,"turns":10},{"damage":18,"enemies":"Transient","floor":47,"turns":5},{"damage":2,"enemies":"4 Shapes","floor":48,"turns":3},{"damage":14,"enemies":"Donu and Deca","floor":50,"turns":8}],"seed_played":"3455284304428019552","potions_obtained":[{"floor":14,"key":"Weak Potion"},{"floor":16,"key":"Fire Potion"},{"floor":27,"key":"Languid Potion"},{"floor":29,"key":"SkillPotion"},{"floor":31,"key":"Weak Potion"},{"floor":39,"key":"Elixir"},{"floor":40,"key":"FearPotion"}],"is_trial":false,"path_per_floor":["M","?","?","M","?","R","AVR","M","T","$","?","E","T","M","R","B",null,"M","?","?","M","$","E","?","M","T","M","R","M","M","M","R","B",null,"M","M","?","?","M","E","?","AVR","T","R","$","R","M","M","R","B",null],"character_chosen":"NECROMANCER","items_purchased":["halation:LettersToHer","DemoMod:PinkGuonStone","aspiration:SeaSaltIceCream","Bone_Armory","Bones_to_Steel","Bronze Scales","Bag of Marbles","DemoMod:LeadSkinPotion","Membership Card","DemoMod:MonsterBlood","Girya","Bone_Armory+1","Cloudkill"],"campfire_rested":0,"item_purchase_floors":[0,0,0,10,10,10,22,22,45,45,45,45,45],"current_hp_per_floor":[56,56,56,58,58,58,58,60,60,60,60,58,58,62,62,78,82,82,82,82,82,82,82,82,82,82,82,82,79,82,77,77,50,82,82,82,82,82,82,82,82,82,82,82,89,89,82,89,89,86],"gold":373,"neow_bonus":"","is_daily":false,"chose_seed":false,"campfire_upgraded":6,"win_rate":0.0,"timestamp":1611484154,"path_taken":["M","?","?","M","?","R","AVR","?","T","$","?","E","?","M","R","BOSS","M","?","?","M","$","E","?","?","T","M","R","M","M","M","R","BOSS","M","M","?","?","M","E","?","AVR","T","R","$","R","?","M","R","BOSS"],"items_purchased_type":["Relic","Relic","Relic","Card","Card","Relic","Relic","Undefined","Relic","Relic","Relic","Card","Card"],"build_version":"2020-12-22","purchased_purges":1,"victory":true,"max_hp_per_floor":[82,82,82,82,82,82,82,82,82,82,82,82,82,82,82,82,82,82,82,82,82,82,82,82,82,82,82,82,82,82,82,82,82,82,82,82,82,82,82,82,82,82,82,82,89,89,89,89,89,89],"card_choices":[{"not_picked":["Shackles_Of_Pain","Finger_Of_Death"],"picked":"Bone_Bullets","floor":1.0},{"not_picked":["Shackles_Of_Pain","Slay_Living","Shade_Step"],"picked":"SKIP","floor":4},{"not_picked":["Shackles_Of_Pain","Bone_Bullets"],"picked":"Scare","floor":8},{"not_picked":["Negative_Energy_Mist","Vampiric_Strike","Chill_Blood"],"picked":"SKIP","floor":12},{"not_picked":["Consume_Illness","Shackles_Of_Pain","Blood_Curse"],"picked":"SKIP","floor":14},{"not_picked":["Negative_Energy_Bomb","Requiem"],"picked":"Summon_Vampire_Lady","floor":16},{"not_picked":["Negative_Energy_Javelin+1","Scare"],"picked":"Bone_Prison","floor":18},{"not_picked":["Negative_Energy_Sphere","Summon_Death_Knight"],"picked":"Bone_Shift+1","floor":21},{"not_picked":["Bone_Spikes","Shackles_Of_Pain","Blood_Whip"],"picked":"SKIP","floor":23},{"not_picked":["Bone_Spikes","Shackles_Of_Pain","Blood_Whip"],"picked":"SKIP","floor":23},{"not_picked":["Negative_Energy_Sphere+1","Acid_Javelin","Slay_Living"],"picked":"SKIP","floor":25},{"not_picked":["Exploit+1","Shackles_Of_Pain","Blood_Whip"],"picked":"SKIP","floor":27},{"not_picked":["Stop_Heart","Bone_Shift"],"picked":"Bone_Armory+1","floor":29},{"not_picked":["Negative_Energy_Shield+1","Blood_for_Blood+1","Deaths_Shadow"],"picked":"SKIP","floor":30},{"not_picked":["Vampiric_Strike","Negative_Energy_Javelin","Exploit"],"picked":"SKIP","floor":31},{"not_picked":["Reap_The_Weak","Summon_Death_Knight"],"picked":"Detonate_Bones","floor":33},{"not_picked":["Death_March_Dance","Toxic_Smoke_Screen","Negative_Energy_Shield+1"],"picked":"SKIP","floor":35},{"not_picked":["Bone_Spikes","Negative_Energy_Javelin","Flesh_Made_Foul"],"picked":"SKIP","floor":36},{"not_picked":["Toxic_Smoke_Screen+1","Deaths_Shadow+1","Negative_Energy_Shield"],"picked":"SKIP","floor":39},{"not_picked":["Chill_Blood+1","Strike_from_Beyond"],"picked":"Negative_Energy_Sphere+1","floor":40},{"not_picked":["Blood_Curse","Death_March_Dance+1","Death_Coil+1"],"picked":"SKIP","floor":47},{"not_picked":["Negative_Energy_Mist+1","Blood_for_Blood"],"picked":"Corrupt","floor":48}],"player_experience":1436694,"relics_obtained":[{"floor":9,"key":"halation:LettersToHer"},{"floor":9,"key":"hubris:Reverence"},{"floor":11,"key":"ReplayTheSpireMod:Lightbulb"},{"floor":12,"key":"Garlic"},{"floor":13,"key":"halation:LettersToHer"},{"floor":13,"key":"aspiration:TomeofQuesting"},{"floor":23,"key":"Replay:Bottled Eggs"},{"floor":26,"key":"halation:LettersToHer"},{"floor":26,"key":"halation:IllGainedPizza"},{"floor":40,"key":"Unceasing Top"},{"floor":43,"key":"halation:LettersToHer"},{"floor":43,"key":"Letter Opener"}],"event_choices":[{"damage_healed":0.0,"max_hp_gain":0.0,"max_hp_loss":0.0,"gold_gain":0.0,"event_name":"conspire:Investor","player_choice":"Leave","floor":2.0,"gold_loss":0.0,"damage_taken":0.0},{"damage_healed":0.0,"max_hp_gain":0.0,"max_hp_loss":0.0,"gold_gain":0.0,"event_name":"Big Fish","player_choice":"Box","floor":3.0,"gold_loss":0.0,"damage_taken":0.0,"relics_obtained":["DemoMod:MeltedRock"],"cards_obtained":["Regret"]},{"damage_healed":0,"gold_gain":275,"player_choice":"Desecrate","damage_taken":0,"max_hp_gain":0,"max_hp_loss":0,"event_name":"Golden Shrine","floor":5,"gold_loss":0,"cards_obtained":["Regret"]},{"damage_healed":0,"gold_gain":0,"player_choice":"Ignored","damage_taken":0,"max_hp_gain":0,"max_hp_loss":0,"event_name":"Beggar","floor":19,"gold_loss":0},{"damage_healed":0,"gold_gain":99,"player_choice":"Stole From Cult","damage_taken":0,"max_hp_gain":0,"max_hp_loss":0,"event_name":"Nest","floor":20,"gold_loss":0},{"damage_healed":0,"gold_gain":0,"player_choice":"Opened","damage_taken":0,"relics_obtained":["Ice Cream"],"max_hp_gain":0,"max_hp_loss":0,"event_name":"The Mausoleum","floor":24,"gold_loss":0},{"damage_healed":0,"gold_gain":0,"player_choice":"Ignored","damage_taken":0,"max_hp_gain":0,"max_hp_loss":0,"event_name":"Tomb of Lord Red Mask","floor":37,"gold_loss":0},{"damage_healed":0,"gold_gain":100,"player_choice":"Pray","damage_taken":0,"max_hp_gain":0,"max_hp_loss":0,"event_name":"Golden Shrine","floor":41,"gold_loss":0}],"is_beta":false,"boss_relics":[{"not_picked":["Runic Pyramid","Replay:Bronze Core","energizedSpire:EnergizedDie"]},{"not_picked":["aspiration:RitualDagger","halation:HeavySnake"],"picked":"energizedSpire:SpiderWeb"}],"items_purged_floors":[45],"is_endless":false,"potions_floor_spawned":[14,16,23,27,29,31,39,40],"ascension_level":0}}