{"host":"cvi30shpqg1ukvbr","time":1611531035,"event":{"mods":["Act Like it!","BaseMod","Better Altar","Better Match","Better Note","Better Sensory Stone","Better Skull","Better Third Choice","Conspire","GifTheSpireLib","Hubris","Infinite Spire","Minty Spire (QoL Compilation)","Relic Stats","Replay The Spire","Shop Mod","Spicy Shops","StSLib","Stuff the Spire"],"gold_per_floor":[219,237,257,14,30,30,62,62,62,72,83,83,111,123,135,249,261,284,296,326,348,1,15,48,61,61,77,93,128,128,145,145,245,245,259,62,75,75,125,155,155,188,211,229,261,261,272,283,283,283,283,283,155,180,180,180],"floor_reached":55,"language":"ENG","playtime":2391,"items_purged":["Strike_R"],"score":877,"play_id":"f2112993-acc5-4e6a-aa62-39a2a7655ffd","local_time":"20210125083035","is_ascension_mode":true,"campfire_choices":[{"data":"Uppercut","floor":6,"key":"SMITH"},{"data":"Bash","floor":8,"key":"SMITH"},{"data":"Whirlwind","floor":12,"key":"SMITH"},{"data":"Strike_R","floor":15,"key":"PURGE"},{"floor":30,"key":"REST"},{"data":"Limit Break","floor":32,"key":"SMITH"},{"floor":41,"key":"REST"},{"floor":46,"key":"REST"},{"floor":49,"key":"RECALL"},{"data":"Rupture","floor":52,"key":"SMITH"}],"circlet_count":0,"master_deck":["Strike_R","Strike_R","Strike_R","Defend_R+1","Defend_R","Defend_R+1","Defend_R","Bash+1","Uppercut+1","Shrug It Off","Whirlwind+1","StuffTheSpire:Incineration","Flame Barrier","Blood for Blood","Feed","Limit Break+1","Battle Trance","Evolve","Carnage","Rupture+1","Pain","Berserk","Hemokinesis","Headbutt","Headbutt+1","Battle Trance+1","Berserk","Battle Trance+1","Juggernaut","Flex+1","Feel No Pain","Burning Pact","Burning Pact","Entrench+1","Rupture+1","Flame Barrier","Flex+1","True Grit","Heavy Blade+1","Shrug It Off+1","Fire Breathing","Shrug It Off","StuffTheSpire:Incineration","Armaments+1"],"relics":["Burning Blood","Replay:WaspNest","StuffTheSpire:Wildfire","conspire:DeflatedDodgeball","MawBank","hubris:Towel","ChewingGum","hubris:ScarierMask","StuffTheSpire:CocoNut","Membership Card","Regal Pillow","PreservedInsect","Ancient Tea Set","Toy Ornithopter","Simple Rune","Akabeko","infinitespire:Burning Sword","Kunai","Charon\u0027s Ashes","Shuriken","ReplayTheSpireMod:Ninjato","ReplayTheSpireMod:Spearhead","Vajra"],"acts_visited":["Exordium","TheCity","TheBeyond","TheEnding"],"potions_floor_usage":[24,24,28,39,44,55],"damage_taken":[{"damage":1,"enemies":"conspire:RoseBush","floor":1,"turns":4},{"damage":3,"enemies":"Small Slimes","floor":2,"turns":4},{"damage":0,"enemies":"2 Louse","floor":3,"turns":3},{"damage":7,"enemies":"Looter","floor":5,"turns":3},{"damage":28,"enemies":"3 Sentries","floor":7,"turns":4},{"damage":0,"enemies":"3 Louse","floor":10,"turns":1},{"damage":0,"enemies":"Large Slime","floor":11,"turns":4},{"damage":7,"enemies":"Replay:BlueRogue","floor":13,"turns":5},{"damage":44,"enemies":"Fading Forest","floor":16,"turns":11},{"damage":12,"enemies":"2 Thieves","floor":18,"turns":3},{"damage":19,"enemies":"Shell Parasite","floor":20,"turns":4},{"damage":6,"enemies":"3 Cultists","floor":21,"turns":4},{"damage":19,"enemies":"conspire:HollyBat","floor":23,"turns":6},{"damage":15,"enemies":"Gremlin Leader","floor":24,"turns":3},{"damage":17,"enemies":"Snecko","floor":25,"turns":5},{"damage":3,"enemies":"Centurion and Healer","floor":27,"turns":3},{"damage":6,"enemies":"conspire:HollyBat","floor":28,"turns":6},{"damage":10,"enemies":"Slavers","floor":29,"turns":3},{"damage":15,"enemies":"Snake Plant","floor":31,"turns":2},{"damage":52,"enemies":"conspire:MysteriousRune","floor":33,"turns":6},{"damage":11,"enemies":"Orb Walker","floor":35,"turns":3},{"damage":0,"enemies":"3 Darklings","floor":37,"turns":1},{"damage":17,"enemies":"Mind Bloom Boss Battle","floor":39,"turns":3},{"damage":15,"enemies":"Nemesis","floor":40,"turns":5},{"damage":19,"enemies":"R_Hoarder","floor":42,"turns":3},{"damage":23,"enemies":"Spire Growth","floor":44,"turns":3},{"damage":35,"enemies":"Giant Head","floor":45,"turns":5},{"damage":14,"enemies":"Transient","floor":47,"turns":5},{"damage":0,"enemies":"3 Darklings","floor":48,"turns":3},{"damage":55,"enemies":"infinitespire:MassOfShapes","floor":50,"turns":8},{"damage":3,"enemies":"Shield and Spear","floor":54,"turns":3},{"damage":107,"enemies":"The Heart","floor":55,"turns":5}],"seed_played":"3153897271874035906","potions_obtained":[{"floor":7,"key":"Energy Potion"},{"floor":10,"key":"Milkshake"},{"floor":11,"key":"Swift Potion"},{"floor":16,"key":"DuplicationPotion"},{"floor":27,"key":"Adrenaline Potion"},{"floor":29,"key":"ColorlessPotion"},{"floor":33,"key":"Energy Potion"},{"floor":40,"key":"Energy Potion"},{"floor":45,"key":"Reflective Coating"}],"is_trial":false,"path_per_floor":["M","M","M","$","M","R","E","R","T","M","M","R","E","?","R","B",null,"M","AVR","M","M","$","M","E","M","T","M","M","E","R","M","R","B",null,"M","$","M","?","?","E","R","E","T","M","E","R","M","M","R","B",null,"R","$","E","B"],"character_chosen":"IRONCLAD","items_purchased":["Replay:WaspNest","Membership Card","Regal Pillow","PreservedInsect","Rupture","Ancient Tea Set","Kunai","Feel No Pain","Burning Pact","Fire Breathing","Shrug It Off","StuffTheSpire:Incineration"],"campfire_rested":3,"item_purchase_floors":[4,22,22,22,22,22,36,36,36,53,53,53],"current_hp_per_floor":[80,80,80,80,79,79,57,57,57,63,69,69,68,68,68,50,80,74,81,68,71,71,58,49,38,38,41,46,42,84,75,75,29,90,85,85,90,70,67,58,93,80,80,68,39,81,73,79,79,30,93,93,93,93,0,0],"gold":180,"neow_bonus":"HUNDRED_GOLD","is_daily":false,"chose_seed":false,"campfire_upgraded":5,"win_rate":0.0,"timestamp":1611531035,"path_taken":["M","M","M","$","M","R","E","R","T","M","M","R","E","?","R","BOSS","M","AVR","M","M","$","M","E","M","T","M","M","E","R","M","R","BOSS","M","$","M","?","?","E","R","E","T","M","E","R","M","M","R","BOSS","R","$","E","BOSS"],"items_purchased_type":["Relic","Relic","Relic","Relic","Card","Relic","Relic","Card","Card","Card","Card","Card"],"build_version":"2020-12-22","purchased_purges":1,"victory":false,"max_hp_per_floor":[80,80,80,80,80,80,80,80,80,80,80,80,80,80,80,80,80,80,87,87,90,90,90,90,90,90,90,90,90,90,90,90,90,90,90,90,90,90,93,93,93,93,93,93,93,93,93,93,93,93,93,93,93,93,93,93],"relic_stats":{"Regal Pillow":38,"counters":[32,131],"Shuriken":[6],"PreservedInsect":413,"Charon\u0027s Ashes":[112],"Kunai":[6],"MawBank":108,"obtain_stats":[{"Regal Pillow":22,"ReplayTheSpireMod:Ninjato":42,"Vajra":54,"StuffTheSpire:Wildfire":7,"Replay:WaspNest":4,"PreservedInsect":22,"Charon\u0027s Ashes":39,"hubris:Towel":14,"MawBank":13,"Ancient Tea Set":22,"Burning Blood":0,"Akabeko":29,"ReplayTheSpireMod:Spearhead":45,"Shuriken":40,"hubris:ScarierMask":19,"ChewingGum":17,"StuffTheSpire:CocoNut":19,"Simple Rune":26,"infinitespire:Burning Sword":34,"Membership Card":22,"Kunai":36,"conspire:DeflatedDodgeball":9,"Toy Ornithopter":24},{"Regal Pillow":12,"ReplayTheSpireMod:Ninjato":25,"Vajra":31,"StuffTheSpire:Wildfire":5,"Replay:WaspNest":3,"PreservedInsect":12,"Charon\u0027s Ashes":23,"hubris:Towel":8,"MawBank":8,"Ancient Tea Set":12,"Burning Blood":0,"Akabeko":18,"ReplayTheSpireMod:Spearhead":27,"Shuriken":24,"hubris:ScarierMask":10,"ChewingGum":9,"StuffTheSpire:CocoNut":10,"Simple Rune":15,"infinitespire:Burning Sword":20,"Membership Card":12,"Kunai":21,"conspire:DeflatedDodgeball":5,"Toy Ornithopter":14},{"Regal Pillow":50,"ReplayTheSpireMod:Ninjato":99,"Vajra":126,"StuffTheSpire:Wildfire":18,"Replay:WaspNest":11,"PreservedInsect":50,"Charon\u0027s Ashes":91,"hubris:Towel":28,"MawBank":28,"Ancient Tea Set":50,"Burning Blood":0,"Akabeko":76,"ReplayTheSpireMod:Spearhead":107,"Shuriken":96,"hubris:ScarierMask":42,"ChewingGum":39,"StuffTheSpire:CocoNut":42,"Simple Rune":64,"infinitespire:Burning Sword":84,"Membership Card":50,"Kunai":87,"conspire:DeflatedDodgeball":18,"Toy Ornithopter":59}],"Burning Blood":168,"Toy Ornithopter":20},"card_choices":[{"not_picked":["Twin Strike","conspire:ExplosiveBarrier"],"picked":"Uppercut","floor":1},{"not_picked":["Thunderclap","hubris:ReadiedAction"],"picked":"Shrug It Off","floor":2},{"not_picked":["ReplayTheSpireMod:Strike From Hell","Massacre","Sever Soul"],"picked":"SKIP","floor":3},{"not_picked":["Run Through","Shrug It Off"],"picked":"Whirlwind","floor":5},{"not_picked":["Entrench","Pommel Strike"],"picked":"StuffTheSpire:Incineration","floor":7},{"not_picked":["Rampage","Searing Blow"],"picked":"Flame Barrier","floor":10},{"not_picked":["Anger","Wild Strike"],"picked":"Blood for Blood","floor":11},{"not_picked":["Reckless Charge","StuffTheSpire:RockThrow"],"picked":"Feed","floor":13},{"not_picked":["Feed","StuffTheSpire:TitanForm"],"picked":"Limit Break","floor":16},{"not_picked":["Heavy Blade+1","Havoc"],"picked":"Battle Trance","floor":18},{"not_picked":["StuffTheSpire:Incineration","Searing Blow"],"picked":"Evolve","floor":20},{"not_picked":["True Grit","hubris:CleavingFinish+1"],"picked":"Carnage","floor":21},{"not_picked":["StuffTheSpire:Resist","StuffTheSpire:Incineration"],"picked":"Berserk","floor":23},{"not_picked":["Life Link+1","Warcry"],"picked":"Hemokinesis","floor":24},{"not_picked":["Run Through","Pommel Strike"],"picked":"Headbutt","floor":25},{"not_picked":["ReplayTheSpireMod:Corrosion Curse","Run Through+1"],"picked":"Headbutt+1","floor":27},{"not_picked":["Havoc","Warcry+1"],"picked":"Battle Trance+1","floor":28},{"not_picked":["Warcry","Heavy Blade+1"],"picked":"Berserk","floor":29},{"not_picked":["Twin Strike","Thunderclap+1"],"picked":"Battle Trance+1","floor":31},{"not_picked":["Fiend Fire","Bludgeon"],"picked":"Juggernaut","floor":33},{"not_picked":["Sword Boomerang+1","Evolve+1"],"picked":"Flex+1","floor":35},{"not_picked":["Clothesline+1","Perfected Strike+1"],"picked":"Entrench+1","floor":37},{"not_picked":["Carnage+1","hubris:ReadiedAction+1"],"picked":"Rupture+1","floor":39},{"not_picked":["conspire:HitWhereItHurts","conspire:ExplosiveBarrier"],"picked":"Flame Barrier","floor":40},{"not_picked":["StuffTheSpire:Slingshot","Shrug It Off"],"picked":"Flex+1","floor":42},{"not_picked":["Replay:Many Hands","StuffTheSpire:RockThrow+1"],"picked":"True Grit","floor":44},{"not_picked":["Infernal Blade","Sentinel+1"],"picked":"Heavy Blade+1","floor":45},{"not_picked":["Ghostly Armor","Wild Strike"],"picked":"Shrug It Off+1","floor":47},{"not_picked":["Rampage","hubris:ReadiedAction","Warcry+1"],"picked":"SKIP","floor":48},{"not_picked":["Searing Blow","Uppercut"],"picked":"Armaments+1","floor":54}],"player_experience":1819406,"relics_obtained":[{"floor":7,"key":"StuffTheSpire:Wildfire"},{"floor":9,"key":"conspire:DeflatedDodgeball"},{"floor":13,"key":"MawBank"},{"floor":24,"key":"Toy Ornithopter"},{"floor":26,"key":"Simple Rune"},{"floor":29,"key":"Akabeko"},{"floor":39,"key":"Charon\u0027s Ashes"},{"floor":40,"key":"Shuriken"},{"floor":42,"key":"ReplayTheSpireMod:Ninjato"},{"floor":45,"key":"ReplayTheSpireMod:Spearhead"},{"floor":54,"key":"Vajra"}],"event_choices":[{"damage_healed":0,"gold_gain":0,"player_choice":"Fight","damage_taken":0,"max_hp_gain":0,"max_hp_loss":0,"event_name":"MindBloom","floor":39,"gold_loss":0}],"is_beta":false,"boss_relics":[{"not_picked":["Honey Jar","hubris:TerracottaHorce"],"picked":"ChewingGum"},{"not_picked":["StuffTheSpire:RunicHypercube","Empty Cage"],"picked":"infinitespire:Burning Sword"}],"items_purged_floors":[53],"is_endless":false,"potions_floor_spawned":[7,10,11,16,18,23,27,29,33,40,42,45,47],"killed_by":"The Heart","ascension_level":1}}