{"host":"ysj15tgd1sneq0s0","time":1611474308,"event":{"mods":["AchievementEnabler","BaseMod","DeckTracker","Highlight Path","Minty Spire (QoL Compilation)","Permanent Neow","Quick Restart","StSLib","SuperFastMode","everything is the same but u backflip on backflip"],"gold_per_floor":[111,186,186,186,80,110,110,121,173,190,205,205,205,82,82,187,187,205,56,56,74,87,87,116,116,142,142,162,174,273,291,291,388,438,457,87,87,107,125,125,125,125,149,49,49,0,0,16,16,16],"floor_reached":51,"language":"KOR","playtime":2094,"items_purged":["Defend_G","Strike_G"],"score":713,"play_id":"3b04ac00-545d-4ccb-8305-85c67fe6c952","local_time":"20210124164508","is_ascension_mode":false,"campfire_choices":[{"floor":7,"key":"REST"},{"data":"Noxious Fumes","floor":13,"key":"SMITH"},{"data":"Poisoned Stab","floor":15,"key":"SMITH"},{"data":"Catalyst","floor":23,"key":"SMITH"},{"floor":25,"key":"REST"},{"data":"After Image","floor":27,"key":"SMITH"},{"floor":32,"key":"REST"},{"data":"Accuracy","floor":40,"key":"SMITH"},{"floor":49,"key":"REST"}],"circlet_count":0,"master_deck":["Strike_G","Strike_G","Defend_G+1","Defend_G","Defend_G","Defend_G","Survivor","Neutralize+1","Dagger Throw","Bane","Blade Dance+1","Noxious Fumes+1","Poisoned Stab+1","Storm of Steel","Deadly Poison","Catalyst+1","Poisoned Stab","After Image+1","Deadly Poison+1","Deflect","Dagger Spray","Accuracy+1","Dagger Throw+1","Blade Dance","Finisher","Catalyst+1","Poisoned Stab","Accuracy"],"relics":["Ring of the Snake","HornCleat","Pantograph","Anchor","Philosopher\u0027s Stone","Vajra","Pear","War Paint","Tiny House","Shuriken","Toxic Egg 2","Eternal Feather","Toy Ornithopter","Red Mask"],"acts_visited":["Exordium","TheCity","TheBeyond"],"potions_floor_usage":[16,16,16,24,31,33,33,50],"damage_taken":[{"damage":0,"enemies":"Small Slimes","floor":1,"turns":4},{"damage":36,"enemies":"3 Sentries","floor":6,"turns":11},{"damage":3,"enemies":"Jaw Worm","floor":8,"turns":2},{"damage":0,"enemies":"2 Louse","floor":10,"turns":2},{"damage":0,"enemies":"Exordium Thugs","floor":11,"turns":4},{"damage":45,"enemies":"The Guardian","floor":16,"turns":9},{"damage":0,"enemies":"Spheric Guardian","floor":18,"turns":3},{"damage":12,"enemies":"2 Thieves","floor":21,"turns":3},{"damage":10,"enemies":"Snake Plant","floor":22,"turns":4},{"damage":41,"enemies":"Gremlin Leader","floor":24,"turns":6},{"damage":26,"enemies":"Sentry and Sphere","floor":28,"turns":6},{"damage":12,"enemies":"Snecko","floor":29,"turns":4},{"damage":1,"enemies":"Centurion and Healer","floor":31,"turns":5},{"damage":28,"enemies":"Automaton","floor":33,"turns":9},{"damage":15,"enemies":"3 Darklings","floor":35,"turns":6},{"damage":0,"enemies":"Orb Walker","floor":38,"turns":3},{"damage":9,"enemies":"Transient","floor":39,"turns":5},{"damage":20,"enemies":"3 Darklings","floor":48,"turns":5},{"damage":81,"enemies":"Time Eater","floor":50,"turns":8}],"seed_played":"-6248992281659110752","potions_obtained":[{"floor":6,"key":"Strength Potion"},{"floor":8,"key":"Strength Potion"},{"floor":10,"key":"CunningPotion"},{"floor":18,"key":"Weak Potion"},{"floor":21,"key":"Regen Potion"},{"floor":29,"key":"EssenceOfSteel"},{"floor":31,"key":"SteroidPotion"},{"floor":34,"key":"Regen Potion"},{"floor":35,"key":"Regen Potion"}],"is_trial":false,"path_per_floor":["M","?","?","?","$","E","R","M","T","M","M","?","R","$","R","B",null,"M","$","?","M","M","R","E","R","T","R","M","M","?","M","R","B",null,"M","$","?","M","M","R","?","T","T","$","?","?","$","M","R","B",null],"character_chosen":"THE_SILENT","items_purchased":["Bane","Blade Dance","Poisoned Stab","Vajra","Blade Dance","Finisher","Shuriken"],"campfire_rested":4,"item_purchase_floors":[5,5,14,19,36,36,36],"current_hp_per_floor":[70,59,52,45,45,9,30,27,27,27,27,70,70,70,70,25,70,70,70,70,58,48,48,26,50,50,50,24,12,12,11,35,32,85,70,70,70,70,61,61,61,61,61,61,61,61,61,41,80,20],"gold":16,"neow_bonus":"REMOVE_CARD","is_daily":false,"chose_seed":false,"campfire_upgraded":5,"win_rate":0.0,"timestamp":1611474308,"path_taken":["M","?","?","?","?","E","R","?","T","M","M","?","R","?","R","BOSS","M","$","?","M","M","R","E","R","T","R","M","M","?","M","R","BOSS","M","$","?","M","?","R","?","?","T","$","?","?","?","M","R","BOSS"],"items_purchased_type":["Card","Card","Card","Relic","Card","Card","Relic"],"build_version":"2020-12-22","purchased_purges":2,"victory":true,"max_hp_per_floor":[70,70,70,70,70,70,70,70,70,70,70,70,70,70,70,70,70,70,70,70,70,70,70,80,80,80,80,80,80,80,80,80,80,85,85,85,85,85,85,85,85,85,85,85,81,81,81,81,81,81],"card_choices":[{"not_picked":["Finisher","Backstab"],"picked":"Dagger Throw","floor":1},{"not_picked":["Finisher","Acrobatics"],"picked":"Backstab","floor":6},{"not_picked":["Dodge and Roll","Caltrops","Blur"],"picked":"SKIP","floor":8},{"not_picked":["Poisoned Stab","Burst"],"picked":"Noxious Fumes","floor":10},{"not_picked":["Well Laid Plans","PiercingWail","Cloak And Dagger"],"picked":"SKIP","floor":11},{"not_picked":["Glass Knife","Doppelganger"],"picked":"Storm of Steel","floor":16},{"not_picked":["Finisher","Deflect"],"picked":"Deadly Poison","floor":18},{"not_picked":["Well Laid Plans+1","Acrobatics+1","Escape Plan"],"picked":"SKIP","floor":21},{"not_picked":["Backflip","Dash"],"picked":"Poisoned Stab","floor":22},{"not_picked":["Calculated Gamble","Prepared"],"picked":"After Image","floor":24},{"not_picked":["Reflex+1","Outmaneuver"],"picked":"Deadly Poison+1","floor":28},{"not_picked":["Blur+1","Heel Hook"],"picked":"Deflect","floor":29},{"not_picked":["Sucker Punch+1","Well Laid Plans"],"picked":"Dagger Spray","floor":31},{"not_picked":["Phantasmal Killer","Bullet Time"],"picked":"Venomology","floor":33},{"not_picked":["Dodge and Roll","Dagger Spray+1"],"picked":"Accuracy","floor":34},{"not_picked":["Dodge and Roll","Dash"],"picked":"Dagger Throw+1","floor":35},{"not_picked":["Poisoned Stab+1","Prepared+1"],"picked":"Catalyst+1","floor":38},{"not_picked":["Tools of the Trade","Dagger Throw+1"],"picked":"Poisoned Stab","floor":39},{"not_picked":["Quick Slash+1","Endless Agony"],"picked":"Accuracy","floor":48}],"player_experience":33395,"relics_obtained":[{"floor":6,"key":"Pantograph"},{"floor":9,"key":"Anchor"},{"floor":24,"key":"Pear"},{"floor":26,"key":"War Paint"},{"floor":42,"key":"Eternal Feather"},{"floor":43,"key":"Toy Ornithopter"}],"event_choices":[{"damage_healed":0,"gold_gain":75,"player_choice":"Gather Gold","damage_taken":11,"max_hp_gain":0,"max_hp_loss":0,"event_name":"World of Goop","floor":2,"gold_loss":0},{"cards_removed":["Strike_G"],"damage_healed":0,"gold_gain":0,"player_choice":"Card Removal","damage_taken":7,"max_hp_gain":0,"max_hp_loss":0,"event_name":"Golden Wing","floor":3,"gold_loss":0},{"damage_healed":0,"gold_gain":0,"player_choice":"Success","damage_taken":7,"relics_obtained":["HornCleat"],"max_hp_gain":0,"max_hp_loss":0,"event_name":"Scrap Ooze","floor":4,"gold_loss":0},{"cards_removed":["Backstab"],"damage_healed":43,"gold_gain":0,"player_choice":"Offered Uncommon","damage_taken":0,"max_hp_gain":0,"max_hp_loss":0,"event_name":"Bonfire Elementals","floor":12,"gold_loss":0},{"damage_healed":0,"gold_gain":0,"player_choice":"Read","damage_taken":0,"max_hp_gain":0,"max_hp_loss":0,"event_name":"The Library","floor":20,"gold_loss":0,"cards_obtained":["Catalyst"]},{"damage_healed":0,"gold_gain":99,"player_choice":"Stole From Cult","damage_taken":0,"max_hp_gain":0,"max_hp_loss":0,"event_name":"Nest","floor":30,"gold_loss":0},{"damage_healed":0,"gold_gain":0,"player_choice":"Gave Potion","damage_taken":0,"relics_obtained":["Toxic Egg 2"],"max_hp_gain":0,"max_hp_loss":0,"event_name":"WeMeetAgain","floor":37,"gold_loss":0},{"cards_removed":["Venomology"],"damage_healed":0,"gold_gain":0,"player_choice":"Removed Skill","damage_taken":0,"max_hp_gain":0,"max_hp_loss":0,"event_name":"Falling","floor":41,"gold_loss":0},{"damage_healed":0,"gold_gain":0,"player_choice":"Max HP","damage_taken":0,"max_hp_gain":0,"max_hp_loss":4,"event_name":"Winding Halls","floor":45,"gold_loss":0},{"damage_healed":0,"gold_gain":0,"player_choice":"Paid","damage_taken":0,"relics_obtained":["Red Mask"],"max_hp_gain":0,"max_hp_loss":0,"event_name":"Tomb of Lord Red Mask","floor":46,"gold_loss":49}],"is_beta":false,"boss_relics":[{"not_picked":["HoveringKite","SlaversCollar"],"picked":"Philosopher\u0027s Stone"},{"not_picked":["Sozu","Coffee Dripper"],"picked":"Tiny House"}],"items_purged_floors":[14,44],"is_endless":false,"potions_floor_spawned":[6,8,10,11,18,21,29,31,35,48],"ascension_level":0}}