{"host":"Baz","time":1611528643,"event":{"mods":["BaseMod","Colored Map","Filter the Spire","Googly Eyes","Highlight Path","Minty Spire (QoL Compilation)","Quick Restart","Rare Cards Sparkle","Relic Stats","StSLib"],"gold_per_floor":[17,35,110,110,122,122,152,168,195,229,229,270,270,299,299,384,384,400,423,423,452,38,80,80,106,106,106,132,32,59,59,59,143,143,153,0,9,33,62,105,120,120,188,223,223,266,291,317,317,317,317,317,317,57,57,57],"floor_reached":55,"language":"ENG","playtime":4298,"items_purged":["Strike_G","Strike_G","Strike_G"],"score":2341,"play_id":"39e3c258-ada0-423c-ae55-02efbd14bf2a","local_time":"20210124165043","is_ascension_mode":true,"campfire_choices":[{"data":"Glass Knife","floor":6.0,"key":"SMITH"},{"data":"Terror","floor":13.0,"key":"SMITH"},{"data":"Phantasmal Killer","floor":15.0,"key":"SMITH"},{"data":"Venomology","floor":24.0,"key":"SMITH"},{"data":"Cloak And Dagger","floor":27.0,"key":"SMITH"},{"data":"Dash","floor":32.0,"key":"SMITH"},{"floor":42.0,"key":"REST"},{"data":"Wraith Form v2","floor":45.0,"key":"SMITH"},{"floor":49.0,"key":"RECALL"},{"data":"Phantasmal Killer","floor":53,"key":"SMITH"}],"circlet_count":0,"master_deck":["AscendersBane","Strike_G","Strike_G","Defend_G+1","Defend_G+1","Defend_G","Defend_G","Survivor","Neutralize","Dagger Throw","Terror+1","Glass Knife+1","PiercingWail","Die Die Die+1","Leg Sweep+1","Cloak And Dagger+1","Phantasmal Killer+1","Quick Slash","Venomology+1","Backstab","Dash+1","Predator","Phantasmal Killer+1","Acrobatics","Blur","Deflect+1","Wraith Form v2+1","Tools of the Trade","PiercingWail","Bouncing Flask+1","Deadly Poison+1","Noxious Fumes"],"relics":["Ring of the Snake","Thread and Needle","War Paint","Ancient Tea Set","CeramicFish","Toy Ornithopter","SlaversCollar","Anchor","Calipers","Turnip","Question Card","Happy Flower","FossilizedHelix","Velvet Choker","Red Mask","Snake Skull","Akabeko","MealTicket"],"acts_visited":["Exordium","TheCity","TheBeyond","TheEnding"],"potions_floor_usage":[50,51,55,55,55],"damage_taken":[{"damage":0.0,"enemies":"Cultist","floor":1.0,"turns":4.0},{"damage":3.0,"enemies":"Jaw Worm","floor":2.0,"turns":6.0},{"damage":0.0,"enemies":"Small Slimes","floor":5.0,"turns":3.0},{"damage":7.0,"enemies":"Gremlin Nob","floor":7.0,"turns":3.0},{"damage":1.0,"enemies":"Red Slaver","floor":8.0,"turns":2.0},{"damage":3.0,"enemies":"Lagavulin","floor":10.0,"turns":7.0},{"damage":0.0,"enemies":"Gremlin Nob","floor":12.0,"turns":3.0},{"damage":0.0,"enemies":"Blue Slaver","floor":14.0,"turns":1.0},{"damage":0.0,"enemies":"Slime Boss","floor":16.0,"turns":2.0},{"damage":2.0,"enemies":"2 Thieves","floor":18.0,"turns":4.0},{"damage":2.0,"enemies":"Spheric Guardian","floor":21.0,"turns":4.0},{"damage":7.0,"enemies":"Slavers","floor":23.0,"turns":7.0},{"damage":6.0,"enemies":"Book of Stabbing","floor":25.0,"turns":3.0},{"damage":10.0,"enemies":"Snecko","floor":28.0,"turns":6.0},{"damage":5.0,"enemies":"Slavers","floor":30.0,"turns":6.0},{"damage":11.0,"enemies":"Collector","floor":33.0,"turns":10.0},{"damage":0.0,"enemies":"3 Shapes","floor":35.0,"turns":5.0},{"damage":0.0,"enemies":"Orb Walker","floor":38.0,"turns":2.0},{"damage":42.0,"enemies":"Transient","floor":39.0,"turns":6.0},{"damage":40.0,"enemies":"Giant Head","floor":40.0,"turns":8.0},{"damage":13.0,"enemies":"Jaw Worm Horde","floor":41.0,"turns":4.0},{"damage":0.0,"enemies":"Reptomancer","floor":44.0,"turns":7.0},{"damage":0.0,"enemies":"Giant Head","floor":46.0,"turns":6.0},{"damage":0.0,"enemies":"Sphere and 2 Shapes","floor":47.0,"turns":4.0},{"damage":0.0,"enemies":"Transient","floor":48.0,"turns":6.0},{"damage":0,"enemies":"Donu and Deca","floor":50,"turns":13},{"damage":4,"enemies":"Time Eater","floor":51,"turns":14},{"damage":94,"enemies":"Shield and Spear","floor":55,"turns":5}],"seed_played":"-677176703673605309","potions_obtained":[{"floor":1.0,"key":"GamblersBrew"},{"floor":7.0,"key":"SteroidPotion"},{"floor":12.0,"key":"Fire Potion"},{"floor":25.0,"key":"Fruit Juice"},{"floor":28.0,"key":"CunningPotion"},{"floor":30.0,"key":"Ancient Potion"},{"floor":40.0,"key":"FearPotion"}],"is_trial":false,"path_per_floor":["M","M","?","?","M","R","E","M","T","E","?","E","R","M","R","B",null,"M","T","?","M","$","E","R","E","T","R","M","$","E","?","R","B",null,"M","?","?","M","M","E","M","R","T","E","R","E","M","M","R","B","B",null,"R","$","E"],"character_chosen":"THE_SILENT","items_purchased":["Calipers","Noxious Fumes","Strength Potion"],"campfire_rested":1,"item_purchase_floors":[22,54,54],"current_hp_per_floor":[59,56,45,45,45,45,38,37,37,34,34,34,34,34,34,34,58,61,61,61,64,64,59,59,58,58,58,58,58,58,58,58,57,68,68,68,68,71,34,4,1,22,22,22,22,27,27,32,32,37,38,63,63,71,0,0],"gold":57,"neow_bonus":"ONE_RARE_RELIC","is_daily":false,"chose_seed":false,"campfire_upgraded":8,"win_rate":0.0,"timestamp":1611528643,"path_taken":["M","M","?","?","?","R","E","M","T","E","?","E","R","M","R","BOSS","M","?","?","M","$","E","R","E","T","R","M","?","E","?","R","BOSS","M","?","?","M","M","E","M","R","T","E","R","E","M","M","R","BOSS","BOSS","R","$","E"],"items_purchased_type":["Relic","Card","Potion"],"build_version":"2020-12-18","purchased_purges":3,"victory":false,"max_hp_per_floor":[66,66,66,66,66,66,66,66,66,66,66,66,66,66,66,66,66,66,66,66,66,66,66,66,66,66,66,71,71,71,71,71,71,71,71,71,71,71,71,71,71,71,71,71,71,71,71,71,71,71,71,71,71,71,71,71],"relic_stats":{"Happy Flower":[34],"counters":[28,151],"CeramicFish":153,"MealTicket":8,"Turnip":[13],"Snake Skull":[39],"War Paint":["Defend_G","Defend_G"],"Question Card":12,"obtain_stats":[{"Calipers":22,"Happy Flower":26,"CeramicFish":10,"Velvet Choker":34,"Thread and Needle":0,"Snake Skull":40,"War Paint":7,"Ancient Tea Set":9,"Question Card":25,"Akabeko":44,"SlaversCollar":17,"Anchor":19,"MealTicket":46,"Turnip":23,"Red Mask":36,"Toy Ornithopter":12,"FossilizedHelix":30,"Ring of the Snake":0},{"Calipers":11,"Happy Flower":13,"CeramicFish":6,"Velvet Choker":16,"Thread and Needle":0,"Snake Skull":20,"War Paint":4,"Ancient Tea Set":5,"Question Card":13,"Akabeko":22,"SlaversCollar":9,"Anchor":10,"MealTicket":23,"Turnip":12,"Red Mask":17,"Toy Ornithopter":7,"FossilizedHelix":15,"Ring of the Snake":0},{"Calipers":39,"Happy Flower":49,"CeramicFish":25,"Velvet Choker":71,"Thread and Needle":0,"Snake Skull":92,"War Paint":16,"Ancient Tea Set":18,"Question Card":49,"Akabeko":103,"SlaversCollar":31,"Anchor":35,"MealTicket":109,"Turnip":46,"Red Mask":76,"Toy Ornithopter":28,"FossilizedHelix":61,"Ring of the Snake":0}],"Toy Ornithopter":100,"Ring of the Snake":[56]},"card_choices":[{"not_picked":["Deflect","Tactician"],"picked":"Dagger Throw","floor":1.0},{"not_picked":["Outmaneuver","Catalyst"],"picked":"Terror","floor":2.0},{"not_picked":["Backflip","Prepared"],"picked":"PiercingWail","floor":5.0},{"not_picked":["Accuracy","Quick Slash"],"picked":"Die Die Die","floor":7.0},{"not_picked":["Masterful Stab","Underhanded Strike"],"picked":"Leg Sweep","floor":8.0},{"not_picked":["Acrobatics","Choke"],"picked":"Cloak And Dagger","floor":10.0},{"not_picked":["Quick Slash","Blade Dance"],"picked":"Phantasmal Killer","floor":12.0},{"not_picked":["Backflip","Deadly Poison"],"picked":"Quick Slash","floor":14.0},{"not_picked":["Unload","A Thousand Cuts"],"picked":"Venomology","floor":16.0},{"not_picked":["All Out Attack","Bane","Deflect"],"picked":"SKIP","floor":18.0},{"not_picked":["Slice","Dagger Spray"],"picked":"Backstab","floor":21.0},{"not_picked":["Crippling Poison","Infinite Blades"],"picked":"Dash","floor":23.0},{"not_picked":["Choke","Caltrops+1","Sucker Punch"],"picked":"SKIP","floor":25.0},{"not_picked":["Eviscerate","Phantasmal Killer","Prepared"],"picked":"Predator","floor":28.0},{"not_picked":["Eviscerate+1","All Out Attack","Finisher","Escape Plan"],"picked":"SKIP","floor":30.0},{"not_picked":["A Thousand Cuts","Bullet Time","Doppelganger"],"picked":"Phantasmal Killer","floor":33.0},{"not_picked":["Dagger Spray","Tactician","Heel Hook","Flying Knee"],"picked":"SKIP","floor":35.0},{"not_picked":["Underhanded Strike","Deadly Poison","Dash"],"picked":"Blur","floor":38.0},{"not_picked":["Cloak And Dagger","Accuracy","Underhanded Strike"],"picked":"Deflect+1","floor":39.0},{"not_picked":["Reflex","Venomology","Tactician"],"picked":"Wraith Form v2","floor":40.0},{"not_picked":["Caltrops","Predator","Backstab","Reflex"],"picked":"SKIP","floor":41.0},{"not_picked":["Cloak And Dagger+1","Deadly Poison+1","Underhanded Strike"],"picked":"Tools of the Trade","floor":44.0},{"not_picked":["All Out Attack","Poisoned Stab","Dash+1"],"picked":"PiercingWail","floor":46.0},{"not_picked":["Distraction+1","Leg Sweep+1","Caltrops"],"picked":"Bouncing Flask+1","floor":47.0},{"not_picked":["Prepared+1","Flying Knee+1","Expertise"],"picked":"Deadly Poison+1","floor":48.0}],"player_experience":1295313,"relics_obtained":[{"floor":7.0,"key":"War Paint"},{"floor":9.0,"key":"Ancient Tea Set"},{"floor":10.0,"key":"CeramicFish"},{"floor":12.0,"key":"Toy Ornithopter"},{"floor":19.0,"key":"Anchor"},{"floor":23.0,"key":"Turnip"},{"floor":25.0,"key":"Question Card"},{"floor":26.0,"key":"Happy Flower"},{"floor":30.0,"key":"FossilizedHelix"},{"floor":40.0,"key":"Snake Skull"},{"floor":44.0,"key":"Akabeko"},{"floor":46.0,"key":"MealTicket"}],"event_choices":[{"damage_healed":0.0,"max_hp_gain":0.0,"max_hp_loss":0.0,"gold_gain":75.0,"event_name":"World of Goop","player_choice":"Gather Gold","floor":3.0,"gold_loss":0.0,"damage_taken":11.0},{"damage_healed":0.0,"max_hp_gain":0.0,"max_hp_loss":0.0,"gold_gain":0.0,"cards_transformed":["Defend_G"],"event_name":"Transmorgrifier","player_choice":"Transformed","floor":4.0,"gold_loss":0.0,"damage_taken":0.0,"cards_obtained":["Glass Knife"]},{"damage_healed":0.0,"max_hp_gain":0.0,"max_hp_loss":0.0,"gold_gain":0.0,"event_name":"Upgrade Shrine","player_choice":"Upgraded","floor":11.0,"gold_loss":0.0,"damage_taken":0.0,"cards_upgraded":["Die Die Die"]},{"damage_healed":0.0,"max_hp_gain":0.0,"max_hp_loss":0.0,"gold_gain":0.0,"event_name":"Vampires","player_choice":"Ignored","floor":20.0,"gold_loss":0.0,"damage_taken":0.0},{"damage_healed":0.0,"max_hp_gain":0.0,"max_hp_loss":0.0,"gold_gain":0.0,"event_name":"Upgrade Shrine","player_choice":"Upgraded","floor":31.0,"gold_loss":0.0,"damage_taken":0.0,"cards_upgraded":["Leg Sweep"]},{"damage_healed":0.0,"max_hp_gain":0.0,"max_hp_loss":0.0,"gold_gain":0.0,"event_name":"Tomb of Lord Red Mask","player_choice":"Paid","floor":36.0,"gold_loss":153.0,"damage_taken":0.0,"relics_obtained":["Red Mask"]},{"damage_healed":0.0,"max_hp_gain":0.0,"max_hp_loss":0.0,"gold_gain":0.0,"event_name":"Match and Keep!","player_choice":"1 cards matched","floor":37.0,"gold_loss":0.0,"damage_taken":0.0,"cards_obtained":["Acrobatics"]}],"is_beta":true,"boss_relics":[{"not_picked":["Ectoplasm","Snecko Eye"],"picked":"SlaversCollar"},{"not_picked":["Ring of the Serpent","Runic Dome"],"picked":"Velvet Choker"}],"items_purged_floors":[22,29,54],"is_endless":false,"potions_floor_spawned":[1,7,12,14,25,28,30,35,40],"killed_by":"Shield and Spear","ascension_level":20}}