{"host":"6azrrw3tf7wb0f4b","time":1611478777,"event":{"mods":["BaseMod","DeckTracker","Minty Spire (QoL Compilation)","SuperFastMode"],"gold_per_floor":[116,116,128,150,180,217,229,275,312,349,361,392,404,431,443,534,546,571,583,608,535,567,579,622,634,646,658,670,670],"floor_reached":28,"language":"KOR","playtime":530,"items_purged":[],"score":464,"play_id":"4f0b6349-bbac-4d58-a011-e71347c09035","local_time":"20210124175937","is_ascension_mode":true,"campfire_choices":[{"floor":7,"key":"REST"},{"floor":15,"key":"REST"},{"data":"Defragment","floor":23,"key":"SMITH"},{"data":"Defragment","floor":25,"key":"SMITH"}],"circlet_count":0,"master_deck":["AscendersBane","Strike_B","Strike_B","Strike_B","Defend_B","Defend_B","Defend_B+1","Zap","Dualcast","Hyperbeam+1","Leap+1","Glacier","Conserve Battery+1","Ball Lightning","Defragment+1","Self Repair","Meteor Strike","Beam Cell","Defragment+1","White Noise","Go for the Eyes+1"],"relics":["Cracked Core","MawBank","War Paint","PreservedInsect","Nunchaku","Shuriken","Darkstone Periapt","Sozu","Molten Egg 2","Boot","Ancient Tea Set"],"acts_visited":["Exordium","TheCity"],"potions_floor_usage":[8,10,16],"damage_taken":[{"damage":0,"enemies":"2 Louse","floor":1,"turns":2},{"damage":0,"enemies":"Jaw Worm","floor":4,"turns":2},{"damage":0,"enemies":"Cultist","floor":5,"turns":2},{"damage":13,"enemies":"3 Sentries","floor":6,"turns":6},{"damage":41,"enemies":"Gremlin Nob","floor":8,"turns":5},{"damage":0,"enemies":"Lagavulin","floor":10,"turns":6},{"damage":0,"enemies":"Looter","floor":12,"turns":4},{"damage":0,"enemies":"2 Fungi Beasts","floor":14,"turns":1},{"damage":6,"enemies":"The Guardian","floor":16,"turns":12},{"damage":0,"enemies":"Shell Parasite","floor":18,"turns":10},{"damage":20,"enemies":"Chosen","floor":20,"turns":6},{"damage":15,"enemies":"Snecko","floor":22,"turns":7},{"damage":14,"enemies":"Book of Stabbing","floor":24,"turns":5},{"damage":45,"enemies":"Slavers","floor":28,"turns":2}],"seed_played":"-6777735829305966229","potions_obtained":[{"floor":6,"key":"Block Potion"},{"floor":8,"key":"Explosive Potion"},{"floor":10,"key":"SteroidPotion"},{"floor":12,"key":"AttackPotion"}],"is_trial":false,"path_per_floor":["M","?","?","M","M","E","R","E","T","E","T","M","?","M","R","B",null,"M","?","M","?","M","R","E","R","T","?","E"],"character_chosen":"DEFECT","items_purchased":[],"campfire_rested":2,"item_purchase_floors":[],"current_hp_per_floor":[68,50,35,35,35,22,44,3,3,3,3,3,3,3,25,26,63,70,70,57,57,49,49,42,42,42,42,0,0],"gold":670,"neow_bonus":"TRANSFORM_CARD","is_daily":false,"chose_seed":false,"campfire_upgraded":2,"win_rate":0.0,"timestamp":1611478777,"path_taken":["M","?","?","M","M","E","R","E","T","E","?","M","?","?","R","BOSS","M","?","M","?","M","R","E","R","T","?","E"],"items_purchased_type":[],"build_version":"2020-12-22","purchased_purges":0,"victory":false,"max_hp_per_floor":[75,75,75,75,75,75,75,75,75,75,75,75,75,75,75,75,75,75,75,75,75,75,75,75,75,75,75,75,75],"card_choices":[{"not_picked":["Hologram","Hello World"],"picked":"Leap","floor":1},{"not_picked":["Streamline","Cold Snap"],"picked":"Glacier","floor":4},{"not_picked":["Streamline","Chaos"],"picked":"Conserve Battery","floor":5},{"not_picked":["Redo","Streamline","Leap"],"picked":"SKIP","floor":6},{"not_picked":["Leap","Streamline"],"picked":"Ball Lightning","floor":8},{"not_picked":["Cold Snap","Fusion"],"picked":"Defragment","floor":10},{"not_picked":["Hello World","Fission","Force Field"],"picked":"SKIP","floor":12},{"not_picked":["Leap","Barrage"],"picked":"Self Repair","floor":14},{"not_picked":["All For One","Hyperbeam"],"picked":"Meteor Strike","floor":16},{"not_picked":["Steam","Undo"],"picked":"Beam Cell","floor":18},{"not_picked":["Rip and Tear","Gash"],"picked":"White Noise","floor":20},{"not_picked":["Reprogram","Leap"],"picked":"Go for the Eyes+1","floor":22},{"not_picked":["Self Repair","Sweeping Beam+1","Rip and Tear+1"],"picked":"SKIP","floor":24}],"player_experience":733706,"relics_obtained":[{"floor":6,"key":"War Paint"},{"floor":8,"key":"PreservedInsect"},{"floor":9,"key":"Nunchaku"},{"floor":10,"key":"Shuriken"},{"floor":11,"key":"Darkstone Periapt"},{"floor":24,"key":"Boot"},{"floor":26,"key":"Ancient Tea Set"}],"event_choices":[{"damage_healed":0,"gold_gain":0,"player_choice":"Success","damage_taken":18,"relics_obtained":["MawBank"],"max_hp_gain":0,"max_hp_loss":0,"event_name":"Scrap Ooze","floor":2,"gold_loss":0},{"damage_healed":0,"gold_gain":0,"player_choice":"Entered Light","damage_taken":15,"max_hp_gain":0,"max_hp_loss":0,"event_name":"Shining Light","floor":3,"gold_loss":0,"cards_upgraded":["Defend_B","Hyperbeam"]},{"cards_removed":["Defend_B"],"damage_healed":0,"gold_gain":0,"player_choice":"Purged","damage_taken":0,"max_hp_gain":0,"max_hp_loss":0,"event_name":"Purifier","floor":13,"gold_loss":0},{"damage_healed":0,"gold_gain":0,"player_choice":"Read","damage_taken":0,"max_hp_gain":0,"max_hp_loss":0,"event_name":"The Library","floor":19,"gold_loss":0,"cards_obtained":["Defragment"]},{"damage_healed":0,"gold_gain":0,"player_choice":"Obtained Relic","damage_taken":0,"relics_obtained":["Molten Egg 2"],"max_hp_gain":0,"max_hp_loss":0,"event_name":"Addict","floor":21,"gold_loss":85},{"damage_healed":0,"gold_gain":0,"player_choice":"Ignored","damage_taken":0,"max_hp_gain":0,"max_hp_loss":0,"event_name":"Ghosts","floor":27,"gold_loss":0}],"is_beta":false,"boss_relics":[{"not_picked":["Empty Cage","Pandora\u0027s Box"],"picked":"Sozu"}],"items_purged_floors":[],"is_endless":false,"potions_floor_spawned":[6,8,10,12,20],"killed_by":"Slavers","ascension_level":13}}