{"host":"d54lcqy5t45er8jx","time":1611481393,"event":{"mods":["2.2 Compatiblity","BaseMod","CapriCore","Defuse TimeMaze Blight","Hermit","Hubris","Infinite Spire","Marisa£¨Ùöéë¡¡Øª×âÞÞ£©","Minty Spire (QoL Compilation)","Rare Cards Sparkle","Relic Stats","StSLib","The Animator","The Cursed","The Immortal","The Servant 0.9.4","WarShipGirlsR/??á´Ò³R mod"],"gold_per_floor":[117,135,31,31,44,44,69,82,108,133,77,102,102,116,116,190,190,161,172,187,87,119,149,149,179,179,179,199,199,199,226,226,300,300,300,122,153,153,153],"floor_reached":38,"language":"ENG","playtime":7001,"items_purged":["DoubleEdge","Replace","Unruled","Defy"],"score":1411,"play_id":"79e86654-260b-4948-ba47-d01e48d4648f","local_time":"20210124184313","daily_mods":["Insanity","Heirloom","DeadlyEvents","Elite Swarm","Uncertain Future"],"is_ascension_mode":true,"campfire_choices":[{"data":"1","floor":6,"key":"LIFT"},{"data":"2","floor":13,"key":"LIFT"},{"floor":15,"key":"DIG"},{"floor":24,"key":"DIG"},{"floor":30,"key":"DIG"},{"floor":32,"key":"DIG"},{"data":"3","floor":35,"key":"LIFT"}],"circlet_count":0,"master_deck":["AscendersBane","hubris:Fate+1","Replace","Contraction","BestPractice","Rewind","FastForward","Shuttle","Potential","Rearm","TimeWarp","Defy","Rewind","SpecialFormula","ShatteredReality","DualDimension","Spin","Ricochet","Replace","Advance+1","Sabotage","Unruled","Hightail","FanOfKnives","Gouge","Rewind","ShatteredReality","Contraction","TimeWarp","SpecialFormula","InstantArmor","DoubleEdge+1","Unruled","Barrier","MoonPhase","Starlight","GearUp","Ricochet","Alleviate","Starlight","Unruled","Alleviate","DoubleEdge+1","InstantArmor","ReturningBlade","Comet","Defy","InstantArmor","hubris:Fate","FanOfKnives","Unruled","KillingDoll","SurpressingFire","Dilation","BottledTime","Initiator","Rearm","TheWorld","Potential","KillingDoll","ForgedInTime","KillingDoll","Embodiment","TheWorld","TimeWarp","TheWorld"],"relics":["Uniform","Girya","KneeBrace","Ancient Tea Set","Turnip","Shovel","FossilizedHelix","StoneMask","infinitespire:CursedDice","Centennial Puzzle","Whetstone","Lizard Tail","Pocketwatch","MealTicket","Omamori","Boot","infinitespire:PuzzleCube","Coffee Dripper","Bottled Tornado"],"acts_visited":["Exordium","TheCity","TheEnding"],"potions_floor_usage":[7,12,38,38],"damage_taken":[{"damage":0,"enemies":"infinitespire:Voidling","floor":1,"turns":3},{"damage":0,"enemies":"Cultist","floor":2,"turns":3},{"damage":0,"enemies":"Jaw Worm","floor":5,"turns":2},{"damage":42,"enemies":"Gremlin Nob","floor":7,"turns":5},{"damage":0,"enemies":"Large Slime","floor":8,"turns":1},{"damage":22,"enemies":"Lagavulin","floor":10,"turns":4},{"damage":0,"enemies":"3 Sentries","floor":12,"turns":2},{"damage":0,"enemies":"Lots of Slimes","floor":14,"turns":2},{"damage":0,"enemies":"Slime Boss","floor":16,"turns":7},{"damage":14,"enemies":"2 Thieves","floor":18,"turns":4},{"damage":0,"enemies":"Spheric Guardian","floor":19,"turns":1},{"damage":0,"enemies":"Centurion and Healer","floor":20,"turns":1},{"damage":0,"enemies":"Slavers","floor":22,"turns":1},{"damage":0,"enemies":"Nightmare","floor":23,"turns":2},{"damage":0,"enemies":"Gremlin Leader","floor":25,"turns":5},{"damage":0,"enemies":"Sentry and Sphere","floor":28,"turns":2},{"damage":0,"enemies":"Book of Stabbing","floor":31,"turns":1},{"damage":56,"enemies":"hubris:MusketHawk","floor":33,"turns":11},{"damage":138,"enemies":"Shield and Spear","floor":37,"turns":6},{"damage":38,"enemies":"The Heart","floor":38,"turns":3}],"seed_played":"-7264600611155439169","potions_obtained":[{"floor":2,"key":"Explosive Potion"},{"floor":8,"key":"Strength Potion"},{"floor":10,"key":"DistilledChaos"},{"floor":12,"key":"Regen Potion"}],"is_trial":true,"path_per_floor":["M","M","$","?","M","R","E","M","T","E","$","E","R","M","R","B",null,"M","M","M","$","E","NM","R","E","T","?","M","AVR","R","E","R","B",null,"R","$","E","B"],"character_chosen":"THE_SERVANT","items_purchased":["Unruled","BottledTime","TimeWarp"],"campfire_rested":0,"item_purchase_floors":[3,11,36],"current_hp_per_floor":[59,59,59,59,60,60,18,18,18,1,1,6,6,21,21,31,53,47,47,53,53,53,53,53,61,61,61,61,61,61,61,61,11,52,52,65,23,0,0],"gold":153,"neow_bonus":"","is_daily":false,"chose_seed":false,"campfire_upgraded":0,"win_rate":0.0,"timestamp":1611481393,"path_taken":["M","?","?","?","M","R","E","M","T","E","$","E","R","M","R","BOSS","M","M","M","?","?","NM","R","E","T","?","M","AVR","R","E","R","BOSS","R","$","E","BOSS"],"items_purchased_type":["Card","Card","Card"],"build_version":"2020-12-22","purchased_purges":4,"victory":false,"max_hp_per_floor":[60,60,60,60,60,60,60,60,60,60,60,60,60,60,60,60,60,61,61,63,63,63,63,63,64,64,64,64,64,64,64,64,65,65,65,65,65,65,65],"relic_stats":{"Centennial Puzzle":[9],"Lizard Tail":32,"Shovel":4,"counters":[20,66],"MealTicket":13,"Turnip":[33],"Whetstone":["DoubleEdge","DoubleEdge"],"Boot":[8],"obtain_stats":[{"Girya":0,"KneeBrace":7,"StoneMask":17,"infinitespire:CursedDice":22,"Uniform":0,"Omamori":30,"Whetstone":24,"Bottled Tornado":37,"Ancient Tea Set":9,"Boot":31,"Centennial Puzzle":23,"Lizard Tail":25,"Shovel":12,"MealTicket":29,"Turnip":10,"Coffee Dripper":34,"FossilizedHelix":15,"infinitespire:PuzzleCube":32,"Pocketwatch":26},{"Girya":0,"KneeBrace":4,"StoneMask":9,"infinitespire:CursedDice":13,"Uniform":0,"Omamori":16,"Whetstone":14,"Bottled Tornado":19,"Ancient Tea Set":5,"Boot":17,"Centennial Puzzle":14,"Lizard Tail":15,"Shovel":7,"MealTicket":16,"Turnip":6,"Coffee Dripper":18,"FossilizedHelix":8,"infinitespire:PuzzleCube":17,"Pocketwatch":15},{"Girya":0,"KneeBrace":13,"StoneMask":29,"infinitespire:CursedDice":36,"Uniform":0,"Omamori":45,"Whetstone":38,"Bottled Tornado":63,"Ancient Tea Set":14,"Boot":46,"Centennial Puzzle":38,"Lizard Tail":43,"Shovel":20,"MealTicket":45,"Turnip":18,"Coffee Dripper":57,"FossilizedHelix":22,"infinitespire:PuzzleCube":46,"Pocketwatch":43}],"Pocketwatch":[13]},"card_choices":[{"not_picked":["Spin","FastForward","Reset"],"picked":"SKIP","floor":1},{"not_picked":["BestPractice","Reset"],"picked":"FanOfKnives","floor":2},{"not_picked":["Starlight","RealityMarble","ReturningBlade"],"picked":"SKIP","floor":5},{"not_picked":["TrueSight","FlawlessForm"],"picked":"KillingDoll","floor":7},{"not_picked":["Moonlight","Foresight"],"picked":"SurpressingFire","floor":8},{"not_picked":["KillingDoll","MurderousAura"],"picked":"Dilation","floor":10},{"not_picked":["Dilation","MurderousAura"],"picked":"Initiator","floor":12},{"not_picked":["Replace","DoubleEdge"],"picked":"Rearm","floor":14},{"not_picked":["PendulumOfEternity","Initiator"],"picked":"TheWorld","floor":16},{"not_picked":["Starlight","Alleviate","DoubleEdge"],"picked":"SKIP","floor":18},{"not_picked":["Replace","Defy"],"picked":"Potential","floor":19},{"not_picked":["Misdirection","ShatteredReality","Read"],"picked":"SKIP","floor":20},{"not_picked":["Duplication","Deny"],"picked":"KillingDoll","floor":22},{"not_picked":["PendulumOfEternity","FlawlessForm"],"picked":"ForgedInTime","floor":23},{"not_picked":["FloweringNight","Initiator","MurderousAura"],"picked":"SKIP","floor":25},{"not_picked":[],"picked":"KillingDoll","floor":27},{"not_picked":["WasteNot","BestPractice","ShatteredReality"],"picked":"SKIP","floor":28},{"not_picked":["MurderousAura","TrueSight"],"picked":"Embodiment","floor":31},{"not_picked":["MurderousAura","Embodiment"],"picked":"TheWorld","floor":33},{"not_picked":["LightFlow","Solidify"],"picked":"TheWorld","floor":37}],"player_experience":878627,"relics_obtained":[{"floor":7,"key":"KneeBrace"},{"floor":9,"key":"Ancient Tea Set"},{"floor":10,"key":"Turnip"},{"floor":12,"key":"Shovel"},{"floor":15,"key":"FossilizedHelix"},{"floor":22,"key":"infinitespire:CursedDice"},{"floor":23,"key":"Centennial Puzzle"},{"floor":24,"key":"Whetstone"},{"floor":25,"key":"Lizard Tail"},{"floor":26,"key":"Pocketwatch"},{"floor":30,"key":"Omamori"},{"floor":31,"key":"Boot"},{"floor":32,"key":"infinitespire:PuzzleCube"},{"floor":37,"key":"Bottled Tornado"}],"event_choices":[{"damage_healed":0,"gold_gain":0,"player_choice":"Upgraded","damage_taken":0,"max_hp_gain":0,"max_hp_loss":0,"event_name":"Upgrade Shrine","floor":4,"gold_loss":0,"cards_upgraded":["Advance"]}],"is_beta":false,"boss_relics":[{"not_picked":["Busted Crown","Astrolabe"],"picked":"StoneMask"},{"not_picked":["MysterySword","Velvet Choker"],"picked":"Coffee Dripper"}],"items_purged_floors":[3,21,29,36],"is_endless":true,"potions_floor_spawned":[2,8,10,12,16,18,25,31],"killed_by":"The Heart","ascension_level":20}}