{"host":"ss2ocoam53r2lno0","time":1611531080,"event":{"mods":["Act Like it!","BaseMod","ChefMod","Clockwork Mod","Colored Powertips","Curses Come First","Displayed Cursed Tome","Downfall","Evolution","Googly Eyes","Hallownest","Highlight Path","Minty Spire (QoL Compilation)","Poor People Problems","Rare Cards Sparkle","Robot Space Explorer","Shade Mod","Shop Mod","Spicy Shops","StSLib","The Marked"],"gold_per_floor":[115,22,22,33,33,33,49,49,49,49,49,68,84,99,99,99,99],"floor_reached":16,"language":"ENG","playtime":12995,"items_purged":[],"score":170,"play_id":"f873fb2c-177a-4e0e-b7d2-95039a0bab0c","local_time":"20210125003120","is_ascension_mode":true,"campfire_choices":[{"data":"Clockwork:SnapKeep","floor":6.0,"key":"SMITH"},{"data":"Clockwork:Handicap","floor":8.0,"key":"SMITH"},{"data":"Clockwork:Shield","floor":10.0,"key":"SMITH"},{"floor":15.0,"key":"REST"}],"circlet_count":0,"master_deck":["AscendersBane","Clockwork:Strike","Clockwork:Strike","Clockwork:Strike","Clockwork:Strike","Clockwork:Shield","Clockwork:Shield","Clockwork:Shield+1","Clockwork:Shield","Clockwork:Tinker+1","Clockwork:WarmUp","Clockwork:SnapKeep+1"],"relics":["Clockwork:MomentumEngine","EVO:Axolotl","NeowsBlessing","Letter Opener","Orichalcum"],"acts_visited":["Exordium"],"potions_floor_usage":[],"damage_taken":[{"damage":0.0,"enemies":"2 Louse","floor":1.0,"turns":2.0},{"damage":0.0,"enemies":"Cultist","floor":4.0,"turns":1.0},{"damage":0.0,"enemies":"Small Slimes","floor":7.0,"turns":3.0},{"damage":0.0,"enemies":"Exordium Thugs","floor":12.0,"turns":8.0},{"damage":0.0,"enemies":"Blue Slaver","floor":13.0,"turns":8.0},{"damage":23.0,"enemies":"Large Slime","floor":14.0,"turns":13.0},{"damage":80,"enemies":"Slime Boss","floor":16,"turns":11}],"seed_played":"1596467337824663086","potions_obtained":[{"floor":12.0,"key":"Ancient Potion"}],"is_trial":false,"path_per_floor":["M","?","$","M","?","R","M","R","T","R","$","M","M","M","R","B"],"character_chosen":"CLOCKWORK","items_purchased":[],"campfire_rested":1,"item_purchase_floors":[],"current_hp_per_floor":[71,71,71,71,71,71,71,71,71,71,71,71,71,48,71,0,0],"gold":99,"neow_bonus":"THREE_ENEMY_KILL","is_daily":false,"chose_seed":false,"campfire_upgraded":3,"win_rate":0.0,"timestamp":1611531080,"path_taken":["M","?","$","?","?","R","M","R","T","R","?","M","M","?","R","BOSS"],"items_purchased_type":[],"build_version":"2020-12-22","purchased_purges":0,"victory":false,"max_hp_per_floor":[79,79,79,79,79,79,79,79,79,79,79,79,79,79,79,79,79],"card_choices":[{"not_picked":["Clockwork:AdaptiveCannon","Clockwork:Redundancy","Clockwork:CogBarrier"],"picked":"SKIP","floor":1.0},{"not_picked":["Clockwork:SystemScan","Clockwork:SystemHardening"],"picked":"Clockwork:SnapKeep","floor":4.0},{"not_picked":["Clockwork:ReserveSystems","Clockwork:AssemblyLine","Clockwork:HeadStart"],"picked":"SKIP","floor":7.0},{"not_picked":["Clockwork:ForgeStrike","Clockwork:AdaptiveCannon","Clockwork:Improve"],"picked":"SKIP","floor":12.0},{"not_picked":["Clockwork:SystemScan","Clockwork:CogToss","Clockwork:RitualDaggerMk0"],"picked":"SKIP","floor":13.0},{"not_picked":["Clockwork:Roundhouse","Clockwork:EnthusiasticStrike","Clockwork:Improve"],"picked":"SKIP","floor":14.0}],"player_experience":822622,"relics_obtained":[{"floor":9.0,"key":"Orichalcum"}],"event_choices":[{"damage_healed":0.0,"max_hp_gain":0.0,"max_hp_loss":0.0,"gold_gain":0.0,"event_name":"WeMeetAgain","player_choice":"Paid Gold","floor":2.0,"gold_loss":93.0,"damage_taken":0.0,"relics_obtained":["Letter Opener"]},{"damage_healed":0.0,"max_hp_gain":0.0,"max_hp_loss":0.0,"gold_gain":0.0,"event_name":"Accursed Blacksmith","player_choice":"Forge","floor":5.0,"gold_loss":0.0,"damage_taken":0.0,"cards_upgraded":["Clockwork:Tinker"]}],"is_beta":false,"boss_relics":[],"items_purged_floors":[],"is_endless":false,"potions_floor_spawned":[12],"killed_by":"Slime Boss","ascension_level":17}}