{"host":"2yhbarjh4s9lrrzt","time":1611526567,"event":{"mods":["2.2 Compatiblity","BaseMod","Better Note","Better Third Choice","Block Reminder","Hubris","Marked Mod","Minty Spire (QoL Compilation)","Replay The Spire","StSLib"],"gold_per_floor":[118,135,149,149,149,180,180,28,75,75,86,86,3,20,20,124,124,136,136,8,26,46,66,40,40,40,60,60,159,159,175,175,175,175],"floor_reached":33,"language":"ENG","playtime":2155,"items_purged":[],"score":247,"play_id":"dbf48f27-8a97-492b-9dbd-c11c9b73acc3","local_time":"20210124171607","is_ascension_mode":false,"campfire_choices":[{"floor":7,"key":"REST"},{"floor":30,"key":"REST"},{"floor":32,"key":"REST"}],"circlet_count":0,"master_deck":["Strike_P+1","Strike_P+1","Strike_P+1","Defend_P+1","Defend_P+1","Defend_P+1","Eruption","Vigilance+1","EmptyFist","MarkedMod:FirstStrike+1","EmptyMind","hubris:DuctTapeCard+2","BattleHymn","MarkedMod:ChiBlock","MarkedMod:PinPointDefense","BowlingBash","Perseverance","MarkedMod:NorthStar","Pot Of Greed","Pot Of Greed","MarkedMod:OneThousandNeedles+1","MarkedMod:Acupuncture","JustLucky","MarkedMod:GentlePulse","Wallop","BowlingBash","Pot Of Greed","MarkedMod:GentlePulse","MarkedMod:FirstStrike","MentalFortress","Alpha"],"relics":["PureWater","NeowsBlessing","Vajra","hubris:Icosahedron","hubris:DuctTape","Lee\u0027s Waffle","Akabeko","Turnip","hubris:Backtick","Grinning Jar"],"acts_visited":["Exordium","TheCity"],"potions_floor_usage":[16,22,27],"damage_taken":[{"damage":0,"enemies":"2 Louse","floor":1,"turns":1},{"damage":0,"enemies":"Small Slimes","floor":2,"turns":1},{"damage":0,"enemies":"Jaw Worm","floor":3,"turns":1},{"damage":22,"enemies":"Replay:BlueRogue","floor":6,"turns":11},{"damage":0,"enemies":"Red Slaver","floor":11,"turns":3},{"damage":0,"enemies":"Looter","floor":14,"turns":2},{"damage":34,"enemies":"Slime Boss","floor":16,"turns":11},{"damage":1,"enemies":"Spheric Guardian","floor":18,"turns":4},{"damage":24,"enemies":"2 Thieves","floor":21,"turns":4},{"damage":5,"enemies":"Cultist and Chosen","floor":22,"turns":6},{"damage":14,"enemies":"Sentry and Sphere","floor":23,"turns":7},{"damage":26,"enemies":"Centurion and Healer","floor":27,"turns":8},{"damage":15,"enemies":"Snecko","floor":31,"turns":5},{"damage":78,"enemies":"Collector","floor":33,"turns":5}],"seed_played":"-3279889815796000433","potions_obtained":[{"floor":6,"key":"SteroidPotion"},{"floor":14,"key":"FairyPotion"},{"floor":16,"key":"BottledMiracle"},{"floor":21,"key":"PowerPotion"},{"floor":22,"key":"SteroidPotion"}],"is_trial":false,"path_per_floor":["M","M","M","?","?","E","R","$","T","?","M","T","$","M","R","B",null,"M","?","$","M","M","M","$","?","T","M","?","?","R","M","R","B"],"character_chosen":"WATCHER","items_purchased":["Lee\u0027s Waffle","MarkedMod:PinPointDefense","BowlingBash","MarkedMod:Acupuncture","JustLucky","MarkedMod:GentlePulse","MarkedMod:FirstStrike"],"campfire_rested":3,"item_purchase_floors":[8,13,13,20,20,20,24],"current_hp_per_floor":[72,72,72,65,65,43,64,79,79,63,63,63,63,63,79,45,79,78,78,78,54,49,35,35,35,35,9,9,9,32,17,40,0,0],"gold":175,"neow_bonus":"THREE_ENEMY_KILL","is_daily":false,"chose_seed":false,"campfire_upgraded":0,"win_rate":0.0,"timestamp":1611526567,"path_taken":["M","M","M","?","?","E","R","$","T","?","M","?","$","M","R","BOSS","M","?","$","M","M","?","$","?","T","M","?","?","R","M","R","BOSS"],"items_purchased_type":["Relic","Card","Card","Card","Card","Card","Card"],"build_version":"2020-12-22","purchased_purges":0,"victory":false,"max_hp_per_floor":[72,72,72,72,72,72,72,79,79,79,79,79,79,79,79,79,79,79,79,79,79,79,79,79,79,79,79,79,79,79,79,79,79,79],"card_choices":[{"not_picked":["Halt","SashWhip"],"picked":"EmptyFist","floor":1},{"not_picked":["Crescendo","FearNoEvil"],"picked":"MarkedMod:FirstStrike","floor":2},{"not_picked":["FlurryOfBlows","FlyingSleeves"],"picked":"EmptyMind","floor":3},{"not_picked":["ClearTheMind","Consecrate"],"picked":"BattleHymn","floor":6},{"not_picked":["EmptyMind","EmptyBody"],"picked":"MarkedMod:ChiBlock","floor":11},{"not_picked":["Crescendo","ThirdEye"],"picked":"Perseverance","floor":14},{"not_picked":["MarkedMod:ChiBlock","Replay:LoomingThreat"],"picked":"MarkedMod:NorthStar","floor":16},{"not_picked":["CutThroughFate","MarkedMod:GracefulMovements"],"picked":"MarkedMod:OneThousandNeedles+1","floor":18},{"not_picked":["Replay:DivineShield+1","WindmillStrike"],"picked":"Wallop","floor":21},{"not_picked":["Vengeance","Swivel"],"picked":"BowlingBash","floor":22},{"not_picked":["Replay:Cycle+1","Consecrate+1"],"picked":"MarkedMod:GentlePulse","floor":23},{"not_picked":["Prostrate+1","FlurryOfBlows+1"],"picked":"MentalFortress","floor":27},{"not_picked":["Replay:ManipulateFuture","Consecrate+1"],"picked":"Alpha","floor":31}],"player_experience":247560,"relics_obtained":[{"floor":6,"key":"hubris:DuctTape"},{"floor":9,"key":"Akabeko"},{"floor":12,"key":"Turnip"}],"event_choices":[{"damage_healed":0,"gold_gain":0,"player_choice":"Relic ","damage_taken":7,"max_hp_gain":0,"max_hp_loss":0,"event_name":"betterThird:BetterScrap","floor":4,"gold_loss":0,"cards_obtained":["Infernal Blade"]},{"damage_healed":79,"gold_gain":0,"player_choice":"Upgrade","damage_taken":16,"max_hp_gain":0,"max_hp_loss":79,"event_name":"betterThird:BetterShining","floor":10,"gold_loss":0,"cards_upgraded":["hubris:DuctTapeCard","Vigilance"]},{"cards_removed":["Pot Of Greed"],"damage_healed":0,"gold_gain":0,"player_choice":"Give","damage_taken":0,"max_hp_gain":0,"max_hp_loss":0,"event_name":"betterNote:BetterNote","floor":19,"gold_loss":0,"cards_obtained":["Doubt"]},{"damage_healed":0,"gold_gain":0,"player_choice":"Ignored","damage_taken":0,"max_hp_gain":0,"max_hp_loss":0,"event_name":"Vampires","floor":25,"gold_loss":0},{"damage_healed":0,"gold_gain":0,"player_choice":"Simplicity","damage_taken":0,"max_hp_gain":0,"max_hp_loss":6,"event_name":"betterThird:BetterWriting","floor":28,"gold_loss":0},{"damage_healed":0,"gold_gain":99,"player_choice":"Steal","damage_taken":0,"max_hp_gain":0,"max_hp_loss":0,"event_name":"betterThird:BetterNest","floor":29,"gold_loss":0}],"is_beta":false,"boss_relics":[{"not_picked":["Tiny House","Philosopher\u0027s Stone"],"picked":"hubris:Backtick"}],"items_purged_floors":[],"is_endless":false,"potions_floor_spawned":[6,14,16,21,22],"killed_by":"Collector","ascension_level":0}}