{"host":"aj7el8l5kufbk20z","time":1611461712,"event":{"mods":["AchievementEnabler","BaseMod","Colored Map","Colored Powertips","Curses Come First","Highlight Path","Minty Spire (QoL Compilation)","Permanent Neow","Poor People Problems","Quick Restart","Rare Cards Sparkle","Relic Stats","StSLib","SuperFastMode","Waifu the Spire"],"gold_per_floor":[210,210,230,305,318,318,318,318,386,380,380,401,89,136,136,230,230,230,230],"floor_reached":18,"language":"ZHS","playtime":691,"items_purged":[],"score":262,"play_id":"206872ec-d1b9-49e5-8ca5-60443ceccb9d","local_time":"20210124121512","is_ascension_mode":true,"campfire_choices":[{"data":"Armaments","floor":6.0,"key":"SMITH"},{"data":"Shrug It Off","floor":8.0,"key":"SMITH"},{"data":"Heavy Blade","floor":11.0,"key":"SMITH"},{"floor":15.0,"key":"REST"}],"circlet_count":0,"master_deck":["AscendersBane","Strike_R","Strike_R","Strike_R","Strike_R","Strike_R","Defend_R","Defend_R","Defend_R","Defend_R","Bash","Shrug It Off+1","Twin Strike","Armaments+1","Heavy Blade+1","Feel No Pain","Ghostly Armor","Demon Form"],"relics":["Burning Blood","Golden Idol","Spirit Poop","Bottled Flame","Shuriken","Art of War","Philosopher\u0027s Stone"],"acts_visited":["Exordium","TheCity"],"potions_floor_usage":[16],"damage_taken":[{"damage":18.0,"enemies":"Jaw Worm","floor":1.0,"turns":7.0},{"damage":12.0,"enemies":"Small Slimes","floor":3.0,"turns":4.0},{"damage":5.0,"enemies":"Cultist","floor":5.0,"turns":4.0},{"damage":14.0,"enemies":"Exordium Thugs","floor":10.0,"turns":4.0},{"damage":10.0,"enemies":"Gremlin Gang","floor":12.0,"turns":7.0},{"damage":43,"enemies":"Slime Boss","floor":16,"turns":16},{"damage":22,"enemies":"3 Byrds","floor":18,"turns":3}],"seed_played":"-6069603663400351219","potions_obtained":[{"floor":3.0,"key":"LiquidMemories"},{"floor":12.0,"key":"DistilledChaos"},{"floor":16,"key":"Swift Potion"}],"is_trial":false,"path_per_floor":["M","?","M","?","M","R","?","R","T","M","R","M","$","T","R","B",null,"M"],"character_chosen":"IRONCLAD","items_purchased":["Shuriken","Ghostly Armor"],"campfire_rested":1,"item_purchase_floors":[13,13],"current_hp_per_floor":[56,56,50,39,40,40,40,40,40,32,32,28,28,28,50,13,60,38,38],"gold":230,"neow_bonus":"HUNDRED_GOLD","is_daily":false,"chose_seed":false,"campfire_upgraded":3,"win_rate":0.0,"timestamp":1611461712,"path_taken":["M","?","M","?","M","R","?","R","T","M","R","?","$","?","R","BOSS","M"],"items_purchased_type":["Relic","Card"],"build_version":"2020-12-22","purchased_purges":0,"victory":false,"max_hp_per_floor":[75,75,75,75,75,75,75,75,75,75,75,75,75,75,75,75,75,75,75],"relic_stats":{"counters":[7,45],"Golden Idol":35,"Shuriken":[4],"Art of War":[3],"obtain_stats":[{"Bottled Flame":9,"Golden Idol":2,"Shuriken":13,"Spirit Poop":7,"Philosopher\u0027s Stone":17,"Art of War":14,"Burning Blood":0},{"Bottled Flame":3,"Golden Idol":1,"Shuriken":5,"Spirit Poop":3,"Philosopher\u0027s Stone":6,"Art of War":5,"Burning Blood":0},{"Bottled Flame":15,"Golden Idol":7,"Shuriken":26,"Spirit Poop":15,"Philosopher\u0027s Stone":42,"Art of War":26,"Burning Blood":0}],"Burning Blood":36},"card_choices":[{"not_picked":["Sword Boomerang","Twin Strike"],"picked":"Shrug It Off","floor":1.0},{"not_picked":["Bloodletting","Wild Strike"],"picked":"Twin Strike","floor":3.0},{"not_picked":["Rampage","Sentinel"],"picked":"Armaments","floor":5.0},{"not_picked":["Cleave","Burning Pact"],"picked":"Heavy Blade","floor":10.0},{"not_picked":["Dual Wield","Reckless Charge"],"picked":"Feel No Pain","floor":12.0},{"not_picked":["Feed","Brutality"],"picked":"Demon Form","floor":16}],"player_experience":369466,"relics_obtained":[{"floor":9.0,"key":"Bottled Flame"},{"floor":14.0,"key":"Art of War"}],"event_choices":[{"damage_healed":0.0,"max_hp_gain":0.0,"max_hp_loss":0.0,"gold_gain":0.0,"event_name":"Golden Idol","player_choice":"Take Wound","floor":2.0,"gold_loss":0.0,"damage_taken":0.0,"relics_obtained":["Golden Idol"],"cards_obtained":["Injury"]},{"damage_healed":0.0,"max_hp_gain":0.0,"max_hp_loss":0.0,"gold_gain":75.0,"event_name":"World of Goop","player_choice":"Gather Gold","floor":4.0,"gold_loss":0.0,"damage_taken":11.0},{"cards_removed":["Injury"],"damage_healed":0.0,"max_hp_gain":0.0,"max_hp_loss":0.0,"gold_gain":0.0,"event_name":"Bonfire Elementals","player_choice":"Offered Curse","floor":7.0,"gold_loss":0.0,"damage_taken":0.0,"relics_obtained":["Spirit Poop"]}],"is_beta":false,"boss_relics":[{"not_picked":["Black Blood","Cursed Key"],"picked":"Philosopher\u0027s Stone"}],"items_purged_floors":[],"is_endless":false,"potions_floor_spawned":[3,12,16],"killed_by":"3 Byrds","ascension_level":15}}