{"host":"9jkzatiwan7o33sr","time":1611522241,"event":{"mods":["AchievementEnabler","Act Like it!","Aspiration","BaseMod","Colored Map","Colored Powertips","Conspire","Downfall","GifTheSpireLib","Hallownest","Hermit","Hubris","Infinite Spire","Jorbs\u0027s Wanderer Trilogy","Mad Scientist","Mimic Mod","Minty Spire (QoL Compilation)","Permanent Neow","Shade Mod","StSLib","Stuff the Spire","Td1madao Mod","The Bladedancer","The Bug Knight","The Cursed","The Forsaken","The Hierophant","The Jungle","The Mystic","The Necromancer","The Poker Player","The Servant 0.9.4","The Witch","[IsaacMod]????"],"gold_per_floor":[113,127,147,7,82,82,110,110,110,122,156,156,30,62,62,158,158,182,0,0,13,13,13,25,51,75,2,2,2,2,2,2,2,2],"floor_reached":33,"language":"ENG","playtime":1557,"items_purged":[],"score":350,"play_id":"4f351f93-28ff-4130-b5d1-ac4f7c5e738f","local_time":"20210124220401","is_ascension_mode":true,"campfire_choices":[{"data":"Hello World","floor":6,"key":"SMITH"},{"data":"Zap","floor":12,"key":"SMITH"},{"data":"Conserve Battery","floor":15,"key":"SMITH"},{"data":"Tempest","floor":23,"key":"SMITH"},{"floor":28,"key":"REST"},{"floor":32,"key":"REST"}],"circlet_count":0,"master_deck":["Strike_B","Strike_B","Strike_B","Strike_B","Defend_B","Defend_B","Defend_B","Defend_B","Zap+1","Dualcast","Go for the Eyes","Cold Snap","StuffTheSpire:Plugnplay","Auto Shields","Hello World+1","Beam Cell","Redo","Gash","Conserve Battery+1","Glacier","Gash","Amplify","Redo","Tempest+1","Go for the Eyes","Loop","Compile Driver","Capacitor"],"relics":["Cracked Core","HushsDoor","DeathBook","aspiration:Nostalgia","PokerPlayerMod:DeckCase","hubris:64BitClover","White Beast Statue","YumHeart","hubris:TenFootPole","conspire:RoyalGoblet","Runic Capacitor","Orichalcum","Juzu Bracelet"],"acts_visited":["Exordium","TheCity"],"potions_floor_usage":[11,14,16,18,24],"damage_taken":[{"damage":4,"enemies":"infinitespire:Voidling","floor":1,"turns":4},{"damage":1,"enemies":"2 Louse","floor":2,"turns":2},{"damage":0,"enemies":"Small Slimes","floor":3,"turns":3},{"damage":13,"enemies":"Gremlin Nob","floor":7,"turns":4},{"damage":9,"enemies":"2 Fungi Beasts","floor":10,"turns":3},{"damage":0,"enemies":"3 Sentries","floor":11,"turns":2},{"damage":2,"enemies":"Gremlin Nob","floor":14,"turns":3},{"damage":14,"enemies":"The Guardian","floor":16,"turns":11},{"damage":8,"enemies":"Spheric Guardian","floor":18,"turns":5},{"damage":30,"enemies":"Snecko","floor":21,"turns":7},{"damage":26,"enemies":"Cultist and Chosen","floor":24,"turns":5},{"damage":25,"enemies":"Gremlin Leader","floor":25,"turns":6},{"damage":6,"enemies":"Automaton","floor":33,"turns":2}],"seed_played":"-8349949747308133760","potions_obtained":[{"floor":2,"key":"PowerPotion"},{"floor":7,"key":"GamblersBrew"},{"floor":10,"key":"ColorlessPotion"},{"floor":11,"key":"Weak Potion"},{"floor":14,"key":"ColorlessPotion"},{"floor":16,"key":"Dexterity Potion"},{"floor":18,"key":"AttackPotion"},{"floor":24,"key":"FearPotion"},{"floor":25,"key":"Block Potion"}],"is_trial":false,"path_per_floor":["M","M","M","$","?","R","E","?","T","M","E","R","$","E","R","B",null,"M","$","?","M","$","R","M","E","T","$","R","?","?","?","R","B"],"character_chosen":"DEFECT","items_purchased":["Auto Shields","Hello World","Conserve Battery","Glacier","Runic Capacitor","Tempest","Capacitor"],"campfire_rested":2,"item_purchase_floors":[4,4,13,13,19,19,27],"current_hp_per_floor":[71,70,70,70,59,59,46,46,46,37,62,62,62,60,60,46,75,67,67,67,62,62,62,36,11,11,11,33,33,33,29,53,47,47],"gold":2,"neow_bonus":"NOSTALGIA","is_daily":false,"chose_seed":false,"campfire_upgraded":4,"win_rate":0.0,"timestamp":1611522241,"path_taken":["M","?","M","$","?","R","E","?","T","M","E","R","?","E","R","BOSS","M","$","?","M","$","R","M","E","T","?","R","?","?","?","R","BOSS"],"items_purchased_type":["Card","Card","Card","Card","Relic","Card","Card"],"build_version":"2020-12-22","purchased_purges":0,"victory":false,"max_hp_per_floor":[75,75,75,75,75,75,75,75,75,75,75,75,75,75,75,75,75,75,75,75,75,75,75,75,75,75,75,75,75,75,80,80,80,80],"card_choices":[{"not_picked":["Streamline","StuffTheSpire:Rend"],"picked":"Go for the Eyes","floor":1},{"not_picked":["StuffTheSpire:LoadUp","Hologram"],"picked":"Cold Snap","floor":2},{"not_picked":["StuffTheSpire:CleanHardDrive","StuffTheSpire:LoadUp"],"picked":"StuffTheSpire:Plugnplay","floor":3},{"not_picked":["Hello World","StuffTheSpire:NuclearReactor"],"picked":"Beam Cell","floor":7},{"not_picked":["Fan","Leap"],"picked":"Redo","floor":10},{"not_picked":["Doom and Gloom","Loop"],"picked":"Gash","floor":11},{"not_picked":["StuffTheSpire:Rend","Meteor Strike"],"picked":"Gash","floor":14},{"not_picked":["StuffTheSpire:Purify","hubris:Prefetch"],"picked":"Amplify","floor":16},{"not_picked":["Leap","Hologram"],"picked":"Redo","floor":18},{"not_picked":["Coolheaded","Static Discharge+1"],"picked":"Go for the Eyes","floor":21},{"not_picked":["StuffTheSpire:GlassShard","Steam"],"picked":"Loop","floor":24},{"not_picked":["StuffTheSpire:EventHorizon","StuffTheSpire:CleanHardDrive"],"picked":"Compile Driver","floor":25}],"player_experience":609957,"relics_obtained":[{"floor":7,"key":"hubris:64BitClover"},{"floor":9,"key":"White Beast Statue"},{"floor":11,"key":"YumHeart"},{"floor":14,"key":"hubris:TenFootPole"},{"floor":25,"key":"Orichalcum"},{"floor":26,"key":"Juzu Bracelet"}],"event_choices":[{"damage_healed":0,"gold_gain":75,"player_choice":"Gather Gold","damage_taken":11,"max_hp_gain":0,"max_hp_loss":0,"event_name":"World of Goop","floor":5,"gold_loss":0},{"damage_healed":0,"gold_gain":0,"player_choice":"Ignored","damage_taken":0,"max_hp_gain":0,"max_hp_loss":0,"event_name":"Shining Light","floor":8,"gold_loss":0},{"damage_healed":0,"gold_gain":0,"player_choice":"Shed Blood","damage_taken":19,"max_hp_gain":5,"max_hp_loss":0,"event_name":"Forgotten Altar","floor":31,"gold_loss":0}],"is_beta":false,"boss_relics":[{"not_picked":["Velvet Choker","aspiration:RunicSpoon"],"picked":"conspire:RoyalGoblet"},{"not_picked":[]}],"items_purged_floors":[],"is_endless":false,"potions_floor_spawned":[2,7,10,11,14,16,18,21,24,25],"killed_by":"Automaton","ascension_level":3}}