{"host":"yvb207ks1sg3cxef","time":1611473570,"event":{"mods":["2.2 Compatiblity","BaseMod","Bestiary","Colored Powertips","Minty Spire (QoL Compilation)","Permanent Neow","Quick Restart","Relic Stats","StSLib"],"gold_per_floor":[111,130,146,160,176,176,203,203,203,203,203,203],"floor_reached":11,"language":"ENG","playtime":493,"items_purged":[],"score":139,"play_id":"3445d9b0-1ae4-48db-b6fd-c498782651db","local_time":"20210124130250","is_ascension_mode":true,"campfire_choices":[{"data":"Eruption","floor":6,"key":"SMITH"},{"data":"Meditate","floor":8,"key":"SMITH"}],"circlet_count":0,"master_deck":["AscendersBane","Strike_P","Strike_P","Strike_P","Strike_P","Defend_P","Defend_P","Defend_P","Defend_P","Eruption+1","Vigilance","WindmillStrike","SignatureMove","Meditate+1","Perseverance","EmptyBody"],"relics":["PureWater","Thread and Needle","Juzu Bracelet","TungstenRod"],"acts_visited":["Exordium"],"potions_floor_usage":[7,7],"damage_taken":[{"damage":0.0,"enemies":"Cultist","floor":1.0,"turns":4.0},{"damage":0.0,"enemies":"Small Slimes","floor":2.0,"turns":2.0},{"damage":0.0,"enemies":"2 Louse","floor":3.0,"turns":2.0},{"damage":22,"enemies":"Large Slime","floor":4,"turns":7},{"damage":0,"enemies":"Looter","floor":5,"turns":2},{"damage":11,"enemies":"3 Sentries","floor":7,"turns":11},{"damage":28,"enemies":"Gremlin Nob","floor":11,"turns":3}],"seed_played":"-8365250195692340862","potions_obtained":[{"floor":1.0,"key":"Explosive Potion"},{"floor":4,"key":"LiquidBronze"},{"floor":5,"key":"Strength Potion"},{"floor":7,"key":"Weak Potion"}],"is_trial":false,"path_per_floor":["M","M","M","M","M","R","E","R","T","?","E"],"character_chosen":"WATCHER","items_purchased":[],"campfire_rested":0,"item_purchase_floors":[],"current_hp_per_floor":[61,61,61,39,39,39,28,28,28,28,0,0],"gold":203,"neow_bonus":"ONE_RARE_RELIC","is_daily":false,"chose_seed":false,"campfire_upgraded":2,"win_rate":0.0,"timestamp":1611473570,"path_taken":["M","M","M","M","M","R","E","R","T","?","E"],"items_purchased_type":[],"build_version":"2020-12-22","purchased_purges":0,"victory":false,"max_hp_per_floor":[62,62,62,62,62,62,62,62,62,62,62,62],"relic_stats":{"counters":[7,31],"Juzu Bracelet":0,"obtain_stats":[{"Thread and Needle":0,"Juzu Bracelet":7,"PureWater":0,"TungstenRod":9},{"Thread and Needle":0,"Juzu Bracelet":6,"PureWater":0,"TungstenRod":6},{"Thread and Needle":0,"Juzu Bracelet":28,"PureWater":0,"TungstenRod":28}],"TungstenRod":2},"card_choices":[{"not_picked":["Pray","PathToVictory"],"picked":"WindmillStrike","floor":1.0},{"not_picked":["Fasting2","Vengeance"],"picked":"SignatureMove","floor":2.0},{"not_picked":["ClearTheMind","Vengeance"],"picked":"Meditate","floor":3.0},{"not_picked":["Protect","CrushJoints"],"picked":"Perseverance","floor":4},{"not_picked":["Consecrate","WindmillStrike","SashWhip"],"picked":"SKIP","floor":5},{"not_picked":["Evaluate","Consecrate"],"picked":"EmptyBody","floor":7}],"player_experience":425993,"relics_obtained":[{"floor":7,"key":"Juzu Bracelet"},{"floor":9,"key":"TungstenRod"}],"event_choices":[{"damage_healed":0,"gold_gain":0,"player_choice":"Ignored","damage_taken":0,"max_hp_gain":0,"max_hp_loss":0,"event_name":"Liars Game","floor":10,"gold_loss":0}],"is_beta":false,"boss_relics":[],"items_purged_floors":[],"is_endless":false,"potions_floor_spawned":[1,4,5,7],"killed_by":"Gremlin Nob","ascension_level":17}}