{"host":"qy1e0kd24tpj3i2m","time":1611520495,"event":{"mods":["Act Like it!","Alarm Clock","BaseMod","Better Skull","Better Vampires","Colored Map","Colored Powertips","Custom Start","Faster Ascension Climbing","Friendly Minions","GifTheSpireLib","Gremlin Skip","Highlight Path","Minty Spire (QoL Compilation)","Permanent Neow","Poor People Problems","Quick Restart","Red Circlet Mod","Relic Filter Mod","Relic Sorter","Reorder Act Four","SacredBarkPlus","Shop Mod","StSLib","SuperFastMode","Transform Curses","没有小屋子和绿帽子啦"],"gold_per_floor":[112,37,37,187,199,199,213,224,224,253,253,253],"floor_reached":11,"language":"ZHS","playtime":284,"items_purged":["Defend_R"],"score":126,"play_id":"c868f306-20a8-4ffd-b1f5-1f9571b0cce4","local_time":"20210125053455","is_ascension_mode":true,"campfire_choices":[{"data":"Uppercut","floor":6.0,"key":"SMITH"}],"circlet_count":0,"master_deck":["AscendersBane","Strike_R","Strike_R","Strike_R","Strike_R","Strike_R","Defend_R","Defend_R","Defend_R","Metallicize","Doubt","Uppercut+1","Reckless Charge","Dark Embrace"],"relics":["Burning Blood","Mummified Hand","Odd Mushroom"],"acts_visited":["Exordium"],"potions_floor_usage":[7,11],"damage_taken":[{"damage":7.0,"enemies":"Jaw Worm","floor":1.0,"turns":6.0},{"damage":4.0,"enemies":"2 Louse","floor":5.0,"turns":3.0},{"damage":8,"enemies":"Small Slimes","floor":7,"turns":6},{"damage":14,"enemies":"2 Fungi Beasts","floor":8,"turns":5},{"damage":40,"enemies":"The Mushroom Lair","floor":10,"turns":6},{"damage":10,"enemies":"Lagavulin","floor":11,"turns":3}],"seed_played":"-8361578476167475762","potions_obtained":[{"floor":1.0,"key":"Dexterity Potion"},{"floor":10,"key":"SkillPotion"}],"is_trial":false,"path_per_floor":["M","$","?","?","M","R","M","M","T","?","E"],"character_chosen":"IRONCLAD","items_purchased":[],"campfire_rested":0,"item_purchase_floors":[],"current_hp_per_floor":[67,67,67,67,69,69,67,59,59,25,15,15],"gold":253,"neow_bonus":"TRANSFORM_CARD","is_daily":false,"chose_seed":false,"campfire_upgraded":1,"win_rate":0.0,"timestamp":1611520495,"path_taken":["M","$","?","?","M","R","M","M","T","?","E"],"items_purchased_type":[],"build_version":"2020-12-22","purchased_purges":1,"victory":false,"max_hp_per_floor":[75,75,75,75,75,75,75,75,75,75,75,75],"card_choices":[{"not_picked":["Bloodletting","Shockwave","Twin Strike"],"picked":"SKIP","floor":1.0},{"not_picked":["Flex","Whirlwind"],"picked":"Uppercut","floor":5.0},{"not_picked":["Perfected Strike","Twin Strike","Clash"],"picked":"SKIP","floor":7},{"not_picked":["Headbutt","Spot Weakness"],"picked":"Reckless Charge","floor":8},{"not_picked":["Anger","Pommel Strike"],"picked":"Dark Embrace","floor":10}],"player_experience":941116,"relics_obtained":[{"floor":9,"key":"Mummified Hand"},{"floor":10,"key":"Odd Mushroom"}],"event_choices":[{"damage_healed":0.0,"max_hp_gain":0.0,"max_hp_loss":0.0,"gold_gain":0.0,"event_name":"Shining Light","player_choice":"Ignored","floor":3.0,"gold_loss":0.0,"damage_taken":0.0},{"damage_healed":0.0,"max_hp_gain":0.0,"max_hp_loss":0.0,"gold_gain":150.0,"event_name":"Liars Game","player_choice":"AGREE","floor":4.0,"gold_loss":0.0,"damage_taken":0.0,"cards_obtained":["Doubt"]},{"damage_healed":0,"gold_gain":0,"player_choice":"Fought Mushrooms","damage_taken":0,"max_hp_gain":0,"max_hp_loss":0,"event_name":"Mushrooms","floor":10,"gold_loss":0}],"is_beta":false,"boss_relics":[],"items_purged_floors":[2],"is_endless":false,"potions_floor_spawned":[1,10],"killed_by":"Lagavulin","ascension_level":20}}