{"host":"kywtqy4o43fs5yna","time":1611487320,"event":{"mods":["AchievementEnabler","Act Like it!","BaseMod","Better Note","BetterRewards","Colored Map","Minty Spire (QoL Compilation)","Quick Restart","Rare Cards Sparkle","StSLib","SuperFastMode"],"gold_per_floor":[114,114,114,114,133,133,133,165,190,200,25,25,38,57,57,155,155,166,166,182,107,124,124,124,223,223,223,223,223,241,260,260,360,360,370,388,388,399,199,199,226,226,226,236,248,267,267,278,278,278],"floor_reached":51,"language":"RUS","playtime":1182,"items_purged":["Eruption","Vigilance","Strike_P","Defend_P","Strike_P","Defend_P"],"score":829,"play_id":"8e453b5e-1d70-4291-8911-88907521108d","local_time":"20210124212200","is_ascension_mode":false,"campfire_choices":[{"data":"PathToVictory","floor":6.0,"key":"SMITH"},{"data":"PathToVictory","floor":15.0,"key":"SMITH"},{"data":"PathToVictory","floor":23.0,"key":"SMITH"},{"data":"Evaluate","floor":27.0,"key":"SMITH"},{"data":"Defend_P","floor":32.0,"key":"SMITH"},{"floor":40.0,"key":"REST"},{"floor":42.0,"key":"REST"},{"floor":49,"key":"REST"}],"circlet_count":0,"master_deck":["Defend_P+1","PathToVictory+1","Evaluate+1","PathToVictory+1"],"relics":["PureWater"],"acts_visited":["Exordium","TheCity","TheBeyond"],"potions_floor_usage":[],"damage_taken":[{"damage":0.0,"enemies":"Cultist","floor":1.0,"turns":3.0},{"damage":0.0,"enemies":"Small Slimes","floor":5.0,"turns":4.0},{"damage":6.0,"enemies":"3 Sentries","floor":8.0,"turns":8.0},{"damage":0.0,"enemies":"Jaw Worm","floor":10.0,"turns":2.0},{"damage":0.0,"enemies":"Gremlin Gang","floor":13.0,"turns":2.0},{"damage":0.0,"enemies":"Looter","floor":14.0,"turns":2.0},{"damage":0.0,"enemies":"Slime Boss","floor":16.0,"turns":2.0},{"damage":0.0,"enemies":"Spheric Guardian","floor":18.0,"turns":3.0},{"damage":0.0,"enemies":"Chosen","floor":20.0,"turns":2.0},{"damage":0.0,"enemies":"Snecko","floor":22.0,"turns":2.0},{"damage":13.0,"enemies":"Sentry and Sphere","floor":30.0,"turns":4.0},{"damage":0.0,"enemies":"3 Cultists","floor":31.0,"turns":3.0},{"damage":24.0,"enemies":"Champ","floor":33.0,"turns":4.0},{"damage":6.0,"enemies":"3 Darklings","floor":35.0,"turns":3.0},{"damage":0.0,"enemies":"3 Shapes","floor":36.0,"turns":4.0},{"damage":11.0,"enemies":"Writhing Mass","floor":38.0,"turns":2.0},{"damage":6.0,"enemies":"Giant Head","floor":41.0,"turns":4.0},{"damage":12.0,"enemies":"Maw","floor":44.0,"turns":3.0},{"damage":0.0,"enemies":"Spire Growth","floor":45.0,"turns":2.0},{"damage":0.0,"enemies":"Transient","floor":46.0,"turns":5.0},{"damage":9,"enemies":"3 Darklings","floor":48,"turns":3},{"damage":21,"enemies":"Time Eater","floor":50,"turns":4}],"seed_played":"6420682410151964893","potions_obtained":[{"floor":2.0,"key":"Strength Potion"},{"floor":2.0,"key":"Swift Potion"},{"floor":2.0,"key":"SneckoOil"},{"floor":10.0,"key":"PowerPotion"},{"floor":14.0,"key":"SteroidPotion"},{"floor":16.0,"key":"PowerPotion"},{"floor":20.0,"key":"Fruit Juice"},{"floor":30.0,"key":"Weak Potion"},{"floor":44.0,"key":"FairyPotion"}],"is_trial":false,"path_per_floor":["M","?","$","?","M","R","T","E","T","M","$","?","M","M","R","B",null,"M","?","M","?","M","R","$","?","T","R","?","?","M","M","R","B",null,"M","M","?","M","$","R","E","R","T","M","M","M","?","M","R","B",null],"character_chosen":"WATCHER","items_purchased":["PathToVictory"],"campfire_rested":3,"item_purchase_floors":[0],"current_hp_per_floor":[40,40,40,40,40,40,40,34,34,34,34,34,34,34,34,34,72,72,72,77,77,77,77,77,77,77,77,77,63,50,50,50,26,82,76,76,76,65,65,82,76,82,82,70,70,70,70,61,82,61],"gold":278,"neow_bonus":"","is_daily":false,"chose_seed":false,"campfire_upgraded":5,"win_rate":0.0,"timestamp":1611487320,"path_taken":["M","?","?","?","?","R","?","E","T","?","$","?","M","M","R","BOSS","M","?","M","?","?","R","$","?","T","R","?","?","M","M","R","BOSS","M","M","?","?","$","R","E","R","T","M","M","M","?","M","R","BOSS"],"items_purchased_type":["Card"],"build_version":"2020-12-22","purchased_purges":6,"victory":true,"max_hp_per_floor":[72,72,72,72,72,72,72,72,72,72,72,72,72,72,72,72,72,72,72,77,77,77,77,77,77,77,77,77,82,82,82,82,82,82,82,82,82,82,82,82,82,82,82,82,82,82,82,82,82,82],"card_choices":[{"not_picked":["CutThroughFate","Wireheading","BowlingBash"],"picked":"SKIP","floor":1.0},{"not_picked":["Vengeance","Wireheading"],"picked":"PathToVictory","floor":5.0},{"not_picked":["Nirvana","Halt"],"picked":"PathToVictory","floor":8.0},{"not_picked":["FollowUp","BowlingBash","Prostrate"],"picked":"SKIP","floor":10.0},{"not_picked":["FollowUp","BowlingBash","Prostrate"],"picked":"SKIP","floor":10.0},{"not_picked":["WheelKick","FlurryOfBlows","JustLucky"],"picked":"SKIP","floor":13.0},{"not_picked":["PathToVictory","Indignation","Protect"],"picked":"SKIP","floor":14.0},{"not_picked":["ReachHeaven","FlyingSleeves+1","Worship"],"picked":"SKIP","floor":18.0},{"not_picked":["EmptyBody+1","CrushJoints","Worship"],"picked":"SKIP","floor":20.0},{"not_picked":["CutThroughFate","EmptyMind+1","Consecrate"],"picked":"SKIP","floor":22.0},{"not_picked":["ClearTheMind+1","PathToVictory+1","SashWhip"],"picked":"SKIP","floor":30.0},{"not_picked":["SignatureMove","Wireheading+1","SashWhip+1"],"picked":"SKIP","floor":31.0},{"not_picked":["Collect","FlyingSleeves","Pray+1"],"picked":"SKIP","floor":35.0},{"not_picked":["ForeignInfluence+1","Study+1","Adaptation+1"],"picked":"SKIP","floor":36.0},{"not_picked":["Swivel","FearNoEvil+1","Consecrate"],"picked":"SKIP","floor":38.0},{"not_picked":["DeusExMachina","PathToVictory+1","Evaluate+1"],"picked":"SKIP","floor":41.0},{"not_picked":["CutThroughFate+1","SashWhip+1","Sanctity+1"],"picked":"SKIP","floor":44.0},{"not_picked":["EmptyFist+1","CrushJoints","Study"],"picked":"SKIP","floor":45.0},{"not_picked":["Evaluate","Worship+1","FollowUp+1"],"picked":"SKIP","floor":46.0},{"not_picked":["JustLucky","TalkToTheHand","FollowUp+1"],"picked":"SKIP","floor":48}],"player_experience":188129,"relics_obtained":[],"event_choices":[{"damage_healed":0.0,"max_hp_gain":0.0,"max_hp_loss":0.0,"gold_gain":0.0,"event_name":"Lab","player_choice":"Got Potions","floor":2.0,"gold_loss":0.0,"damage_taken":0.0},{"damage_healed":0.0,"max_hp_gain":0.0,"max_hp_loss":0.0,"gold_gain":0.0,"cards_transformed":["Strike_P"],"event_name":"Transmorgrifier","player_choice":"Transformed","floor":4.0,"gold_loss":0.0,"damage_taken":0.0,"cards_obtained":["Evaluate"]},{"cards_removed":["Strike_P"],"damage_healed":0.0,"max_hp_gain":0.0,"max_hp_loss":0.0,"gold_gain":0.0,"event_name":"Living Wall","player_choice":"Forget","floor":12.0,"gold_loss":0.0,"damage_taken":0.0},{"damage_healed":0.0,"max_hp_gain":0.0,"max_hp_loss":0.0,"gold_gain":0.0,"event_name":"betterNote:BetterNote","player_choice":"Ignored","floor":19.0,"gold_loss":0.0,"damage_taken":0.0,"cards_obtained":["Strike_P"]},{"cards_removed":["Defend_P"],"damage_healed":0.0,"max_hp_gain":0.0,"max_hp_loss":0.0,"gold_gain":0.0,"event_name":"Beggar","player_choice":"Gave Gold","floor":21.0,"gold_loss":75.0,"damage_taken":0.0},{"damage_healed":0.0,"max_hp_gain":0.0,"max_hp_loss":0.0,"gold_gain":99.0,"event_name":"Nest","player_choice":"Stole From Cult","floor":25.0,"gold_loss":0.0,"damage_taken":0.0},{"damage_healed":0.0,"max_hp_gain":0.0,"max_hp_loss":0.0,"gold_gain":0.0,"event_name":"The Mausoleum","player_choice":"Ignored","floor":28.0,"gold_loss":0.0,"damage_taken":0.0},{"damage_healed":0.0,"max_hp_gain":5.0,"max_hp_loss":0.0,"gold_gain":0.0,"event_name":"Forgotten Altar","player_choice":"Shed Blood","floor":29.0,"gold_loss":0.0,"damage_taken":19.0},{"damage_healed":0.0,"max_hp_gain":0.0,"max_hp_loss":0.0,"gold_gain":0.0,"event_name":"WeMeetAgain","player_choice":"Ignored","floor":37.0,"gold_loss":0.0,"damage_taken":0.0},{"cards_removed":["PathToVictory"],"damage_healed":0,"gold_gain":0,"player_choice":"Removed Skill","damage_taken":0,"max_hp_gain":0,"max_hp_loss":0,"event_name":"Falling","floor":47,"gold_loss":0}],"is_beta":false,"boss_relics":[{"not_picked":["Calling Bell","Runic Pyramid","Runic Dome"]},{"not_picked":["Calling Bell","Runic Pyramid","Runic Dome"]}],"items_purged_floors":[0,0,0,0,11,39],"is_endless":false,"potions_floor_spawned":[8,10,14,16,20,30,31,38,44,45],"ascension_level":0}}