{"host":"ufl0k2so27eic2iy","time":1611516401,"event":{"mods":["BaseMod","Downfall","Minty Spire (QoL Compilation)","StSLib","The Animator"],"gold_per_floor":[109,109,137,162,190,190,221,221,289,289,289,59,86,111,123,206,218,245,257,192,196,196],"floor_reached":21,"language":"ENG","playtime":959,"items_purged":["animator:Strike"],"score":327,"play_id":"d542a382-91a5-42eb-a004-346ea4850ff2","local_time":"20210124192641","is_ascension_mode":true,"campfire_choices":[{"data":"animator:Tohya","floor":6.0,"key":"SMITH"},{"data":"animator:Tohya","floor":8.0,"key":"SMITH"},{"data":"animator:Benimaru","floor":10.0,"key":"SMITH"},{"floor":15.0,"key":"REST"}],"circlet_count":0,"master_deck":["AscendersBane","animator:Strike_LogHorizon+1","animator:Defend_LogHorizon","animator:Defend","animator:Defend","animator:Tohya+1","animator:Minori","animator:Tohya+1","animator:UneriGinkaku","animator:Benimaru+1","animator:Nyanta","animator:PinaCoLada","animator:Kaijin","animator:YunYun","animator:Emonzaemon","animator:Shiroe","animator:Emonzaemon","animator:DolaSchwi","animator:Kazuma","animator:Chris"],"relics":["animator:VividPicture","animator:TheMissingPiece","Strawberry","HornCleat","MawBank"],"acts_visited":["Exordium","TheCity"],"potions_floor_usage":[],"damage_taken":[{"damage":0.0,"enemies":"2 Louse","floor":1.0,"turns":5.0},{"damage":2.0,"enemies":"Cultist","floor":3.0,"turns":5.0},{"damage":0.0,"enemies":"Small Slimes","floor":4.0,"turns":3.0},{"damage":3.0,"enemies":"2 Fungi Beasts","floor":5.0,"turns":4.0},{"damage":31.0,"enemies":"Lagavulin","floor":7.0,"turns":7.0},{"damage":21.0,"enemies":"3 Sentries","floor":13.0,"turns":10.0},{"damage":4.0,"enemies":"3 Louse","floor":14.0,"turns":3.0},{"damage":40,"enemies":"Slime Boss","floor":16,"turns":11},{"damage":9,"enemies":"3 Byrds","floor":18,"turns":5},{"damage":6,"enemies":"Shell Parasite","floor":21,"turns":3}],"seed_played":"6075234861543059486","potions_obtained":[{"floor":3.0,"key":"PowerPotion"},{"floor":5.0,"key":"Regen Potion"},{"floor":13.0,"key":"Weak Potion"}],"is_trial":false,"path_per_floor":["M","?","M","M","M","R","E","R","T","R","?","$","E","M","R","B",null,"M","?","$","M"],"character_chosen":"THE_ANIMATOR","items_purchased":["animator:Kaijin","animator:YunYun","animator:Chris"],"campfire_rested":1,"item_purchase_floors":[12,12,20],"current_hp_per_floor":[60,60,58,58,55,55,46,46,46,46,46,46,26,22,44,5,58,49,49,49,43,43],"gold":196,"neow_bonus":"TEN_PERCENT_HP_BONUS","is_daily":false,"chose_seed":true,"campfire_upgraded":3,"win_rate":0.0,"timestamp":1611516401,"path_taken":["M","?","?","M","M","R","E","R","T","R","?","$","E","M","R","BOSS","M","?","$","M"],"items_purchased_type":["Card","Card","Card"],"build_version":"2020-12-22","purchased_purges":1,"victory":false,"max_hp_per_floor":[66,66,66,66,66,66,73,73,73,73,73,73,74,74,74,75,75,75,75,75,75,75],"card_choices":[{"not_picked":["animator:Isuzu","animator:Shichika"],"picked":"animator:Tohya","floor":1.0},{"not_picked":["animator:Naotsugu","animator:DolaSchwi"],"picked":"animator:UneriGinkaku","floor":3.0},{"not_picked":["animator:GazelDwargon","animator:Azekura"],"picked":"animator:Benimaru","floor":4.0},{"not_picked":["animator:Minori","animator:Naotsugu"],"picked":"animator:Nyanta","floor":5.0},{"not_picked":["animator:DolaStephanie","animator:LuciaKonohana"],"picked":"animator:PinaCoLada","floor":7.0},{"not_picked":["animator:DolaRiku","animator:RoryMercury"],"picked":"animator:Emonzaemon","floor":13.0},{"not_picked":["animator:Kazuma","animator:ChlammyZell","animator:Hitei"],"picked":"SKIP","floor":14.0},{"not_picked":["animator:Hans","animator:Shiro"],"picked":"animator:Shiroe","floor":16},{"not_picked":["animator:UneriGinkaku","animator:Azekura"],"picked":"animator:Emonzaemon","floor":18}],"player_experience":2766477,"relics_obtained":[{"floor":7.0,"key":"Strawberry"},{"floor":9.0,"key":"HornCleat"},{"floor":13.0,"key":"MawBank"}],"event_choices":[{"cards_removed":["animator:Strike"],"damage_healed":0.0,"max_hp_gain":0.0,"max_hp_loss":0.0,"gold_gain":0.0,"event_name":"Purifier","player_choice":"Purged","floor":2.0,"gold_loss":0.0,"damage_taken":0.0},{"damage_healed":0.0,"max_hp_gain":0.0,"max_hp_loss":0.0,"gold_gain":0.0,"event_name":"Liars Game","player_choice":"Ignored","floor":11.0,"gold_loss":0.0,"damage_taken":0.0},{"damage_healed":0,"gold_gain":0,"cards_transformed":["animator:Strike","animator:Defend"],"player_choice":"Became Test Subject","damage_taken":0,"max_hp_gain":0,"max_hp_loss":0,"event_name":"Drug Dealer","floor":19,"gold_loss":0,"cards_obtained":["animator:DolaSchwi","animator:Kazuma"]}],"is_beta":false,"boss_relics":[{"not_picked":["SlaversCollar","Cursed Key"],"picked":"animator:VividPicture"}],"items_purged_floors":[12],"is_endless":false,"potions_floor_spawned":[3,5,13,14],"killed_by":"Shell Parasite","ascension_level":15}}