{"host":"i0avyit1s6jb1siw","time":1611488506,"event":{"mods":["BaseMod","DeckTracker","Dota2Spire","Highlight Path","Minty Spire (QoL Compilation)","Quick Restart","StSLib","SuperFastMode"],"gold_per_floor":[110,35,50,63,138,172,172,172,172],"floor_reached":8,"language":"ENG","playtime":254,"items_purged":["Strike_G"],"score":112,"play_id":"9f584ef1-4997-4cf9-9844-34ee4514aa81","local_time":"20210124124146","is_ascension_mode":true,"campfire_choices":[{"floor":7,"key":"REST"}],"circlet_count":0,"master_deck":["AscendersBane","Strike_G","Strike_G","Strike_G","Strike_G","Defend_G","Defend_G","Defend_G","Defend_G","Defend_G","Survivor","Neutralize","Predator","Flying Knee","Dash","Dash"],"relics":["Snecko Eye","Letter Opener"],"acts_visited":["Exordium"],"potions_floor_usage":[6,8],"damage_taken":[{"damage":11.0,"enemies":"2 Louse","floor":1.0,"turns":5.0},{"damage":0.0,"enemies":"Jaw Worm","floor":3.0,"turns":3.0},{"damage":7.0,"enemies":"Small Slimes","floor":4.0,"turns":4.0},{"damage":34,"enemies":"Lagavulin","floor":6,"turns":10},{"damage":41,"enemies":"Gremlin Nob","floor":8,"turns":4}],"seed_played":"5818306004734224812","potions_obtained":[{"floor":1.0,"key":"Regen Potion"},{"floor":3.0,"key":"CunningPotion"}],"is_trial":false,"path_per_floor":["M","$","M","M","?","E","R","E"],"character_chosen":"THE_SILENT","items_purchased":[],"campfire_rested":1,"item_purchase_floors":[],"current_hp_per_floor":[48,48,48,41,30,11,30,0,0],"gold":172,"neow_bonus":"BOSS_RELIC","is_daily":false,"chose_seed":false,"campfire_upgraded":0,"win_rate":0.0,"timestamp":1611488506,"path_taken":["M","$","M","M","?","E","R","E"],"items_purchased_type":[],"build_version":"2020-12-22","purchased_purges":1,"victory":false,"max_hp_per_floor":[66,66,66,66,66,66,66,66,66],"card_choices":[{"not_picked":["Masterful Stab","Reflex"],"picked":"Predator","floor":1.0},{"not_picked":["Blade Dance","Deadly Poison"],"picked":"Flying Knee","floor":3.0},{"not_picked":["Dodge and Roll","Crippling Poison"],"picked":"Dash","floor":4.0},{"not_picked":["Heel Hook","Sucker Punch"],"picked":"Dash","floor":6}],"player_experience":2326968,"relics_obtained":[{"floor":6,"key":"Letter Opener"}],"event_choices":[{"damage_healed":0.0,"max_hp_gain":0.0,"max_hp_loss":0.0,"gold_gain":75.0,"event_name":"World of Goop","player_choice":"Gather Gold","floor":5.0,"gold_loss":0.0,"damage_taken":11.0}],"is_beta":false,"boss_relics":[],"items_purged_floors":[2],"is_endless":false,"potions_floor_spawned":[1,3,4],"killed_by":"Gremlin Nob","ascension_level":20}}