{"host":"n6qxj7a4gnapjcui","time":1611497686,"event":{"mods":["2.2 Compatiblity","AchievementEnabler","BaseMod","Colored Map","Minty Spire (QoL Compilation)"],"gold_per_floor":[118,132,132,142,24,24,41,57,57,57,70,105,120,145,145,243,243,262,262,277,36,36,36,36,64,88,113,113,113,113],"floor_reached":29,"language":"POL","playtime":1163,"items_purged":[],"score":394,"play_id":"cb0cb9aa-5da5-4993-b1a1-3d237e019daf","local_time":"20210124151446","is_ascension_mode":true,"campfire_choices":[{"data":"Thunderclap","floor":6.0,"key":"SMITH"},{"data":"Berserk","floor":15.0,"key":"SMITH"},{"floor":23.0,"key":"REST"},{"floor":28,"key":"REST"}],"circlet_count":0,"master_deck":["Strike_R","Strike_R","Strike_R","Strike_R+1","Strike_R","Defend_R","Defend_R","Defend_R","Defend_R+1","Bash+1","Double Tap+1","Shrug It Off","Thunderclap+1","Anger","Flex","Dark Shackles","Dropkick","Rampage","Flame Barrier","Disarm","Berserk+1","Warcry+1","Impervious+1","Armaments+1","Infernal Blade+1","Armaments+1","Offering+1","Ghostly+1","Ghostly+1","Ghostly+1","Ghostly+1","Ghostly+1","Bloodletting+1"],"relics":["Burning Blood","Bronze Scales","Red Skull","Toxic Egg 2","SacredBark","Whetstone","War Paint","Letter Opener"],"acts_visited":["Exordium","TheCity"],"potions_floor_usage":[25,27],"damage_taken":[{"damage":5.0,"enemies":"Small Slimes","floor":1.0,"turns":4.0},{"damage":1.0,"enemies":"Cultist","floor":2.0,"turns":3.0},{"damage":4.0,"enemies":"2 Louse","floor":4.0,"turns":4.0},{"damage":0.0,"enemies":"Large Slime","floor":7.0,"turns":4.0},{"damage":8.0,"enemies":"3 Louse","floor":8.0,"turns":2.0},{"damage":5.0,"enemies":"Gremlin Gang","floor":11.0,"turns":5.0},{"damage":21.0,"enemies":"3 Sentries","floor":12.0,"turns":7.0},{"damage":7.0,"enemies":"Exordium Wildlife","floor":13.0,"turns":3.0},{"damage":23.0,"enemies":"Lagavulin","floor":14.0,"turns":6.0},{"damage":28.0,"enemies":"Slime Boss","floor":16.0,"turns":5.0},{"damage":13.0,"enemies":"2 Thieves","floor":18.0,"turns":4.0},{"damage":40.0,"enemies":"Spheric Guardian","floor":20.0,"turns":7.0},{"damage":19,"enemies":"Slavers","floor":25,"turns":6},{"damage":11,"enemies":"Gremlin Leader","floor":27,"turns":6},{"damage":31,"enemies":"Snake Plant","floor":29,"turns":1}],"seed_played":"8705655161710944259","potions_obtained":[{"floor":3.0,"key":"BloodPotion"},{"floor":3.0,"key":"BlessingOfTheForge"},{"floor":3.0,"key":"SpeedPotion"},{"floor":4.0,"key":"Energy Potion"},{"floor":16.0,"key":"Dexterity Potion"}],"is_trial":false,"path_per_floor":["M","M","?","M","$","R","M","M","T","?","M","E","M","E","R","B",null,"M","?","M","$","?","R","?","E","T","E","R","M"],"character_chosen":"IRONCLAD","items_purchased":["Flex","Dark Shackles","Armaments+1","Offering+1","EssenceOfSteel"],"campfire_rested":2,"item_purchase_floors":[5,5,21,21,21],"current_hp_per_floor":[73,78,78,80,80,80,80,78,78,78,79,64,63,46,46,24,66,59,59,25,25,10,35,35,22,22,17,29,0,0],"gold":113,"neow_bonus":"ONE_RANDOM_RARE_CARD","is_daily":false,"chose_seed":false,"campfire_upgraded":2,"win_rate":0.0,"timestamp":1611497686,"path_taken":["M","M","?","M","$","R","M","?","T","?","M","E","M","E","R","BOSS","M","?","M","$","?","R","?","E","T","E","R","M"],"items_purchased_type":["Card","Card","Card","Card","Potion"],"build_version":"2020-12-22","purchased_purges":0,"victory":false,"max_hp_per_floor":[80,80,80,80,80,80,80,80,80,80,80,80,80,80,80,80,80,80,80,80,80,85,85,42,42,42,42,42,42,42],"card_choices":[{"not_picked":["Hemokinesis","Burning Pact"],"picked":"Shrug It Off","floor":1.0},{"not_picked":["Rampage","Pommel Strike"],"picked":"Thunderclap","floor":2.0},{"not_picked":["Dual Wield","Pommel Strike"],"picked":"Anger","floor":4.0},{"not_picked":["Iron Wave","Havoc"],"picked":"Dropkick","floor":7.0},{"not_picked":["Intimidate","Heavy Blade"],"picked":"Rampage","floor":8.0},{"not_picked":["Clothesline","Iron Wave"],"picked":"Flame Barrier","floor":11.0},{"not_picked":["Clash","Iron Wave"],"picked":"Disarm","floor":12.0},{"not_picked":["Searing Blow","Cleave"],"picked":"Berserk","floor":13.0},{"not_picked":["Anger","Pummel"],"picked":"Warcry+1","floor":14.0},{"not_picked":["Corruption","Feed"],"picked":"Impervious+1","floor":16.0},{"not_picked":["Havoc+1","Heavy Blade"],"picked":"Armaments+1","floor":18.0},{"not_picked":["Iron Wave+1","Brutality"],"picked":"Infernal Blade+1","floor":20.0},{"not_picked":["True Grit+1","Burning Pact+1"],"picked":"Bloodletting+1","floor":25},{"not_picked":["Anger","Sword Boomerang","Flex+1"],"picked":"SKIP","floor":27}],"player_experience":310517,"relics_obtained":[{"floor":9.0,"key":"Bronze Scales"},{"floor":12.0,"key":"Red Skull"},{"floor":14.0,"key":"Toxic Egg 2"},{"floor":25,"key":"Whetstone"},{"floor":26,"key":"War Paint"},{"floor":27,"key":"Letter Opener"}],"event_choices":[{"damage_healed":0.0,"max_hp_gain":0.0,"max_hp_loss":0.0,"gold_gain":0.0,"event_name":"Lab","player_choice":"Got Potions","floor":3.0,"gold_loss":0.0,"damage_taken":0.0},{"damage_healed":0.0,"max_hp_gain":0.0,"max_hp_loss":0.0,"gold_gain":0.0,"event_name":"Liars Game","player_choice":"Ignored","floor":10.0,"gold_loss":0.0,"damage_taken":0.0},{"damage_healed":0.0,"max_hp_gain":0.0,"max_hp_loss":0.0,"gold_gain":0.0,"event_name":"Vampires","player_choice":"Ignored","floor":19.0,"gold_loss":0.0,"damage_taken":0.0},{"damage_healed":0.0,"max_hp_gain":5.0,"max_hp_loss":0.0,"gold_gain":0.0,"event_name":"Forgotten Altar","player_choice":"Shed Blood","floor":22.0,"gold_loss":0.0,"damage_taken":20.0},{"damage_healed":0.0,"max_hp_gain":0.0,"max_hp_loss":43.0,"gold_gain":0.0,"event_name":"Ghosts","player_choice":"Became a Ghost","floor":24.0,"gold_loss":0.0,"damage_taken":0.0,"cards_obtained":["Ghostly","Ghostly","Ghostly","Ghostly","Ghostly"]}],"is_beta":false,"boss_relics":[{"not_picked":["Empty Cage","Tiny House"],"picked":"SacredBark"}],"items_purged_floors":[],"is_endless":false,"potions_floor_spawned":[4,7,11,16],"killed_by":"Snake Plant","ascension_level":7}}