{"host":"zxkjcgzis4pm3za5","time":1611516056,"event":{"mods":["AchievementEnabler","Act Like it!","BaseMod","Colored Map","Colored Powertips","Friendly Minions","GifTheSpireLib","Minty Spire (QoL Compilation)","Quick Restart","RNG Fix","Random Character Button","Relic Filter Mod","Relic Sorter","Relic Stats","StSLib"],"gold_per_floor":[363,376,75,75,86,86,115,165,191,218,268,268,348,364,364,462,462,487,387,437,455,521,521,521],"floor_reached":23,"language":"ENG","playtime":532,"items_purged":["Doubt","Strike_B"],"score":368,"play_id":"9e040e31-baef-431c-a4b5-874e5345dc9e","local_time":"20210125005056","is_ascension_mode":true,"campfire_choices":[{"data":"Tempest","floor":6,"key":"SMITH"},{"data":"Lockon","floor":12,"key":"SMITH"},{"data":"Zap","floor":15,"key":"SMITH"}],"circlet_count":0,"master_deck":["AscendersBane","Strike_B","Defend_B","Defend_B","Defend_B","Defend_B","Zap+1","Dualcast","Tempest+1","Lockon+1","Ball Lightning","Skim","Sweeping Beam","Auto Shields","Doom and Gloom","Electrodynamics","Leap","Stack+1"],"relics":["Cracked Core","ClockworkSouvenir","SsserpentHead","Akabeko","Letter Opener","Bronze Scales","Pantograph","Golden Idol","Empty Cage"],"acts_visited":["Exordium","TheCity"],"potions_floor_usage":[7,10,16,23],"damage_taken":[{"damage":5,"enemies":"Small Slimes","floor":1,"turns":3},{"damage":7,"enemies":"Jaw Worm","floor":2,"turns":3},{"damage":1,"enemies":"Cultist","floor":5,"turns":3},{"damage":20,"enemies":"3 Sentries","floor":7,"turns":5},{"damage":2,"enemies":"Gremlin Nob","floor":10,"turns":3},{"damage":0,"enemies":"3 Louse","floor":14,"turns":1},{"damage":15,"enemies":"The Guardian","floor":16,"turns":7},{"damage":4,"enemies":"3 Byrds","floor":18,"turns":2},{"damage":18,"enemies":"Shell Parasite","floor":21,"turns":4},{"damage":19,"enemies":"Sentry and Sphere","floor":22,"turns":4},{"damage":29,"enemies":"Slavers","floor":23,"turns":1}],"seed_played":"4388120165646286987","potions_obtained":[{"floor":1,"key":"DuplicationPotion"},{"floor":2,"key":"Fire Potion"},{"floor":10,"key":"LiquidMemories"},{"floor":18,"key":"PowerPotion"}],"is_trial":false,"path_per_floor":["M","M","$","?","M","R","E","?","T","E","?","R","?","M","R","B",null,"M","$","?","M","M","E"],"character_chosen":"DEFECT","items_purchased":["ClockworkSouvenir","Ball Lightning"],"campfire_rested":0,"item_purchase_floors":[3,3],"current_hp_per_floor":[59,52,52,52,51,51,31,26,26,24,24,24,24,24,24,34,57,53,53,53,35,16,0,0],"gold":521,"neow_bonus":"TWO_FIFTY_GOLD","is_daily":false,"chose_seed":false,"campfire_upgraded":3,"win_rate":0.0,"timestamp":1611516056,"path_taken":["M","M","$","?","M","R","E","?","T","E","?","R","?","M","R","BOSS","M","$","?","M","?","E"],"items_purchased_type":["Relic","Card"],"build_version":"2020-12-22","purchased_purges":2,"victory":false,"max_hp_per_floor":[71,71,71,71,71,71,71,71,71,71,64,64,64,64,64,64,64,64,64,64,64,64,64,64],"relic_stats":{"SsserpentHead":250,"counters":[11,36],"Golden Idol":35,"Bronze Scales":[65],"Pantograph":25,"Letter Opener":[22],"obtain_stats":[{"SsserpentHead":4,"Golden Idol":11,"Bronze Scales":9,"Pantograph":10,"Letter Opener":8,"Cracked Core":0,"Empty Cage":17,"Akabeko":7,"ClockworkSouvenir":3},{"SsserpentHead":2,"Golden Idol":5,"Bronze Scales":4,"Pantograph":5,"Letter Opener":4,"Cracked Core":0,"Empty Cage":7,"Akabeko":4,"ClockworkSouvenir":2},{"SsserpentHead":6,"Golden Idol":17,"Bronze Scales":14,"Pantograph":17,"Letter Opener":14,"Cracked Core":0,"Empty Cage":25,"Akabeko":14,"ClockworkSouvenir":6}]},"card_choices":[{"not_picked":["Aggregate","Redo"],"picked":"Tempest","floor":1},{"not_picked":["Skim","Redo"],"picked":"Lockon","floor":2},{"not_picked":["Steam","Gash"],"picked":"Skim","floor":5},{"not_picked":["White Noise","Loop"],"picked":"Sweeping Beam","floor":7},{"not_picked":["Hello World","Rainbow"],"picked":"Auto Shields","floor":10},{"not_picked":["White Noise","Steam"],"picked":"Doom and Gloom","floor":14},{"not_picked":["Core Surge","Reboot"],"picked":"Electrodynamics","floor":16},{"not_picked":["Streamline","Barrage","Hologram"],"picked":"SKIP","floor":18},{"not_picked":["Steam Power","Coolheaded"],"picked":"Leap","floor":21},{"not_picked":["Beam Cell+1","Consume"],"picked":"Stack+1","floor":22}],"player_experience":268345,"relics_obtained":[{"floor":7,"key":"Akabeko"},{"floor":9,"key":"Bronze Scales"},{"floor":10,"key":"Pantograph"}],"event_choices":[{"damage_healed":0,"gold_gain":0,"player_choice":"Trade","damage_taken":0,"relics_obtained":["SsserpentHead"],"max_hp_gain":0,"max_hp_loss":0,"event_name":"FaceTrader","floor":4,"gold_loss":0},{"damage_healed":0,"gold_gain":0,"player_choice":"Success","damage_taken":5,"relics_obtained":["Letter Opener"],"max_hp_gain":0,"max_hp_loss":0,"event_name":"Scrap Ooze","floor":8,"gold_loss":0},{"damage_healed":0,"gold_gain":0,"player_choice":"Lose Max HP","damage_taken":0,"relics_obtained":["Golden Idol"],"max_hp_gain":0,"max_hp_loss":7,"event_name":"Golden Idol","floor":11,"gold_loss":0},{"damage_healed":0,"gold_gain":30,"player_choice":"Searched \u00271\u0027 times","damage_taken":0,"max_hp_gain":0,"max_hp_loss":0,"event_name":"Dead Adventurer","floor":13,"gold_loss":0},{"damage_healed":0,"gold_gain":0,"player_choice":"Ignored","damage_taken":0,"max_hp_gain":0,"max_hp_loss":0,"event_name":"Ghosts","floor":20,"gold_loss":0}],"is_beta":false,"boss_relics":[{"not_picked":["FrozenCore","Calling Bell"],"picked":"Empty Cage"}],"items_purged_floors":[3,19],"is_endless":false,"potions_floor_spawned":[1,2,5,10,18],"killed_by":"Slavers","ascension_level":17}}