{"host":"Krakhan","time":1611515820,"event":{"mods":["AchievementEnabler","BaseMod","Colored Map","Colored Powertips","Faster Ascension Climbing","Highlight Path","Minty Spire (QoL Compilation)","Rare Cards Sparkle","Relic Stats","StSLib"],"gold_per_floor":[111,111,111,22,40,40,70,70,70,70,83,112,37,37,37,113,113,128,148,48,64,64,64],"floor_reached":22,"language":"ENG","playtime":1064,"items_purged":["Defend_P","Strike_P"],"score":484,"play_id":"ad822559-5f53-41ca-8b4f-8ef490ce42f7","local_time":"20210124141700","is_ascension_mode":true,"campfire_choices":[{"data":"Eruption","floor":6.0,"key":"SMITH"},{"data":"Adaptation","floor":10.0,"key":"SMITH"},{"data":"Vigilance","floor":15.0,"key":"SMITH"}],"circlet_count":0,"master_deck":["AscendersBane","Strike_P","Strike_P","Strike_P","Defend_P","Defend_P","Defend_P","Eruption+1","Vigilance+1","Conclude+1","Adaptation+1","PathToVictory","Study+1","Scrawl","FearNoEvil","TalkToTheHand"],"relics":["PureWater","NeowsBlessing","Dream Catcher","Yang","Lantern","Philosopher\u0027s Stone"],"acts_visited":["Exordium","TheCity"],"potions_floor_usage":[],"damage_taken":[{"damage":0.0,"enemies":"Small Slimes","floor":1.0,"turns":1.0},{"damage":0.0,"enemies":"2 Louse","floor":5.0,"turns":1.0},{"damage":0.0,"enemies":"Lagavulin","floor":7.0,"turns":1.0},{"damage":6.0,"enemies":"Jaw Worm","floor":11.0,"turns":3.0},{"damage":0.0,"enemies":"3 Sentries","floor":12.0,"turns":3.0},{"damage":86.0,"enemies":"Hexaghost","floor":16.0,"turns":10.0},{"damage":36.0,"enemies":"3 Byrds","floor":18.0,"turns":4.0},{"damage":20,"enemies":"Chosen","floor":19,"turns":6},{"damage":0,"enemies":"Centurion and Healer","floor":21,"turns":4},{"damage":8,"enemies":"Cultist and Chosen","floor":22,"turns":3}],"seed_played":"1082203111249550522","potions_obtained":[{"floor":1.0,"key":"Block Potion"},{"floor":7.0,"key":"FairyPotion"},{"floor":12.0,"key":"FairyPotion"},{"floor":21,"key":"SpeedPotion"}],"is_trial":false,"path_per_floor":["M","?","?","$","M","R","E","$","T","R","M","E","$","?","R","B",null,"M","M","$","M","M"],"character_chosen":"WATCHER","items_purchased":["Adaptation"],"campfire_rested":0,"item_purchase_floors":[4],"current_hp_per_floor":[61,66,66,66,66,66,66,66,66,66,60,60,60,60,60,21,60,24,4,4,4,0,0],"gold":64,"neow_bonus":"THREE_ENEMY_KILL","is_daily":false,"chose_seed":false,"campfire_upgraded":3,"win_rate":0.0,"timestamp":1611515820,"path_taken":["M","?","?","$","?","R","E","?","T","R","M","E","$","?","R","BOSS","M","M","?","?","?"],"items_purchased_type":["Card"],"build_version":"2020-12-18","purchased_purges":2,"victory":false,"max_hp_per_floor":[68,73,73,73,73,73,73,73,73,73,73,73,73,73,73,73,73,73,73,73,73,73,73],"relic_stats":{"Dream Catcher":0,"counters":[10,36],"Yang":[65],"obtain_stats":[{"Dream Catcher":7,"Lantern":12,"NeowsBlessing":0,"Yang":9,"Philosopher\u0027s Stone":17,"PureWater":0},{"Dream Catcher":3,"Lantern":5,"NeowsBlessing":0,"Yang":3,"Philosopher\u0027s Stone":6,"PureWater":0},{"Dream Catcher":3,"Lantern":9,"NeowsBlessing":0,"Yang":3,"Philosopher\u0027s Stone":19,"PureWater":0}]},"card_choices":[{"not_picked":["ReachHeaven","Consecrate"],"picked":"Conclude","floor":1.0},{"not_picked":["Nirvana","Consecrate","Fasting2"],"picked":"SKIP","floor":5.0},{"not_picked":["BowlingBash","Prostrate"],"picked":"PathToVictory","floor":7.0},{"not_picked":["Conclude","EmptyBody"],"picked":"Study","floor":11.0},{"not_picked":["FlurryOfBlows","FollowUp","CrushJoints"],"picked":"SKIP","floor":12.0},{"not_picked":["Establishment","Wish"],"picked":"Scrawl","floor":16.0},{"not_picked":["Protect","CrushJoints","SashWhip"],"picked":"SKIP","floor":18.0},{"not_picked":["WreathOfFlame","Crescendo"],"picked":"FearNoEvil","floor":19},{"not_picked":["PathToVictory","FollowUp"],"picked":"TalkToTheHand","floor":21}],"player_experience":1362684,"relics_obtained":[{"floor":7.0,"key":"Dream Catcher"},{"floor":9.0,"key":"Yang"},{"floor":12.0,"key":"Lantern"}],"event_choices":[{"damage_healed":0.0,"max_hp_gain":5.0,"max_hp_loss":0.0,"gold_gain":0.0,"event_name":"Big Fish","player_choice":"Donut","floor":2.0,"gold_loss":0.0,"damage_taken":0.0},{"damage_healed":0.0,"max_hp_gain":0.0,"max_hp_loss":0.0,"gold_gain":0.0,"event_name":"Living Wall","player_choice":"Grow","floor":3.0,"gold_loss":0.0,"damage_taken":0.0,"cards_upgraded":["Conclude"]},{"damage_healed":0.0,"max_hp_gain":0.0,"max_hp_loss":0.0,"gold_gain":0.0,"event_name":"Upgrade Shrine","player_choice":"Upgraded","floor":14.0,"gold_loss":0.0,"damage_taken":0.0,"cards_upgraded":["Study"]}],"is_beta":true,"boss_relics":[{"not_picked":["Sozu","Velvet Choker"],"picked":"Philosopher\u0027s Stone"}],"items_purged_floors":[13,20],"is_endless":false,"potions_floor_spawned":[1,7,12,21],"killed_by":"Cultist and Chosen","ascension_level":20}}