{"host":"w8jq41i5zn1fudf9","time":1611524393,"event":{"mods":["2.2 Compatiblity","AchievementEnabler","Aspiration","BaseMod","BetterRewards","Colored Map","Colored Powertips","Curses Come First","GifTheSpireLib","Googly Eyes","Hermit","Hubris","Infinite Spire","Jedi Mod","Magitek Elite","Minty Spire (QoL Compilation)","Permanent Neow","Quick Restart","Rare Cards Sparkle","Relic Stats","Replay The Spire","Robot Space Explorer","Shop Mod","StSLib","Td1madao Mod","The Awakened One except there are too many feathers","The Servant 0.9.4","Wandering Minibosses","egg","everything is the same but u backflip on backflip","slay the spire mod where everything is the same but ironclad has a cowboy hat"],"gold_per_floor":[99,99,31,31,31,31,31,31,31,31,31,31,31,31,31,31,31,31,31,0,0,0,0,0,0,0,0,0,0,0,0,0,0,0,0,33,44,44,56,56,107,140,140,46,46,58,78,148,148,161,161,161,161],"floor_reached":52,"language":"ENG","playtime":2639,"items_purged":["RobotSpaceExplorer:Strike","Doubt"],"score":1048,"play_id":"48138119-1cf5-40bc-89a4-9abff092c6db","local_time":"20210124143953","is_ascension_mode":true,"campfire_choices":[{"floor":6,"key":"REST"},{"floor":10,"key":"REST"},{"floor":12,"key":"REST"},{"floor":14,"key":"REST"},{"floor":17,"key":"REST"},{"floor":25,"key":"REST"},{"floor":31,"key":"REST"},{"floor":34,"key":"REST"},{"floor":51,"key":"REST"}],"circlet_count":0,"master_deck":["RobotSpaceExplorer:Strike","RobotSpaceExplorer:Strike+1","RobotSpaceExplorer:Strike+1","RobotSpaceExplorer:Defend","RobotSpaceExplorer:Defend","RobotSpaceExplorer:Defend","RobotSpaceExplorer:Scan+1","RobotSpaceExplorer:MiniLasers+1","RobotSpaceExplorer:StunGrenade","RobotSpaceExplorer:ImprovisedAttack","RobotSpaceExplorer:Ammunition+1","RobotSpaceExplorer:Reload+1","Replay:BasicMightCard+1","RobotSpaceExplorer:MiniDrones+1","RobotSpaceExplorer:FreezeRay","RobotSpaceExplorer:FranticSearch+1","RobotSpaceExplorer:MetalStrike","RobotSpaceExplorer:HighVoltage+1","RobotSpaceExplorer:Blaster","RobotSpaceExplorer:StunGrenade","RobotSpaceExplorer:Blaster","RobotSpaceExplorer:DoubleFind","Writhe","RobotSpaceExplorer:TrailblazerForm","hubris:Gluttony","Parasite","RobotSpaceExplorer:ShovelStrike+1"],"relics":["RobotSpaceExplorer:RoboCore","hubris:MedicalManual","Gremlin Food","jedi:ominousloannote","Unceasing Top","BargainBundle","hubris:Zylophone","infinitespire:CursedDice","hubris:BottledRain","RobotSpaceExplorer:ClockworkSextant","Ring of Searing","Ring of Peace","Fusion Hammer","MutagenicStrength","Ancient Tea Set","Ice Cream","Letter Opener","aspiration:HummingbirdHeart","Tiny House","infinitespire:Magic Flask","hubris:SphereOfDissonance","ReplayTheSpireMod:CursedCoin","infinitespire:Satchel","War Paint","Replay:Bottled Flurry"],"acts_visited":["Exordium","TheCity","TheBeyond"],"potions_floor_usage":[13,18,27,42,47,47,50,52],"damage_taken":[{"damage":17,"enemies":"infinitespire:Voidling","floor":1,"turns":4},{"damage":11,"enemies":"Cultist","floor":2,"turns":4},{"damage":30,"enemies":"Small Slimes","floor":9,"turns":5},{"damage":55,"enemies":"Gremlin Nob","floor":13,"turns":6},{"damage":6,"enemies":"2 Fungi Beasts","floor":16,"turns":4},{"damage":39,"enemies":"Hexaghost","floor":18,"turns":11},{"damage":21,"enemies":"2 Thieves","floor":20,"turns":3},{"damage":12,"enemies":"Spheric Guardian","floor":24,"turns":4},{"damage":4,"enemies":"Chosen and Byrds","floor":26,"turns":3},{"damage":29,"enemies":"Gremlin Leader","floor":27,"turns":5},{"damage":1,"enemies":"3 Cultists","floor":30,"turns":4},{"damage":56,"enemies":"Pondfish","floor":35,"turns":8},{"damage":12,"enemies":"Orb Walker","floor":37,"turns":3},{"damage":14,"enemies":"3 Darklings","floor":39,"turns":5},{"damage":32,"enemies":"2 Orb Walkers","floor":41,"turns":4},{"damage":32,"enemies":"Nemesis","floor":42,"turns":7},{"damage":24,"enemies":"Writhing Mass","floor":46,"turns":4},{"damage":37,"enemies":"Spire Growth","floor":47,"turns":4},{"damage":3,"enemies":"Maw","floor":50,"turns":8},{"damage":44,"enemies":"Replay:Hell Engine","floor":52,"turns":10}],"seed_played":"5045683781150900723","potions_obtained":[{"floor":2,"key":"jedi:hoardpotion"},{"floor":18,"key":"Swift Potion"},{"floor":20,"key":"SpeedPotion"},{"floor":23,"key":"SmokeBomb"},{"floor":26,"key":"infinitespire:BlackPotion"},{"floor":36,"key":"infinitespire:BlackPotion"},{"floor":46,"key":"AttackPotion"},{"floor":47,"key":"Elixir"}],"is_trial":false,"path_per_floor":["M","M","$","T","?","R","PTL","PTL","M","R","T","R","E","R","?","M","R","B",null,"M","?","?","?","M","R","M","E","T","?","M","R","$","T","R","B",null,"M","?","M","?","?","E","?","$","T","M","M","T","?","M","R","B"],"character_chosen":"RobotSpaceExplorer","items_purchased":["Gremlin Food","jedi:ominousloannote","BargainBundle","jedi:wingpotion","Explosive Potion","Dexterity Potion","RobotSpaceExplorer:StunGrenade","RobotSpaceExplorer:ImprovisedAttack","RobotSpaceExplorer:Ammunition","RobotSpaceExplorer:Reload","Replay:BasicMightCard","RobotSpaceExplorer:FreezeRay","ReplayTheSpireMod:CursedCoin","infinitespire:Satchel"],"campfire_rested":9,"item_purchase_floors":[0,0,0,0,0,0,0,0,0,0,0,3,44,44],"current_hp_per_floor":[35,24,24,24,24,46,46,46,16,38,38,60,5,27,27,21,43,4,75,54,54,54,24,12,34,30,1,1,1,45,67,67,67,75,19,80,68,68,54,74,42,10,80,80,80,56,19,19,19,16,40,0,0],"gold":161,"neow_bonus":"","is_daily":false,"chose_seed":false,"campfire_upgraded":0,"win_rate":0.0,"timestamp":1611524393,"path_taken":["M","?","$","?","?","R","PTL","PTL","M","R","T","R","E","R","?","?","R","BOSS","M","?","?","?","M","R","?","E","T","?","M","R","$","?","R","BOSS","M","?","M","?","?","E","?","$","T","?","M","?","?","M","R","BOSS"],"items_purchased_type":["Relic","Relic","Relic","Potion","Potion","Potion","Card","Card","Card","Card","Card","Card","Relic","Relic"],"build_version":"2020-12-22","purchased_purges":2,"victory":false,"max_hp_per_floor":[75,75,75,75,75,75,75,75,75,75,75,75,75,75,75,75,75,75,75,75,75,75,75,75,75,75,75,75,75,75,75,75,75,75,75,80,80,80,80,80,80,80,80,80,80,80,80,80,80,80,80,80,80],"relic_stats":{"counters":[118,474],"Letter Opener":[45],"War Paint":["RobotSpaceExplorer:Ammunition","RobotSpaceExplorer:Reload"],"obtain_stats":[{"RobotSpaceExplorer:ClockworkSextant":39,"Ice Cream":27,"jedi:angrymask":9,"RobotSpaceExplorer:SlideRule":0,"Tiny House":36,"Nilry\u0027s Codex":28,"Spirit Poop":4,"Vajra":10,"aspiration:PoetsPen_weak":34,"aspiration:RitualStick":19,"Ring of Searing":15,"FaceOfCleric":21,"infinitespire:Golems Mask":11,"Fusion Hammer":19,"RobotSpaceExplorer:SearchSpecs":0,"Replay:Bottled Flurry":48,"hubris:TinFlute":43,"MerchantsRug":0,"Girya":47,"Happy Flower":23,"ReplayTheSpireMod:CursedCoin":4,"Oddly Smooth Stone":29,"hubris:SphereOfDissonance":42,"Ring of Chaos":19,"Letter Opener":43,"infinitespire:Magic Flask":41,"War Paint":20,"aspiration:IroncladSkillbook":34,"hubris:Zylophone":0,"infinitespire:EvilPickle":37,"Bottled Flame":26,"jedi:hotpepper":17,"MutagenicStrength":19,"Simple Rune":31,"Molten Egg 2":30,"hubris:TenFootPole":26,"ReplayTheSpireMod:TigerMarble":31,"Unceasing Top":0,"SacredBark":17,"Angel_Ring":43,"aspiration:TomeofQuesting":3,"Blue Doll":41,"Mango":16,"wanderingMiniBosses:AbyssPearl":47,"Incense Burner":28,"jedi:archwizardhat":47,"Power_Wrist":11,"Ancient Tea Set":23,"Pet Ghost":9,"Replay:Rubber Ducky":44,"Dream Catcher":45,"hubris:Icosahedron":24,"Ring of Fangs":48,"Shovel":25,"infinitespire:Bottled Soul":8,"aspiration:AnachronicSnailShell":0,"Ring of Peace":15,"jedi:matchstick":4,"Replay:Bottled Snecko":26,"Replay:Bottled Eggs":19,"hubris:GlazedTorus":0,"Gremlin Food":26,"BargainBundle":38,"NeowsBlessing":0,"Golden Idol":14,"infinitespire:CursedDice":5,"aspiration:RunicSpoon":34,"RobotSpaceExplorer:RoboCore":0,"PreservedInsect":9,"hubris:MedicalManual":0,"aspiration:HummingbirdHeart":33,"jedi:crownofsimplicity":6,"hubris:Towel":21,"Pondfish Scales":0,"jedi:kaleidoscope":0,"wanderingMiniBosses:CarrionFlame":36,"Ornamental Fan":10,"hubris:Spice":41,"jedi:ominousloannote":0,"infinitespire:Satchel":44,"Snack Pack":21,"Art of War":9,"Gem_Box":17,"Membership Card":0,"Guard_Bracelet":7,"FossilizedHelix":33,"TungstenRod":45,"infinitespire:Midas Blood":0,"hubris:BottledRain":11},{"RobotSpaceExplorer:ClockworkSextant":36,"Ice Cream":108,"jedi:angrymask":47,"RobotSpaceExplorer:SlideRule":19,"Tiny House":110,"Nilry\u0027s Codex":10,"Spirit Poop":20,"Vajra":69,"aspiration:PoetsPen_weak":56,"aspiration:RitualStick":9,"Ring of Searing":102,"FaceOfCleric":26,"infinitespire:Golems Mask":47,"Fusion Hammer":104,"RobotSpaceExplorer:SearchSpecs":19,"Replay:Bottled Flurry":116,"hubris:TinFlute":37,"MerchantsRug":41,"Girya":63,"Happy Flower":28,"ReplayTheSpireMod:CursedCoin":2,"Oddly Smooth Stone":31,"hubris:SphereOfDissonance":114,"Ring of Chaos":85,"Letter Opener":16,"infinitespire:Magic Flask":113,"War Paint":50,"aspiration:IroncladSkillbook":33,"hubris:Zylophone":41,"infinitespire:EvilPickle":58,"Bottled Flame":29,"jedi:hotpepper":25,"MutagenicStrength":26,"Simple Rune":32,"Molten Egg 2":55,"hubris:TenFootPole":52,"ReplayTheSpireMod:TigerMarble":55,"Unceasing Top":98,"SacredBark":49,"Angel_Ring":61,"aspiration:TomeofQuesting":20,"Blue Doll":37,"Mango":84,"wanderingMiniBosses:AbyssPearl":40,"Incense Burner":87,"jedi:archwizardhat":96,"Power_Wrist":6,"Ancient Tea Set":105,"Pet Ghost":5,"Replay:Rubber Ducky":61,"Dream Catcher":62,"hubris:Icosahedron":10,"Ring of Fangs":40,"Shovel":76,"infinitespire:Bottled Soul":80,"aspiration:AnachronicSnailShell":65,"Ring of Peace":102,"jedi:matchstick":2,"Replay:Bottled Snecko":10,"Replay:Bottled Eggs":50,"hubris:GlazedTorus":19,"Gremlin Food":76,"BargainBundle":36,"NeowsBlessing":0,"Golden Idol":7,"infinitespire:CursedDice":100,"aspiration:RunicSpoon":12,"RobotSpaceExplorer:RoboCore":0,"PreservedInsect":22,"hubris:MedicalManual":98,"aspiration:HummingbirdHeart":109,"jedi:crownofsimplicity":46,"hubris:Towel":86,"Pondfish Scales":77,"jedi:kaleidoscope":41,"wanderingMiniBosses:CarrionFlame":58,"Ornamental Fan":23,"hubris:Spice":61,"jedi:ominousloannote":77,"infinitespire:Satchel":114,"Snack Pack":10,"Art of War":68,"Gem_Box":8,"Membership Card":41,"Guard_Bracelet":22,"FossilizedHelix":33,"TungstenRod":95,"infinitespire:Midas Blood":65,"hubris:BottledRain":101},{"RobotSpaceExplorer:ClockworkSextant":125,"Ice Cream":417,"jedi:angrymask":169,"RobotSpaceExplorer:SlideRule":65,"Tiny House":429,"Nilry\u0027s Codex":31,"Spirit Poop":67,"Vajra":248,"aspiration:PoetsPen_weak":205,"aspiration:RitualStick":29,"Ring of Searing":387,"FaceOfCleric":95,"infinitespire:Golems Mask":169,"Fusion Hammer":402,"RobotSpaceExplorer:SearchSpecs":65,"Replay:Bottled Flurry":456,"hubris:TinFlute":130,"MerchantsRug":153,"Girya":230,"Happy Flower":101,"ReplayTheSpireMod:CursedCoin":2,"Oddly Smooth Stone":108,"hubris:SphereOfDissonance":448,"Ring of Chaos":309,"Letter Opener":54,"infinitespire:Magic Flask":441,"War Paint":178,"aspiration:IroncladSkillbook":118,"hubris:Zylophone":153,"infinitespire:EvilPickle":211,"Bottled Flame":104,"jedi:hotpepper":92,"MutagenicStrength":95,"Simple Rune":111,"Molten Egg 2":198,"hubris:TenFootPole":186,"ReplayTheSpireMod:TigerMarble":198,"Unceasing Top":368,"SacredBark":176,"Angel_Ring":225,"aspiration:TomeofQuesting":67,"Blue Doll":130,"Mango":298,"wanderingMiniBosses:AbyssPearl":143,"Incense Burner":316,"jedi:archwizardhat":358,"Power_Wrist":18,"Ancient Tea Set":405,"Pet Ghost":11,"Replay:Rubber Ducky":225,"Dream Catcher":228,"hubris:Icosahedron":31,"Ring of Fangs":143,"Shovel":278,"infinitespire:Bottled Soul":287,"aspiration:AnachronicSnailShell":237,"Ring of Peace":387,"jedi:matchstick":2,"Replay:Bottled Snecko":31,"Replay:Bottled Eggs":178,"hubris:GlazedTorus":65,"Gremlin Food":278,"BargainBundle":125,"NeowsBlessing":0,"Golden Idol":19,"infinitespire:CursedDice":376,"aspiration:RunicSpoon":42,"RobotSpaceExplorer:RoboCore":0,"PreservedInsect":75,"hubris:MedicalManual":368,"aspiration:HummingbirdHeart":421,"jedi:crownofsimplicity":166,"hubris:Towel":313,"Pondfish Scales":280,"jedi:kaleidoscope":153,"wanderingMiniBosses:CarrionFlame":211,"Ornamental Fan":80,"hubris:Spice":225,"jedi:ominousloannote":280,"infinitespire:Satchel":448,"Snack Pack":31,"Art of War":244,"Gem_Box":26,"Membership Card":153,"Guard_Bracelet":75,"FossilizedHelix":118,"TungstenRod":353,"infinitespire:Midas Blood":237,"hubris:BottledRain":381}],"Unceasing Top":[6]},"card_choices":[{"not_picked":["RobotSpaceExplorer:ToxicBomb","RobotSpaceExplorer:FrostMissile","RobotSpaceExplorer:IronShell"],"picked":"SKIP","floor":1},{"not_picked":["RobotSpaceExplorer:FrostMissile","RobotSpaceExplorer:GlueShot"],"picked":"RobotSpaceExplorer:MiniDrones","floor":2},{"not_picked":["RobotSpaceExplorer:DoubleBlock","RobotSpaceExplorer:SlimeMissile"],"picked":"RobotSpaceExplorer:FranticSearch","floor":9},{"not_picked":["RobotSpaceExplorer:SlimeMissile","RobotSpaceExplorer:PowerCollector","RobotSpaceExplorer:GearShield"],"picked":"SKIP","floor":13},{"not_picked":["RobotSpaceExplorer:Scanner","RobotSpaceExplorer:SwiftStep"],"picked":"RobotSpaceExplorer:MetalStrike","floor":16},{"not_picked":["RobotSpaceExplorer:Counterblock","RobotSpaceExplorer:Electroshield"],"picked":"RobotSpaceExplorer:StunGrenade","floor":20},{"not_picked":["RobotSpaceExplorer:StarDust+1","RobotSpaceExplorer:ScrapShield","RobotSpaceExplorer:Counterblock"],"picked":"SKIP","floor":24},{"not_picked":["RobotSpaceExplorer:SlimeMissile","RobotSpaceExplorer:SelfCleaning"],"picked":"RobotSpaceExplorer:Wormhole","floor":26},{"not_picked":["RobotSpaceExplorer:Reload","RobotSpaceExplorer:ShockKick","RobotSpaceExplorer:DualCore+1"],"picked":"SKIP","floor":27},{"not_picked":["RobotSpaceExplorer:Probe","RobotSpaceExplorer:FranticSearch","RobotSpaceExplorer:ScrapMissile"],"picked":"SKIP","floor":30},{"not_picked":["RobotSpaceExplorer:Multitool","RobotSpaceExplorer:BlastShield"],"picked":"RobotSpaceExplorer:Blaster","floor":35},{"not_picked":["RobotSpaceExplorer:FrostMissile","RobotSpaceExplorer:Pulsar+1"],"picked":"RobotSpaceExplorer:DoubleFind","floor":36},{"not_picked":["RobotSpaceExplorer:FranticSearch","RobotSpaceExplorer:MakeshiftVolley","RobotSpaceExplorer:Pulsar"],"picked":"SKIP","floor":37},{"not_picked":["RobotSpaceExplorer:MetalStrike+1","RobotSpaceExplorer:FrostMissile+1","RobotSpaceExplorer:SwiftStep+1"],"picked":"SKIP","floor":39},{"not_picked":["RobotSpaceExplorer:SurgingShield+1","RobotSpaceExplorer:ScrapMissile"],"picked":"RobotSpaceExplorer:TrailblazerForm","floor":42},{"not_picked":["RobotSpaceExplorer:IronShell","RobotSpaceExplorer:SlimeMissile"],"picked":"RobotSpaceExplorer:ShovelStrike+1","floor":46},{"not_picked":["RobotSpaceExplorer:IronShell","RobotSpaceExplorer:GlueShot+1","RobotSpaceExplorer:GlueSpray"],"picked":"SKIP","floor":47},{"not_picked":["RobotSpaceExplorer:FreezingShield+1","RobotSpaceExplorer:Probe","RobotSpaceExplorer:SelfCleaning+1"],"picked":"SKIP","floor":50}],"player_experience":220769,"relics_obtained":[{"floor":4,"key":"hubris:Zylophone"},{"floor":11,"key":"hubris:BottledRain"},{"floor":13,"key":"RobotSpaceExplorer:ClockworkSextant"},{"floor":15,"key":"Ring of Searing"},{"floor":15,"key":"Ring of Peace"},{"floor":23,"key":"Ancient Tea Set"},{"floor":27,"key":"Ice Cream"},{"floor":28,"key":"Letter Opener"},{"floor":33,"key":"aspiration:HummingbirdHeart"},{"floor":41,"key":"infinitespire:Magic Flask"},{"floor":42,"key":"hubris:SphereOfDissonance"},{"floor":45,"key":"War Paint"},{"floor":48,"key":"Replay:Bottled Flurry"}],"event_choices":[{"damage_healed":0,"gold_gain":0,"player_choice":"Box","damage_taken":0,"relics_obtained":["infinitespire:CursedDice"],"max_hp_gain":0,"max_hp_loss":0,"event_name":"Big Fish","floor":5,"gold_loss":0,"cards_obtained":["Regret"]},{"damage_healed":0,"gold_gain":0,"player_choice":"Inject Mutagens","damage_taken":0,"relics_obtained":["MutagenicStrength"],"max_hp_gain":0,"max_hp_loss":0,"event_name":"Drug Dealer","floor":22,"gold_loss":0},{"cards_removed":["RobotSpaceExplorer:Defend"],"damage_healed":0,"gold_gain":0,"player_choice":"Removed Skill","damage_taken":0,"max_hp_gain":0,"max_hp_loss":0,"event_name":"Falling","floor":38,"gold_loss":0},{"damage_healed":20,"gold_gain":0,"player_choice":"Writhe","damage_taken":0,"max_hp_gain":0,"max_hp_loss":0,"event_name":"Winding Halls","floor":40,"gold_loss":0,"cards_obtained":["Writhe"]},{"damage_healed":0,"gold_gain":0,"player_choice":"Fight","damage_taken":0,"max_hp_gain":0,"max_hp_loss":0,"event_name":"Mysterious Sphere","floor":41,"gold_loss":0},{"damage_healed":70,"gold_gain":0,"player_choice":"Heal","damage_taken":0,"max_hp_gain":0,"max_hp_loss":0,"event_name":"MindBloom","floor":43,"gold_loss":0,"cards_obtained":["Doubt"]}],"is_beta":false,"boss_relics":[{"not_picked":["Golden_Hairpin","Busted Crown"],"picked":"Fusion Hammer"},{"not_picked":["hubris:RunicObelisk","jedi:hotpepper"],"picked":"Tiny House"}],"items_purged_floors":[0,44],"is_endless":false,"potions_floor_spawned":[2,9,18,20,26,41,46,47],"killed_by":"Replay:Hell Engine","ascension_level":3}}