{"host":"1bmpebsu0h6jmm2g","time":1611493525,"event":{"mods":["BaseMod","Colored Map","DeckTracker","Highlight Path","Keyboard Shortcuts","Minty Spire (QoL Compilation)","Permanent Neow","Quick Restart","Relic Stats","Slay the Relics Exporter","StSLib","SuperFastMode"],"gold_per_floor":[115,129,129,129,140,151,166,195,246,246,211,245,245,264,264,335,335,355,355,355],"floor_reached":19,"language":"KOR","playtime":378,"items_purged":[],"score":389,"play_id":"51bbef23-0a46-4db3-a6f5-6d0556282866","local_time":"20210124220525","is_ascension_mode":true,"campfire_choices":[{"data":"Consume","floor":10.0,"key":"SMITH"},{"data":"Capacitor","floor":13.0,"key":"SMITH"},{"data":"Dualcast","floor":15.0,"key":"SMITH"}],"circlet_count":0,"master_deck":["AscendersBane","Strike_B","Defend_B","Defend_B","Defend_B","Defend_B","Zap","Dualcast+1","Ball Lightning","Capacitor+1","Cold Snap","Consume+1","Cold Snap","Core Surge+1","Coolheaded"],"relics":["Cracked Core","Bag of Preparation","Pantograph","Molten Egg 2","Juzu Bracelet","Tiny Chest","Empty Cage"],"acts_visited":["Exordium","TheCity"],"potions_floor_usage":[19],"damage_taken":[{"damage":0.0,"enemies":"Cultist","floor":1.0,"turns":4.0},{"damage":4.0,"enemies":"2 Louse","floor":2.0,"turns":3.0},{"damage":0.0,"enemies":"Small Slimes","floor":5.0,"turns":2.0},{"damage":8.0,"enemies":"Looter","floor":6.0,"turns":4.0},{"damage":1.0,"enemies":"2 Fungi Beasts","floor":7.0,"turns":3.0},{"damage":10.0,"enemies":"Gremlin Nob","floor":8.0,"turns":3.0},{"damage":13.0,"enemies":"3 Sentries","floor":12.0,"turns":9.0},{"damage":6.0,"enemies":"Blue Slaver","floor":14.0,"turns":4.0},{"damage":0.0,"enemies":"Hexaghost","floor":16.0,"turns":10.0},{"damage":37,"enemies":"2 Thieves","floor":18,"turns":4},{"damage":29,"enemies":"3 Byrds","floor":19,"turns":3}],"seed_played":"-7927907966281154587","potions_obtained":[{"floor":6.0,"key":"LiquidMemories"},{"floor":7.0,"key":"Swift Potion"},{"floor":12.0,"key":"ColorlessPotion"},{"floor":18,"key":"ColorlessPotion"}],"is_trial":false,"path_per_floor":["M","M","?","?","M","M","M","E","T","R","?","E","R","M","R","B",null,"M","M"],"character_chosen":"DEFECT","items_purchased":[],"campfire_rested":0,"item_purchase_floors":[],"current_hp_per_floor":[64,60,53,46,46,38,37,27,27,27,44,31,31,25,25,50,66,29,0,0],"gold":355,"neow_bonus":"RANDOM_COMMON_RELIC","is_daily":false,"chose_seed":false,"campfire_upgraded":3,"win_rate":0.0,"timestamp":1611493525,"path_taken":["M","?","?","?","M","M","M","E","T","R","?","E","R","M","R","BOSS","M","M"],"items_purchased_type":[],"build_version":"2020-12-22","purchased_purges":0,"victory":false,"max_hp_per_floor":[71,71,71,71,71,71,71,71,71,71,71,71,71,71,71,71,71,71,71,71],"relic_stats":{"counters":[11,49],"Pantograph":25,"Tiny Chest":0,"Bag of Preparation":[22],"Juzu Bracelet":0,"obtain_stats":[{"Pantograph":4,"Molten Egg 2":8,"Tiny Chest":12,"Bag of Preparation":0,"Juzu Bracelet":9,"Cracked Core":0,"Empty Cage":17},{"Pantograph":2,"Molten Egg 2":6,"Tiny Chest":7,"Bag of Preparation":0,"Juzu Bracelet":6,"Cracked Core":0,"Empty Cage":9},{"Pantograph":7,"Molten Egg 2":19,"Tiny Chest":28,"Bag of Preparation":0,"Juzu Bracelet":19,"Cracked Core":0,"Empty Cage":42}]},"card_choices":[{"not_picked":["Steam","Conserve Battery"],"picked":"Ball Lightning","floor":1.0},{"not_picked":["Double Energy","Stack"],"picked":"Capacitor","floor":2.0},{"not_picked":["Stack","Storm"],"picked":"Cold Snap","floor":5.0},{"not_picked":["Streamline","Conserve Battery"],"picked":"Consume","floor":6.0},{"not_picked":["Streamline","Fission"],"picked":"Cold Snap","floor":7.0},{"not_picked":["Streamline+1","Biased Cognition","Force Field"],"picked":"SKIP","floor":8.0},{"not_picked":["Redo","Turbo","Sunder+1"],"picked":"SKIP","floor":12.0},{"not_picked":["Chill","Sweeping Beam+1","Leap"],"picked":"SKIP","floor":14.0},{"not_picked":["Meteor Strike+1","Biased Cognition"],"picked":"Core Surge+1","floor":16.0},{"not_picked":["Gash+1","Fusion"],"picked":"Coolheaded","floor":18}],"player_experience":492423,"relics_obtained":[{"floor":8.0,"key":"Molten Egg 2"},{"floor":9.0,"key":"Juzu Bracelet"},{"floor":12.0,"key":"Tiny Chest"}],"event_choices":[{"cards_removed":["Strike_B"],"damage_healed":0.0,"max_hp_gain":0.0,"max_hp_loss":0.0,"gold_gain":0.0,"event_name":"Golden Wing","player_choice":"Card Removal","floor":3.0,"gold_loss":0.0,"damage_taken":7.0},{"damage_healed":0.0,"max_hp_gain":0.0,"max_hp_loss":0.0,"gold_gain":0.0,"event_name":"Scrap Ooze","player_choice":"Success","floor":4.0,"gold_loss":0.0,"damage_taken":7.0,"relics_obtained":["Pantograph"]},{"damage_healed":17.0,"max_hp_gain":0.0,"max_hp_loss":0.0,"gold_gain":0.0,"event_name":"The Cleric","player_choice":"Healed","floor":11.0,"gold_loss":35.0,"damage_taken":0.0}],"is_beta":false,"boss_relics":[{"not_picked":["Ectoplasm","Calling Bell"],"picked":"Empty Cage"}],"items_purged_floors":[],"is_endless":false,"potions_floor_spawned":[6,7,12,18],"killed_by":"3 Byrds","ascension_level":14}}