{"host":"dhyczjm99amxd3qx","time":1611522481,"event":{"mods":["BaseMod","Colored Map","Googly Eyes","Highlight Path","Minty Spire (QoL Compilation)","Quick Restart","StSLib"],"gold_per_floor":[112,127,146,163,179,210,210,244,244,259,285,285,312,312,312,312,312],"floor_reached":16,"language":"ENG","playtime":825,"items_purged":[],"score":185,"play_id":"dddd4a17-035a-432f-8ed5-9fc020b6e407","local_time":"20210124160801","is_ascension_mode":true,"campfire_choices":[{"data":"Hemokinesis","floor":7,"key":"SMITH"},{"data":"Reaper","floor":12,"key":"SMITH"},{"data":"Bash","floor":15,"key":"SMITH"}],"circlet_count":0,"master_deck":["Strike_R","Strike_R","Strike_R","Strike_R","Strike_R","Defend_R","Defend_R","Defend_R","Defend_R","Bash+1","Iron Wave","Disarm","Iron Wave","Hemokinesis+1","Reaper+1","Dropkick","Limit Break"],"relics":["Burning Blood","Blood Vial","Self Forming Clay","Frozen Egg 2","Pen Nib","Charon\u0027s Ashes","Bag of Marbles"],"acts_visited":["Exordium"],"potions_floor_usage":[4,5,6,8,13],"damage_taken":[{"damage":10,"enemies":"Small Slimes","floor":1,"turns":4},{"damage":0,"enemies":"2 Louse","floor":2,"turns":3},{"damage":6,"enemies":"Cultist","floor":3,"turns":4},{"damage":7,"enemies":"Red Slaver","floor":4,"turns":5},{"damage":7,"enemies":"Looter","floor":5,"turns":3},{"damage":30,"enemies":"3 Sentries","floor":6,"turns":10},{"damage":22,"enemies":"Lagavulin","floor":8,"turns":5},{"damage":3,"enemies":"Blue Slaver","floor":10,"turns":5},{"damage":26,"enemies":"3 Sentries","floor":11,"turns":9},{"damage":13,"enemies":"Gremlin Nob","floor":13,"turns":3},{"damage":39,"enemies":"Slime Boss","floor":16,"turns":6}],"seed_played":"3115224501180546280","potions_obtained":[{"floor":1,"key":"Fire Potion"},{"floor":2,"key":"SteroidPotion"},{"floor":3,"key":"Energy Potion"},{"floor":5,"key":"SkillPotion"},{"floor":11,"key":"LiquidMemories"}],"is_trial":false,"path_per_floor":["M","M","M","M","M","E","R","E","T","M","E","R","E","?","R","B"],"character_chosen":"IRONCLAD","items_purchased":[],"campfire_rested":0,"item_purchase_floors":[],"current_hp_per_floor":[76,82,82,81,80,56,56,42,42,47,41,41,36,24,24,0,0],"gold":312,"neow_bonus":"TEN_PERCENT_HP_BONUS","is_daily":false,"chose_seed":false,"campfire_upgraded":3,"win_rate":0.0,"timestamp":1611522481,"path_taken":["M","M","M","M","M","E","R","E","T","M","E","R","E","?","R","BOSS"],"items_purchased_type":[],"build_version":"2020-12-22","purchased_purges":0,"victory":false,"max_hp_per_floor":[88,88,88,88,88,88,88,88,88,88,88,88,88,88,88,88,88],"card_choices":[{"not_picked":["Warcry","Headbutt","Combust"],"picked":"SKIP","floor":1},{"not_picked":["Shockwave","Whirlwind"],"picked":"Iron Wave","floor":2},{"not_picked":["Havoc","Thunderclap"],"picked":"Disarm","floor":3},{"not_picked":["Twin Strike","Clothesline"],"picked":"Iron Wave","floor":4},{"not_picked":["Spot Weakness","Whirlwind","Shockwave"],"picked":"SKIP","floor":5},{"not_picked":["Power Through","Warcry"],"picked":"Hemokinesis","floor":6},{"not_picked":["Cleave","Sever Soul"],"picked":"Reaper","floor":8},{"not_picked":["Shockwave","Thunderclap"],"picked":"Dropkick","floor":10},{"not_picked":["Cleave","Burning Pact","Twin Strike"],"picked":"SKIP","floor":11},{"not_picked":["Clothesline","Second Wind"],"picked":"Limit Break","floor":13}],"player_experience":368545,"relics_obtained":[{"floor":6,"key":"Blood Vial"},{"floor":8,"key":"Self Forming Clay"},{"floor":9,"key":"Frozen Egg 2"},{"floor":11,"key":"Pen Nib"},{"floor":13,"key":"Charon\u0027s Ashes"}],"event_choices":[{"damage_healed":0,"gold_gain":0,"player_choice":"Success","damage_taken":12,"relics_obtained":["Bag of Marbles"],"max_hp_gain":0,"max_hp_loss":0,"event_name":"Scrap Ooze","floor":14,"gold_loss":0}],"is_beta":false,"boss_relics":[],"items_purged_floors":[],"is_endless":false,"potions_floor_spawned":[1,2,3,5,11],"killed_by":"Slime Boss","ascension_level":8}}