{"host":"2yhbarjh4s9lrrzt","time":1611461219,"event":{"mods":["BaseMod","Better Third Choice","Minty Spire (QoL Compilation)","Replay The Spire","StSLib"],"gold_per_floor":[113,113,6,25,38,63,81,95,95,119,154,154,172,193,193,193,193],"floor_reached":16,"language":"ENG","playtime":744,"items_purged":[],"score":108,"play_id":"2a5f2212-6fa4-4f8e-ba91-bbd41cee0632","local_time":"20210123230659","is_ascension_mode":false,"campfire_choices":[{"floor":12,"key":"REST"},{"floor":15,"key":"REST"}],"circlet_count":0,"master_deck":["Strike_P+1","Strike_P","Strike_P","Strike_P","Defend_P","Defend_P","Defend_P","Defend_P","Eruption","Vigilance","EmptyFist","Injury","EmptyFist","CarveReality","FearNoEvil+1","Wallop","Fasting2","InnerPeace","EmptyFist","Brilliance","Crescendo","ClearTheMind","TalkToTheHand"],"relics":["PureWater","NeowsBlessing","Golden Idol","Mummified Hand","Whetstone"],"acts_visited":["Exordium"],"potions_floor_usage":[10,11,16,16],"damage_taken":[{"damage":0,"enemies":"Small Slimes","floor":1,"turns":1},{"damage":0,"enemies":"Jaw Worm","floor":4,"turns":1},{"damage":0,"enemies":"2 Louse","floor":5,"turns":1},{"damage":13,"enemies":"Gremlin Gang","floor":6,"turns":7},{"damage":2,"enemies":"3 Louse","floor":7,"turns":3},{"damage":3,"enemies":"Blue Slaver","floor":8,"turns":4},{"damage":4,"enemies":"Exordium Wildlife","floor":10,"turns":3},{"damage":34,"enemies":"Gremlin Nob","floor":11,"turns":5},{"damage":25,"enemies":"Gremlin Gang","floor":13,"turns":5},{"damage":5,"enemies":"Looter","floor":14,"turns":3},{"damage":31,"enemies":"Slime Boss","floor":16,"turns":8}],"seed_played":"1553535511781906012","potions_obtained":[{"floor":4,"key":"FearPotion"},{"floor":6,"key":"Elixir"},{"floor":8,"key":"BottledMiracle"},{"floor":10,"key":"SteroidPotion"}],"is_trial":false,"path_per_floor":["M","?","$","M","M","M","M","M","T","M","E","R","M","M","R","B"],"character_chosen":"WATCHER","items_purchased":["EmptyFist","CarveReality"],"campfire_rested":2,"item_purchase_floors":[3,3],"current_hp_per_floor":[72,72,72,72,72,59,57,54,54,50,16,37,12,7,28,0,0],"gold":193,"neow_bonus":"THREE_ENEMY_KILL","is_daily":false,"chose_seed":false,"campfire_upgraded":0,"win_rate":0.0,"timestamp":1611461219,"path_taken":["M","?","$","M","M","M","M","M","T","M","E","R","M","M","R","BOSS"],"items_purchased_type":["Card","Card"],"build_version":"2020-12-22","purchased_purges":0,"victory":false,"max_hp_per_floor":[72,72,72,72,72,72,72,72,72,72,72,72,72,72,72,72,72],"card_choices":[{"not_picked":["CutThroughFate","FlyingSleeves"],"picked":"EmptyFist","floor":1},{"not_picked":["Conclude","Replay:Battleflow"],"picked":"FearNoEvil","floor":4},{"not_picked":["Evaluate","BowlingBash"],"picked":"Wallop","floor":5},{"not_picked":["InnerPeace","EmptyFist"],"picked":"Fasting2","floor":6},{"not_picked":["Consecrate","CutThroughFate"],"picked":"InnerPeace","floor":7},{"not_picked":["CrushJoints","JustLucky"],"picked":"EmptyFist","floor":8},{"not_picked":["FlyingSleeves","Protect"],"picked":"Brilliance","floor":10},{"not_picked":["Fasting2","ThirdEye"],"picked":"Crescendo","floor":11},{"not_picked":["Adaptation","EmptyFist"],"picked":"ClearTheMind","floor":13},{"not_picked":["Crescendo","Blasphemy"],"picked":"TalkToTheHand","floor":14}],"player_experience":242536,"relics_obtained":[{"floor":9,"key":"Mummified Hand"},{"floor":11,"key":"Whetstone"}],"event_choices":[{"damage_healed":0,"gold_gain":0,"player_choice":"Take Wound","damage_taken":0,"relics_obtained":["Golden Idol"],"max_hp_gain":0,"max_hp_loss":0,"event_name":"Golden Idol","floor":2,"gold_loss":0,"cards_obtained":["Injury"]}],"is_beta":false,"boss_relics":[],"items_purged_floors":[],"is_endless":false,"potions_floor_spawned":[4,6,8,10],"killed_by":"Slime Boss","ascension_level":0}}