{"host":"1445u9fdo06cpl2a","time":1611523920,"event":{"mods":["AchievementEnabler","Aspiration","Astrologer","Bard","BaseMod","Better Skull","BetterRewards","Colored Map","Colored Powertips","Conspire","Curses Come First","DeckTracker","Duelist Mod","GifTheSpireLib","GungeonMod","Halation","Hermit","Highlight Path","Hubris","Infinite Spire","Minty Spire (QoL Compilation)","Permanent Neow","Random Character Button","Rare Cards Sparkle","Replay The Spire","Shop Mod","Spire Arcade","StSLib","Stuff the Spire","Td1madao Mod","The Blackbeard","The Bladedancer","The Construct","The Cursed","The Forsaken","The Gatherer","The Hierophant","The Marked","The Mystic","The Necromancer","The Poker Player","The Runesmith","The Saiyan","vexMod"],"gold_per_floor":[109,129,142,158,175,175,187,187,212,242,260,260,293,468,468,468,468,573,573,601,621,621,654,654,710,635,658,658,681,681,702,702,715,715],"floor_reached":33,"language":"ENG","playtime":2561,"items_purged":[],"score":306,"play_id":"7d7d7f90-730f-4bec-b2d1-4dffde32f683","local_time":"20210124213200","is_ascension_mode":false,"campfire_choices":[{"data":"White Noise","floor":6.0,"key":"SMITH"},{"data":"Zap","floor":8.0,"key":"SMITH"},{"floor":17.0,"key":"DIG"},{"data":"infinitespire:TheBestDefense","floor":32,"key":"SMITH"}],"circlet_count":0,"master_deck":["Strike_B","Strike_B","Strike_B","Strike_B","Defend_B","Defend_B","Defend_B","Defend_B","Zap+1","Dualcast","White Noise+1","Conserve Battery+1","Leap","hubris:Ukulele","bard:HideousLaughter","Conserve Battery","Cold Snap","Fission","StuffTheSpire:ForEach+1","BootSequence","Hologram+1","ReplayTheSpireMod:Calculation Training","Skim+1","Redo","infinitespire:TheBestDefense+1","Crystallizer","Coolheaded"],"relics":["Cracked Core","aspiration:Nostalgia","m_ChordRing","StuffTheSpire:Gunfinga","hubris:MobiusCoin","halation:IllGainedPizza","Darkstone Periapt","aspiration:RitualDagger","hubris:BottledHeart","halation:Toothbrush","conspire:Boomerang","Prayer Wheel"],"acts_visited":["Exordium","TheCity"],"potions_floor_usage":[23,23,25],"damage_taken":[{"damage":1.0,"enemies":"Jaw Worm","floor":1.0,"turns":4.0},{"damage":0.0,"enemies":"Small Slimes","floor":2.0,"turns":3.0},{"damage":0.0,"enemies":"Cultist","floor":3.0,"turns":4.0},{"damage":0.0,"enemies":"Exordium Wildlife","floor":4.0,"turns":4.0},{"damage":11.0,"enemies":"Large Slime","floor":5.0,"turns":7.0},{"damage":0.0,"enemies":"Looter","floor":7.0,"turns":2.0},{"damage":9.0,"enemies":"Lagavulin","floor":10.0,"turns":6.0},{"damage":0.0,"enemies":"Exordium Thugs","floor":11.0,"turns":3.0},{"damage":1.0,"enemies":"3 Sentries","floor":13.0,"turns":6.0},{"damage":21.0,"enemies":"Fading Forest","floor":18.0,"turns":11.0},{"damage":20,"enemies":"Chosen","floor":20,"turns":6},{"damage":3,"enemies":"3 Byrds","floor":21,"turns":1},{"damage":75,"enemies":"3 Cultists","floor":23,"turns":9},{"damage":0,"enemies":"Book of Stabbing","floor":25,"turns":7},{"damage":0,"enemies":"Snake Plant","floor":27,"turns":5},{"damage":0,"enemies":"Centurion and Healer","floor":29,"turns":7},{"damage":0,"enemies":"Snecko","floor":31,"turns":6},{"damage":2,"enemies":"Chosen and Byrds","floor":33,"turns":7}],"seed_played":"-8168027826233331470","potions_obtained":[{"floor":3.0,"key":"ColorlessPotion"},{"floor":4.0,"key":"DemoMod:LeadSkinPotion"},{"floor":10.0,"key":"Weak Potion"},{"floor":11.0,"key":"Fire Potion"},{"floor":23,"key":"construct:ShiftPotion"},{"floor":29,"key":"SpeedPotion"}],"is_trial":false,"path_per_floor":["M","M","M","M","M","R","M","R","T","E","M","?","E","?","PTL","PTL","R_BF","B",null,"M","M","?","M","?","E","?","M","T","M","?","M","R","M"],"character_chosen":"DEFECT","items_purchased":[],"campfire_rested":0,"item_purchase_floors":[],"current_hp_per_floor":[74,74,74,74,63,63,63,63,63,54,54,54,53,53,53,53,53,48,75,55,52,52,57,1,1,1,1,1,1,1,1,1,0,0],"gold":715,"neow_bonus":"NOSTALGIA","is_daily":false,"chose_seed":false,"campfire_upgraded":3,"win_rate":0.0,"timestamp":1611523920,"path_taken":["M","M","M","M","M","R","M","R","T","E","M","?","E","?","PTL","PTL","R_BF","BOSS","M","M","?","?","?","E","?","M","T","M","?","M","R","M"],"items_purchased_type":[],"build_version":"2020-12-22","purchased_purges":0,"victory":false,"max_hp_per_floor":[75,75,75,75,75,75,75,75,75,75,75,75,75,75,75,75,75,75,75,75,75,75,75,1,1,1,1,1,1,1,1,1,1,1],"card_choices":[{"not_picked":["Time Bomb","bard:ViciousMockery"],"picked":"White Noise","floor":1.0},{"not_picked":["Time Bomb","ReplayTheSpireMod:Exploit Weakness"],"picked":"Conserve Battery","floor":2.0},{"not_picked":["Coolheaded","ReplayTheSpireMod:Exploit Weakness"],"picked":"Leap","floor":3.0},{"not_picked":["ReplayTheSpireMod:Omega Cannon","StuffTheSpire:Plugnplay"],"picked":"hubris:Ukulele","floor":4.0},{"not_picked":["ReplayGash","StuffTheSpire:NuclearReactor"],"picked":"bard:HideousLaughter","floor":5.0},{"not_picked":["Heatsinks","StuffTheSpire:GlassShard"],"picked":"Conserve Battery","floor":7.0},{"not_picked":["ReplayTheSpireMod:Reroute Power","Steam","Beam Cell"],"picked":"SKIP","floor":10.0},{"not_picked":["Sucker Punch","Reinforced Body"],"picked":"Cold Snap","floor":11.0},{"not_picked":["bard:Demoralize","Doom and Gloom"],"picked":"Fission","floor":13.0},{"not_picked":["ReplayTheSpireMod:Omega Cannon","StuffTheSpire:LaunchingStrike"],"picked":"StuffTheSpire:ForEach","floor":18.0},{"not_picked":["Beam Cell+1","ReplayGash","ReplaySolidLightProjector"],"picked":"SKIP","floor":20},{"not_picked":["Stack","StuffTheSpire:LoadUp"],"picked":"BootSequence","floor":21},{"not_picked":["Static Discharge","Doom and Gloom"],"picked":"Hologram+1","floor":23},{"not_picked":["aspiration:Polymerization+1","Loop"],"picked":"ReplayTheSpireMod:Calculation Training","floor":25},{"not_picked":["Gash+1","Steam+1"],"picked":"ReplayTheSpireMod:Fabricate Wheel","floor":27},{"not_picked":["ReplaySolidLightProjector+1","ReplaySort+1"],"picked":"Skim+1","floor":29},{"not_picked":["StuffTheSpire:ShieldGenerator+1","Panic Button+1"],"picked":"Redo","floor":29},{"not_picked":["infinitespire:DeathsTouch","infinitespire:SevenWalls"],"picked":"infinitespire:TheBestDefense","floor":30},{"not_picked":["Go for the Eyes","Barrage"],"picked":"Crystallizer","floor":31},{"not_picked":["StuffTheSpire:Plugnplay","Blizzard"],"picked":"Coolheaded","floor":31}],"player_experience":97095,"relics_obtained":[{"floor":9.0,"key":"StuffTheSpire:Gunfinga"},{"floor":10.0,"key":"hubris:MobiusCoin"},{"floor":13.0,"key":"halation:IllGainedPizza"},{"floor":17.0,"key":"Darkstone Periapt"},{"floor":25,"key":"halation:Toothbrush"},{"floor":28,"key":"conspire:Boomerang"}],"event_choices":[{"damage_healed":0.0,"max_hp_gain":0.0,"max_hp_loss":0.0,"gold_gain":175.0,"event_name":"Liars Game","player_choice":"AGREE","floor":14.0,"gold_loss":0.0,"damage_taken":0.0,"cards_obtained":["Doubt"]},{"damage_healed":0,"gold_gain":0,"player_choice":"Upgraded","damage_taken":0,"max_hp_gain":0,"max_hp_loss":0,"event_name":"Upgrade Shrine","floor":22,"gold_loss":0,"cards_upgraded":["StuffTheSpire:ForEach"]},{"cards_removed":["Doubt"],"damage_healed":0,"gold_gain":0,"player_choice":"Gave Gold","damage_taken":0,"max_hp_gain":0,"max_hp_loss":0,"event_name":"Beggar","floor":26,"gold_loss":75}],"is_beta":false,"boss_relics":[{"not_picked":["StuffTheSpire:Kangaroo","Runic Dome"],"picked":"aspiration:RitualDagger"}],"items_purged_floors":[],"is_endless":false,"potions_floor_spawned":[3,4,10,11,23,29],"killed_by":"Chosen and Byrds","ascension_level":0}}