{"host":"hk3n60c9tb8azi3z","time":1611458377,"event":{"mods":["AchievementEnabler","BaseMod","Minty Spire (QoL Compilation)","Relic Sorter","Relic Stats"],"gold_per_floor":[118,130,140,140,158,193,193,228,281,281,301,311,311,311,311,388,388,399,399,409,6,26,26,38,48,48,59,74,74,83,83,83],"floor_reached":31,"language":"ENG","playtime":2314,"items_purged":["Strike_B"],"score":602,"play_id":"1d3911b4-ddbb-4654-981a-b2b414f36232","local_time":"20210124041937","is_ascension_mode":true,"campfire_choices":[{"data":"Barrage","floor":7.0,"key":"SMITH"},{"floor":10.0,"key":"REST"},{"floor":15.0,"key":"REST"},{"floor":23,"key":"REST"}],"circlet_count":0,"master_deck":["AscendersBane","Strike_B","Strike_B","Strike_B","Defend_B","Defend_B","Defend_B","Defend_B","Zap","Dualcast","Ball Lightning","Sweeping Beam","Hologram","Ball Lightning","Barrage+1","Seek+1","Coolheaded","Conserve Battery","Doom and Gloom","Reboot","Beam Cell","Seek+1","Consume","Cold Snap","Barrage","Fission","Hologram","Fusion","Shame"],"relics":["Cracked Core","Pocketwatch","InkBottle","MealTicket","Thread and Needle","Inserter","Shuriken","TungstenRod","CeramicFish"],"acts_visited":["Exordium","TheCity"],"potions_floor_usage":[27],"damage_taken":[{"damage":11.0,"enemies":"Cultist","floor":1.0,"turns":4.0},{"damage":4.0,"enemies":"Jaw Worm","floor":2.0,"turns":3.0},{"damage":0.0,"enemies":"Small Slimes","floor":3.0,"turns":2.0},{"damage":6.0,"enemies":"Blue Slaver","floor":5.0,"turns":3.0},{"damage":25.0,"enemies":"Lagavulin","floor":6.0,"turns":4.0},{"damage":11.0,"enemies":"Gremlin Nob","floor":8.0,"turns":3.0},{"damage":10.0,"enemies":"Exordium Wildlife","floor":11.0,"turns":3.0},{"damage":6.0,"enemies":"Gremlin Gang","floor":12.0,"turns":3.0},{"damage":0.0,"enemies":"The Guardian","floor":16.0,"turns":12.0},{"damage":23.0,"enemies":"3 Byrds","floor":18.0,"turns":5.0},{"damage":20.0,"enemies":"2 Thieves","floor":20.0,"turns":3.0},{"damage":25.0,"enemies":"Snake Plant","floor":22.0,"turns":5.0},{"damage":17,"enemies":"Chosen and Byrds","floor":24,"turns":5},{"damage":0,"enemies":"Snecko","floor":25,"turns":4},{"damage":12,"enemies":"Cultist and Chosen","floor":27,"turns":4},{"damage":0,"enemies":"Centurion and Healer","floor":28,"turns":5},{"damage":13,"enemies":"Shelled Parasite and Fungi","floor":31,"turns":1}],"seed_played":"4682019552792560771","potions_obtained":[{"floor":1.0,"key":"FearPotion"},{"floor":8.0,"key":"AttackPotion"},{"floor":12.0,"key":"FocusPotion"},{"floor":24,"key":"Fire Potion"},{"floor":28,"key":"Strength Potion"}],"is_trial":false,"path_per_floor":["M","M","M","?","M","E","R","E","T","R","M","M","?","T","R","B",null,"M","?","M","$","M","R","M","M","T","M","M","?","?","M"],"character_chosen":"DEFECT","items_purchased":["Shuriken","Cold Snap"],"campfire_rested":3,"item_purchase_floors":[21,21],"current_hp_per_floor":[53,49,49,71,65,40,40,29,29,50,40,34,34,34,55,55,67,44,44,24,39,14,35,18,18,18,6,6,6,6,0,0],"gold":83,"neow_bonus":"THREE_CARDS","is_daily":false,"chose_seed":false,"campfire_upgraded":1,"win_rate":0.0,"timestamp":1611458377,"path_taken":["M","?","M","?","M","E","R","E","T","R","M","M","?","?","R","BOSS","M","?","?","$","M","R","M","M","T","M","?","?","?","M"],"items_purchased_type":["Relic","Card"],"build_version":"2020-12-22","purchased_purges":1,"victory":false,"max_hp_per_floor":[71,71,71,71,71,71,71,71,71,71,71,71,71,71,71,71,71,71,71,71,71,71,71,71,71,71,71,71,71,71,71,71],"relic_stats":{"Inserter":[16],"counters":[17,69],"Shuriken":[7],"CeramicFish":9,"MealTicket":15,"obtain_stats":[{"Inserter":17,"Shuriken":21,"CeramicFish":30,"MealTicket":9,"Thread and Needle":14,"Cracked Core":0,"InkBottle":8,"TungstenRod":26,"Pocketwatch":6},{"Inserter":9,"Shuriken":11,"CeramicFish":16,"MealTicket":6,"Thread and Needle":8,"Cracked Core":0,"InkBottle":6,"TungstenRod":14,"Pocketwatch":5},{"Inserter":37,"Shuriken":45,"CeramicFish":68,"MealTicket":19,"Thread and Needle":25,"Cracked Core":0,"InkBottle":19,"TungstenRod":59,"Pocketwatch":16}],"InkBottle":[18],"TungstenRod":4,"Pocketwatch":[75]},"card_choices":[{"not_picked":["Static Discharge","Hologram"],"picked":"Ball Lightning","floor":0.0},{"not_picked":["Force Field","Storm"],"picked":"Sweeping Beam","floor":1.0},{"not_picked":["Steam","Compile Driver"],"picked":"Hologram","floor":2.0},{"not_picked":["Turbo","Stack"],"picked":"Ball Lightning","floor":3.0},{"not_picked":["Melter","Turbo"],"picked":"Barrage","floor":5.0},{"not_picked":["Gash","Hello World"],"picked":"Seek","floor":6.0},{"not_picked":["Lockon","Sunder"],"picked":"Coolheaded","floor":8.0},{"not_picked":["Redo","Steam Power"],"picked":"Conserve Battery","floor":11.0},{"not_picked":["Blizzard","Cold Snap"],"picked":"Doom and Gloom","floor":12.0},{"not_picked":["All For One","Amplify"],"picked":"Reboot","floor":16.0},{"not_picked":["Recycle","Rebound"],"picked":"Beam Cell","floor":18.0},{"not_picked":["Go for the Eyes","Conserve Battery"],"picked":"Consume","floor":20.0},{"not_picked":["Ball Lightning","Recycle"],"picked":"Barrage","floor":22},{"not_picked":["Turbo","Chaos"],"picked":"Fission","floor":24},{"not_picked":["Ball Lightning+1","Conserve Battery"],"picked":"Hologram","floor":25},{"not_picked":["Storm","Rip and Tear","Turbo"],"picked":"SKIP","floor":27},{"not_picked":["Conserve Battery","Rebound"],"picked":"Fusion","floor":28}],"player_experience":1590914,"relics_obtained":[{"floor":6.0,"key":"Pocketwatch"},{"floor":8.0,"key":"InkBottle"},{"floor":9.0,"key":"MealTicket"},{"floor":14.0,"key":"Thread and Needle"},{"floor":26,"key":"TungstenRod"}],"event_choices":[{"damage_healed":23.0,"max_hp_gain":0.0,"max_hp_loss":0.0,"gold_gain":0.0,"event_name":"Big Fish","player_choice":"Banana","floor":4.0,"gold_loss":0.0,"damage_taken":0.0},{"damage_healed":0.0,"max_hp_gain":0.0,"max_hp_loss":0.0,"gold_gain":0.0,"event_name":"Living Wall","player_choice":"Grow","floor":13.0,"gold_loss":0.0,"damage_taken":0.0,"cards_upgraded":["Seek"]},{"damage_healed":0.0,"max_hp_gain":0.0,"max_hp_loss":0.0,"gold_gain":0.0,"event_name":"Duplicator","player_choice":"Copied","floor":19.0,"gold_loss":0.0,"damage_taken":0.0,"cards_obtained":["Seek"]},{"damage_healed":0,"gold_gain":0,"player_choice":"Ignored","damage_taken":0,"max_hp_gain":0,"max_hp_loss":0,"event_name":"Ghosts","floor":29,"gold_loss":0},{"damage_healed":0,"gold_gain":0,"player_choice":"Stole Relic","damage_taken":0,"relics_obtained":["CeramicFish"],"max_hp_gain":0,"max_hp_loss":0,"event_name":"Addict","floor":30,"gold_loss":0,"cards_obtained":["Shame"]}],"is_beta":false,"boss_relics":[{"not_picked":["Astrolabe","Sozu"],"picked":"Inserter"}],"items_purged_floors":[21],"is_endless":false,"potions_floor_spawned":[1,8,12,24,28],"killed_by":"Shelled Parasite and Fungi","ascension_level":20}}