{"host":"8oad2sh1i7kph5eo","time":1611514631,"event":{"mods":["AchievementEnabler","Bard","BaseMod","Minty Spire (QoL Compilation)","Replay The Spire","Shade Mod","Somnambulant","Spicy Shops","Spire Arcade","StSLib","The Construct"],"gold_per_floor":[117,42,54,54,54,54,54,86,86,118,118,134,134,148,148,246,246,260,249,249,261,287,322,322,322,345,345,363,373,85,85,85,180,230,230,230],"floor_reached":35,"language":"ENG","playtime":2821,"items_purged":["infinitespire:Pacifist"],"score":483,"play_id":"1c5dbe39-a5d9-4bc0-b43d-c263b5f52fee","local_time":"20210124105711","is_ascension_mode":false,"campfire_choices":[{"floor":7.0,"key":"REST"},{"floor":11.0,"key":"REST"},{"floor":13.0,"key":"REST"},{"floor":15.0,"key":"REST"},{"floor":24.0,"key":"REST"},{"floor":27.0,"key":"REST"},{"floor":32.0,"key":"REST"}],"circlet_count":2,"master_deck":["somnambulantmod: Defend_Somnambulant+1","somnambulantmod: Defend_Somnambulant","somnambulantmod: Defend_Somnambulant","somnambulantmod: Defend_Somnambulant+1","somnambulantmod: Defend_Somnambulant+1","somnambulantmod: QuickNap+1","somnambulantmod: PrimingPunch+1","somnambulantmod: Stumble","somnambulantmod: BadIdea","somnambulantmod: LightSleeper+1","somnambulantmod: HeavyLids+1","somnambulantmod: MindWave+1","somnambulantmod: BadIdea","somnambulantmod: Inspiration","somnambulantmod: Overshare","somnambulantmod: HorrificThought+1","somnambulantmod: ShowerThought+1","somnambulantmod: Relive+1","somnambulantmod: SleepParalysis","somnambulantmod: Trauma+1","somnambulantmod: ShimmeringVeil","somnambulantmod: Stumble+1","somnambulantmod: GalaxyBrain","somnambulantmod: Unknow+1"],"relics":["somnambulantmod: DreamJournal","somnambulantmod: MemoryHouse","Meat on the Bone","FossilizedHelix","Matryoshka","Ancient Tea Set","Empty Cage","Pen Nib","Anchor","Circlet","Regal Pillow","Blood Vial","Peace Pipe","War Paint","Tiny House"],"acts_visited":[],"potions_floor_usage":[],"damage_taken":[{"damage":4.0,"enemies":"2 Louse","floor":1.0,"turns":4.0},{"damage":6.0,"enemies":"Jaw Worm","floor":3.0,"turns":4.0},{"damage":0.0,"enemies":"Gremlin Nob","floor":8.0,"turns":2.0},{"damage":9.0,"enemies":"3 Sentries","floor":10.0,"turns":4.0},{"damage":0.0,"enemies":"Small Slimes","floor":12.0,"turns":3.0},{"damage":0.0,"enemies":"Exordium Wildlife","floor":14.0,"turns":3.0},{"damage":30.0,"enemies":"Hexaghost","floor":16.0,"turns":8.0},{"damage":0.0,"enemies":"Chosen","floor":18.0,"turns":4.0},{"damage":30.0,"enemies":"2 Thieves","floor":19.0,"turns":4.0},{"damage":17.0,"enemies":"Snake Plant","floor":21.0,"turns":4.0},{"damage":0.0,"enemies":"Gremlin Leader","floor":23.0,"turns":6.0},{"damage":1.0,"enemies":"Cultist and Chosen","floor":28.0,"turns":6.0},{"damage":0.0,"enemies":"Snecko","floor":29.0,"turns":5.0},{"damage":36.0,"enemies":"Automaton","floor":33.0,"turns":10.0},{"damage":0,"enemies":"3 Darklings","floor":35,"turns":1}],"seed_played":"-276143716933110825","potions_obtained":[{"floor":1.0,"key":"somnambulantmod: BottledDream"},{"floor":10.0,"key":"Swift Potion"},{"floor":14.0,"key":"Weak Potion"},{"floor":16.0,"key":"Block Potion"},{"floor":21.0,"key":"SteroidPotion"},{"floor":29.0,"key":"Ancient Potion"},{"floor":34.0,"key":"SpeedPotion"}],"is_trial":false,"path_per_floor":["M","$","M","?","?","?","R","E","T","E","R","M","R","M","R","B",null,"M","M","?","M","T","E","R","?","T","R","M","M","$","?","R","B",null,"M"],"character_chosen":"THE_SOMNAMBULANT","items_purchased":["Peace Pipe"],"campfire_rested":7,"item_purchase_floors":[30],"current_hp_per_floor":[80,80,74,71,54,54,81,81,81,72,88,88,90,90,92,62,92,92,62,44,39,39,51,82,82,82,101,100,101,101,101,103,67,108,108,108],"gold":230,"neow_bonus":"TWENTY_PERCENT_HP_BONUS","is_daily":false,"chose_seed":false,"campfire_upgraded":0,"win_rate":0.0,"timestamp":1611514631,"path_taken":["M","$","M","?","?","?","R","E","T","E","R","M","R","M","R","BOSS","M","M","?","M","?","E","R","?","T","R","M","M","?","?","R","BOSS","M"],"items_purchased_type":["Relic"],"build_version":"2020-12-22","purchased_purges":1,"victory":false,"max_hp_per_floor":[84,84,84,84,84,84,86,86,86,86,88,88,90,90,92,92,92,92,92,97,97,97,97,99,99,99,101,101,101,101,101,103,103,108,108,108],"card_choices":[{"not_picked":["somnambulantmod: Blink","somnambulantmod: LeechFears"],"picked":"somnambulantmod: Stumble","floor":1.0},{"not_picked":["somnambulantmod: Nosebleed","somnambulantmod: Harden"],"picked":"somnambulantmod: BadIdea","floor":3.0},{"not_picked":["somnambulantmod: Stumble","somnambulantmod: LeechFears"],"picked":"somnambulantmod: LightSleeper","floor":8.0},{"not_picked":["somnambulantmod: Cower","somnambulantmod: BadIdea"],"picked":"somnambulantmod: HeavyLids","floor":10.0},{"not_picked":["somnambulantmod: MuscleMemory","somnambulantmod: Harden"],"picked":"somnambulantmod: MindWave","floor":12.0},{"not_picked":["somnambulantmod: Wake","somnambulantmod: Bruise"],"picked":"somnambulantmod: BadIdea","floor":14.0},{"not_picked":["somnambulantmod: LoseForm","somnambulantmod: Withdraw"],"picked":"somnambulantmod: Inspiration","floor":16.0},{"not_picked":["somnambulantmod: HeavyLids","somnambulantmod: Unmake"],"picked":"somnambulantmod: Overshare","floor":18.0},{"not_picked":["somnambulantmod: Bloom","somnambulantmod: RecurringDream+1"],"picked":"somnambulantmod: HorrificThought","floor":19.0},{"not_picked":["somnambulantmod: Pinch","somnambulantmod: Repression"],"picked":"somnambulantmod: ShowerThought+1","floor":21.0},{"not_picked":["somnambulantmod: HorrificThought+1","somnambulantmod: Sleepyhead+1"],"picked":"somnambulantmod: Relive","floor":23.0},{"not_picked":["somnambulantmod: HorrificThought","somnambulantmod: Bloom"],"picked":"somnambulantmod: ShimmeringVeil","floor":28.0},{"not_picked":["somnambulantmod: Reject","somnambulantmod: Stimulus"],"picked":"somnambulantmod: Stumble+1","floor":29.0},{"not_picked":["somnambulantmod: NightHaunts","somnambulantmod: RuthlessStudy"],"picked":"somnambulantmod: GalaxyBrain","floor":33.0},{"not_picked":["somnambulantmod: Hush","somnambulantmod: Stumble"],"picked":"somnambulantmod: Unknow+1","floor":34.0}],"player_experience":269814,"relics_obtained":[{"floor":6.0,"key":"Meat on the Bone"},{"floor":8.0,"key":"FossilizedHelix"},{"floor":9.0,"key":"Matryoshka"},{"floor":10.0,"key":"Ancient Tea Set"},{"floor":22.0,"key":"Pen Nib"},{"floor":22.0,"key":"Anchor"},{"floor":23.0,"key":"infinitespire:WardingShard"},{"floor":26.0,"key":"Regal Pillow"},{"floor":26.0,"key":"Blood Vial"}],"event_choices":[{"damage_healed":0.0,"max_hp_gain":0.0,"max_hp_loss":0.0,"gold_gain":0.0,"event_name":"Scrap Ooze","player_choice":"Success","floor":4.0,"gold_loss":0.0,"damage_taken":3.0,"relics_obtained":["somnambulantmod: MemoryHouse"]},{"damage_healed":0.0,"max_hp_gain":0.0,"max_hp_loss":0.0,"gold_gain":0.0,"event_name":"Shining Light","player_choice":"Entered Light","floor":5.0,"gold_loss":0.0,"damage_taken":17.0,"cards_upgraded":["somnambulantmod: SomnambulantStrike","somnambulantmod: Defend_Somnambulant"]},{"damage_healed":0.0,"max_hp_gain":5.0,"max_hp_loss":0.0,"gold_gain":0.0,"event_name":"Forgotten Altar","player_choice":"Shed Blood","floor":20.0,"gold_loss":0.0,"damage_taken":23.0},{"damage_healed":0.0,"max_hp_gain":0.0,"max_hp_loss":0.0,"gold_gain":0.0,"cards_transformed":["somnambulantmod: SomnambulantStrike","somnambulantmod: SomnambulantStrike"],"event_name":"Drug Dealer","player_choice":"Became Test Subject","floor":25.0,"gold_loss":0.0,"damage_taken":0.0,"cards_obtained":["somnambulantmod: SleepParalysis","somnambulantmod: Trauma"]},{"damage_healed":0.0,"max_hp_gain":0.0,"max_hp_loss":0.0,"gold_gain":0.0,"event_name":"The Mausoleum","player_choice":"Opened","floor":31.0,"gold_loss":0.0,"damage_taken":0.0,"relics_obtained":["War Paint"]}],"is_beta":false,"boss_relics":[{"not_picked":["Coffee Dripper","Cursed Key"],"picked":"Empty Cage"},{"not_picked":["Snecko Eye","Runic Pyramid"],"picked":"Tiny House"}],"items_purged_floors":[2],"is_endless":false,"potions_floor_spawned":[1,10,14,16,21,29],"killed_by":"3 Darklings","ascension_level":0}}