{"host":"vzugls1u57eppbds","time":1611505220,"event":{"mods":["AchievementEnabler","BaseMod","Better Third Choice","Ironclad Rager","Minty Spire (QoL Compilation)","Relic Stats","Shop Mod","StSLib"],"gold_per_floor":[112,112,112,112,133,168,168,199,224,34,75,90,90,15,15,136,136,159,195,195,214,184,184,220,220,220,220,220,220,256,56,56,56,56],"floor_reached":33,"language":"ENG","playtime":647,"items_purged":[],"score":489,"play_id":"566fde0e-cd84-44db-891a-e83523c11d47","local_time":"20210124172020","is_ascension_mode":true,"campfire_choices":[{"data":"Perfected Strike","floor":7,"key":"SMITH"},{"floor":15,"key":"REST"},{"data":"Dark Embrace","floor":23,"key":"SMITH"},{"floor":29,"key":"REST"},{"floor":32,"key":"REST"}],"circlet_count":0,"master_deck":["Strike_R","Strike_R","Strike_R","Strike_R","Strike_R","Defend_R+1","Defend_R","Defend_R","Defend_R","Bash","Pummel","Perfected Strike+1","Twin Strike","Pummel","Flash of Steel","Evolve","Infernal Blade+1","Ghostly Armor","Feed","CurseOfTheBell","Dark Embrace+1","Burning Pact","Sword Boomerang","Shrug It Off+1","Shrug It Off"],"relics":["Burning Blood","NeowsBlessing","Golden Idol","Boot","Mango","WingedGreaves","Nunchaku","Lantern","Calling Bell","Tiny Chest","Shuriken","Gambling Chip","Red Mask","Ancient Tea Set","Ornamental Fan","Calipers","MutagenicStrength","Bottled Lightning","Incense Burner","War Paint"],"acts_visited":["Exordium","TheCity"],"potions_floor_usage":[16,19,30,33,33],"damage_taken":[{"damage":0,"enemies":"Small Slimes","floor":1,"turns":1},{"damage":0,"enemies":"Jaw Worm","floor":5,"turns":1},{"damage":0,"enemies":"Gremlin Nob","floor":6,"turns":1},{"damage":43,"enemies":"Lagavulin","floor":8,"turns":5},{"damage":11,"enemies":"Gremlin Nob","floor":11,"turns":3},{"damage":0,"enemies":"2 Louse","floor":12,"turns":2},{"damage":49,"enemies":"Hexaghost","floor":16,"turns":8},{"damage":2,"enemies":"Chosen","floor":18,"turns":3},{"damage":10,"enemies":"Masked Bandits","floor":19,"turns":3},{"damage":6,"enemies":"3 Byrds","floor":21,"turns":3},{"damage":58,"enemies":"Slavers","floor":24,"turns":6},{"damage":49,"enemies":"Book of Stabbing","floor":30,"turns":5},{"damage":86,"enemies":"Automaton","floor":33,"turns":10}],"seed_played":"4981983726118252797","potions_obtained":[{"floor":8,"key":"SteroidPotion"},{"floor":12,"key":"Regen Potion"},{"floor":22,"key":"SmokeBomb"},{"floor":22,"key":"LiquidMemories"},{"floor":30,"key":"Weak Potion"}],"is_trial":false,"path_per_floor":["M","?","?","?","M","E","R","E","T","$","E","M","?","$","R","B",null,"M","?","?","M","?","R","E","T","T","?","T","R","E","$","R","B"],"character_chosen":"IRONCLAD","items_purchased":["Flash of Steel","CultistPotion","Ghostly Armor","War Paint","BloodPotion"],"campfire_rested":3,"item_purchase_floors":[10,10,14,31,31],"current_hp_per_floor":[78,78,58,58,64,84,84,47,47,47,42,48,41,41,69,26,77,81,80,80,83,83,83,34,34,34,34,34,64,30,30,60,0,0],"gold":56,"neow_bonus":"THREE_ENEMY_KILL","is_daily":false,"chose_seed":false,"campfire_upgraded":2,"win_rate":0.0,"timestamp":1611505220,"path_taken":["M","?","?","?","M","E","R","E","T","$","E","M","?","$","R","BOSS","M","?","?","M","?","R","E","?","T","?","?","R","E","$","R","BOSS"],"items_purchased_type":["Card","Potion","Card","Relic","Potion"],"build_version":"2020-12-22","purchased_purges":0,"victory":false,"max_hp_per_floor":[80,80,80,80,80,94,94,94,94,94,94,94,94,94,94,94,94,94,97,97,100,100,100,103,103,103,103,103,103,103,103,103,103,103],"relic_stats":{"Nunchaku":[10],"counters":[13,51],"Golden Idol":82,"Shuriken":[16],"Ornamental Fan":[32],"Gambling Chip":[24],"Tiny Chest":1,"War Paint":["Infernal Blade","Defend_R"],"Boot":[131],"obtain_stats":[{"Lantern":11,"Calipers":26,"NeowsBlessing":0,"Golden Idol":3,"Mango":6,"Incense Burner":30,"War Paint":31,"Boot":4,"Ancient Tea Set":24,"Burning Blood":0,"Calling Bell":17,"Nunchaku":9,"Shuriken":17,"Ornamental Fan":25,"Gambling Chip":17,"MutagenicStrength":27,"Tiny Chest":17,"WingedGreaves":8,"Red Mask":19,"Bottled Lightning":28},{"Lantern":5,"Calipers":11,"NeowsBlessing":0,"Golden Idol":1,"Mango":3,"Incense Burner":12,"War Paint":12,"Boot":1,"Ancient Tea Set":11,"Burning Blood":0,"Calling Bell":7,"Nunchaku":4,"Shuriken":7,"Ornamental Fan":11,"Gambling Chip":7,"MutagenicStrength":11,"Tiny Chest":7,"WingedGreaves":4,"Red Mask":9,"Bottled Lightning":11},{"Lantern":11,"Calipers":36,"NeowsBlessing":0,"Golden Idol":1,"Mango":3,"Incense Burner":41,"War Paint":41,"Boot":1,"Ancient Tea Set":36,"Burning Blood":0,"Calling Bell":21,"Nunchaku":8,"Shuriken":21,"Ornamental Fan":36,"Gambling Chip":21,"MutagenicStrength":36,"Tiny Chest":21,"WingedGreaves":8,"Red Mask":27,"Bottled Lightning":36}],"Burning Blood":72},"card_choices":[{"not_picked":["Clothesline","Warcry"],"picked":"Heavy Blade","floor":1},{"not_picked":["Shockwave","Clash"],"picked":"Perfected Strike","floor":5},{"not_picked":["Clothesline","Havoc"],"picked":"Twin Strike","floor":6},{"not_picked":["Flex","Body Slam"],"picked":"Pummel","floor":8},{"not_picked":["Havoc","Hemokinesis"],"picked":"Evolve","floor":11},{"not_picked":["Searing Blow","Carnage"],"picked":"Infernal Blade","floor":12},{"not_picked":["Bludgeon","Limit Break"],"picked":"Feed","floor":16},{"not_picked":["Thunderclap","Armaments"],"picked":"Dark Embrace","floor":18},{"not_picked":["Second Wind","Sword Boomerang+1"],"picked":"Burning Pact","floor":19},{"not_picked":["Disarm","Body Slam+1"],"picked":"Shrug It Off+1","floor":21},{"not_picked":["Perfected Strike","Brutality","Wild Strike"],"picked":"SKIP","floor":24},{"not_picked":["Dark Embrace","Flex"],"picked":"Shrug It Off","floor":30}],"player_experience":245139,"relics_obtained":[{"floor":6,"key":"Mango"},{"floor":8,"key":"WingedGreaves"},{"floor":9,"key":"Nunchaku"},{"floor":11,"key":"Lantern"},{"floor":17,"key":"Tiny Chest"},{"floor":17,"key":"Shuriken"},{"floor":17,"key":"Gambling Chip"},{"floor":19,"key":"Red Mask"},{"floor":24,"key":"Ancient Tea Set"},{"floor":25,"key":"Ornamental Fan"},{"floor":26,"key":"Calipers"},{"floor":28,"key":"Bottled Lightning"},{"floor":30,"key":"Incense Burner"}],"event_choices":[{"damage_healed":0,"gold_gain":0,"cards_transformed":["Heavy Blade"],"player_choice":"Change","damage_taken":0,"max_hp_gain":0,"max_hp_loss":0,"event_name":"Living Wall","floor":2,"gold_loss":0,"cards_obtained":["Pummel"]},{"damage_healed":0,"gold_gain":0,"player_choice":"Take Damage","damage_taken":20,"relics_obtained":["Golden Idol"],"max_hp_gain":0,"max_hp_loss":0,"event_name":"Golden Idol","floor":3,"gold_loss":0},{"damage_healed":0,"gold_gain":0,"player_choice":"Box","damage_taken":0,"relics_obtained":["Boot"],"max_hp_gain":0,"max_hp_loss":0,"event_name":"Big Fish","floor":4,"gold_loss":0,"cards_obtained":["Regret"]},{"cards_removed":["Regret"],"damage_healed":0,"gold_gain":0,"player_choice":"Card Removal","damage_taken":7,"max_hp_gain":0,"max_hp_loss":0,"event_name":"Golden Wing","floor":13,"gold_loss":0},{"damage_healed":0,"gold_gain":0,"player_choice":"Fought Bandits","damage_taken":0,"max_hp_gain":0,"max_hp_loss":0,"event_name":"Masked Bandits","floor":19,"gold_loss":0},{"damage_healed":0,"gold_gain":0,"player_choice":"Read","damage_taken":0,"max_hp_gain":0,"max_hp_loss":0,"event_name":"The Library","floor":20,"gold_loss":0,"cards_obtained":["Sword Boomerang"]},{"damage_healed":0,"gold_gain":0,"player_choice":"Bought 2 Potions","damage_taken":0,"max_hp_gain":0,"max_hp_loss":0,"event_name":"The Woman in Blue","floor":22,"gold_loss":0},{"damage_healed":0,"gold_gain":0,"player_choice":"Inject Mutagens","damage_taken":0,"relics_obtained":["MutagenicStrength"],"max_hp_gain":0,"max_hp_loss":0,"event_name":"Drug Dealer","floor":27,"gold_loss":0}],"is_beta":false,"boss_relics":[{"not_picked":["SacredBark","Philosopher\u0027s Stone"],"picked":"Calling Bell"}],"items_purged_floors":[],"is_endless":false,"potions_floor_spawned":[8,12,24,30],"killed_by":"Automaton","ascension_level":9}}