{"host":"snn1c4qsf0fj7fzf","time":1611477408,"event":{"mods":["AchievementEnabler","Aspiration","Astrologer","BaseMod","Colored Powertips","Downfall","Duelist Mod","GifTheSpireLib","Hermit","Hubris","Infinite Spire","Lobotomy","Marisa????????","Minty Spire (QoL Compilation)","Random Character Button","Rare Cards Sparkle","Reimu??????","Replay The Spire","Shop Mod","Spire Arcade","StSLib","The Administrix","The Cursed","The Gatherer","The Hierophant","The Poker Player","The Runesmith"],"gold_per_floor":[318,329,329,340,350,376,376,401,470,89,89,89,89,105,105,203,203,221,238,198,214,214,214,214],"floor_reached":23,"language":"ENG","playtime":2471,"items_purged":["Strike_B"],"score":251,"play_id":"1d6153c8-1390-417a-8127-619a2c910168","local_time":"20210124163648","is_ascension_mode":false,"campfire_choices":[{"data":"Zap","floor":7,"key":"SMITH"},{"data":"Go for the Eyes","floor":11,"key":"SMITH"}],"circlet_count":0,"master_deck":["Strike_B","Strike_B+1","Strike_B","Defend_B","Defend_B","Defend_B","Defend_B","Zap+1","Dualcast","Cold Snap+1","Go for the Eyes+1","Hello World+1","Gash","All For One","ReplayRNGCard","Tempest+1","infinitespire:Collect"],"relics":["Cracked Core","Old Coin","infinitespire:FocusingShard","hubris:SlimyHat","Unceasing Top","Eternal Feather","hubris:GlazedTorus","hubris:Icosahedron","hubris:Backtick","Ice Cream","ZunR:ReiMu"],"acts_visited":["Exordium","TheCity"],"potions_floor_usage":[19,19,23,23],"damage_taken":[{"damage":0,"enemies":"2 Louse","floor":1,"turns":3},{"damage":0,"enemies":"Cultist","floor":2,"turns":3},{"damage":5,"enemies":"Small Slimes","floor":4,"turns":4},{"damage":10,"enemies":"2 Fungi Beasts","floor":5,"turns":3},{"damage":17,"enemies":"Lagavulin","floor":6,"turns":7},{"damage":11,"enemies":"3 Sentries","floor":8,"turns":6},{"damage":0,"enemies":"Large Slime","floor":14,"turns":4},{"damage":0,"enemies":"Slime Boss","floor":16,"turns":5},{"damage":5,"enemies":"Shell Parasite","floor":18,"turns":5},{"damage":53,"enemies":"2 Thieves","floor":19,"turns":5},{"damage":2,"enemies":"Chosen and Byrds","floor":21,"turns":4},{"damage":11,"enemies":"Slavers","floor":23,"turns":2}],"seed_played":"7332395356644395629","potions_obtained":[{"floor":2,"key":"Languid Potion"},{"floor":5,"key":"Regen Potion"},{"floor":6,"key":"Elixir"},{"floor":14,"key":"sneckomod:MuddlingPotion"},{"floor":18,"key":"BlessingOfTheForge"},{"floor":19,"key":"ColorlessPotion"}],"is_trial":false,"path_per_floor":["M","M","?","M","M","E","R","E","T","$","R","?","?","M","R","B",null,"M","M","?","M","?","E"],"character_chosen":"DEFECT","items_purchased":["hubris:GlazedTorus"],"campfire_rested":0,"item_purchase_floors":[10],"current_hp_per_floor":[75,75,75,70,60,43,43,32,32,32,38,23,23,23,51,51,75,70,31,31,29,11,0,0],"gold":214,"neow_bonus":"ONE_RARE_RELIC","is_daily":false,"chose_seed":false,"campfire_upgraded":2,"win_rate":0.0,"timestamp":1611477408,"path_taken":["M","M","?","?","M","E","R","E","T","$","R","?","?","M","R","BOSS","M","M","?","M","?","E"],"items_purchased_type":["Relic"],"build_version":"2020-12-22","purchased_purges":1,"victory":false,"max_hp_per_floor":[75,75,75,75,75,75,75,75,75,75,75,75,75,75,75,75,75,75,75,75,75,75,75,75],"card_choices":[{"not_picked":["Beam Cell","Conserve Battery"],"picked":"Cold Snap","floor":1},{"not_picked":["ReplayTheSpireMod:GoodbyeWorld","Glacier"],"picked":"Go for the Eyes","floor":2},{"not_picked":["Sweeping Beam","Streamline"],"picked":"Hello World","floor":4},{"not_picked":["Reprogram","Stack","Steam Power"],"picked":"SKIP","floor":5},{"not_picked":["Hologram","Rip and Tear"],"picked":"Gash","floor":6},{"not_picked":["Undo","Barrage","Panic Button"],"picked":"SKIP","floor":8},{"not_picked":["Undo","Steam"],"picked":"All For One","floor":14},{"not_picked":["Thunder Strike","hubris:Prefetch"],"picked":"ReplayRNGCard","floor":16},{"not_picked":["Hologram","Steam","Compile Driver"],"picked":"SKIP","floor":18},{"not_picked":["ReplayTheSpireMod:GoodbyeWorld","Compile Driver","Go for the Eyes"],"picked":"SKIP","floor":19},{"not_picked":["ReplayTheSpireMod:GoodbyeWorld+1","Hologram"],"picked":"Tempest+1","floor":21},{"not_picked":["ReplayTheSpireMod:??????????????????????","infinitespire:Fortify"],"picked":"infinitespire:Collect","floor":22}],"player_experience":287427,"relics_obtained":[{"floor":3,"key":"infinitespire:FocusingShard"},{"floor":6,"key":"hubris:SlimyHat"},{"floor":8,"key":"Unceasing Top"},{"floor":9,"key":"Eternal Feather"}],"event_choices":[{"damage_healed":0,"gold_gain":0,"player_choice":"Relic","damage_taken":0,"max_hp_gain":0,"max_hp_loss":0,"event_name":"Wheel of Change","floor":3,"gold_loss":0},{"damage_healed":0,"gold_gain":0,"player_choice":"Entered Light","damage_taken":15,"max_hp_gain":0,"max_hp_loss":0,"event_name":"Shining Light","floor":12,"gold_loss":0,"cards_upgraded":["Hello World","Strike_B"]},{"damage_healed":0,"gold_gain":0,"player_choice":"Keep O-miki","damage_taken":0,"relics_obtained":["ZunR:ReiMu"],"max_hp_gain":0,"max_hp_loss":0,"event_name":"ZunEvent","floor":20,"gold_loss":40}],"is_beta":false,"boss_relics":[{"not_picked":["FrozenCore","Runesmith:UraniumAnvil"],"picked":"hubris:Backtick"}],"items_purged_floors":[10],"is_endless":false,"potions_floor_spawned":[2,5,6,14,18,19],"killed_by":"Slavers","ascension_level":0}}