{"host":"h8dlanc0me325zs6","time":1611498800,"event":{"mods":["AchievementEnabler","BaseMod","Colored Powertips","Highlight Path","Minty Spire (QoL Compilation)"],"gold_per_floor":[113,10,26,26,36,36,50,0,25,25,57,57,82,102,102,202,202,218,205,218,133,133,133,232,232,232,232,232,263,167,187,187,187,187],"floor_reached":33,"language":"ENG","playtime":2201,"items_purged":[],"score":341,"play_id":"5320a6e7-4067-4925-a539-86883f99d0e0","local_time":"20210124153320","is_ascension_mode":true,"campfire_choices":[{"floor":6,"key":"RECALL"},{"data":"Loop","floor":12,"key":"SMITH"},{"floor":15,"key":"REST"},{"floor":23,"key":"REST"},{"data":"Machine Learning","floor":25,"key":"SMITH"},{"data":"Hello World","floor":27,"key":"SMITH"},{"floor":32,"key":"REST"}],"circlet_count":0,"master_deck":["Strike_B","Defend_B","Defend_B","Zap","Dualcast","Conserve Battery","Loop+1","Turbo","Ball Lightning","Zap","Force Field","Sweeping Beam","Hello World+1","Reboot","Consume","Steam Power","Machine Learning+1","Chill+1","Reprogram+1","Undo+1","Chill+1","Leap","Hologram+1","White Noise+1"],"relics":["Cracked Core","NeowsBlessing","Oddly Smooth Stone","Torii","Astrolabe","Bronze Scales","Shuriken","Shovel"],"acts_visited":["Exordium","TheCity"],"potions_floor_usage":[11,11,14,29,31,33],"damage_taken":[{"damage":0,"enemies":"Small Slimes","floor":1,"turns":1},{"damage":0,"enemies":"Cultist","floor":3,"turns":1},{"damage":0,"enemies":"Jaw Worm","floor":5,"turns":1},{"damage":7,"enemies":"3 Louse","floor":7,"turns":2},{"damage":20,"enemies":"Gremlin Nob","floor":11,"turns":3},{"damage":4,"enemies":"Lagavulin","floor":13,"turns":6},{"damage":18,"enemies":"Gremlin Gang","floor":14,"turns":3},{"damage":39,"enemies":"Hexaghost","floor":16,"turns":9},{"damage":13,"enemies":"Spheric Guardian","floor":18,"turns":5},{"damage":18,"enemies":"2 Thieves","floor":19,"turns":5},{"damage":15,"enemies":"Snake Plant","floor":20,"turns":6},{"damage":22,"enemies":"Book of Stabbing","floor":29,"turns":7},{"damage":6,"enemies":"Chosen and Byrds","floor":31,"turns":6},{"damage":73,"enemies":"Champ","floor":33,"turns":12}],"seed_played":"8349553159336740741","potions_obtained":[{"floor":1,"key":"FearPotion"},{"floor":7,"key":"SteroidPotion"},{"floor":11,"key":"FocusPotion"},{"floor":16,"key":"GamblersBrew"},{"floor":19,"key":"LiquidMemories"},{"floor":31,"key":"AttackPotion"}],"is_trial":false,"path_per_floor":["M","$","M","?","M","R","M","?","T","?","E","R","E","M","R","B",null,"M","M","M","?","?","R","?","R","T","R","?","E","$","M","R","B"],"character_chosen":"DEFECT","items_purchased":["Loop","Turbo","FairyPotion"],"campfire_rested":3,"item_purchase_floors":[2,2,30],"current_hp_per_floor":[75,75,75,75,75,75,68,68,68,68,48,48,44,26,48,9,59,46,28,13,13,13,35,35,35,35,35,29,7,7,1,23,0,0],"gold":187,"neow_bonus":"THREE_ENEMY_KILL","is_daily":false,"chose_seed":false,"campfire_upgraded":3,"win_rate":0.0,"timestamp":1611498800,"path_taken":["M","$","M","?","?","R","?","?","T","?","E","R","E","M","R","BOSS","M","?","M","?","?","R","?","R","T","R","?","E","$","?","R","BOSS"],"items_purchased_type":["Card","Card","Potion"],"build_version":"2020-12-22","purchased_purges":0,"victory":false,"max_hp_per_floor":[75,75,75,75,75,75,75,75,75,75,75,75,75,75,75,75,75,75,75,75,75,75,75,75,75,75,75,75,75,75,75,75,75,75],"card_choices":[{"not_picked":["Gash","Leap"],"picked":"Conserve Battery","floor":1},{"not_picked":["Hologram","Stack"],"picked":"Ball Lightning","floor":3},{"not_picked":["Redo","Hologram"],"picked":"Sweeping Beam","floor":5},{"not_picked":["Coolheaded","FTL"],"picked":"Hello World","floor":7},{"not_picked":["Hologram","Go for the Eyes"],"picked":"Reboot","floor":11},{"not_picked":["Chaos","Hologram"],"picked":"Consume","floor":13},{"not_picked":["Conserve Battery","Blizzard"],"picked":"Steam Power","floor":14},{"not_picked":["Rainbow","Biased Cognition"],"picked":"Machine Learning","floor":16},{"not_picked":["Barrage","Storm"],"picked":"Chill+1","floor":18},{"not_picked":["Ball Lightning","Coolheaded"],"picked":"Leap","floor":19},{"not_picked":["Go for the Eyes","Redo+1"],"picked":"Hologram+1","floor":20},{"not_picked":["Barrage+1","Defragment"],"picked":"White Noise+1","floor":29},{"not_picked":["Hologram","Barrage","Compile Driver"],"picked":"SKIP","floor":31}],"player_experience":308647,"relics_obtained":[{"floor":11,"key":"Oddly Smooth Stone"},{"floor":13,"key":"Torii"},{"floor":26,"key":"Shuriken"},{"floor":29,"key":"Shovel"}],"event_choices":[{"damage_healed":0,"gold_gain":0,"player_choice":"2 cards matched","damage_taken":0,"max_hp_gain":0,"max_hp_loss":0,"event_name":"Match and Keep!","floor":4,"gold_loss":0,"cards_obtained":["Zap","Force Field"]},{"cards_removed":["Defend_B"],"damage_healed":0,"gold_gain":0,"player_choice":"Card Removal","damage_taken":0,"max_hp_gain":0,"max_hp_loss":0,"event_name":"The Cleric","floor":8,"gold_loss":50},{"cards_removed":["Strike_B"],"damage_healed":0,"gold_gain":0,"player_choice":"Offered Basic","damage_taken":0,"max_hp_gain":0,"max_hp_loss":0,"event_name":"Bonfire Elementals","floor":10,"gold_loss":0},{"damage_healed":0,"gold_gain":0,"player_choice":"Obtained Relic","damage_taken":0,"relics_obtained":["Bronze Scales"],"max_hp_gain":0,"max_hp_loss":0,"event_name":"Addict","floor":21,"gold_loss":85},{"damage_healed":0,"gold_gain":0,"player_choice":"Ignored","damage_taken":0,"max_hp_gain":0,"max_hp_loss":0,"event_name":"Vampires","floor":22,"gold_loss":0},{"damage_healed":0,"gold_gain":99,"player_choice":"Stole From Cult","damage_taken":0,"max_hp_gain":0,"max_hp_loss":0,"event_name":"Nest","floor":24,"gold_loss":0},{"damage_healed":0,"gold_gain":0,"player_choice":"","damage_taken":6,"max_hp_gain":0,"max_hp_loss":0,"event_name":"Knowing Skull","floor":28,"potions_obtained":[],"gold_loss":0,"cards_obtained":[]}],"is_beta":false,"boss_relics":[{"not_picked":["Snecko Eye","Empty Cage"],"picked":"Astrolabe"}],"items_purged_floors":[],"is_endless":false,"potions_floor_spawned":[1,7,11,16,19,31],"killed_by":"Champ","ascension_level":5}}