{"host":"fdq5pmhluajjrf8d","time":1611511166,"event":{"mods":["BaseMod","Minty Spire (QoL Compilation)"],"gold_per_floor":[116,134,153,153,163,163,176,176,202,202,227,152,233,256,256,345,345,360,385,51,76,76,76],"floor_reached":22,"language":"ENG","playtime":1260,"items_purged":["Injury"],"score":360,"play_id":"444091eb-c89d-4154-a102-37bfb3873cf6","local_time":"20210124125926","is_ascension_mode":true,"campfire_choices":[{"data":"Go for the Eyes","floor":6,"key":"SMITH"},{"floor":10,"key":"REST"},{"floor":15,"key":"REST"}],"circlet_count":0,"master_deck":["AscendersBane","Strike_B","Strike_B","Strike_B","Strike_B","Defend_B","Defend_B","Defend_B","Defend_B","Zap+1","Dualcast","Rebound","Gash+1","Go for the Eyes+1","Core Surge","Beam Cell","Hologram","Hyperbeam","Reinforced Body+1","Streamline"],"relics":["Cracked Core","Golden Idol","DataDisk","Art of War","Sozu","Unceasing Top"],"acts_visited":["Exordium","TheCity"],"potions_floor_usage":[13,13,16,18],"damage_taken":[{"damage":0,"enemies":"2 Louse","floor":1,"turns":2},{"damage":1,"enemies":"Cultist","floor":2,"turns":3},{"damage":0,"enemies":"Small Slimes","floor":3,"turns":3},{"damage":26,"enemies":"Exordium Wildlife","floor":5,"turns":4},{"damage":3,"enemies":"Looter","floor":7,"turns":2},{"damage":6,"enemies":"Red Slaver","floor":11,"turns":3},{"damage":25,"enemies":"Lagavulin Event","floor":13,"turns":4},{"damage":14,"enemies":"Gremlin Gang","floor":14,"turns":4},{"damage":30,"enemies":"Hexaghost","floor":16,"turns":9},{"damage":0,"enemies":"Chosen","floor":18,"turns":2},{"damage":13,"enemies":"Spheric Guardian","floor":19,"turns":4},{"damage":30,"enemies":"Shelled Parasite and Fungi","floor":21,"turns":6},{"damage":11,"enemies":"Snake Plant","floor":22,"turns":2}],"seed_played":"5672861736686429995","potions_obtained":[{"floor":5,"key":"BlessingOfTheForge"},{"floor":7,"key":"ColorlessPotion"},{"floor":13,"key":"LiquidBronze"},{"floor":16,"key":"LiquidMemories"}],"is_trial":false,"path_per_floor":["M","M","M","?","M","R","M","?","T","R","M","$","?","M","R","B",null,"M","M","$","M","M"],"character_chosen":"DEFECT","items_purchased":["Unceasing Top"],"campfire_rested":2,"item_purchase_floors":[20],"current_hp_per_floor":[64,63,63,63,37,37,34,34,34,55,49,49,24,10,31,1,54,54,41,41,11,0,0],"gold":76,"neow_bonus":"UPGRADE_CARD","is_daily":false,"chose_seed":false,"campfire_upgraded":1,"win_rate":0.0,"timestamp":1611511166,"path_taken":["M","M","M","?","?","R","M","?","T","R","M","$","?","M","R","BOSS","M","M","$","M","M"],"items_purchased_type":["Relic"],"build_version":"2020-12-22","purchased_purges":1,"victory":false,"max_hp_per_floor":[71,71,71,71,71,71,71,71,71,71,71,71,71,71,71,71,71,71,71,71,71,71,71],"card_choices":[{"not_picked":["Steam","Stack"],"picked":"Rebound","floor":1},{"not_picked":["Reprogram","Conserve Battery"],"picked":"Gash","floor":2},{"not_picked":["Leap","Turbo","Chaos"],"picked":"SKIP","floor":3},{"not_picked":["Double Energy","Compile Driver"],"picked":"Go for the Eyes","floor":5},{"not_picked":["Compile Driver","Loop","Defragment"],"picked":"SKIP","floor":7},{"not_picked":["Compile Driver","Auto Shields"],"picked":"Core Surge","floor":11},{"not_picked":["Streamline","Compile Driver"],"picked":"Beam Cell","floor":13},{"not_picked":["Streamline","Beam Cell"],"picked":"Hologram","floor":14},{"not_picked":["Multi-Cast","Fission"],"picked":"Hyperbeam","floor":16},{"not_picked":["Static Discharge","Redo"],"picked":"Reinforced Body+1","floor":18},{"not_picked":["Sweeping Beam","Force Field","Barrage"],"picked":"SKIP","floor":19},{"not_picked":["Leap","Cold Snap"],"picked":"Streamline","floor":21}],"player_experience":1931873,"relics_obtained":[{"floor":9,"key":"DataDisk"},{"floor":13,"key":"Art of War"}],"event_choices":[{"damage_healed":0,"gold_gain":0,"player_choice":"Upgraded","damage_taken":0,"max_hp_gain":0,"max_hp_loss":0,"event_name":"Upgrade Shrine","floor":4,"gold_loss":0,"cards_upgraded":["Gash"]},{"damage_healed":0,"gold_gain":0,"player_choice":"Take Wound","damage_taken":0,"relics_obtained":["Golden Idol"],"max_hp_gain":0,"max_hp_loss":0,"event_name":"Golden Idol","floor":8,"gold_loss":0,"cards_obtained":["Injury"]},{"damage_healed":0,"gold_gain":0,"player_choice":"Searched \u00271\u0027 times","damage_taken":0,"max_hp_gain":0,"max_hp_loss":0,"event_name":"Dead Adventurer","floor":13,"gold_loss":0}],"is_beta":false,"boss_relics":[{"not_picked":["Tiny House","Velvet Choker"],"picked":"Sozu"}],"items_purged_floors":[12],"is_endless":false,"potions_floor_spawned":[5,7,13,16,18,19,21],"killed_by":"Snake Plant","ascension_level":20}}