{"host":"7sni158j623xchr2","time":1611469651,"event":{"mods":["BaseMod","Colored Map","Highlight Path","Minty Spire (QoL Compilation)","Permanent Neow","Potion Indicator Mod","Rare Cards Sparkle","Relic Sorter","Relic Stats","StSLib","everything is the same but u backflip on backflip"],"gold_per_floor":[111,111,131,145,145,145,174,174,200,125,153,153,6,23,23,121,121,138,157,157,167,92,92,124,424,424,451,15,50,150,169,169,272,272,286,286,299,16,30,60,75,90,171,191,191,241,260,276,276,276,276,276,71,105,105],"floor_reached":56,"language":"ENG","playtime":1919,"items_purged":["Strike_B","Defend_B","Strike_B"],"score":1474,"play_id":"06d2a0bc-9484-4b1c-a755-45741e6d893f","local_time":"20210124002731","is_ascension_mode":true,"campfire_choices":[{"data":"Core Surge","floor":6,"key":"SMITH"},{"data":"Dualcast","floor":8,"key":"SMITH"},{"data":"Storm","floor":15,"key":"SMITH"},{"floor":23,"key":"REST"},{"floor":25,"key":"DIG"},{"data":"Loop","floor":32,"key":"SMITH"},{"floor":49,"key":"RECALL"},{"data":"Biased Cognition","floor":52,"key":"SMITH"}],"circlet_count":0,"master_deck":["Strike_B","Defend_B","Defend_B+1","Zap+1","Dualcast+1","Core Surge+1","FTL","Ball Lightning","Leap+1","Biased Cognition+1","Heatsinks","Coolheaded","Storm+1","Echo Form","CurseOfTheBell","Genetic Algorithm+1","Turbo","Conserve Battery+1","Compile Driver","Reboot","Loop+1","Coolheaded","Sunder+1","Seek","Panacea","Secret Technique","PanicButton","Defragment","Compile Driver","FTL+1","Loop","Defragment","Glacier"],"relics":["Cracked Core","Boot","War Paint","Bag of Preparation","Shovel","Calling Bell","Potion Belt","Symbiotic Virus","Emotion Chip","FossilizedHelix","Old Coin","Pear","Calipers","PreservedInsect","Mango","Du-Vu Doll","Kunai","Coffee Dripper","Bronze Scales","Girya","Bird Faced Urn","ClockworkSouvenir","Toy Ornithopter"],"acts_visited":["Exordium","TheCity","TheBeyond","TheEnding"],"potions_floor_usage":[7,21,27,27,30,30,33,55,55,55,55,55],"damage_taken":[{"damage":0,"enemies":"Small Slimes","floor":1,"turns":2},{"damage":0,"enemies":"Cultist","floor":3,"turns":2},{"damage":0,"enemies":"2 Louse","floor":4,"turns":2},{"damage":0,"enemies":"Gremlin Nob","floor":7,"turns":2},{"damage":3,"enemies":"3 Sentries","floor":11,"turns":5},{"damage":6,"enemies":"Exordium Wildlife","floor":14,"turns":3},{"damage":11,"enemies":"Hexaghost","floor":16,"turns":7},{"damage":2,"enemies":"Spheric Guardian","floor":18,"turns":3},{"damage":25,"enemies":"2 Thieves","floor":19,"turns":3},{"damage":0,"enemies":"Snake Plant","floor":21,"turns":2},{"damage":12,"enemies":"Book of Stabbing","floor":24,"turns":4},{"damage":18,"enemies":"Gremlin Leader","floor":27,"turns":7},{"damage":4,"enemies":"Book of Stabbing","floor":29,"turns":4},{"damage":0,"enemies":"Colosseum Slavers","floor":30,"turns":3},{"damage":0,"enemies":"Colosseum Nobs","floor":30,"turns":2},{"damage":0,"enemies":"Centurion and Healer","floor":31,"turns":5},{"damage":0,"enemies":"Automaton","floor":33,"turns":6},{"damage":13,"enemies":"3 Darklings","floor":35,"turns":4},{"damage":0,"enemies":"Orb Walker","floor":37,"turns":3},{"damage":0,"enemies":"Spire Growth","floor":39,"turns":3},{"damage":0,"enemies":"Giant Head","floor":40,"turns":9},{"damage":0,"enemies":"Jaw Worm Horde","floor":41,"turns":3},{"damage":0,"enemies":"Writhing Mass","floor":42,"turns":5},{"damage":0,"enemies":"Spire Growth","floor":44,"turns":4},{"damage":1,"enemies":"Mind Bloom Boss Battle","floor":46,"turns":5},{"damage":0,"enemies":"Sphere and 2 Shapes","floor":47,"turns":3},{"damage":0,"enemies":"Maw","floor":48,"turns":4},{"damage":50,"enemies":"Donu and Deca","floor":50,"turns":9},{"damage":20,"enemies":"Shield and Spear","floor":54,"turns":4},{"damage":36,"enemies":"The Heart","floor":55,"turns":7}],"seed_played":"-7702715002272356375","potions_obtained":[{"floor":3,"key":"ColorlessPotion"},{"floor":4,"key":"ColorlessPotion"},{"floor":14,"key":"SkillPotion"},{"floor":16,"key":"SmokeBomb"},{"floor":18,"key":"AttackPotion"},{"floor":21,"key":"SkillPotion"},{"floor":24,"key":"PowerPotion"},{"floor":27,"key":"SteroidPotion"},{"floor":35,"key":"Explosive Potion"},{"floor":40,"key":"SkillPotion"},{"floor":41,"key":"SpeedPotion"},{"floor":47,"key":"Swift Potion"}],"is_trial":false,"path_per_floor":["M","?","M","M","?","R","E","R","T","$","E","T","$","M","R","B",null,"M","M","?","M","?","R","E","R","T","E","$","E","?","M","R","B",null,"M","?","M","$","M","E","M","M","T","M","?","?","M","M","R","B",null,"R","$","E","B",null],"character_chosen":"DEFECT","items_purchased":["Coolheaded","PreservedInsect","Reboot","Loop","LiquidMemories","Bronze Scales","Weak Potion","ClockworkSouvenir","FocusPotion"],"campfire_rested":1,"item_purchase_floors":[13,28,28,28,38,38,38,53,53],"current_hp_per_floor":[68,68,68,68,68,68,68,68,68,68,65,65,65,59,59,48,68,66,41,29,29,29,50,38,38,48,30,30,40,40,40,40,40,97,84,74,74,74,74,74,74,74,74,74,74,73,85,92,92,50,92,92,92,72,78],"gold":105,"neow_bonus":"THREE_RARE_CARDS","is_daily":false,"chose_seed":false,"campfire_upgraded":5,"win_rate":0.0,"timestamp":1611469651,"path_taken":["M","?","?","M","?","R","E","R","T","$","E","?","?","M","R","BOSS","M","M","?","M","?","R","E","R","T","E","$","E","?","?","R","BOSS","M","?","M","$","M","E","M","M","T","M","?","?","M","M","R","BOSS","R","$","E","BOSS"],"items_purchased_type":["Card","Relic","Card","Card","Potion","Relic","Potion","Relic","Potion"],"build_version":"2020-12-22","purchased_purges":3,"victory":true,"max_hp_per_floor":[68,68,68,68,68,68,68,68,68,68,68,68,68,68,68,68,68,68,68,73,73,73,73,73,73,83,83,83,97,97,97,97,97,97,97,97,97,97,97,97,97,97,97,97,92,92,92,92,92,92,92,92,92,92,92],"relic_stats":{"Emotion Chip":[41,29,9,3,0],"Shovel":1,"counters":[30,124],"Bronze Scales":[183],"Bird Faced Urn":[45],"PreservedInsect":300,"Bag of Preparation":[50],"Kunai":[11],"War Paint":["Leap","Defend_B"],"Boot":[19],"obtain_stats":[{"Potion Belt":17,"Girya":40,"Pear":26,"Calipers":27,"Mango":29,"PreservedInsect":28,"Bag of Preparation":11,"War Paint":9,"Boot":7,"Old Coin":25,"ClockworkSouvenir":53,"Calling Bell":17,"Du-Vu Doll":30,"Emotion Chip":17,"Shovel":12,"Bronze Scales":38,"Bird Faced Urn":46,"Coffee Dripper":34,"Kunai":30,"Cracked Core":0,"Symbiotic Virus":17,"FossilizedHelix":24,"Toy Ornithopter":54},{"Potion Belt":7,"Girya":21,"Pear":11,"Calipers":12,"Mango":13,"PreservedInsect":12,"Bag of Preparation":5,"War Paint":4,"Boot":4,"Old Coin":11,"ClockworkSouvenir":28,"Calling Bell":7,"Du-Vu Doll":15,"Emotion Chip":7,"Shovel":5,"Bronze Scales":19,"Bird Faced Urn":25,"Coffee Dripper":17,"Kunai":15,"Cracked Core":0,"Symbiotic Virus":7,"FossilizedHelix":11,"Toy Ornithopter":29},{"Potion Belt":23,"Girya":81,"Pear":35,"Calipers":42,"Mango":46,"PreservedInsect":42,"Bag of Preparation":13,"War Paint":8,"Boot":8,"Old Coin":35,"ClockworkSouvenir":113,"Calling Bell":23,"Du-Vu Doll":51,"Emotion Chip":23,"Shovel":13,"Bronze Scales":69,"Bird Faced Urn":97,"Coffee Dripper":62,"Kunai":51,"Cracked Core":0,"Symbiotic Virus":23,"FossilizedHelix":35,"Toy Ornithopter":117}],"Toy Ornithopter":24},"card_choices":[{"not_picked":["Creative AI","Thunder Strike"],"picked":"Core Surge","floor":0},{"not_picked":["Turbo","Glacier"],"picked":"FTL","floor":1},{"not_picked":["Hologram","Gash"],"picked":"Ball Lightning","floor":3},{"not_picked":["Chaos","Streamline"],"picked":"Leap","floor":4},{"not_picked":["BootSequence","Glacier"],"picked":"Biased Cognition","floor":7},{"not_picked":["Hello World","Streamline"],"picked":"Heatsinks","floor":11},{"not_picked":["Turbo","Fusion"],"picked":"Storm","floor":14},{"not_picked":["Machine Learning","Buffer"],"picked":"Echo Form","floor":16},{"not_picked":["Reprogram","Conserve Battery"],"picked":"Genetic Algorithm+1","floor":18},{"not_picked":["Reinforced Body","Melter+1"],"picked":"Turbo","floor":19},{"not_picked":["Darkness","Chaos"],"picked":"Conserve Battery+1","floor":21},{"not_picked":["Stack+1","Machine Learning","Ball Lightning"],"picked":"SKIP","floor":24},{"not_picked":["Turbo+1","Steam+1"],"picked":"Compile Driver","floor":27},{"not_picked":["Steam+1","Echo Form"],"picked":"Coolheaded","floor":29},{"not_picked":["Cold Snap","Hello World"],"picked":"Sunder+1","floor":30},{"not_picked":["Hologram","Redo+1","Stack"],"picked":"SKIP","floor":31},{"not_picked":["Rainbow","Hyperbeam"],"picked":"Seek","floor":33},{"not_picked":["Rip and Tear+1","Consume+1","Gash+1"],"picked":"SKIP","floor":35},{"not_picked":["Purity","Flash of Steel"],"picked":"Panacea","floor":36},{"not_picked":["Secret Weapon","Blind"],"picked":"Secret Technique","floor":36},{"not_picked":["Flash of Steel","The Bomb"],"picked":"PanicButton","floor":36},{"not_picked":["Redo+1","Recycle+1","Aggregate"],"picked":"SKIP","floor":37},{"not_picked":["Stack","Gash+1"],"picked":"Defragment","floor":39},{"not_picked":["Stack+1","Leap+1"],"picked":"Compile Driver","floor":40},{"not_picked":["Go for the Eyes","Streamline","Melter"],"picked":"SKIP","floor":41},{"not_picked":["Compile Driver","Hologram+1"],"picked":"FTL+1","floor":42},{"not_picked":["Ball Lightning+1","Stack"],"picked":"Loop","floor":44},{"not_picked":["Barrage","Sunder+1"],"picked":"Defragment","floor":46},{"not_picked":["Turbo","Steam+1"],"picked":"Glacier","floor":47},{"not_picked":["Conserve Battery","Recycle+1","Cold Snap+1"],"picked":"SKIP","floor":48},{"not_picked":["Beam Cell+1","Rainbow","Recycle+1"],"picked":"SKIP","floor":54}],"player_experience":1687763,"relics_obtained":[{"floor":7,"key":"Boot"},{"floor":9,"key":"War Paint"},{"floor":11,"key":"Bag of Preparation"},{"floor":12,"key":"Shovel"},{"floor":17,"key":"Potion Belt"},{"floor":17,"key":"Symbiotic Virus"},{"floor":17,"key":"Emotion Chip"},{"floor":24,"key":"FossilizedHelix"},{"floor":25,"key":"Old Coin"},{"floor":26,"key":"Pear"},{"floor":27,"key":"Calipers"},{"floor":29,"key":"Mango"},{"floor":30,"key":"Du-Vu Doll"},{"floor":30,"key":"Kunai"},{"floor":40,"key":"Girya"},{"floor":46,"key":"Bird Faced Urn"},{"floor":54,"key":"Toy Ornithopter"}],"event_choices":[{"cards_removed":["Defend_B"],"damage_healed":0,"gold_gain":0,"player_choice":"Purged","damage_taken":0,"max_hp_gain":0,"max_hp_loss":0,"event_name":"Purifier","floor":2,"gold_loss":0},{"damage_healed":0,"gold_gain":0,"player_choice":"Grow","damage_taken":0,"max_hp_gain":0,"max_hp_loss":0,"event_name":"Living Wall","floor":5,"gold_loss":0,"cards_upgraded":["Zap"]},{"damage_healed":0,"gold_gain":0,"player_choice":"Shed Blood","damage_taken":17,"max_hp_gain":5,"max_hp_loss":0,"event_name":"Forgotten Altar","floor":20,"gold_loss":0},{"cards_removed":["Strike_B"],"damage_healed":0,"gold_gain":0,"player_choice":"Gave Gold","damage_taken":0,"max_hp_gain":0,"max_hp_loss":0,"event_name":"Beggar","floor":22,"gold_loss":75},{"damage_healed":0,"gold_gain":0,"player_choice":"Fight","damage_taken":0,"max_hp_gain":0,"max_hp_loss":0,"event_name":"Colosseum","floor":30,"gold_loss":0},{"damage_healed":0,"gold_gain":0,"player_choice":"Fought Nobs","damage_taken":0,"max_hp_gain":0,"max_hp_loss":0,"event_name":"Colosseum","floor":30,"gold_loss":0},{"damage_healed":0,"gold_gain":0,"player_choice":"Memory 3","damage_taken":10,"max_hp_gain":0,"max_hp_loss":0,"event_name":"SensoryStone","floor":36,"gold_loss":0},{"damage_healed":0,"gold_gain":0,"player_choice":"Max HP","damage_taken":0,"max_hp_gain":0,"max_hp_loss":5,"event_name":"Winding Halls","floor":45,"gold_loss":0},{"damage_healed":0,"gold_gain":0,"player_choice":"Fight","damage_taken":0,"max_hp_gain":0,"max_hp_loss":0,"event_name":"MindBloom","floor":46,"gold_loss":0}],"is_beta":false,"boss_relics":[{"not_picked":["SacredBark","Runic Pyramid"],"picked":"Calling Bell"},{"not_picked":["FrozenCore","Runic Dome"],"picked":"Coffee Dripper"}],"items_purged_floors":[10,13,28],"is_endless":false,"potions_floor_spawned":[3,4,14,16,18,21,24,27,35,40,41,47],"ascension_level":2}}