{"host":"mqhvlr3kpxebko0t","time":1611458796,"event":{"mods":["AchievementEnabler","BaseMod","Colored Map","Colored Powertips","KOR Keyword Fix","Keyboard Shortcuts","Minty Spire (QoL Compilation)","StSLib","SuperFastMode"],"gold_per_floor":[112,124,137,155,170,170,186,186,262,187,207,6,25,86,86,86,86],"floor_reached":16,"language":"KOR","playtime":297,"items_purged":["Strike_G","Strike_G"],"score":173,"play_id":"8107f3c9-8801-455d-8dff-460f881d52ea","local_time":"20210124122636","is_ascension_mode":true,"campfire_choices":[{"data":"Bouncing Flask","floor":6,"key":"SMITH"},{"floor":8,"key":"REST"},{"data":"Footwork","floor":15,"key":"SMITH"}],"circlet_count":0,"master_deck":["AscendersBane","Strike_G","Strike_G","Defend_G","Defend_G","Defend_G","Defend_G","Survivor","Neutralize","Quick Slash","Backflip","Dagger Throw","Bouncing Flask+1","Cloak And Dagger","Finesse","Footwork+1"],"relics":["Ring of the Snake","Pear","Centennial Puzzle"],"acts_visited":["Exordium"],"potions_floor_usage":[],"damage_taken":[{"damage":3,"enemies":"Small Slimes","floor":1,"turns":6},{"damage":1,"enemies":"2 Louse","floor":2,"turns":4},{"damage":0,"enemies":"Cultist","floor":3,"turns":3},{"damage":0,"enemies":"Exordium Wildlife","floor":4,"turns":4},{"damage":16,"enemies":"Lots of Slimes","floor":5,"turns":7},{"damage":15,"enemies":"Exordium Thugs","floor":7,"turns":4},{"damage":6,"enemies":"Looter","floor":11,"turns":3},{"damage":0,"enemies":"Blue Slaver","floor":13,"turns":3},{"damage":25,"enemies":"3 Sentries","floor":14,"turns":11},{"damage":0,"enemies":"Slime Boss","floor":16,"turns":1}],"seed_played":"516620732447494401","potions_obtained":[{"floor":3,"key":"Ancient Potion"},{"floor":7,"key":"SpeedPotion"}],"is_trial":false,"path_per_floor":["M","M","M","M","M","R","M","R","T","$","M","$","M","?","R","B"],"character_chosen":"THE_SILENT","items_purchased":["Finesse"],"campfire_rested":1,"item_purchase_floors":[12],"current_hp_per_floor":[41,40,40,40,24,24,9,28,38,38,32,32,32,7,7,7,7],"gold":86,"neow_bonus":"REMOVE_TWO","is_daily":false,"chose_seed":false,"campfire_upgraded":2,"win_rate":0.0,"timestamp":1611458796,"path_taken":["M","M","M","M","M","R","M","R","T","$","M","$","M","?","R","BOSS"],"items_purchased_type":["Card"],"build_version":"2020-12-22","purchased_purges":2,"victory":false,"max_hp_per_floor":[66,66,66,66,66,66,66,66,76,76,76,76,76,76,76,76,76],"card_choices":[{"not_picked":["Bane","Dodge and Roll"],"picked":"Quick Slash","floor":1},{"not_picked":["Deadly Poison","Bane","Deflect"],"picked":"SKIP","floor":2},{"not_picked":["Deadly Poison","Bane","Deflect"],"picked":"SKIP","floor":2},{"not_picked":["Concentrate","Wraith Form v2"],"picked":"Backflip","floor":3},{"not_picked":["Deadly Poison","Sucker Punch"],"picked":"Dagger Throw","floor":4},{"not_picked":["Finisher","Backflip"],"picked":"Bouncing Flask","floor":5},{"not_picked":["Endless Agony","Dodge and Roll","Sucker Punch"],"picked":"SKIP","floor":7},{"not_picked":["Dagger Throw","Flying Knee"],"picked":"Cloak And Dagger","floor":11},{"not_picked":["Acrobatics","Dagger Spray","Endless Agony"],"picked":"SKIP","floor":13},{"not_picked":["Acrobatics","Backflip"],"picked":"Footwork","floor":14}],"player_experience":688154,"relics_obtained":[{"floor":9,"key":"Pear"}],"event_choices":[{"damage_healed":0,"gold_gain":0,"player_choice":"Searched \u00273\u0027 times","damage_taken":0,"relics_obtained":["Centennial Puzzle"],"max_hp_gain":0,"max_hp_loss":0,"event_name":"Dead Adventurer","floor":14,"gold_loss":0}],"is_beta":false,"boss_relics":[],"items_purged_floors":[10,12],"is_endless":false,"potions_floor_spawned":[3,7,13],"killed_by":"Slime Boss","ascension_level":16}}