{"host":"k5dhp0bkccqfauyu","time":1611482141,"event":{"mods":["BaseMod","Better Note","Better Skull","Better Vampires","Colored Map","Colored Powertips","DeckTracker","Minty Spire (QoL Compilation)","Permanent Neow","StSLib","SuperFastMode"],"gold_per_floor":[368,18,33,33,49,82,82,147,147,147,147,161,161,184,184,280,280,305,326,28,51,1,1,42,42,42,42,0,0,50,90,90,189,189,209,270,1269,1269,1269,1269,1269,1269],"floor_reached":41,"language":"ENG","playtime":1008,"items_purged":["Strike_B"],"score":1146,"play_id":"01cbc0cb-4e7a-49cd-bc76-2189ae21bbca","local_time":"20210124205541","is_ascension_mode":true,"campfire_choices":[{"data":"Consume","floor":7,"key":"SMITH"},{"data":"Hologram","floor":10,"key":"SMITH"},{"data":"Strike_B","floor":15,"key":"PURGE"},{"floor":23,"key":"REST"},{"data":"Storm","floor":25,"key":"SMITH"},{"floor":29,"key":"REST"},{"data":"Strike_B","floor":32,"key":"PURGE"},{"data":"Normality","floor":40,"key":"PURGE"}],"circlet_count":0,"master_deck":["AscendersBane","Strike_B","Defend_B","Defend_B","Defend_B","Defend_B","Zap","Dualcast","Turbo","Ball Lightning","Turbo","Auto Shields","Hologram+1","Consume+1","Multi-Cast+1","Coolheaded","Hologram","Core Surge","Capacitor","Undo","Heatsinks","Storm+1","Shame","White Noise","Capacitor","Buffer","Normality"],"relics":["Cracked Core","PreservedInsect","Cables","Peace Pipe","Anchor","Golden Idol","Busted Crown","OrangePellets","Juzu Bracelet","InkBottle","Symbiotic Virus","Sozu","Incense Burner"],"acts_visited":["Exordium","TheCity","TheBeyond"],"potions_floor_usage":[16,21,24,24,36],"damage_taken":[{"damage":1,"enemies":"2 Louse","floor":1,"turns":3},{"damage":7,"enemies":"Small Slimes","floor":3,"turns":3},{"damage":1,"enemies":"Jaw Worm","floor":5,"turns":3},{"damage":20,"enemies":"3 Sentries","floor":6,"turns":7},{"damage":15,"enemies":"3 Sentries","floor":8,"turns":4},{"damage":0,"enemies":"2 Fungi Beasts","floor":12,"turns":2},{"damage":0,"enemies":"Exordium Wildlife","floor":14,"turns":2},{"damage":0,"enemies":"Slime Boss","floor":16,"turns":5},{"damage":14,"enemies":"2 Thieves","floor":18,"turns":4},{"damage":15,"enemies":"3 Byrds","floor":19,"turns":3},{"damage":4,"enemies":"Snecko","floor":21,"turns":5},{"damage":21,"enemies":"Gremlin Leader","floor":24,"turns":7},{"damage":0,"enemies":"Book of Stabbing","floor":31,"turns":4},{"damage":0,"enemies":"Champ","floor":33,"turns":6},{"damage":16,"enemies":"Orb Walker","floor":35,"turns":3},{"damage":33,"enemies":"2 Orb Walkers","floor":36,"turns":4},{"damage":101,"enemies":"Giant Head","floor":41,"turns":8}],"seed_played":"7566098212291122798","potions_obtained":[{"floor":8,"key":"PowerPotion"},{"floor":12,"key":"FocusPotion"},{"floor":19,"key":"DistilledChaos"},{"floor":21,"key":"Weak Potion"},{"floor":33,"key":"PowerPotion"}],"is_trial":false,"path_per_floor":["M","$","M","?","M","E","R","?","T","R","?","M","?","M","R","B",null,"M","M","$","M","?","R","E","R","T","?","$","R","?","E","R","B",null,"M","?","?","?","?","R","E"],"character_chosen":"DEFECT","items_purchased":["PreservedInsect","Ball Lightning","Turbo","Capacitor","OrangePellets","Undo","White Noise"],"campfire_rested":2,"item_purchase_floors":[2,2,2,20,20,20,28],"current_hp_per_floor":[63,63,56,56,55,35,35,20,20,20,20,20,20,20,20,20,49,35,20,20,16,16,33,12,12,12,12,12,29,29,29,29,29,51,35,2,2,58,58,58,0,0],"gold":1269,"neow_bonus":"TWO_FIFTY_GOLD","is_daily":false,"chose_seed":false,"campfire_upgraded":3,"win_rate":0.0,"timestamp":1611482141,"path_taken":["M","$","M","?","M","E","R","?","T","R","?","M","?","?","R","BOSS","M","M","$","M","?","R","E","R","T","?","$","R","?","E","R","BOSS","M","?","?","?","?","R","E"],"items_purchased_type":["Relic","Card","Card","Card","Relic","Card","Card"],"build_version":"2020-12-22","purchased_purges":1,"victory":false,"max_hp_per_floor":[64,64,64,64,64,64,64,64,64,64,58,58,58,58,58,58,58,58,58,58,58,58,58,58,58,58,58,58,58,58,58,58,58,58,58,58,58,58,58,58,58,58],"card_choices":[{"not_picked":["Gash","Streamline"],"picked":"Turbo","floor":1},{"not_picked":["Aggregate","Turbo"],"picked":"Auto Shields","floor":3},{"not_picked":["Blizzard","Melter"],"picked":"Hologram","floor":5},{"not_picked":["Rebound","Doom and Gloom"],"picked":"Consume","floor":6},{"not_picked":["Rebound","Redo"],"picked":"Multi-Cast","floor":8},{"not_picked":["Chill","Auto Shields"],"picked":"Coolheaded","floor":12},{"not_picked":["Heatsinks","Ball Lightning"],"picked":"Hologram","floor":14},{"not_picked":["Hyperbeam","Amplify"],"picked":"Core Surge","floor":16},{"not_picked":["Redo"],"picked":"SKIP","floor":18},{"not_picked":["Hologram"],"picked":"SKIP","floor":19},{"not_picked":[],"picked":"Heatsinks","floor":21},{"not_picked":[],"picked":"Storm","floor":24},{"not_picked":[],"picked":"Capacitor","floor":31},{"not_picked":[],"picked":"Buffer","floor":33},{"not_picked":["Lockon"],"picked":"SKIP","floor":35}],"player_experience":1860562,"relics_obtained":[{"floor":6,"key":"Cables"},{"floor":8,"key":"Peace Pipe"},{"floor":9,"key":"Anchor"},{"floor":24,"key":"Juzu Bracelet"},{"floor":31,"key":"Symbiotic Virus"},{"floor":36,"key":"Incense Burner"}],"event_choices":[{"damage_healed":0,"gold_gain":0,"player_choice":"Ignored","damage_taken":0,"max_hp_gain":0,"max_hp_loss":0,"event_name":"Liars Game","floor":4,"gold_loss":0},{"damage_healed":0,"gold_gain":0,"player_choice":"Searched \u00272\u0027 times","damage_taken":0,"max_hp_gain":0,"max_hp_loss":0,"event_name":"Dead Adventurer","floor":8,"gold_loss":0},{"damage_healed":0,"gold_gain":0,"player_choice":"Lose Max HP","damage_taken":0,"relics_obtained":["Golden Idol"],"max_hp_gain":0,"max_hp_loss":6,"event_name":"Golden Idol","floor":11,"gold_loss":0},{"damage_healed":0,"gold_gain":0,"player_choice":"Grow","damage_taken":0,"max_hp_gain":0,"max_hp_loss":0,"event_name":"Living Wall","floor":13,"gold_loss":0,"cards_upgraded":["Multi-Cast"]},{"damage_healed":0,"gold_gain":0,"player_choice":"Bet on Murderer","damage_taken":0,"max_hp_gain":0,"max_hp_loss":0,"event_name":"The Joust","floor":22,"gold_loss":50},{"damage_healed":0,"gold_gain":0,"player_choice":"Stole Relic","damage_taken":0,"relics_obtained":["InkBottle"],"max_hp_gain":0,"max_hp_loss":0,"event_name":"Addict","floor":27,"gold_loss":0,"cards_obtained":["Shame"]},{"damage_healed":0,"gold_gain":50,"player_choice":"Stole From Cult","damage_taken":0,"max_hp_gain":0,"max_hp_loss":0,"event_name":"Nest","floor":30,"gold_loss":0},{"damage_healed":0,"gold_gain":0,"player_choice":"Fight","damage_taken":0,"max_hp_gain":0,"max_hp_loss":0,"event_name":"Mysterious Sphere","floor":36,"gold_loss":0},{"damage_healed":0,"gold_gain":999,"player_choice":"Gold","damage_taken":0,"max_hp_gain":0,"max_hp_loss":0,"event_name":"MindBloom","floor":37,"gold_loss":0,"cards_obtained":["Normality","Normality"]},{"damage_healed":56,"gold_gain":0,"player_choice":"Full Heal","damage_taken":0,"max_hp_gain":0,"max_hp_loss":0,"event_name":"Wheel of Change","floor":38,"gold_loss":0},{"damage_healed":0,"gold_gain":0,"player_choice":"Ignored","damage_taken":0,"max_hp_gain":0,"max_hp_loss":0,"event_name":"Tomb of Lord Red Mask","floor":39,"gold_loss":0}],"is_beta":false,"boss_relics":[{"not_picked":["Tiny House","FrozenCore"],"picked":"Busted Crown"},{"not_picked":["Snecko Eye","Calling Bell"],"picked":"Sozu"}],"items_purged_floors":[2],"is_endless":false,"potions_floor_spawned":[8,12,19,21,33,36],"killed_by":"Giant Head","ascension_level":20}}