{"host":"germdzgqjm582g8g","time":1611517579,"event":{"mods":["AchievementEnabler","BaseMod","BetterRewards","Card Forge","Colored Map","Colored Powertips","Minty Spire (QoL Compilation)","Permanent Neow","Quick Restart","Reworked Bosses","StSLib","UnlockEverythingMod"],"gold_per_floor":[109,109,109,119,132,132,151,210,210,259,259,259,305,361,361,490,490,539,539,236,252,265,292,292,292,363,398,438,450,477,523,523,621,621,638,638,649,664,674,702,37,56,56,67,67,67,82,111,111,111,111,111,111,140,140],"floor_reached":56,"language":"ENG","playtime":4300,"items_purged":[],"score":1683,"play_id":"a092063f-e23f-4626-814d-eb3e130f25a1","local_time":"20210124204619","is_ascension_mode":false,"campfire_choices":[{"floor":6,"key":"REST"},{"floor":11,"key":"RECALL"},{"floor":15,"key":"REST"},{"floor":24,"key":"REST"},{"floor":32,"key":"REST"},{"floor":45,"key":"DIG"},{"floor":49,"key":"DIG"},{"floor":52,"key":"DIG"}],"circlet_count":0,"master_deck":["Omega+1","Master of Strategy+1","Master of Strategy+1","Master of Strategy+1","Miracle+1","Miracle+1","Miracle+1","Omega+1"],"relics":["PureWater","Hammer of Thor","Seething Fire","Anvil of the Gods","Sundial","Dead Branch","Unceasing Top","Potion Belt","VioletLotus","TheAbacus","Orichalcum","Bronze Scales","Mummified Hand","Regal Pillow","Coffee Dripper","FossilizedHelix","ClockworkSouvenir","Pear","Meat on the Bone","Shovel","Damaru","StoneCalendar","Blue Candle","Lizard Tail"],"acts_visited":["Exordium","TheCity","TheBeyond","TheEnding"],"potions_floor_usage":[],"damage_taken":[{"damage":0,"enemies":"Cultist","floor":1,"turns":2},{"damage":0,"enemies":"Small Slimes","floor":4,"turns":2},{"damage":0,"enemies":"Jaw Worm","floor":5,"turns":3},{"damage":0,"enemies":"Looter","floor":7,"turns":1},{"damage":0,"enemies":"Gremlin Nob","floor":8,"turns":1},{"damage":0,"enemies":"Large Slime","floor":10,"turns":1},{"damage":4,"enemies":"Lots of Slimes","floor":13,"turns":2},{"damage":0,"enemies":"3 Sentries","floor":14,"turns":1},{"damage":0,"enemies":"The Guardian","floor":16,"turns":1},{"damage":0,"enemies":"2 Thieves","floor":18,"turns":1},{"damage":0,"enemies":"Chosen","floor":21,"turns":2},{"damage":0,"enemies":"Snake Plant","floor":22,"turns":1},{"damage":0,"enemies":"Slavers","floor":23,"turns":1},{"damage":0,"enemies":"Gremlin Leader","floor":27,"turns":2},{"damage":0,"enemies":"3 Cultists","floor":28,"turns":1},{"damage":0,"enemies":"Cultist and Chosen","floor":29,"turns":1},{"damage":0,"enemies":"Book of Stabbing","floor":30,"turns":1},{"damage":0,"enemies":"Snecko","floor":31,"turns":1},{"damage":0,"enemies":"bossMod:newCollector","floor":33,"turns":2},{"damage":0,"enemies":"3 Shapes","floor":35,"turns":1},{"damage":0,"enemies":"3 Darklings","floor":37,"turns":1},{"damage":0,"enemies":"4 Shapes","floor":38,"turns":1},{"damage":0,"enemies":"Spire Growth","floor":39,"turns":2},{"damage":0,"enemies":"Giant Head","floor":40,"turns":2},{"damage":0,"enemies":"Transient","floor":42,"turns":5},{"damage":0,"enemies":"Sphere and 2 Shapes","floor":44,"turns":1},{"damage":0,"enemies":"Spire Growth","floor":47,"turns":2},{"damage":0,"enemies":"Reptomancer","floor":48,"turns":1},{"damage":0,"enemies":"bossMod:newAwakened","floor":50,"turns":4},{"damage":0,"enemies":"Shield and Spear","floor":54,"turns":2},{"damage":51,"enemies":"The Heart","floor":55,"turns":5}],"seed_played":"-6194266680180691923","potions_obtained":[{"floor":0,"key":"GamblersBrew"},{"floor":0,"key":"GamblersBrew"},{"floor":0,"key":"DistilledChaos"},{"floor":5,"key":"CultistPotion"},{"floor":14,"key":"Strength Potion"},{"floor":18,"key":"AttackPotion"},{"floor":23,"key":"Swift Potion"}],"is_trial":false,"path_per_floor":["M","?","$","M","M","R","M","E","T","M","R","?","M","E","R","B",null,"M","?","$","M","M","E","R","?","T","E","M","M","E","M","R","B",null,"M","?","M","M","M","E","$","M","T","M","R","?","M","E","R","B",null,"R","$","E","B",null],"character_chosen":"WATCHER","items_purchased":["TheAbacus","Orichalcum","ClockworkSouvenir","Pear","Meat on the Bone"],"campfire_rested":4,"item_purchase_floors":[20,20,41,41,41],"current_hp_per_floor":[72,69,69,69,69,72,72,72,72,72,72,72,68,68,72,72,72,72,72,72,72,72,72,72,72,72,72,72,72,72,72,72,72,72,72,72,72,72,72,72,82,82,82,82,82,82,82,82,82,82,82,82,82,82,43],"gold":140,"neow_bonus":"THREE_SMALL_POTIONS","is_daily":false,"chose_seed":false,"campfire_upgraded":0,"win_rate":0.0,"timestamp":1611517579,"path_taken":["M","?","$","M","M","R","M","E","T","M","R","?","?","E","R","BOSS","M","?","$","M","M","E","R","?","T","E","M","M","E","M","R","BOSS","M","?","?","M","M","E","?","M","T","M","R","?","M","E","R","BOSS","R","$","E","BOSS"],"items_purchased_type":["Relic","Relic","Relic","Relic","Relic"],"build_version":"2020-12-22","purchased_purges":0,"victory":true,"max_hp_per_floor":[72,72,72,72,72,72,72,72,72,72,72,72,72,72,72,72,72,72,72,72,72,72,72,72,72,72,72,72,72,72,72,72,72,72,72,72,72,72,72,72,82,82,82,82,82,82,82,82,82,82,82,82,82,82,82],"card_choices":[{"not_picked":["BowlingBash","EmptyBody"],"picked":"FlurryOfBlows","floor":1},{"not_picked":["ThirdEye","Consecrate"],"picked":"Meditate","floor":4},{"not_picked":["WreathOfFlame","WaveOfTheHand","Consecrate"],"picked":"SKIP","floor":5},{"not_picked":["Wireheading","EmptyMind"],"picked":"DeusExMachina","floor":7},{"not_picked":["Vengeance","WaveOfTheHand","ClearTheMind"],"picked":"SKIP","floor":8},{"not_picked":["FollowUp","EmptyBody","Consecrate"],"picked":"SKIP","floor":10},{"not_picked":["Prostrate","BowlingBash","Sanctity"],"picked":"SKIP","floor":13},{"not_picked":["Halt","FlyingSleeves","MentalFortress"],"picked":"SKIP","floor":14},{"not_picked":["ClearTheMind+1","WreathOfFlame+1","Consecrate+1"],"picked":"SKIP","floor":18},{"not_picked":["Consecrate","ThirdEye","Tantrum"],"picked":"SKIP","floor":21},{"not_picked":["Sanctity","MentalFortress+1","Crescendo+1"],"picked":"SKIP","floor":22},{"not_picked":["FlurryOfBlows","EmptyMind","Collect"],"picked":"SKIP","floor":23},{"not_picked":["Crescendo+1","Adaptation+1","EmptyMind+1"],"picked":"SKIP","floor":27},{"not_picked":["Vengeance","TalkToTheHand+1","ForeignInfluence"],"picked":"SKIP","floor":28},{"not_picked":["FollowUp","Pray","DeceiveReality+1"],"picked":"SKIP","floor":29},{"not_picked":["FollowUp+1","Brilliance","PathToVictory"],"picked":"SKIP","floor":30},{"not_picked":["InnerPeace","CrushJoints","ThirdEye"],"picked":"SKIP","floor":31},{"not_picked":["ThirdEye","Crescendo","Worship+1"],"picked":"SKIP","floor":35},{"not_picked":["CrushJoints","Consecrate","FlurryOfBlows+1"],"picked":"SKIP","floor":37},{"not_picked":["Halt","EmptyFist+1","FlurryOfBlows"],"picked":"SKIP","floor":38},{"not_picked":["WreathOfFlame+1","SandsOfTime+1","ClearTheMind+1"],"picked":"SKIP","floor":39},{"not_picked":["CrushJoints","Prostrate","Judgement"],"picked":"SKIP","floor":40},{"not_picked":["EmptyBody","Evaluate","Protect+1"],"picked":"SKIP","floor":42},{"not_picked":["WheelKick","ClearTheMind","WaveOfTheHand"],"picked":"SKIP","floor":44},{"not_picked":["Wallop+1","Tantrum+1","EmptyFist"],"picked":"SKIP","floor":47},{"not_picked":["Worship","Wallop+1","Protect+1"],"picked":"SKIP","floor":48},{"not_picked":["Conclude","EmptyBody+1","FearNoEvil"],"picked":"SKIP","floor":54}],"player_experience":20928,"relics_obtained":[{"floor":8,"key":"Dead Branch"},{"floor":9,"key":"Unceasing Top"},{"floor":14,"key":"Potion Belt"},{"floor":23,"key":"Bronze Scales"},{"floor":27,"key":"Mummified Hand"},{"floor":30,"key":"Regal Pillow"},{"floor":40,"key":"FossilizedHelix"},{"floor":43,"key":"Shovel"},{"floor":48,"key":"Damaru"},{"floor":49,"key":"StoneCalendar"},{"floor":52,"key":"Blue Candle"},{"floor":54,"key":"Lizard Tail"}],"event_choices":[{"damage_healed":0,"gold_gain":0,"player_choice":"Success","damage_taken":3,"relics_obtained":["Sundial"],"max_hp_gain":0,"max_hp_loss":0,"event_name":"Scrap Ooze","floor":2,"gold_loss":0},{"cards_removed":["DeusExMachina"],"damage_healed":0,"gold_gain":0,"player_choice":"Card Removal","damage_taken":0,"max_hp_gain":0,"max_hp_loss":0,"event_name":"Wheel of Change","floor":12,"gold_loss":0},{"damage_healed":0,"gold_gain":0,"player_choice":"Ignored","damage_taken":0,"max_hp_gain":0,"max_hp_loss":0,"event_name":"Ghosts","floor":19,"gold_loss":0},{"damage_healed":0,"gold_gain":0,"player_choice":"Ignored","damage_taken":0,"max_hp_gain":0,"max_hp_loss":0,"event_name":"The Mausoleum","floor":25,"gold_loss":0},{"damage_healed":0,"gold_gain":0,"player_choice":"Ignored","damage_taken":0,"max_hp_gain":0,"max_hp_loss":0,"event_name":"Transmorgrifier","floor":36,"gold_loss":0},{"damage_healed":0,"gold_gain":0,"player_choice":"Memory 1","damage_taken":0,"max_hp_gain":0,"max_hp_loss":0,"event_name":"SensoryStone","floor":46,"gold_loss":0}],"is_beta":false,"boss_relics":[{"not_picked":["Snecko Eye","Runic Pyramid"],"picked":"VioletLotus"},{"not_picked":["Calling Bell","SacredBark"],"picked":"Coffee Dripper"}],"items_purged_floors":[],"is_endless":false,"potions_floor_spawned":[5,8,13,14,18,22,23,35,38,42],"ascension_level":0}}