{"host":"yymm","time":1611489771,"event":{"mods":["Arknights The Spire","BaseMod","Minty Spire (QoL Compilation)","StSLib","The Servant 0.9.4"],"gold_per_floor":[119,119,134,134,13,13,43,55,55,87,97,172,186,205,205,303,303,322,59,59,0,26,26,56,106,146,146,96,96,96,123,123,233,233,260,286,113,147,97,97,97,97,97,77,104,130,165,197,197,197],"floor_reached":51,"language":"ZHS","playtime":4633,"items_purged":["ats:Defend","ats:Strike S","ats:Strike C","ats:Strike V","ats:Armor Crushing Shot"],"score":704,"play_id":"2b21aae5-cb00-4f37-95b9-2587ce96f868","local_time":"20210124200251","is_ascension_mode":false,"campfire_choices":[{"data":"ats:Emotion Absorption","floor":6.0,"key":"SMITH"},{"data":"ats:Soul Absorption","floor":15.0,"key":"SMITH"},{"floor":23.0,"key":"REST"},{"data":"ats:Revitalization","floor":27,"key":"SMITH"},{"data":"ats:Revitalization","floor":30,"key":"SMITH"},{"data":"ats:Apocalypse","floor":32,"key":"SMITH"},{"data":"ats:Revitalization","floor":40,"key":"SMITH"},{"data":"ats:Healing Strengthening","floor":42,"key":"SMITH"},{"data":"ats:Revitalization","floor":49,"key":"SMITH"}],"circlet_count":0,"master_deck":["ats:Strike G","ats:Emotion Absorption+1","ats:Charging Defense","ats:Apocalypse+1","ats:Spore Proliferation","ats:Literary Storm","ats:Fractured Body","CurseOfTheBell","ats:Composite Medical Shells","ats:Revitalization+1","ats:Steam Pump","ats:Revitalization+1","ats:Echo Reverb","ats:Assault Order","ats:Calcification","ats:Revitalization+1","ats:Healing Strengthening+1","ats:Healing Strengthening","Panacea","ats:Revitalization+1"],"relics":["ats:Sanity","NeowsBlessing","ats:Originium","Pear","The Courier","Smiling Mask","Calling Bell","Blood Vial","Shuriken","Unceasing Top","Anchor","ats:Gyao","Vajra","Regal Pillow","Empty Cage","ats:Industrial Water Cannon"],"acts_visited":["Exordium","TheCity","TheBeyond"],"potions_floor_usage":[25,36,47,50],"damage_taken":[{"damage":0.0,"enemies":"Small Slimes","floor":1.0,"turns":1.0},{"damage":0.0,"enemies":"Jaw Worm","floor":3.0,"turns":1.0},{"damage":0.0,"enemies":"Gremlin Nob","floor":7.0,"turns":1.0},{"damage":1.0,"enemies":"Cultist","floor":8.0,"turns":4.0},{"damage":0.0,"enemies":"Lagavulin","floor":10.0,"turns":8.0},{"damage":11.0,"enemies":"Looter","floor":11.0,"turns":4.0},{"damage":27.0,"enemies":"Lots of Slimes","floor":13.0,"turns":11.0},{"damage":14.0,"enemies":"2 Fungi Beasts","floor":14.0,"turns":5.0},{"damage":45.0,"enemies":"Slime Boss","floor":16.0,"turns":20.0},{"damage":54.0,"enemies":"Chosen","floor":18.0,"turns":10.0},{"damage":23.0,"enemies":"2 Thieves","floor":21.0,"turns":5.0},{"damage":62.0,"enemies":"Cultist and Chosen","floor":22.0,"turns":14.0},{"damage":22.0,"enemies":"Centurion and Healer","floor":24.0,"turns":17.0},{"damage":75,"enemies":"Book of Stabbing","floor":25,"turns":8},{"damage":41,"enemies":"Sentry and Sphere","floor":31,"turns":6},{"damage":102,"enemies":"Collector","floor":33,"turns":14},{"damage":23,"enemies":"3 Shapes","floor":35,"turns":6},{"damage":60,"enemies":"Orb Walker","floor":36,"turns":8},{"damage":121,"enemies":"Spire Growth","floor":38,"turns":9},{"damage":13,"enemies":"4 Shapes","floor":45,"turns":6},{"damage":19,"enemies":"Maw","floor":46,"turns":12},{"damage":71,"enemies":"Jaw Worm Horde","floor":47,"turns":4},{"damage":112,"enemies":"Transient","floor":48,"turns":5},{"damage":132,"enemies":"Time Eater","floor":50,"turns":16}],"seed_played":"-2686880950610639025","potions_obtained":[{"floor":1.0,"key":"Fire Potion"},{"floor":3.0,"key":"AttackPotion"},{"floor":7.0,"key":"Fire Potion"},{"floor":11.0,"key":"LiquidBronze"},{"floor":13.0,"key":"LiquidBronze"},{"floor":18.0,"key":"ColorlessPotion"},{"floor":22.0,"key":"Swift Potion"},{"floor":24.0,"key":"FearPotion"},{"floor":33,"key":"GamblersBrew"},{"floor":36,"key":"PowerPotion"},{"floor":44,"key":"LiquidMemories"},{"floor":48,"key":"Swift Potion"}],"is_trial":false,"path_per_floor":["M","?","M","?","$","R","E","M","T","E","M","?","M","M","R","B",null,"M","$","T","M","M","R","M","E","T","R","$","?","R","M","R","B",null,"M","M","$","M","$","R","?","R","T","?","M","M","M","M","R","B",null],"character_chosen":"DOCTOR_CLASS","items_purchased":["ats:Apocalypse","ats:Composite Medical Shells","ats:Revitalization","Anchor","ats:Healing Strengthening","ats:Healing Strengthening"],"campfire_rested":1,"item_purchase_floors":[5,19,19,19,37,37],"current_hp_per_floor":[72,72,72,72,72,72,82,81,81,82,71,63,51,47,47,32,82,38,38,38,31,12,36,82,51,51,51,51,51,51,39,39,82,82,82,82,82,82,82,82,82,82,82,82,82,82,62,39,39,82],"gold":197,"neow_bonus":"THREE_ENEMY_KILL","is_daily":false,"chose_seed":false,"campfire_upgraded":8,"win_rate":0.0,"timestamp":1611489771,"path_taken":["M","?","M","?","?","R","E","?","T","E","M","?","M","M","R","BOSS","M","$","?","M","M","R","M","E","T","R","$","?","R","M","R","BOSS","M","M","$","M","$","R","?","R","T","?","M","M","?","M","R","BOSS"],"items_purchased_type":["Card","Card","Card","Relic","Card","Card"],"build_version":"2020-12-18","purchased_purges":5,"victory":true,"max_hp_per_floor":[72,72,72,72,72,72,82,82,82,82,82,82,82,82,82,82,82,82,82,82,82,82,82,82,82,82,82,82,82,82,82,82,82,82,82,82,82,82,82,82,82,82,82,82,82,82,82,82,82,82],"card_choices":[{"not_picked":["ats:Guardian Obelisk","ats:Blood Oath"],"picked":"ats:Soul Absorption","floor":1.0},{"not_picked":["ats:Absolute Focus","ats:Flexible Camouflage"],"picked":"ats:Charging Defense","floor":3.0},{"not_picked":["ats:Very Hot Blade","ats:Defend Order","ats:Magnetic Hammer"],"picked":"SKIP","floor":7.0},{"not_picked":["ats:Revitalization","ats:Assault Order","ats:Red Shift"],"picked":"SKIP","floor":8.0},{"not_picked":["ats:Sashimi Platter","ats:Curse Doll"],"picked":"ats:Spore Proliferation","floor":10.0},{"not_picked":["ats:Shell Defense","ats:Guard Mode"],"picked":"ats:Literary Storm","floor":11.0},{"not_picked":["ats:Consecutive Shot Auto","ats:Ignite","ats:Hammer On"],"picked":"SKIP","floor":13.0},{"not_picked":["ats:Sword Rain","ats:Assault Order","ats:Guard Mode"],"picked":"SKIP","floor":14.0},{"not_picked":["ats:Wolf Pack","ats:Rat Pack"],"picked":"ats:Fractured Body","floor":16.0},{"not_picked":["ats:Apocalypse","ats:Consecutive Shot Auto","ats:Hammer On"],"picked":"SKIP","floor":18.0},{"not_picked":["ats:Leaping Hammer","ats:Powerful Strike"],"picked":"ats:Steam Pump","floor":21.0},{"not_picked":["ats:Spore Proliferation+1","ats:Shadow Raid"],"picked":"ats:Revitalization","floor":22.0},{"not_picked":["ats:Absolute Focus","ats:Explosion Area Strengthen"],"picked":"ats:Echo Reverb","floor":24.0},{"not_picked":["ats:Blood Oath","ats:Leaping Hammer+1"],"picked":"ats:Assault Order","floor":25},{"not_picked":["ats:Consecutive Shot Auto","ats:Burning Ground","ats:Beaten Up"],"picked":"SKIP","floor":31},{"not_picked":["ats:Roar Of Ursus","ats:Wolf Pack"],"picked":"ats:Calcification","floor":33},{"not_picked":["ats:Explosion Area Strengthen+1","ats:Composite Medical Shells"],"picked":"ats:Revitalization","floor":35},{"not_picked":["ats:Leaping Hammer+1","ats:Guard Mode","ats:Flame Of Heaven+1"],"picked":"SKIP","floor":36},{"not_picked":["ats:Consecutive Shot Auto+1","ats:Magnetic Hammer+1","ats:Powerful Strike+1"],"picked":"SKIP","floor":38},{"not_picked":["Enlightenment","Dark Shackles"],"picked":"Panacea","floor":41},{"not_picked":["ats:Spore Proliferation+1","ats:Ignite","ats:Hook Shot"],"picked":"SKIP","floor":45},{"not_picked":["ats:Phantom+1","ats:Closed Bolt Burst Fire"],"picked":"ats:Revitalization","floor":46},{"not_picked":["ats:Apocalypse","ats:Explosion Area Strengthen","ats:Absolute Focus"],"picked":"SKIP","floor":47},{"not_picked":["ats:Flexible Camouflage+1","ats:Revitalization+1","ats:Cat Scratch"],"picked":"SKIP","floor":48}],"player_experience":187338,"relics_obtained":[{"floor":7.0,"key":"ats:Originium"},{"floor":7.0,"key":"Pear"},{"floor":9.0,"key":"The Courier"},{"floor":10.0,"key":"ats:Originium"},{"floor":10.0,"key":"Smiling Mask"},{"floor":17.0,"key":"Blood Vial"},{"floor":17.0,"key":"Shuriken"},{"floor":17.0,"key":"Unceasing Top"},{"floor":20.0,"key":"ats:Gyao"},{"floor":25,"key":"ats:Originium"},{"floor":25,"key":"Vajra"},{"floor":26,"key":"Regal Pillow"},{"floor":43,"key":"ats:Industrial Water Cannon"}],"event_choices":[{"damage_healed":0.0,"max_hp_gain":0.0,"max_hp_loss":0.0,"gold_gain":0.0,"event_name":"Liars Game","player_choice":"Ignored","floor":2.0,"gold_loss":0.0,"damage_taken":0.0},{"cards_removed":["ats:Defend"],"damage_healed":0.0,"max_hp_gain":0.0,"max_hp_loss":0.0,"gold_gain":0.0,"event_name":"Living Wall","player_choice":"Forget","floor":4.0,"gold_loss":0.0,"damage_taken":0.0},{"damage_healed":0.0,"max_hp_gain":0.0,"max_hp_loss":0.0,"gold_gain":75.0,"event_name":"FaceTrader","player_choice":"Touch","floor":12.0,"gold_loss":0.0,"damage_taken":8.0},{"cards_removed":["ats:Defend"],"damage_healed":0,"gold_gain":0,"player_choice":"Purged","damage_taken":0,"max_hp_gain":0,"max_hp_loss":0,"event_name":"Purifier","floor":29,"gold_loss":0},{"damage_healed":0,"gold_gain":0,"player_choice":"Memory 1","damage_taken":0,"max_hp_gain":0,"max_hp_loss":0,"event_name":"SensoryStone","floor":41,"gold_loss":0},{"damage_healed":0,"gold_gain":0,"player_choice":"Bought 1 Potion","damage_taken":0,"max_hp_gain":0,"max_hp_loss":0,"event_name":"The Woman in Blue","floor":44,"gold_loss":0}],"is_beta":true,"boss_relics":[{"not_picked":["Coffee Dripper","Snecko Eye"],"picked":"Calling Bell"},{"not_picked":["Fusion Hammer","Pandora\u0027s Box"],"picked":"Empty Cage"}],"items_purged_floors":[5,19,28,37,39],"is_endless":false,"potions_floor_spawned":[1,3,7,11,13,18,22,24,33,36,38,45,46,48],"ascension_level":0}}