{"host":"x3xr1fzypq6qqz5s","time":1611478884,"event":{"mods":["BaseMod","Better Vampires","Colored Powertips","DeckTracker","Highlight Path","Minty Spire (QoL Compilation)","Quick Restart","Rare Cards Sparkle","Relic Stats"],"gold_per_floor":[116,132,132,316,316,316,333,333,357,357,372,400,418,443,443,548,548,564,587,236,236,236,245,245,257,281,296,157,157,82,101,101,101,101],"floor_reached":33,"language":"ZHS","playtime":1646,"items_purged":["Defend_P","Strike_P+1"],"score":288,"play_id":"757f31a9-5538-4e11-877d-e05d8f41a8a6","local_time":"20210124170124","is_ascension_mode":false,"campfire_choices":[{"data":"Omniscience","floor":6.0,"key":"SMITH"},{"data":"Eruption","floor":8.0,"key":"SMITH"},{"data":"Worship","floor":10.0,"key":"SMITH"},{"floor":15.0,"key":"REST"},{"data":"DevaForm","floor":24.0,"key":"SMITH"},{"data":"Apotheosis","floor":29.0,"key":"SMITH"},{"floor":32.0,"key":"REST"}],"circlet_count":0,"master_deck":["Strike_P+1","Strike_P+1","Strike_P+1","Defend_P+1","Defend_P+1","Defend_P+1","Eruption+1","Omniscience+1","Worship+1","ThirdEye","BattleHymn","DevaForm+1","Vault","Fasting2","Apotheosis+1","Prostrate","SignatureMove","Evaluate"],"relics":["PureWater","CeramicFish","Spirit Poop","Akabeko","Philosopher\u0027s Stone","Oddly Smooth Stone"],"acts_visited":["Exordium","TheCity"],"potions_floor_usage":[33],"damage_taken":[{"damage":0.0,"enemies":"Jaw Worm","floor":1.0,"turns":3.0},{"damage":4.0,"enemies":"Small Slimes","floor":2.0,"turns":5.0},{"damage":0.0,"enemies":"Cultist","floor":7.0,"turns":4.0},{"damage":18.0,"enemies":"Exordium Wildlife","floor":11.0,"turns":5.0},{"damage":0.0,"enemies":"Large Slime","floor":12.0,"turns":5.0},{"damage":3.0,"enemies":"3 Louse","floor":13.0,"turns":5.0},{"damage":0.0,"enemies":"Slime Boss","floor":16.0,"turns":5.0},{"damage":4.0,"enemies":"Chosen","floor":18.0,"turns":4.0},{"damage":10.0,"enemies":"Shell Parasite","floor":19.0,"turns":4.0},{"damage":1.0,"enemies":"Snake Plant","floor":22.0,"turns":4.0},{"damage":21.0,"enemies":"Shelled Parasite and Fungi","floor":25.0,"turns":4.0},{"damage":4.0,"enemies":"Centurion and Healer","floor":27.0,"turns":4.0},{"damage":34.0,"enemies":"Snake Plant","floor":31.0,"turns":4.0},{"damage":34,"enemies":"Champ","floor":33,"turns":6}],"seed_played":"-6658693941352133402","potions_obtained":[{"floor":7.0,"key":"Strength Potion"},{"floor":11.0,"key":"SmokeBomb"},{"floor":13.0,"key":"SpeedPotion"},{"floor":16.0,"key":"SkillPotion"},{"floor":19.0,"key":"Regen Potion"},{"floor":27.0,"key":"LiquidBronze"},{"floor":31.0,"key":"SteroidPotion"}],"is_trial":false,"path_per_floor":["M","M","?","?","?","R","M","R","T","R","M","M","M","T","R","B",null,"M","M","$","?","M","?","R","M","T","M","$","R","?","M","R","B"],"character_chosen":"WATCHER","items_purchased":["Fasting2","Apotheosis","Prostrate","Evaluate"],"campfire_rested":2,"item_purchase_floors":[20,20,20,28],"current_hp_per_floor":[65,61,49,49,49,49,49,49,49,49,31,31,28,28,47,47,65,61,51,51,51,50,50,50,41,41,37,37,37,37,3,22,0,0],"gold":101,"neow_bonus":"THREE_RARE_CARDS","is_daily":false,"chose_seed":false,"campfire_upgraded":5,"win_rate":0.0,"timestamp":1611478884,"path_taken":["M","M","?","?","?","R","?","R","T","R","M","M","M","?","R","BOSS","M","M","$","?","M","?","R","M","T","M","$","R","?","M","R","BOSS"],"items_purchased_type":["Card","Card","Card","Card"],"build_version":"2020-12-22","purchased_purges":2,"victory":false,"max_hp_per_floor":[65,65,65,65,65,65,65,65,65,65,65,65,65,65,65,65,65,65,65,65,65,65,65,65,65,65,65,65,65,65,65,65,65,65],"relic_stats":{"counters":[14,62],"CeramicFish":81,"obtain_stats":[{"CeramicFish":3,"Spirit Poop":5,"Oddly Smooth Stone":26,"Philosopher\u0027s Stone":17,"PureWater":0,"Akabeko":14},{"CeramicFish":2,"Spirit Poop":2,"Oddly Smooth Stone":11,"Philosopher\u0027s Stone":7,"PureWater":0,"Akabeko":6},{"CeramicFish":8,"Spirit Poop":8,"Oddly Smooth Stone":48,"Philosopher\u0027s Stone":32,"PureWater":0,"Akabeko":27}]},"card_choices":[{"not_picked":["SpiritShield","MasterReality"],"picked":"Omniscience","floor":0.0},{"not_picked":["EmptyFist","BattleHymn"],"picked":"Worship","floor":1.0},{"not_picked":["Protect","Wireheading"],"picked":"ThirdEye","floor":2.0},{"not_picked":["FlyingSleeves","PathToVictory","ClearTheMind"],"picked":"SKIP","floor":7.0},{"not_picked":["ClearTheMind","CrushJoints","FlyingSleeves"],"picked":"SKIP","floor":11.0},{"not_picked":["PathToVictory","Meditate"],"picked":"BattleHymn","floor":12.0},{"not_picked":["TalkToTheHand","ThirdEye","BowlingBash"],"picked":"SKIP","floor":13.0},{"not_picked":["Wish","LessonLearned"],"picked":"DevaForm","floor":16.0},{"not_picked":["FlyingSleeves","CutThroughFate","Collect"],"picked":"SKIP","floor":18.0},{"not_picked":["SashWhip","Wireheading"],"picked":"Vault","floor":19.0},{"not_picked":["FlyingSleeves","ForeignInfluence","Worship+1"],"picked":"SKIP","floor":25.0},{"not_picked":["InnerPeace","Fasting2","SignatureMove"],"picked":"SKIP","floor":27.0},{"not_picked":["Adaptation+1","EmptyBody","Nirvana+1"],"picked":"SKIP","floor":31.0}],"player_experience":621052,"relics_obtained":[{"floor":14.0,"key":"Akabeko"},{"floor":26.0,"key":"Oddly Smooth Stone"}],"event_choices":[{"damage_healed":0.0,"max_hp_gain":0.0,"max_hp_loss":0.0,"gold_gain":0.0,"event_name":"Scrap Ooze","player_choice":"Success","floor":3.0,"gold_loss":0.0,"damage_taken":12.0,"relics_obtained":["CeramicFish"]},{"damage_healed":0.0,"max_hp_gain":0.0,"max_hp_loss":0.0,"gold_gain":175.0,"event_name":"Liars Game","player_choice":"AGREE","floor":4.0,"gold_loss":0.0,"damage_taken":0.0,"cards_obtained":["Doubt"]},{"cards_removed":["Doubt"],"damage_healed":0.0,"max_hp_gain":0.0,"max_hp_loss":0.0,"gold_gain":0.0,"event_name":"Bonfire Elementals","player_choice":"Offered Curse","floor":5.0,"gold_loss":0.0,"damage_taken":0.0,"relics_obtained":["Spirit Poop"]},{"damage_healed":0.0,"max_hp_gain":0.0,"max_hp_loss":0.0,"gold_gain":0.0,"event_name":"Back to Basics","player_choice":"Simplicity","floor":21.0,"gold_loss":0.0,"damage_taken":0.0,"cards_upgraded":["Strike_P","Strike_P","Strike_P","Strike_P","Defend_P","Defend_P","Defend_P"]},{"damage_healed":0.0,"max_hp_gain":0.0,"max_hp_loss":0.0,"gold_gain":0.0,"event_name":"The Library","player_choice":"Read","floor":23.0,"gold_loss":0.0,"damage_taken":0.0,"cards_obtained":["SignatureMove"]},{"cards_removed":["Vigilance"],"damage_healed":0.0,"max_hp_gain":0.0,"max_hp_loss":0.0,"gold_gain":0.0,"event_name":"Beggar","player_choice":"Gave Gold","floor":30.0,"gold_loss":75.0,"damage_taken":0.0}],"is_beta":false,"boss_relics":[{"not_picked":["Busted Crown","Cursed Key"],"picked":"Philosopher\u0027s Stone"}],"items_purged_floors":[20,28],"is_endless":false,"potions_floor_spawned":[7,11,13,16,19,27,31],"killed_by":"Champ","ascension_level":0}}