{"host":"9smckqhc1qh8m336","time":1611506995,"event":{"mods":["Aspiration","BaseMod","Better-Laid Plans","HololiveMod","KinomotoSakuraMod(木之本樱)","LagranYue(拉格朗・月)","Marisa（F雨　魔理沙）","Minty Spire (QoL Compilation)","Reimu（博丽灵梦）","Remilia（蕾米莉亚）","StSLib","The Senshi","The Servant 0.9.4","Warlord Emblem","Youmu（魂魄妖梦）","Yuri Mod"],"gold_per_floor":[115,115,130,130,141,173,183,208,290,320,337,337,338,5,5,100,100,120,139,139,139,39,70,105,105,105,123,153,171,171,186,186,281,281,301,523,523,534,166,166,176,195,195,57,71,85,114,164,164,164],"floor_reached":51,"language":"ZHS","playtime":6341,"items_purged":["Poor:ReiMu","Regret","ClowCardTheSword","ClowCardTheShield"],"score":827,"play_id":"aaef1838-98e0-4a91-8ff7-1b7bff88f213","local_time":"20210125004955","is_ascension_mode":false,"campfire_choices":[{"data":"ClowCardTheFlower","floor":15.0,"key":"SMITH"},{"data":"ClowCardTheSand","floor":25.0,"key":"SMITH"},{"data":"ClowCardTheFlower","floor":30.0,"key":"SMITH"},{"data":"SpellCardSeal","floor":32.0,"key":"SMITH"},{"data":"ClowCardTheBubbles","floor":40,"key":"SMITH"},{"data":"ClowCardTheChange","floor":49,"key":"SMITH"}],"circlet_count":0,"master_deck":["SakuraCardTheFloat+","SakuraCardTheSword+","SakuraCardTheJump+","SakuraCardTheMaze+","SakuraCardTheThunder+","SakuraCardTheMist+","SakuraCardTheEarthy+","ClowCardTheSword","ClowCardTheShield","ClowCardTheShield","ClowCardTheShield","SpellCardSeal+1","SpellCardRelease","ClowCardTheFlower+1","ClowCardTheSand+1","ClowCardTheDash","ClowCardTheSweet","ClowCardTheFlower+1","ClowCardTheLight+1","ClowCardTheSand","ClowCardTheDash","ClowCardTheChange+1","ClowCardTheShadow+1","ClowCardTheBubbles+1","ClowCardTheFloat+1","ClowCardTheFlower+1","ClowCardTheFight"],"relics":["KSMOD_SealedBook","KSMOD_SealedWand","LagranYue:RandomDrawCardRelic","NeowsBlessing","HornCleat","Pen Nib","Pantograph","KSMOD_TaoistSuit","aspiration:StickyExplosives_weak","YidongShenshe:ReiMu","Odd Mushroom","Frozen Egg 2","Sozu","Red Mask","Bag of Marbles","Sundial","KSMOD_DarknessWand","Matryoshka","LagranYue:MagicReflectiveArmorRelic","MawBank","aspiration:VileToxins","Gambling Chip"],"acts_visited":["Exordium","TheCity","TheBeyond"],"potions_floor_usage":[],"damage_taken":[{"damage":0.0,"enemies":"Jaw Worm","floor":1.0,"turns":1.0},{"damage":0.0,"enemies":"Cultist","floor":3.0,"turns":1.0},{"damage":0.0,"enemies":"Small Slimes","floor":5.0,"turns":1.0},{"damage":25.0,"enemies":"Lagavulin","floor":6.0,"turns":6.0},{"damage":1.0,"enemies":"3 Louse","floor":7.0,"turns":3.0},{"damage":7.0,"enemies":"Gremlin Nob","floor":8.0,"turns":4.0},{"damage":0.0,"enemies":"Large Slime","floor":11.0,"turns":2.0},{"damage":3.0,"enemies":"The Mushroom Lair","floor":13.0,"turns":4.0},{"damage":6.0,"enemies":"The Guardian","floor":16.0,"turns":8.0},{"damage":8.0,"enemies":"3 Byrds","floor":18.0,"turns":5.0},{"damage":5.0,"enemies":"Shell Parasite","floor":19.0,"turns":7.0},{"damage":0.0,"enemies":"Book of Stabbing","floor":23.0,"turns":4.0},{"damage":0.0,"enemies":"Masked Bandits","floor":24.0,"turns":4.0},{"damage":1.0,"enemies":"Centurion and Healer","floor":27.0,"turns":7.0},{"damage":14.0,"enemies":"Slavers","floor":28.0,"turns":6.0},{"damage":0.0,"enemies":"Snake Plant","floor":29.0,"turns":3.0},{"damage":1.0,"enemies":"Cultist and Chosen","floor":31.0,"turns":4.0},{"damage":27.0,"enemies":"Collector","floor":33.0,"turns":7.0},{"damage":10.0,"enemies":"3 Darklings","floor":35.0,"turns":3.0},{"damage":1,"enemies":"3 Shapes","floor":38,"turns":7},{"damage":0,"enemies":"Writhing Mass","floor":41,"turns":1},{"damage":26,"enemies":"Transient","floor":42,"turns":5},{"damage":0,"enemies":"3 Darklings","floor":45,"turns":9},{"damage":7,"enemies":"Sphere and 2 Shapes","floor":46,"turns":4},{"damage":0,"enemies":"Nemesis","floor":47,"turns":6},{"damage":0,"enemies":"2 Orb Walkers","floor":48,"turns":2},{"damage":0,"enemies":"Donu and Deca","floor":50,"turns":4}],"seed_played":"-4399185313858528554","potions_obtained":[{"floor":5.0,"key":"DuplicationPotion"},{"floor":6.0,"key":"ColorlessPotion"},{"floor":8.0,"key":"Swift Potion"},{"floor":13.0,"key":"FairyPotion"},{"floor":16.0,"key":"BlessingOfTheForge"}],"is_trial":false,"path_per_floor":["M","?","M","?","M","E","M","E","T","?","M","?","?","$","R","B",null,"M","M","?","?","$","E","?","R","T","M","E","M","R","M","R","B",null,"M","?","?","M","$","R","M","M","T","$","M","M","E","?","R","B",null],"character_chosen":"KINOMOTOSAKURA","items_purchased":["Frozen Egg 2","Matryoshka"],"campfire_rested":0,"item_purchase_floors":[14,39],"current_hp_per_floor":[70,70,70,70,70,45,44,37,37,37,37,37,39,39,39,63,70,62,64,64,64,64,70,70,70,70,69,60,65,65,69,69,43,70,60,60,60,66,66,66,66,51,51,51,66,66,70,70,70,70],"gold":164,"neow_bonus":"THREE_ENEMY_KILL","is_daily":false,"chose_seed":false,"campfire_upgraded":6,"win_rate":0.0,"timestamp":1611506995,"path_taken":["M","?","?","?","M","E","M","E","T","?","M","?","?","$","R","BOSS","M","M","?","?","$","E","?","R","T","M","E","M","R","M","R","BOSS","M","?","?","M","$","R","M","?","T","$","M","M","E","?","R","BOSS"],"items_purchased_type":["Relic","Relic"],"build_version":"2020-12-22","purchased_purges":4,"victory":true,"max_hp_per_floor":[70,70,70,70,70,70,70,70,70,70,70,70,70,70,70,70,70,70,70,70,70,70,70,70,70,70,70,70,70,70,70,70,70,70,70,70,70,70,70,70,70,70,70,70,70,70,70,70,70,70],"card_choices":[{"not_picked":["ClowCardTheErase","ClowCardTheChange"],"picked":"ClowCardTheFlower","floor":1.0},{"not_picked":["ClowCardTheFirey","ClowCardTheArrow"],"picked":"ClowCardTheEarthy","floor":3.0},{"not_picked":["ClowCardTheIllusion","ClowCardTheChange"],"picked":"ClowCardTheSand","floor":5.0},{"not_picked":["ClowCardTheLittle","ClowCardTheFly"],"picked":"ClowCardTheJump","floor":6.0},{"not_picked":["ClowCardTheMove","ClowCardTheArrow"],"picked":"ClowCardTheDash","floor":7.0},{"not_picked":["ClowCardTheWindy","ClowCardTheMaze"],"picked":"ClowCardTheMist","floor":8.0},{"not_picked":["ClowCardTheMirror","ClowCardTheLittle"],"picked":"ClowCardTheSweet","floor":11.0},{"not_picked":["ClowCardTheCloud","ClowCardTheGlow"],"picked":"ClowCardTheFlower","floor":13.0},{"not_picked":["ClowCardTheDark+1","ClowCardTheThrough"],"picked":"ClowCardTheLight+1","floor":16.0},{"not_picked":["ClowCardTheFloat+1","ClowCardThePower","ClowCardTheRain"],"picked":"SKIP","floor":18.0},{"not_picked":["ClowCardTheFirey+1","ClowCardTheMirror"],"picked":"ClowCardTheMaze","floor":19.0},{"not_picked":["ClowCardTheArrow","ClowCardTheBubbles","ClowCardTheWindy"],"picked":"SKIP","floor":23.0},{"not_picked":["ClowCardTheMirror","ClowCardTheDream+1"],"picked":"ClowCardTheDash","floor":24.0},{"not_picked":["ClowCardTheWave+1","ClowCardTheJump"],"picked":"ClowCardTheChange","floor":27.0},{"not_picked":["ClowCardTheErase+1","ClowCardTheJump","ClowCardTheCloud+1"],"picked":"SKIP","floor":28.0},{"not_picked":["ClowCardTheBig+1","ClowCardTheErase","ClowCardTheLittle+1"],"picked":"SKIP","floor":29.0},{"not_picked":["ClowCardTheCloud","ClowCardTheArrow"],"picked":"ClowCardTheFirey","floor":31.0},{"not_picked":["ClowCardTheDark+1","ClowCardTheTwin+1"],"picked":"ClowCardTheThunder","floor":33.0},{"not_picked":["ClowCardTheMirror+1","ClowCardTheVoice+1"],"picked":"ClowCardTheShadow+1","floor":35.0},{"not_picked":["ClowCardTheChange+1","ClowCardTheSong"],"picked":"ClowCardTheBubbles","floor":38},{"not_picked":["ClowCardTheMove+1","ClowCardTheFreeze","ClowCardTheIllusion+1"],"picked":"SKIP","floor":41},{"not_picked":["ClowCardTheMirror+1","ClowCardTheMist+1"],"picked":"ClowCardTheFloat+1","floor":42},{"not_picked":["ClowCardTheChange","ClowCardTheShot+1","ClowCardTheStorm+1"],"picked":"SKIP","floor":45},{"not_picked":["ClowCardTheWatery+1","ClowCardTheSong+1"],"picked":"ClowCardTheFlower+1","floor":46},{"not_picked":["ClowCardThePower","ClowCardTheEarthy+1","ClowCardTheBubbles"],"picked":"SKIP","floor":47},{"not_picked":["ClowCardTheVoice","ClowCardTheLock"],"picked":"ClowCardTheFight","floor":48}],"player_experience":42495,"relics_obtained":[{"floor":6.0,"key":"Pen Nib"},{"floor":8.0,"key":"Pantograph"},{"floor":9.0,"key":"KSMOD_TaoistSuit"},{"floor":13.0,"key":"Odd Mushroom"},{"floor":24.0,"key":"Red Mask"},{"floor":26.0,"key":"Bag of Marbles"},{"floor":28.0,"key":"Sundial"},{"floor":43,"key":"LagranYue:MagicReflectiveArmorRelic"},{"floor":43,"key":"MawBank"},{"floor":47,"key":"aspiration:VileToxins"},{"floor":48,"key":"Gambling Chip"}],"event_choices":[{"cards_removed":["ClowCardTheSword"],"damage_healed":0.0,"max_hp_gain":0.0,"max_hp_loss":0.0,"gold_gain":0.0,"event_name":"Purifier","player_choice":"Purged","floor":2.0,"gold_loss":0.0,"damage_taken":0.0},{"damage_healed":0.0,"max_hp_gain":0.0,"max_hp_loss":0.0,"gold_gain":0.0,"event_name":"Big Fish","player_choice":"Box","floor":4.0,"gold_loss":0.0,"damage_taken":0.0,"relics_obtained":["HornCleat"],"cards_obtained":["Regret"]},{"damage_healed":0.0,"max_hp_gain":0.0,"max_hp_loss":0.0,"gold_gain":30.0,"event_name":"Dead Adventurer","player_choice":"Searched \u00273\u0027 times","floor":10.0,"gold_loss":0.0,"damage_taken":0.0,"relics_obtained":["aspiration:StickyExplosives_weak"]},{"damage_healed":0.0,"max_hp_gain":0.0,"max_hp_loss":0.0,"gold_gain":0.0,"event_name":"yidonshenshe","player_choice":"带走神社","floor":12.0,"gold_loss":0.0,"damage_taken":0.0,"relics_obtained":["YidongShenshe:ReiMu"],"cards_obtained":["Poor:ReiMu"]},{"damage_healed":0.0,"max_hp_gain":0.0,"max_hp_loss":0.0,"gold_gain":0.0,"event_name":"Mushrooms","player_choice":"Fought Mushrooms","floor":13.0,"gold_loss":0.0,"damage_taken":0.0},{"damage_healed":0.0,"max_hp_gain":0.0,"max_hp_loss":0.0,"gold_gain":0.0,"event_name":"Vampires","player_choice":"Ignored","floor":20.0,"gold_loss":0.0,"damage_taken":0.0},{"damage_healed":0.0,"max_hp_gain":0.0,"max_hp_loss":0.0,"gold_gain":0.0,"event_name":"The Library","player_choice":"Read","floor":21.0,"gold_loss":0.0,"damage_taken":0.0,"cards_obtained":["ClowCardTheSand"]},{"damage_healed":0.0,"max_hp_gain":0.0,"max_hp_loss":0.0,"gold_gain":0.0,"event_name":"Masked Bandits","player_choice":"Fought Bandits","floor":24.0,"gold_loss":0.0,"damage_taken":0.0},{"damage_healed":0.0,"max_hp_gain":0.0,"max_hp_loss":0.0,"gold_gain":222.0,"event_name":"Tomb of Lord Red Mask","player_choice":"Wore Mask","floor":36.0,"gold_loss":0.0,"damage_taken":0.0},{"damage_healed":0,"gold_gain":0,"cards_transformed":["ClowCardTheFirey"],"player_choice":"Transformed","damage_taken":0,"max_hp_gain":0,"max_hp_loss":0,"event_name":"Transmorgrifier","floor":37,"gold_loss":0,"cards_obtained":["ClowCardTheFloat"]},{"damage_healed":0,"gold_gain":0,"player_choice":"Fight","damage_taken":0,"max_hp_gain":0,"max_hp_loss":0,"event_name":"Mysterious Sphere","floor":48,"gold_loss":0}],"is_beta":false,"boss_relics":[{"not_picked":["aspiration:DefectSkillbook","Tiny House"],"picked":"Sozu"},{"not_picked":["Cursed Key","Runic Pyramid"],"picked":"KSMOD_DarknessWand"}],"items_purged_floors":[14,22,39,44],"is_endless":false,"potions_floor_spawned":[5,6,8,13,16,24,27,28,29,31,33,38,41,42,45],"ascension_level":0}}