{"host":"7eytxr1oawi6r5nr","time":1611521840,"event":{"mods":["BaseMod","Better Third Choice","Curses Come First","Dark Map","Hermit","Hubris","Jorbs\u0027s Wanderer Trilogy","Minty Spire (QoL Compilation)","Permanent Neow","Quick Restart","Rare Cards Sparkle","Replay The Spire","Robot Space Explorer","StSLib","The Cursed","The Disciple","The Forsaken","The Marked","The Mystic","The Runesmith","Wide Potions"],"gold_per_floor":[109,121,121,11,35,35,65,65,90,115,127,169,193,205,217,325,337,362,393,405,417,417],"floor_reached":21,"language":"ENG","playtime":998,"items_purged":["Strike_P"],"score":237,"play_id":"5d97acfa-6a7c-4ff3-acbb-e70e1e2fe0f3","local_time":"20210124205720","is_ascension_mode":false,"campfire_choices":[{"data":"LikeWater","floor":6,"key":"SMITH"},{"data":"WreathOfFlame","floor":8,"key":"SMITH"},{"floor":15,"key":"DIG"}],"circlet_count":0,"master_deck":["Strike_P","Strike_P","Defend_P","Defend_P","Defend_P","Defend_P","Eruption","Vigilance","WreathOfFlame+1","Prostrate","LikeWater+1","Consecrate","WheelKick+1","Crescendo","Replay:Vibes","Blasphemy","FlyingSleeves","Wireheading+1"],"relics":["PureWater","NeowsBlessing","NlothsMask","Pear","MawBank","Replay:Arrowhead","Replay:Accelerometer","SlaversCollar"],"acts_visited":["Exordium","TheCity"],"potions_floor_usage":[],"damage_taken":[{"damage":0,"enemies":"Cultist","floor":1,"turns":1},{"damage":0,"enemies":"Jaw Worm","floor":2,"turns":1},{"damage":0,"enemies":"3 Sentries","floor":7,"turns":2},{"damage":0,"enemies":"Small Slimes","floor":10,"turns":4},{"damage":8,"enemies":"Lagavulin","floor":12,"turns":8},{"damage":10,"enemies":"Exordium Thugs","floor":13,"turns":4},{"damage":47,"enemies":"The Guardian","floor":16,"turns":14},{"damage":0,"enemies":"Chosen","floor":18,"turns":4},{"damage":5,"enemies":"Shell Parasite","floor":19,"turns":4},{"damage":20,"enemies":"3 Cultists","floor":21,"turns":4}],"seed_played":"-7157104458640516245","potions_obtained":[{"floor":1,"key":"EssenceOfSteel"},{"floor":7,"key":"Energy Potion"}],"is_trial":false,"path_per_floor":["M","M","?","$","T","R","E","R","T","M","?","E","M","?","R","B",null,"M","M","?","M"],"character_chosen":"WATCHER","items_purchased":["LikeWater"],"campfire_rested":0,"item_purchase_floors":[4],"current_hp_per_floor":[72,72,72,72,72,72,82,82,82,82,82,74,64,64,64,17,82,82,77,69,49,49],"gold":417,"neow_bonus":"THREE_ENEMY_KILL","is_daily":false,"chose_seed":false,"campfire_upgraded":2,"win_rate":0.0,"timestamp":1611521840,"path_taken":["M","M","?","$","?","R","E","R","T","M","?","E","M","?","R","BOSS","M","M","?","M"],"items_purchased_type":["Card"],"build_version":"2020-12-22","purchased_purges":1,"victory":false,"max_hp_per_floor":[72,72,72,72,72,72,82,82,82,82,82,82,82,82,82,82,82,82,82,82,82,82],"card_choices":[{"not_picked":["CarveReality","BattleHymn"],"picked":"WreathOfFlame","floor":1},{"not_picked":["Evaluate","CarveReality"],"picked":"Prostrate","floor":2},{"not_picked":["WindmillStrike","Adaptation"],"picked":"Consecrate","floor":7},{"not_picked":["SashWhip","JustLucky","Consecrate"],"picked":"SKIP","floor":10},{"not_picked":["Collect","Replay:AllIn"],"picked":"Crescendo","floor":12},{"not_picked":["PathToVictory","Consecrate"],"picked":"Replay:Vibes","floor":13},{"not_picked":["Replay:AllIn","DeusExMachina"],"picked":"Blasphemy","floor":16},{"not_picked":["Wallop","ClearTheMind"],"picked":"FlyingSleeves","floor":18},{"not_picked":["Adaptation+1","Halt"],"picked":"Wireheading+1","floor":19}],"player_experience":182135,"relics_obtained":[{"floor":7,"key":"Pear"},{"floor":9,"key":"MawBank"},{"floor":12,"key":"Replay:Arrowhead"},{"floor":15,"key":"Replay:Accelerometer"}],"event_choices":[{"damage_healed":0,"gold_gain":0,"player_choice":"Trade","damage_taken":0,"relics_obtained":["NlothsMask"],"max_hp_gain":0,"max_hp_loss":0,"event_name":"FaceTrader","floor":3,"gold_loss":0},{"damage_healed":0,"gold_gain":0,"cards_transformed":["Strike_P"],"player_choice":"Change","damage_taken":0,"max_hp_gain":0,"max_hp_loss":0,"event_name":"Living Wall","floor":11,"gold_loss":0,"cards_obtained":["WheelKick"]},{"damage_healed":0,"gold_gain":0,"player_choice":"Upgraded","damage_taken":0,"max_hp_gain":0,"max_hp_loss":0,"event_name":"Upgrade Shrine","floor":14,"gold_loss":0,"cards_upgraded":["WheelKick"]},{"damage_healed":0,"gold_gain":0,"player_choice":"Damaged","damage_taken":8,"max_hp_gain":0,"max_hp_loss":0,"event_name":"Wheel of Change","floor":20,"gold_loss":0}],"is_beta":false,"boss_relics":[{"not_picked":["Black Star","Runesmith:UraniumAnvil"],"picked":"SlaversCollar"}],"items_purged_floors":[4],"is_endless":false,"potions_floor_spawned":[1,7,16,18],"killed_by":"3 Cultists","ascension_level":0}}