{"host":"6r9t33axn0fzb9aq","time":1611508627,"event":{"mods":["Aspiration","BaseMod","Better Match","Better Note","CatGirl Mod","Clockwork Mod","Colored Map","Colored Powertips","Conspire","Custom Start","Energized Spire","Halation","Hubris","Infinite Spire","Marisa????????","Minty Spire (QoL Compilation)","Onozuka Komachi Mod","Poor People Problems","Remilia??????","Replay The Spire","Reworked Bosses","Shade Mod","Spicy Shops","Spire Arcade","StSLib","The Blue Laboratory","The Death Knight","The Hierophant","The Necromancer","The Servant 0.9.4","TheHero","Trackpad","Wandering Minibosses"],"gold_per_floor":[109,109,121,171,198,239,276,288,326,373,79,79,114,41,41,169,169,211,211,291,11,11,11,83,153,153,153],"floor_reached":26,"language":"ENG","playtime":1340,"items_purged":["AsteroidBelt","Sickly"],"score":438,"play_id":"68c46e98-45c7-43ce-b54b-2becc7991f1c","local_time":"20210124171707","daily_mods":["Vintage","Heirloom","Time Dilation","Flight","DeadlyEvents","Elite Swarm","Binary"],"is_ascension_mode":false,"campfire_choices":[{"data":"Hallucinations","floor":8,"key":"SMITH"},{"data":"MasterSpark","floor":8,"key":"SMITH"},{"data":"MachineGunSpark","floor":12,"key":"SMITH"},{"data":"UpSweep","floor":12,"key":"SMITH"},{"data":"Strike_MRS","floor":15,"key":"SMITH"},{"data":"Strike_MRS","floor":15,"key":"SMITH"},{"data":"CollectingQuirk","floor":23,"key":"SMITH"},{"data":"Strike_MRS","floor":23,"key":"SMITH"}],"circlet_count":0,"master_deck":["Strike_MRS+1","Strike_MRS","Strike_MRS+1","Strike_MRS+1","Defend_MRS","Defend_MRS","Defend_MRS+1","Defend_MRS","MasterSpark+1","UpSweep+1","MachineGunSpark+1","WitchOfGreed+1","ReplayTheSpireMod:Splinters","WitchOfGreed+1","CollectingQuirk+1","ReplayTheSpireMod:Splinters"],"relics":["MiniHakkero","Busted Crown","replay:Trail_Library","TungstenRod","halation:TwoAmDonut","hubris:Towel","Replay:Arrowhead","Ring of Misfortune","Ring of Greed","MealTicket","MawBank","Garlic","Frozen Egg 2","halation:PrussianBluePaint","Happy Flower","Lantern","halation:Jellyphish","Bag of Marbles","energizedSpire:CursedPentagram","Du-Vu Doll","Replay:Bandana","Vajra","BargainBundle","trackpad:FieryHotPepper","Meat on the Bone"],"acts_visited":["Exordium","TheCity"],"potions_floor_usage":[6,16,16],"damage_taken":[{"damage":0,"enemies":"2 Louse","floor":1,"turns":2},{"damage":0,"enemies":"conspire:RoseBush","floor":3,"turns":2},{"damage":0,"enemies":"Jaw Worm","floor":5,"turns":3},{"damage":1,"enemies":"Replay:BlueRogue","floor":6,"turns":5},{"damage":0,"enemies":"Lagavulin","floor":7,"turns":5},{"damage":10,"enemies":"Replay:BlueRogue","floor":10,"turns":5},{"damage":0,"enemies":"Lagavulin","floor":13,"turns":2},{"damage":12,"enemies":"The Guardian","floor":16,"turns":8},{"damage":0,"enemies":"Shell Parasite","floor":18,"turns":2},{"damage":2,"enemies":"Gremlin Leader","floor":20,"turns":3},{"damage":0,"enemies":"Replay:Snechameleon","floor":24,"turns":1},{"damage":0,"enemies":"conspire:Head Lice","floor":25,"turns":1}],"seed_played":"-4997601271394652087","potions_obtained":[{"floor":5,"key":"ColorlessPotion"},{"floor":6,"key":"LifebloodPotion"},{"floor":10,"key":"Block Potion"},{"floor":13,"key":"blueLaboratory:NullPotion"},{"floor":16,"key":"Reflective Coating"},{"floor":16,"key":"SkillPotion"},{"floor":18,"key":"blueLaboratory:NullPotion"},{"floor":20,"key":"SpeedPotion"},{"floor":24,"key":"blueLaboratory:FruitPunch"}],"is_trial":true,"path_per_floor":["M","?","M","?","M","E","E","R","T","E","$","R","E","$","R_BF","B",null,"M","?","E","$","?","R","E","E","T"],"character_chosen":"MARISA","items_purchased":["halation:Jellyphish","MachineGunSpark","WitchOfGreed+1","BargainBundle","WitchOfGreed+1","CollectingQuirk"],"campfire_rested":0,"item_purchase_floors":[11,11,14,21,21,21],"current_hp_per_floor":[75,75,75,75,75,74,74,74,74,64,75,75,75,75,75,63,75,75,75,73,75,75,75,75,85,85,85],"gold":153,"neow_bonus":"","is_daily":false,"chose_seed":false,"campfire_upgraded":8,"win_rate":0.0,"timestamp":1611508627,"path_taken":["M","?","M","?","?","E","E","R","T","?","$","R","E","?","R_BF","BOSS","M","?","?","$","?","R","?","E","T"],"items_purchased_type":["Relic","Card","Card","Relic","Card","Card"],"build_version":"2020-12-22","purchased_purges":2,"victory":false,"max_hp_per_floor":[75,75,75,75,75,75,75,75,75,75,75,75,75,75,75,75,75,75,75,75,75,75,75,75,85,85,85],"card_choices":[],"player_experience":374838,"relics_obtained":[{"floor":1,"key":"halation:TwoAmDonut"},{"floor":3,"key":"Replay:Arrowhead"},{"floor":4,"key":"Ring of Misfortune"},{"floor":4,"key":"Ring of Greed"},{"floor":4,"key":"MealTicket"},{"floor":4,"key":"MawBank"},{"floor":5,"key":"Garlic"},{"floor":6,"key":"Frozen Egg 2"},{"floor":7,"key":"halation:PrussianBluePaint"},{"floor":9,"key":"Happy Flower"},{"floor":10,"key":"Lantern"},{"floor":13,"key":"Bag of Marbles"},{"floor":18,"key":"Du-Vu Doll"},{"floor":20,"key":"Vajra"},{"floor":24,"key":"trackpad:FieryHotPepper"},{"floor":25,"key":"Meat on the Bone"}],"event_choices":[{"damage_healed":0,"gold_gain":0,"player_choice":"Gave Potion","damage_taken":0,"relics_obtained":["Replay:Bandana"],"max_hp_gain":0,"max_hp_loss":0,"event_name":"WeMeetAgain","floor":19,"gold_loss":0},{"damage_healed":0,"gold_gain":0,"player_choice":"Got Potions","damage_taken":0,"max_hp_gain":0,"max_hp_loss":0,"event_name":"Lab","floor":22,"gold_loss":0}],"is_beta":false,"boss_relics":[{"not_picked":["ReplayTheSpireMod:SealedPack","hubris:VirtuousBlindfold"],"picked":"energizedSpire:CursedPentagram"}],"items_purged_floors":[11,21],"is_endless":false,"potions_floor_spawned":[5,6,10,13,16,20,25],"ascension_level":0}}