{"host":"d61fcf2p3sjwe6yo","time":1611499600,"event":{"mods":["AchievementEnabler","BaseMod","Colored Map","Downfall","Minty Spire (QoL Compilation)","StSLib","SuperFastMode"],"gold_per_floor":[99,117,117,267,280,280,280,180,191,191,207,241,241,241,259,259,259,259],"floor_reached":16,"language":"ENG","playtime":478,"items_purged":[],"score":160,"play_id":"eca23fe5-a048-4778-a184-c17daee5d872","local_time":"20210124174640","is_ascension_mode":true,"campfire_choices":[{"floor":1.0,"key":"RECALL"},{"floor":10.0,"key":"REST"}],"circlet_count":0,"master_deck":["AscendersBane","sneckomod:Strike","sneckomod:Strike","sneckomod:Strike","sneckomod:Defend","sneckomod:Defend","sneckomod:Defend","sneckomod:TailWhip","sneckomod:SnekBite","sneckomod:Unknown","sneckomod:Unknown1Cost","Scrawl","sneckomod:SerpentIdol","sneckomod:UnknownX","sneckomod:UnknownDexterity","sneckomod:SerpentIdol"],"relics":["sneckomod:SneckoSoul","downfall:ShatteredFragment","White Beast Statue","downfall:HeartBlessingRed","Omamori","Bag of Preparation"],"acts_visited":["Exordium"],"potions_floor_usage":[11,15],"damage_taken":[{"damage":6.0,"enemies":"2 Louse","floor":2.0,"turns":2.0},{"damage":9.0,"enemies":"Jaw Worm","floor":5.0,"turns":3.0},{"damage":7.0,"enemies":"Small Slimes","floor":9.0,"turns":3.0},{"damage":0,"enemies":"3 Louse","floor":11,"turns":1},{"damage":29,"enemies":"3 Sentries","floor":12,"turns":9},{"damage":7,"enemies":"Exordium Wildlife","floor":15,"turns":3},{"damage":7,"enemies":"SI_SHIV_ARCHETYPE","floor":16,"turns":4}],"seed_played":"7586933762057199886","potions_obtained":[{"floor":5.0,"key":"LiquidMemories"},{"floor":9.0,"key":"Explosive Potion"},{"floor":11,"key":"FearPotion"},{"floor":15,"key":"Guardian:BlockOnCardUsePotion"}],"is_trial":false,"path_per_floor":["R","M","?","?","M","?","T","R","M","R","M","E","?","?","M","B"],"character_chosen":"THE_SNECKO","items_purchased":[],"campfire_rested":1,"item_purchase_floors":[],"current_hp_per_floor":[90,84,84,84,75,54,54,54,47,76,76,47,47,47,40,33,33,33],"gold":259,"neow_bonus":"TEN_PERCENT_HP_BONUS","is_daily":false,"chose_seed":false,"campfire_upgraded":0,"win_rate":0.0,"timestamp":1611499600,"path_taken":["R","M","?","?","M","?","T","R","M","R","?","E","?","?","M","BOSS"],"items_purchased_type":[],"build_version":"2020-12-22","purchased_purges":0,"victory":false,"max_hp_per_floor":[99,99,99,99,99,99,99,99,99,99,99,99,99,99,99,99,99,99],"card_choices":[{"not_picked":["sneckomod:Nope","sneckomod:SoulRoll","sneckomod:PureSnecko"],"picked":"SKIP","floor":2.0},{"not_picked":["sneckomod:DiceCrush","sneckomod:RainOfDice"],"picked":"sneckomod:Unknown1Cost","floor":5.0},{"not_picked":["sneckomod:SoulRoll","sneckomod:IronFang"],"picked":"sneckomod:SerpentIdol","floor":9.0},{"not_picked":["sneckomod:Rotation","sneckomod:UnknownClassPURPLE"],"picked":"sneckomod:UnknownX","floor":11},{"not_picked":["sneckomod:UnknownX","sneckomod:Unknown0Cost"],"picked":"sneckomod:UnknownDexterity","floor":12},{"not_picked":["sneckomod:RainOfDice","sneckomod:QuickBite"],"picked":"sneckomod:SerpentIdol","floor":15}],"player_experience":687625,"relics_obtained":[{"floor":7.0,"key":"White Beast Statue"},{"floor":12,"key":"Omamori"}],"event_choices":[{"cards_removed":["downfall:Icky"],"damage_healed":0,"gold_gain":0,"player_choice":"Card Removal","damage_taken":0,"max_hp_gain":0,"max_hp_loss":0,"event_name":"The Cleric","floor":14,"gold_loss":0}],"is_beta":false,"boss_relics":[],"items_purged_floors":[],"is_endless":false,"potions_floor_spawned":[5,9,11,12,15],"killed_by":"SI_SHIV_ARCHETYPE","ascension_level":12}}