{"host":"06zl5b70p3f7ye3v","time":1611453003,"event":{"mods":["AchievementEnabler","BaseMod","Colored Map","Curses Come First","Minty Spire (QoL Compilation)","StSLib","SuperFastMode"],"gold_per_floor":[109,128,148,164,176,211,231,266,266,266,47,82,82,111,111,111,111],"floor_reached":16,"language":"ENG","playtime":514,"items_purged":[],"score":264,"play_id":"2e111275-97df-4d81-a120-a8f6ff522d19","local_time":"20210123205003","is_ascension_mode":true,"campfire_choices":[{"floor":13,"key":"REST"},{"data":"Shockwave","floor":15,"key":"SMITH"}],"circlet_count":0,"master_deck":["AscendersBane","Strike_R","Strike_R","Strike_R","Strike_R","Strike_R","Defend_R","Defend_R","Defend_R","Defend_R","Bash+1","Hemokinesis","Infernal Blade","True Grit","Hemokinesis","Rage","Rage","Twin Strike","Perfected Strike","Shrug It Off","Inflame","Shockwave+1"],"relics":["Burning Blood","Toy Ornithopter","Blue Candle","Bronze Scales","Brimstone","HornCleat","Potion Belt"],"acts_visited":["Exordium"],"potions_floor_usage":[4,6,12,12,16],"damage_taken":[{"damage":2,"enemies":"Cultist","floor":1,"turns":4},{"damage":5,"enemies":"2 Louse","floor":2,"turns":4},{"damage":9,"enemies":"Jaw Worm","floor":3,"turns":2},{"damage":4,"enemies":"Looter","floor":4,"turns":3},{"damage":21,"enemies":"3 Louse","floor":5,"turns":4},{"damage":30,"enemies":"Gremlin Nob","floor":6,"turns":4},{"damage":4,"enemies":"Blue Slaver","floor":7,"turns":3},{"damage":33,"enemies":"3 Sentries","floor":8,"turns":9},{"damage":16,"enemies":"Lagavulin","floor":12,"turns":5},{"damage":12,"enemies":"3 Sentries","floor":14,"turns":5},{"damage":31,"enemies":"Hexaghost","floor":16,"turns":5}],"seed_played":"4092156243123779184","potions_obtained":[{"floor":2,"key":"Explosive Potion"},{"floor":3,"key":"Weak Potion"},{"floor":6,"key":"PowerPotion"},{"floor":8,"key":"Strength Potion"},{"floor":14,"key":"SkillPotion"}],"is_trial":false,"path_per_floor":["M","M","M","M","M","E","M","E","T","?","$","E","R","E","R","B"],"character_chosen":"IRONCLAD","items_purchased":["Brimstone","Shrug It Off"],"campfire_rested":1,"item_purchase_floors":[11,11],"current_hp_per_floor":[72,73,70,72,57,33,35,8,8,8,8,8,30,24,24,0,0],"gold":111,"neow_bonus":"UPGRADE_CARD","is_daily":false,"chose_seed":false,"campfire_upgraded":1,"win_rate":0.0,"timestamp":1611453003,"path_taken":["M","M","M","M","?","E","M","E","T","?","$","E","R","E","R","BOSS"],"items_purchased_type":["Relic","Card"],"build_version":"2020-12-22","purchased_purges":0,"victory":false,"max_hp_per_floor":[75,75,75,75,75,75,75,75,75,75,75,75,75,75,75,75,75],"card_choices":[{"not_picked":["Shrug It Off","Battle Trance"],"picked":"Hemokinesis","floor":1},{"not_picked":["Sword Boomerang","Heavy Blade"],"picked":"Infernal Blade","floor":2},{"not_picked":["Thunderclap","Burning Pact"],"picked":"True Grit","floor":3},{"not_picked":["Perfected Strike","Thunderclap"],"picked":"Hemokinesis","floor":4},{"not_picked":["Brutality","Body Slam"],"picked":"Rage","floor":5},{"not_picked":["Dark Embrace","Sword Boomerang"],"picked":"Rage","floor":6},{"not_picked":["Pummel","Armaments"],"picked":"Twin Strike","floor":7},{"not_picked":["Dual Wield","Brutality"],"picked":"Perfected Strike","floor":8},{"not_picked":["Havoc","Iron Wave"],"picked":"Inflame","floor":12},{"not_picked":["Feel No Pain","Wild Strike"],"picked":"Shockwave","floor":14}],"player_experience":990504,"relics_obtained":[{"floor":6,"key":"Toy Ornithopter"},{"floor":8,"key":"Blue Candle"},{"floor":9,"key":"Bronze Scales"},{"floor":12,"key":"HornCleat"},{"floor":14,"key":"Potion Belt"}],"event_choices":[{"damage_healed":0,"gold_gain":0,"player_choice":"Ignored","damage_taken":0,"max_hp_gain":0,"max_hp_loss":0,"event_name":"Liars Game","floor":10,"gold_loss":0}],"is_beta":false,"boss_relics":[],"items_purged_floors":[],"is_endless":false,"potions_floor_spawned":[2,3,6,8,14],"killed_by":"Hexaghost","ascension_level":20}}