{"host":"k85tjwrh7mjrrc9a","time":1611527135,"event":{"mods":["AchievementEnabler","BaseMod","Colored Powertips","Highlight Path","Minty Spire (QoL Compilation)","Rare Cards Sparkle","StSLib"],"gold_per_floor":[118,134,187,187,197,197,217,292,317,327,337,337,337,363,363,363,363],"floor_reached":16,"language":"ENG","playtime":520,"items_purged":[],"score":173,"play_id":"658dd0af-67ab-41d7-8021-8bea15934bd1","local_time":"20210124172535","is_ascension_mode":true,"campfire_choices":[{"data":"Bash","floor":6,"key":"SMITH"},{"data":"Body Slam","floor":13,"key":"SMITH"},{"floor":15,"key":"REST"}],"circlet_count":0,"master_deck":["AscendersBane","Strike_R","Strike_R+1","Strike_R+1","Strike_R","Strike_R","Defend_R","Defend_R","Defend_R","Defend_R","Bash+1","Clothesline","Whirlwind+1","Twin Strike","Body Slam+1","Body Slam"],"relics":["Burning Blood","Boot","Whetstone"],"acts_visited":["Exordium"],"potions_floor_usage":[0,16],"damage_taken":[{"damage":11,"enemies":"Jaw Worm","floor":1,"turns":4},{"damage":13,"enemies":"Small Slimes","floor":2,"turns":4},{"damage":0,"enemies":"2 Louse","floor":5,"turns":2},{"damage":17,"enemies":"Large Slime","floor":7,"turns":5},{"damage":7,"enemies":"Looter","floor":10,"turns":3},{"damage":15,"enemies":"Lots of Slimes","floor":11,"turns":2},{"damage":41,"enemies":"Lagavulin","floor":14,"turns":6},{"damage":67,"enemies":"Hexaghost","floor":16,"turns":9}],"seed_played":"1457863664128317499","potions_obtained":[{"floor":0,"key":"Fruit Juice"},{"floor":0,"key":"Ancient Potion"},{"floor":0,"key":"BloodPotion"}],"is_trial":false,"path_per_floor":["M","M","?","?","M","R","M","?","T","M","M","?","R","E","R","B"],"character_chosen":"IRONCLAD","items_purchased":[],"campfire_rested":1,"item_purchase_floors":[],"current_hp_per_floor":[68,61,61,61,67,67,56,45,45,44,35,61,61,26,50,0,0],"gold":363,"neow_bonus":"THREE_SMALL_POTIONS","is_daily":false,"chose_seed":false,"campfire_upgraded":2,"win_rate":0.0,"timestamp":1611527135,"path_taken":["M","M","?","?","M","R","M","?","T","M","M","?","R","E","R","BOSS"],"items_purchased_type":[],"build_version":"2020-12-22","purchased_purges":0,"victory":false,"max_hp_per_floor":[80,80,80,80,80,80,80,80,80,80,80,80,80,80,80,80,80],"card_choices":[{"not_picked":["Perfected Strike","Sentinel"],"picked":"Clothesline","floor":1},{"not_picked":["Rupture","Shockwave"],"picked":"Whirlwind","floor":2},{"not_picked":["Entrench","Hemokinesis","Anger"],"picked":"SKIP","floor":5},{"not_picked":["Flex","Armaments"],"picked":"Twin Strike","floor":7},{"not_picked":["Rage","Entrench","Dropkick"],"picked":"SKIP","floor":10},{"not_picked":["Perfected Strike","Carnage"],"picked":"Body Slam","floor":11},{"not_picked":["Carnage","Intimidate"],"picked":"Body Slam","floor":14}],"player_experience":216478,"relics_obtained":[{"floor":9,"key":"Boot"},{"floor":14,"key":"Whetstone"}],"event_choices":[{"damage_healed":0,"gold_gain":53,"player_choice":"Gained Gold","damage_taken":0,"max_hp_gain":0,"max_hp_loss":0,"event_name":"Golden Wing","floor":3,"gold_loss":0},{"damage_healed":0,"gold_gain":0,"player_choice":"Grow","damage_taken":0,"max_hp_gain":0,"max_hp_loss":0,"event_name":"Living Wall","floor":4,"gold_loss":0,"cards_upgraded":["Whirlwind"]},{"damage_healed":0,"gold_gain":75,"player_choice":"Gather Gold","damage_taken":11,"max_hp_gain":0,"max_hp_loss":0,"event_name":"World of Goop","floor":8,"gold_loss":0},{"damage_healed":26,"gold_gain":0,"player_choice":"Banana","damage_taken":0,"max_hp_gain":0,"max_hp_loss":0,"event_name":"Big Fish","floor":12,"gold_loss":0}],"is_beta":false,"boss_relics":[],"items_purged_floors":[],"is_endless":false,"potions_floor_spawned":[2,7,14],"killed_by":"Hexaghost","ascension_level":14}}