{"host":"34dziau2azxd7ce3","time":1611496721,"event":{"mods":["ATMod(°¢èªMod)","Act Like it!","BaseMod","Gensokyo","Minty Spire (QoL Compilation)","MostiFishMod","Replay The Spire","RumiaBox-Â¶Ã×æ«µÄÉñÃØºÐ×Ó","StSLib","SuperFastMode","TestMod","The Hierophant","¡¾ÒÅÎï¿¨ÅÆ¡¿REMEMod","²ÐÁôÖ®Îï"],"gold_per_floor":[409,181,15,15,15,15,32,47,47,47,309,309,348,506,506,633,633,677,717,780,848,848,848,848,910,910,411,411,471,49,112,112,638,638,875,602,602,29,119,119,183,222,272,379,379,691,742,742,742,867,867,867,27,106,131],"floor_reached":56,"language":"ZHS","playtime":2811,"items_purged":["PlaceholderMod:BaseStrike","Injury","PlaceholderMod:BaseStrike","PlaceholderMod:BaseStrike"],"score":1609,"play_id":"e2b4ffef-72ca-4231-8f2d-004eae06ed8e","local_time":"20210124215841","is_ascension_mode":false,"campfire_choices":[{"floor":6,"key":"RECALL"},{"data":"AT_FamilyPortrait","floor":10,"key":"SMITH"},{"data":"PlaceholderMod:AbsorbTouch","floor":12,"key":"SMITH"},{"data":"REME_FirmDetermination","floor":15,"key":"SMITH"},{"data":"PlaceholderMod:HornyCollision","floor":23,"key":"SMITH"},{"data":"PlaceholderMod:Activation","floor":28,"key":"SMITH"},{"data":"Gensokyo:MissMary","floor":40,"key":"SMITH"},{"data":"PlaceholderMod:Corrosion","floor":45,"key":"SMITH"},{"data":"PlaceholderMod:BaseStrike","floor":49,"key":"PURGE"},{"data":"PlaceholderMod:Hard","floor":52,"key":"SMITH"}],"circlet_count":0,"master_deck":["PlaceholderMod:BaseDefend","PlaceholderMod:BaseDefend","PlaceholderMod:BaseDefend","PlaceholderMod:BaseDefend","PlaceholderMod:BaseDefend","PlaceholderMod:Crystal","PlaceholderMod:PoisonWhip","PlaceholderMod:BlastSpray","REME_FirmDetermination+1","AT_FamilyPortrait+1","PlaceholderMod:InnerStable","PlaceholderMod:Activation+1","PlaceholderMod:Hard+1","PlaceholderMod:DiffusionChemical","PlaceholderMod:CrystallizationStrike+1","PlaceholderMod:AbsorbTouch+1","PlaceholderMod:CrystallizationStrike+1","PlaceholderMod:SelfCoupling+1","PlaceholderMod:MultiReaction+1","PlaceholderMod:Hard+1","PlaceholderMod:HornyCollision+1","PlaceholderMod:Corrosion+1","Gensokyo:MissMary+1","PlaceholderMod:Hard","PlaceholderMod:HealingAttack","PlaceholderMod:Assimilation+1","PlaceholderMod:Hard+1"],"relics":["PlaceholderMod:Tancle","testmod-TestBox","DaveBox","AT_ATBox","REME_ComplimentaryCards","Old Coin","testmod-LifeArmor","SynthV:TestCard","Centennial Puzzle","AT_MibuBalloonWealth","Pen Nib","Replay:Towering Pillar of Hats","Prayer Wheel","Frozen Egg 2","GuanYuAspect","Medical Kit","Replay:Bottled Eggs","BirthdayGift-Tetrahedron","BirthdayGift-Icosahedron","REME_HandOfSuture","JellyFishMachine","Blood Vial","Technique","ArrowTower","Akabeko","Unceasing Top","Vajra","testmod-ArcanaOfDestiny","Thread and Needle","SSSystem","Ice Cream","Eternal Feather","TheAbacus","AT_ChloranthyRing"],"acts_visited":["Exordium","Gensokyo:Gensokyo","Gensokyo:Gensokyoer","TheEnding"],"potions_floor_usage":[25],"damage_taken":[{"damage":6,"enemies":"Gensokyo:Gryphon","floor":1,"turns":4},{"damage":9,"enemies":"Gensokyo:Python","floor":7,"turns":3},{"damage":1,"enemies":"Gensokyo:3_Fairies","floor":8,"turns":3},{"damage":10,"enemies":"Gensokyo:2_Rabbits","floor":11,"turns":5},{"damage":0,"enemies":"Gensokyo:LivingMonolith","floor":13,"turns":3},{"damage":7,"enemies":"Gensokyo:Cirno","floor":14,"turns":6},{"damage":0,"enemies":"Gensokyo:Reimu","floor":16,"turns":5},{"damage":0,"enemies":"Gensokyo:Chomper","floor":18,"turns":5},{"damage":9,"enemies":"Gensokyo:AngelMirror","floor":19,"turns":2},{"damage":22,"enemies":"Gensokyo:Chomper_and_Gloop","floor":20,"turns":5},{"damage":6,"enemies":"Gensokyo:Slime_Group","floor":21,"turns":7},{"damage":9,"enemies":"Gensokyo:Mirror_and_Dog","floor":25,"turns":6},{"damage":1,"enemies":"Gensokyo:Chomper_and_Gloop","floor":29,"turns":6},{"damage":18,"enemies":"Gensokyo:Slime_Group","floor":31,"turns":3},{"damage":15,"enemies":"Gensokyo:Kaguya","floor":33,"turns":6},{"damage":3,"enemies":"Gensokyo:AncientGuardian","floor":35,"turns":3},{"damage":1,"enemies":"Gensokyo:3_Boulders","floor":39,"turns":2},{"damage":0,"enemies":"Gensokyo:Dusk_and_Dawn","floor":41,"turns":1},{"damage":3,"enemies":"Gensokyo:AtlasGolem","floor":42,"turns":3},{"damage":1,"enemies":"Gensokyo:Kasen","floor":44,"turns":2},{"damage":0,"enemies":"Gensokyo:4_Bats","floor":46,"turns":1},{"damage":1,"enemies":"Gensokyo:Marisa","floor":47,"turns":2},{"damage":1,"enemies":"Gensokyo:Yuyuko","floor":50,"turns":3},{"damage":0,"enemies":"Shield and Spear","floor":54,"turns":2},{"damage":5,"enemies":"The Heart","floor":55,"turns":2}],"seed_played":"-785159924020971838","potions_obtained":[{"floor":1,"key":"SteroidPotion"},{"floor":7,"key":"BlessingOfTheForge"},{"floor":13,"key":"ColorlessPotion"},{"floor":16,"key":"EntropicBrew"},{"floor":18,"key":"PowerPotion"},{"floor":41,"key":"Weak Potion"}],"is_trial":false,"path_per_floor":["M","$","COS","?","?","R","M","M","T","R","M","R","M","E","R","B",null,"M","M","M","M","?","R","?","M","T","$","R","M","COS","M","R","B",null,"M","COS","?","$","M","R","M","M","T","E","R","M","E","?","R","B",null,"R","$","E","B",null],"character_chosen":"THE_PLACEHOLDER","items_purchased":["PlaceholderMod:Activation","Medical Kit","Replay:Bottled Eggs","Akabeko","Unceasing Top","Ice Cream","Eternal Feather","TheAbacus"],"campfire_rested":0,"item_purchase_floors":[2,27,27,38,38,53,53,53],"current_hp_per_floor":[72,72,72,72,72,72,63,62,62,62,52,52,52,45,45,47,39,39,36,23,28,28,28,28,24,24,24,24,31,31,36,36,36,36,36,36,22,22,41,41,41,41,41,46,46,46,46,46,46,51,51,51,51,51,51],"gold":131,"neow_bonus":"ONE_RANDOM_RARE_CARD","is_daily":false,"chose_seed":false,"campfire_upgraded":8,"win_rate":0.0,"timestamp":1611496721,"path_taken":["M","?","COS","?","?","R","M","M","T","R","M","R","M","E","R","BOSS","M","?","?","M","?","R","?","M","T","$","R","M","COS","M","R","BOSS","M","COS","?","$","M","R","M","?","T","E","R","M","E","?","R","BOSS","R","$","E","BOSS"],"items_purchased_type":["Card","Relic","Relic","Relic","Relic","Relic","Relic","Relic"],"build_version":"2020-12-22","purchased_purges":4,"victory":true,"max_hp_per_floor":[78,78,78,78,78,78,78,78,78,78,78,78,78,78,78,78,39,39,39,39,39,36,36,36,36,36,36,36,36,36,36,36,36,36,36,36,36,36,41,41,41,41,41,46,46,46,46,46,46,51,51,51,51,51,51],"card_choices":[{"not_picked":["PlaceholderMod:PoisonExcitation","PlaceholderMod:SpinBlade"],"picked":"PlaceholderMod:InnerStable","floor":1},{"not_picked":["PlaceholderMod:Stratification","PlaceholderMod:DissolvingSpikes","PlaceholderMod:Break","PlaceholderMod:SeverePoisonStrike"],"picked":"PlaceholderMod:Hard","floor":5},{"not_picked":["PlaceholderMod:HornyBlast","PlaceholderMod:ParasiteChange","PlaceholderMod:SevereHeat","PlaceholderMod:StrongAcid"],"picked":"PlaceholderMod:DiffusionChemical","floor":5},{"not_picked":["PlaceholderMod:SprayAttack","PlaceholderMod:PoisonAbsorb","PlaceholderMod:DirectingGroup","PlaceholderMod:OHStrongAttack"],"picked":"PlaceholderMod:CrystallizationStrike","floor":7},{"not_picked":["PlaceholderMod:RadicalHit","PlaceholderMod:AttackAsDefend","PlaceholderMod:InnerStable","PlaceholderMod:ThreeBenzyolStart"],"picked":"PlaceholderMod:AbsorbTouch","floor":8},{"not_picked":["PlaceholderMod:Internalization","PlaceholderMod:AttackAsDefend","PlaceholderMod:SprayAttack","PlaceholderMod:HornyBlast"],"picked":"PlaceholderMod:CrystallizationStrike","floor":11},{"not_picked":["PlaceholderMod:ProliferateStrike","PlaceholderMod:DirectingGroup","PlaceholderMod:EvolutionSpray","PlaceholderMod:SelectReaction","PlaceholderMod:AttackAsDefend"],"picked":"SKIP","floor":13},{"not_picked":["PlaceholderMod:StrongAcid","PlaceholderMod:OHStrongAttack","PlaceholderMod:FastReaction","PlaceholderMod:HornyBlast","PlaceholderMod:AngryAttack"],"picked":"SKIP","floor":14},{"not_picked":["PlaceholderMod:HornyCollision","PlaceholderMod:QualitativeChange","PlaceholderMod:MultiReaction","PlaceholderMod:ReactionCatalyze"],"picked":"PlaceholderMod:SelfCoupling+1","floor":16},{"not_picked":["PlaceholderMod:ComplexForm+1","PlaceholderMod:PoisonAbsorb","PlaceholderMod:SprayAttack","PlaceholderMod:Turn","PlaceholderMod:DirectingGroup"],"picked":"SKIP","floor":18},{"not_picked":["PlaceholderMod:ParasiteChange+1","PlaceholderMod:Internalization","PlaceholderMod:SpinBlade","PlaceholderMod:ConsolidateHit","PlaceholderMod:CycleAttack+1"],"picked":"SKIP","floor":18},{"not_picked":["PlaceholderMod:SeverePoisonStrike","PlaceholderMod:Crystallization+1","PlaceholderMod:Hyperplasia","PlaceholderMod:Polyp"],"picked":"PlaceholderMod:MultiReaction","floor":19},{"not_picked":["PlaceholderMod:SprayAttack","PlaceholderMod:SevereHeat","PlaceholderMod:HardStinger","PlaceholderMod:RadicalHit","PlaceholderMod:Turn"],"picked":"SKIP","floor":19},{"not_picked":["PlaceholderMod:OHStrongAttack","PlaceholderMod:ContinueSpray","PlaceholderMod:TriggerStrike","PlaceholderMod:ConsolidateHit"],"picked":"PlaceholderMod:Hard+1","floor":20},{"not_picked":["PlaceholderMod:HardStrike","PlaceholderMod:TriggerStrike","PlaceholderMod:PoisonAbsorb","PlaceholderMod:RadicalHit+1","PlaceholderMod:ThreeBenzyolStart+1"],"picked":"SKIP","floor":20},{"not_picked":["PlaceholderMod:Internalization","PlaceholderMod:Hard","PlaceholderMod:Hyperplasia","PlaceholderMod:CycleAttack"],"picked":"PlaceholderMod:HornyCollision","floor":21},{"not_picked":["PlaceholderMod:NearChange","PlaceholderMod:OHStrongAttack","PlaceholderMod:ProliferateStrike","PlaceholderMod:ConsolidateHit"],"picked":"PlaceholderMod:Corrosion","floor":21},{"not_picked":["Gensokyo:GapWoman","Gensokyo:Doppelganger","Gensokyo:LittleGreenMen","Gensokyo:LochNessMonster"],"picked":"Gensokyo:MissMary","floor":22},{"not_picked":["PlaceholderMod:DirectingGroup","PlaceholderMod:AngryAttack","PlaceholderMod:StressReaction","PlaceholderMod:BlastSpray","PlaceholderMod:Colorful"],"picked":"SKIP","floor":25},{"not_picked":["PlaceholderMod:SpinBlade","PlaceholderMod:OHStrongAttack","PlaceholderMod:TriggerStrike+1","PlaceholderMod:AttackAsDefend","PlaceholderMod:HornyBlast+1"],"picked":"SKIP","floor":25},{"not_picked":["PlaceholderMod:ConsolidateHit+1","PlaceholderMod:ParasiteChange","PlaceholderMod:Stratification","PlaceholderMod:Colorful+1","PlaceholderMod:Sweep"],"picked":"SKIP","floor":29},{"not_picked":["PlaceholderMod:OHStrongAttack","PlaceholderMod:CrystallizationStrike+1","PlaceholderMod:PoisonExcitation","PlaceholderMod:SubstitutionNucleophilic1+1","PlaceholderMod:EvolutionSpray"],"picked":"SKIP","floor":29},{"not_picked":["PlaceholderMod:NutritionAbsorb","PlaceholderMod:Polyp+1","PlaceholderMod:Sweep+1","PlaceholderMod:StressReaction+1"],"picked":"PlaceholderMod:Hard","floor":31},{"not_picked":["PlaceholderMod:Sweep","PlaceholderMod:DirectingGroup","PlaceholderMod:DoublePoint","PlaceholderMod:EvolutionSpray","PlaceholderMod:ProliferateStrike"],"picked":"SKIP","floor":31},{"not_picked":["PlaceholderMod:MultiReaction","PlaceholderMod:DiffusionPoison+1","PlaceholderMod:InnerSoften","PlaceholderMod:CorePoison"],"picked":"PlaceholderMod:Assimilation","floor":33},{"not_picked":["PlaceholderMod:PoisonAbsorb","PlaceholderMod:ProliferateStrike","PlaceholderMod:SeverePoisonStrike","PlaceholderMod:DirectingGroup+1","PlaceholderMod:Turn+1"],"picked":"SKIP","floor":35},{"not_picked":["PlaceholderMod:HardStrike+1","PlaceholderMod:AngryAttack","PlaceholderMod:ParasiteChange","PlaceholderMod:SprayAttack+1","PlaceholderMod:Internalization+1"],"picked":"SKIP","floor":35},{"not_picked":["PlaceholderMod:HealingAttack+1","PlaceholderMod:SelectReaction","PlaceholderMod:StrongAcid","PlaceholderMod:Turn+1","PlaceholderMod:SprayAttack+1"],"picked":"SKIP","floor":39},{"not_picked":["PlaceholderMod:HardStrike","PlaceholderMod:DoublePoint","PlaceholderMod:Stratification","PlaceholderMod:ConsolidateHit","PlaceholderMod:OHStrongAttack"],"picked":"SKIP","floor":39},{"not_picked":["PlaceholderMod:Corrosion+1","PlaceholderMod:DirectingGroup+1","PlaceholderMod:RadicalHit","PlaceholderMod:ConsolidateHit+1","PlaceholderMod:MultipleOxi+1"],"picked":"SKIP","floor":41},{"not_picked":["PlaceholderMod:Stratification+1","PlaceholderMod:SelectReaction+1","PlaceholderMod:Internalization","PlaceholderMod:Colorful","PlaceholderMod:FastReaction+1"],"picked":"SKIP","floor":41},{"not_picked":["PlaceholderMod:Package+1","PlaceholderMod:AngryAttack","PlaceholderMod:Break","PlaceholderMod:ParasiteChange+1","PlaceholderMod:EvolutionSpray"],"picked":"SKIP","floor":42},{"not_picked":["PlaceholderMod:CrystallizationStrike+1","PlaceholderMod:StrongAcid+1","PlaceholderMod:Polyp+1","PlaceholderMod:Internalization","PlaceholderMod:ConsolidateHit+1"],"picked":"SKIP","floor":42},{"not_picked":["PlaceholderMod:NearChange","PlaceholderMod:DirectingGroup+1","PlaceholderMod:ReactionCatalyze","PlaceholderMod:AttackAsDefend+1","PlaceholderMod:MultipleOxi"],"picked":"SKIP","floor":44},{"not_picked":["PlaceholderMod:StressReaction+1","PlaceholderMod:ProliferateStrike","PlaceholderMod:NutritionAbsorb","PlaceholderMod:EvolutionSpray+1","PlaceholderMod:ConsolidateHit"],"picked":"SKIP","floor":46},{"not_picked":["PlaceholderMod:SevereHeat","PlaceholderMod:HighConcentration+1","PlaceholderMod:MultipleOxi","PlaceholderMod:UnpureUse+1","PlaceholderMod:Polyp"],"picked":"SKIP","floor":46},{"not_picked":["PlaceholderMod:StressReaction","PlaceholderMod:FastReaction","PlaceholderMod:DiffusionChemical","PlaceholderMod:PoisonExcitation+1"],"picked":"PlaceholderMod:Hard+1","floor":47},{"not_picked":["PlaceholderMod:ContinueSpray+1","PlaceholderMod:ProliferateStrike+1","PlaceholderMod:SpinBlade","PlaceholderMod:CycleAttack","PlaceholderMod:Break"],"picked":"SKIP","floor":54}],"player_experience":654831,"relics_obtained":[{"floor":1,"key":"SynthV:TestCard"},{"floor":9,"key":"AT_MibuBalloonWealth"},{"floor":14,"key":"Frozen Egg 2"},{"floor":43,"key":"Vajra"},{"floor":44,"key":"testmod-ArcanaOfDestiny"},{"floor":47,"key":"SSSystem"},{"floor":54,"key":"AT_ChloranthyRing"}],"event_choices":[],"is_beta":false,"boss_relics":[{"not_picked":["GreenFoldingFan","OneHitWonderSystem"],"picked":"GuanYuAspect"},{"not_picked":["Calling Bell","PatriotShield"],"picked":"JellyFishMachine"}],"items_purged_floors":[2,27,38,53],"is_endless":false,"potions_floor_spawned":[1,7,13,16,18,20,29,41,46,54],"ascension_level":0}}