{"host":"tknto047uabgu3zm","time":1611465171,"event":{"mods":["AchievementEnabler","BaseMod","Bestiary","Block Reminder","Colored Map","Colored Powertips","Highlight Path","Minty Spire (QoL Compilation)","MonsterHotkey","Permanent Neow","Random Character Button","Rare Cards Sparkle","Relic Sorter","Relic Stats","StSLib"],"gold_per_floor":[111,123,123,139,139,169,4,23,23,42,60,60,3,17,17,94,94,113,113,113,29,46,46,8,8,8,21,31,66,66,96,96,171,171,181,234,251,90,101,101,43,43,90,90,90,120,120,134,134,134],"floor_reached":51,"language":"ENG","playtime":1930,"items_purged":["Writhe"],"score":1398,"play_id":"cc3bed3d-9d00-4eae-acac-5740552a0f45","local_time":"20210123211251","is_ascension_mode":true,"campfire_choices":[{"floor":12,"key":"REST"},{"floor":15,"key":"REST"},{"data":"Armaments","floor":23,"key":"SMITH"},{"data":"Juggernaut","floor":25,"key":"SMITH"},{"floor":30,"key":"REST"},{"floor":32,"key":"REST"},{"data":"Demon Form","floor":40,"key":"SMITH"},{"data":"Heavy Blade","floor":45,"key":"SMITH"},{"data":"Flame Barrier","floor":47,"key":"SMITH"},{"data":"Limit Break","floor":49,"key":"SMITH"}],"circlet_count":0,"master_deck":["AscendersBane","Strike_R","Strike_R","Strike_R","Strike_R","Strike_R","Defend_R","Defend_R","Defend_R","Defend_R","Bash+1","Perfected Strike","Fire Breathing","Intimidate","True Grit","Spot Weakness","Cleave","Armaments+1","Juggernaut+1","Perfected Strike","Perfected Strike","Perfected Strike+1","Flame Barrier+1","Feel No Pain+1","Demon Form+1","Uppercut","Impervious","Feel No Pain","Heavy Blade+1","Disarm+1","Limit Break+1"],"relics":["Burning Blood","Thread and Needle","Question Card","Bird Faced Urn","Membership Card","Bronze Scales","Snecko Eye","Dead Branch","Medical Kit","Meat on the Bone","Strawberry","Paper Frog","Mark of Pain","Prayer Wheel","Anchor","Happy Flower","PreservedInsect","Mercury Hourglass"],"acts_visited":["Exordium","TheCity","TheBeyond"],"potions_floor_usage":[6,10,16,28,33,36,50],"damage_taken":[{"damage":0,"enemies":"Small Slimes","floor":1,"turns":4},{"damage":2,"enemies":"Cultist","floor":2,"turns":3},{"damage":0,"enemies":"2 Louse","floor":4,"turns":3},{"damage":51,"enemies":"Lagavulin","floor":6,"turns":7},{"damage":20,"enemies":"Exordium Wildlife","floor":8,"turns":5},{"damage":11,"enemies":"Lots of Slimes","floor":10,"turns":6},{"damage":4,"enemies":"Blue Slaver","floor":11,"turns":4},{"damage":6,"enemies":"Large Slime","floor":14,"turns":7},{"damage":59,"enemies":"The Guardian","floor":16,"turns":14},{"damage":3,"enemies":"Chosen","floor":18,"turns":4},{"damage":8,"enemies":"Shell Parasite","floor":22,"turns":5},{"damage":9,"enemies":"Centurion and Healer","floor":27,"turns":3},{"damage":23,"enemies":"Shelled Parasite and Fungi","floor":28,"turns":4},{"damage":51,"enemies":"Slavers","floor":29,"turns":4},{"damage":18,"enemies":"Book of Stabbing","floor":31,"turns":3},{"damage":31,"enemies":"Champ","floor":33,"turns":8},{"damage":10,"enemies":"Orb Walker","floor":35,"turns":3},{"damage":16,"enemies":"2 Orb Walkers","floor":36,"turns":3},{"damage":8,"enemies":"3 Shapes","floor":37,"turns":4},{"damage":10,"enemies":"Writhing Mass","floor":39,"turns":3},{"damage":0,"enemies":"Reptomancer","floor":46,"turns":4},{"damage":23,"enemies":"Spire Growth","floor":48,"turns":4},{"damage":32,"enemies":"Time Eater","floor":50,"turns":7}],"seed_played":"-4818706752430804479","potions_obtained":[{"floor":1,"key":"GamblersBrew"},{"floor":8,"key":"SneckoOil"},{"floor":14,"key":"LiquidMemories"},{"floor":16,"key":"Block Potion"},{"floor":29,"key":"PowerPotion"},{"floor":33,"key":"Block Potion"},{"floor":48,"key":"FearPotion"}],"is_trial":false,"path_per_floor":["M","M","?","M","T","E","$","M","T","M","M","R","$","M","R","B",null,"M","?","?","$","M","R","$","R","T","M","M","E","R","E","R","B",null,"M","?","M","$","M","R","$","?","T","?","R","E","R","M","R","B",null],"character_chosen":"IRONCLAD","items_purchased":["Membership Card","FairyPotion","Medical Kit","Anchor","Happy Flower","Feel No Pain","Heavy Blade"],"campfire_rested":4,"item_purchase_floors":[7,13,21,38,38,41,41],"current_hp_per_floor":[74,75,75,75,75,30,30,18,18,13,17,39,39,41,63,12,59,66,66,66,66,66,66,66,66,66,67,52,28,52,58,82,61,77,79,72,76,76,76,76,76,76,76,76,76,78,78,65,65,49],"gold":134,"neow_bonus":"ONE_RARE_RELIC","is_daily":false,"chose_seed":false,"campfire_upgraded":6,"win_rate":0.0,"timestamp":1611465171,"path_taken":["M","M","?","?","?","E","$","M","T","M","M","R","$","M","R","BOSS","M","?","?","$","M","R","?","R","T","M","?","E","R","E","R","BOSS","M","?","M","$","M","R","$","?","T","?","R","E","R","?","R","BOSS"],"items_purchased_type":["Relic","Potion","Relic","Relic","Relic","Card","Card"],"build_version":"2020-12-22","purchased_purges":1,"victory":true,"max_hp_per_floor":[75,75,75,75,75,75,75,75,75,75,75,75,75,75,75,75,75,75,75,75,75,75,75,75,75,75,75,75,82,82,82,82,82,82,82,82,82,82,82,82,82,78,78,78,78,78,78,78,78,78],"relic_stats":{"Happy Flower":[6],"counters":[23,112],"Dead Branch":[57],"PreservedInsect":61,"Question Card":22,"Medical Kit":[19],"Burning Blood":123,"Mercury Hourglass":[30],"Bird Faced Urn":[67],"Bronze Scales":[258],"Snecko Eye":[103,96,84,95],"Prayer Wheel":3,"obtain_stats":[{"Happy Flower":38,"Dead Branch":20,"Thread and Needle":0,"PreservedInsect":43,"Question Card":5,"Medical Kit":21,"Burning Blood":0,"Mercury Hourglass":46,"Anchor":38,"Bird Faced Urn":6,"Bronze Scales":9,"Strawberry":29,"Snecko Eye":17,"Prayer Wheel":36,"Mark of Pain":34,"Membership Card":7,"Meat on the Bone":26,"Paper Frog":31},{"Happy Flower":19,"Dead Branch":10,"Thread and Needle":0,"PreservedInsect":20,"Question Card":3,"Medical Kit":10,"Burning Blood":0,"Mercury Hourglass":21,"Anchor":19,"Bird Faced Urn":4,"Bronze Scales":5,"Strawberry":14,"Snecko Eye":9,"Prayer Wheel":18,"Mark of Pain":16,"Membership Card":4,"Meat on the Bone":11,"Paper Frog":15},{"Happy Flower":94,"Dead Branch":57,"Thread and Needle":0,"PreservedInsect":97,"Question Card":10,"Medical Kit":57,"Burning Blood":0,"Mercury Hourglass":101,"Anchor":94,"Bird Faced Urn":17,"Bronze Scales":22,"Strawberry":73,"Snecko Eye":53,"Prayer Wheel":90,"Mark of Pain":84,"Membership Card":17,"Meat on the Bone":62,"Paper Frog":76}],"Meat on the Bone":24},"card_choices":[{"not_picked":["Clash","Body Slam"],"picked":"Perfected Strike","floor":1},{"not_picked":["Armaments","Wild Strike"],"picked":"Fire Breathing","floor":2},{"not_picked":["Entrench","Infernal Blade"],"picked":"Intimidate","floor":4},{"not_picked":["Blood for Blood","Twin Strike","Impervious"],"picked":"True Grit","floor":6},{"not_picked":["Iron Wave","Pummel","Power Through"],"picked":"Spot Weakness","floor":8},{"not_picked":["Perfected Strike","Intimidate","Clash"],"picked":"Cleave","floor":10},{"not_picked":["Dual Wield","Infernal Blade","Sever Soul"],"picked":"Armaments","floor":11},{"not_picked":["Rupture","Wild Strike","Armaments","Flex"],"picked":"SKIP","floor":14},{"not_picked":["Impervious","Immolate","Limit Break"],"picked":"Juggernaut","floor":16},{"not_picked":["Warcry+1","Dropkick","Flex","Shrug It Off"],"picked":"SKIP","floor":18},{"not_picked":["Warcry+1","Dropkick","Flex","Shrug It Off"],"picked":"SKIP","floor":18},{"not_picked":["Infernal Blade","Berserk","Iron Wave"],"picked":"Perfected Strike","floor":22},{"not_picked":["Sever Soul","Pummel","Bloodletting"],"picked":"Perfected Strike","floor":27},{"not_picked":["Combust+1","Armaments","Body Slam"],"picked":"Perfected Strike+1","floor":28},{"not_picked":["Reaper","Uppercut","Warcry"],"picked":"Flame Barrier","floor":29},{"not_picked":["Thunderclap","Dropkick","Shrug It Off"],"picked":"Feel No Pain+1","floor":31},{"not_picked":["Brutality","Double Tap","Berserk"],"picked":"Demon Form","floor":33},{"not_picked":["Battle Trance","Feel No Pain","Body Slam"],"picked":"Uppercut","floor":35},{"not_picked":["Searing Blow","Thunderclap","Perfected Strike","Hemokinesis"],"picked":"SKIP","floor":37},{"not_picked":["Blood for Blood+1","Warcry","Heavy Blade","Twin Strike+1"],"picked":"SKIP","floor":37},{"not_picked":["Flex+1","Perfected Strike","Clash"],"picked":"Impervious","floor":39},{"not_picked":["Wild Strike","Havoc","Pummel+1","Clash"],"picked":"SKIP","floor":39},{"not_picked":["Heavy Blade+1","Sword Boomerang","Uppercut"],"picked":"Disarm+1","floor":46},{"not_picked":["Clash+1","Clothesline","Warcry"],"picked":"Limit Break","floor":48},{"not_picked":["Pommel Strike+1","Shrug It Off","Dropkick","Iron Wave"],"picked":"SKIP","floor":48}],"player_experience":500459,"relics_obtained":[{"floor":5,"key":"Question Card"},{"floor":6,"key":"Bird Faced Urn"},{"floor":9,"key":"Bronze Scales"},{"floor":26,"key":"Meat on the Bone"},{"floor":29,"key":"Strawberry"},{"floor":31,"key":"Paper Frog"},{"floor":36,"key":"Prayer Wheel"},{"floor":43,"key":"PreservedInsect"},{"floor":46,"key":"Mercury Hourglass"}],"event_choices":[{"damage_healed":0,"gold_gain":0,"player_choice":"Forge","damage_taken":0,"max_hp_gain":0,"max_hp_loss":0,"event_name":"Accursed Blacksmith","floor":3,"gold_loss":0,"cards_upgraded":["Bash"]},{"damage_healed":0,"gold_gain":0,"player_choice":"Ignored","damage_taken":0,"max_hp_gain":0,"max_hp_loss":0,"event_name":"Ghosts","floor":19,"gold_loss":0},{"damage_healed":0,"gold_gain":0,"player_choice":"Opened","damage_taken":0,"relics_obtained":["Dead Branch"],"max_hp_gain":0,"max_hp_loss":0,"event_name":"The Mausoleum","floor":20,"gold_loss":0,"cards_obtained":["Writhe"]},{"damage_healed":0,"gold_gain":0,"player_choice":"Fight","damage_taken":0,"max_hp_gain":0,"max_hp_loss":0,"event_name":"Mysterious Sphere","floor":36,"gold_loss":0},{"damage_healed":0,"gold_gain":0,"player_choice":"Max HP","damage_taken":0,"max_hp_gain":0,"max_hp_loss":4,"event_name":"Winding Halls","floor":42,"gold_loss":0},{"cards_removed":["Doubt"],"damage_healed":0,"gold_gain":0,"player_choice":"Removed Curses","damage_taken":0,"max_hp_gain":0,"max_hp_loss":0,"event_name":"Fountain of Cleansing","floor":44,"gold_loss":0}],"is_beta":false,"boss_relics":[{"not_picked":["Pandora\u0027s Box","Black Blood"],"picked":"Snecko Eye"},{"not_picked":["Sozu","Tiny House"],"picked":"Mark of Pain"}],"items_purged_floors":[24],"is_endless":false,"potions_floor_spawned":[1,8,14,16,18,27,29,33,35,48],"ascension_level":17}}