{"host":"i9z6y8pcdeu2qxnx","time":1611490315,"event":{"mods":["BaseMod","Colored Map","Googly Eyes","Highlight Path","Minty Spire (QoL Compilation)","Replay The Spire","StSLib"],"gold_per_floor":[114,140,140,157,175,192,226,27,50,50,68,84,84,109,109,232,232,246,266,266,285,301,301,301],"floor_reached":23,"language":"ENG","playtime":1902,"items_purged":[],"score":247,"play_id":"059498b5-b488-4d9e-aa12-996199d22199","local_time":"20210124071155","daily_mods":["Cursed Run","Uncertain Future","Lethality"],"is_ascension_mode":false,"campfire_choices":[{"floor":10,"key":"REST"},{"floor":15,"key":"REST"}],"circlet_count":0,"master_deck":["Strike_B","Strike_B","Strike_B","Strike_B","Defend_B","Defend_B","Defend_B","Defend_B","Zap","Dualcast","Conserve Battery","ReplayTheSpireMod:Faulty Equipment","Gash","Time Bomb","BasicCrystalCard","Rainbow","Leap","Beam Cell","Go for the Eyes","Heatsinks","ReplayTheSpireMod:Faulty Equipment","Stack","Sweeping Beam","Injury","Cold Snap","Hallucinations","All For One","FIFO Queue+1","White Noise","Melter","Turbo+1"],"relics":["Cursed Key","Darkstone Periapt","Du-Vu Doll","Art of War","Anchor","Orichalcum","Strawberry","Golden Idol","Painkiller Herb"],"acts_visited":["Exordium","TheCity"],"potions_floor_usage":[7,16,16,16,21],"damage_taken":[{"damage":14,"enemies":"Jaw Worm","floor":1,"turns":2},{"damage":0,"enemies":"2 Louse","floor":4,"turns":2},{"damage":1,"enemies":"Small Slimes","floor":5,"turns":3},{"damage":15,"enemies":"Blue Slaver","floor":6,"turns":3},{"damage":35,"enemies":"Lagavulin","floor":7,"turns":7},{"damage":12,"enemies":"Exordium Wildlife","floor":11,"turns":4},{"damage":21,"enemies":"Lots of Slimes","floor":12,"turns":5},{"damage":0,"enemies":"3 Louse","floor":14,"turns":1},{"damage":16,"enemies":"The Guardian","floor":16,"turns":8},{"damage":16,"enemies":"Spheric Guardian","floor":18,"turns":4},{"damage":10,"enemies":"Shell Parasite","floor":19,"turns":6},{"damage":21,"enemies":"Cultist and Chosen","floor":21,"turns":8},{"damage":31,"enemies":"3 Cultists","floor":22,"turns":4},{"damage":28,"enemies":"Book of Stabbing","floor":23,"turns":4}],"seed_played":"-2259864252827891990","potions_obtained":[{"floor":4,"key":"PowerPotion"},{"floor":6,"key":"Adrenaline Potion"},{"floor":7,"key":"SteroidPotion"},{"floor":12,"key":"Swift Potion"},{"floor":20,"key":"SkillPotion"},{"floor":20,"key":"FearPotion"},{"floor":20,"key":"PotionOfCapacity"},{"floor":21,"key":"Elixir"}],"is_trial":true,"path_per_floor":["M","T","?","M","M","M","E","$","T","R","M","M","?","M","R","B",null,"?","?","?","?","?","E"],"character_chosen":"DEFECT","items_purchased":["Leap","Beam Cell","Go for the Eyes","Heatsinks"],"campfire_rested":2,"item_purchase_floors":[8,8,8,8],"current_hp_per_floor":[61,67,60,60,59,44,9,9,22,50,38,17,23,23,53,43,106,90,80,80,59,28,0,0],"gold":301,"neow_bonus":"","is_daily":false,"chose_seed":false,"campfire_upgraded":0,"win_rate":0.0,"timestamp":1611490315,"path_taken":["M","?","?","M","M","M","E","$","T","R","M","M","?","M","R","BOSS","?","?","?","?","?","E"],"items_purchased_type":["Card","Card","Card","Card"],"build_version":"2020-12-22","purchased_purges":0,"victory":false,"max_hp_per_floor":[75,81,81,81,81,81,81,81,94,94,94,94,100,100,100,106,106,106,106,106,106,106,106,106],"card_choices":[{"not_picked":["Steam Power","Streamline"],"picked":"Conserve Battery","floor":1},{"not_picked":["Force Field","FTL"],"picked":"Gash","floor":4},{"not_picked":["Genetic Algorithm","BasicCrystalCard"],"picked":"Time Bomb","floor":5},{"not_picked":["ReplayGash","Barrage"],"picked":"BasicCrystalCard","floor":6},{"not_picked":["Panic Button","Lockon"],"picked":"Rainbow","floor":7},{"not_picked":["Panic Button","Streamline"],"picked":"Stack","floor":11},{"not_picked":["Crystallizer","Conserve Battery"],"picked":"Sweeping Beam","floor":12},{"not_picked":["Hologram","Go for the Eyes"],"picked":"Cold Snap","floor":14},{"not_picked":["Thunder Strike","Fission"],"picked":"All For One","floor":16},{"not_picked":["Auto Shields+1","Leap"],"picked":"FIFO Queue+1","floor":18},{"not_picked":["ReplayTheSpireMod:Reroute Power+1","BasicCrystalCard"],"picked":"White Noise","floor":19},{"not_picked":["Genetic Algorithm+1","Redo"],"picked":"Melter","floor":21},{"not_picked":["Darkness+1","Go for the Eyes"],"picked":"Turbo+1","floor":22}],"player_experience":943509,"relics_obtained":[{"floor":2,"key":"Art of War"},{"floor":7,"key":"Orichalcum"},{"floor":9,"key":"Strawberry"}],"event_choices":[{"damage_healed":0,"gold_gain":0,"player_choice":"Success","damage_taken":7,"relics_obtained":["Anchor"],"max_hp_gain":0,"max_hp_loss":0,"event_name":"Scrap Ooze","floor":3,"gold_loss":0},{"damage_healed":0,"gold_gain":0,"player_choice":"Take Wound","damage_taken":0,"relics_obtained":["Golden Idol"],"max_hp_gain":0,"max_hp_loss":0,"event_name":"Golden Idol","floor":13,"gold_loss":0,"cards_obtained":["Injury"]},{"damage_healed":0,"gold_gain":0,"player_choice":"Got Potions","damage_taken":0,"max_hp_gain":0,"max_hp_loss":0,"event_name":"Lab","floor":20,"gold_loss":0}],"is_beta":false,"boss_relics":[{"not_picked":["ReplayTheSpireMod:DimensionalGlitch","Runic Dome"],"picked":"Painkiller Herb"}],"items_purged_floors":[],"is_endless":false,"potions_floor_spawned":[4,6,7,12,21],"killed_by":"Book of Stabbing","ascension_level":0}}