{"host":"f251oio0chsiwdug","time":1611483088,"event":{"mods":["BaseMod","Colored Map","Downfall","Hermit","Lobotomy","Marisa????????","Minty Spire (QoL Compilation)","Replay The Spire","Shop Mod","StSLib","The Cursed"],"gold_per_floor":[110,110,121,121,121,138,88,88,88],"floor_reached":8,"language":"DEU","playtime":532,"items_purged":[],"score":46,"play_id":"69cbd798-6ddc-4b93-9922-f6a1a12bff68","local_time":"20210124111128","is_ascension_mode":false,"campfire_choices":[],"circlet_count":0,"master_deck":["Strike_P","Strike_P","Strike_P","Defend_P","Defend_P","Defend_P","Eruption","Vigilance","RedShoes","FlurryOfBlows","MeatLantern","BattleHymn","UniverseFragment","ClearTheMind"],"relics":["PureWater","CogitoBucket"],"acts_visited":[],"potions_floor_usage":[],"damage_taken":[{"damage":0,"enemies":"Jaw Worm","floor":1,"turns":2},{"damage":1,"enemies":"Cultist","floor":3,"turns":2},{"damage":53,"enemies":"Small Slimes","floor":6,"turns":2},{"damage":52,"enemies":"3 Sentries","floor":8,"turns":2}],"seed_played":"-7033089657079440576","potions_obtained":[],"is_trial":false,"path_per_floor":["M","?","M","PTL","PTL","M","?","E"],"character_chosen":"WATCHER","items_purchased":[],"campfire_rested":0,"item_purchase_floors":[],"current_hp_per_floor":[72,72,71,71,71,18,18,0,0],"gold":88,"neow_bonus":"","is_daily":false,"chose_seed":false,"campfire_upgraded":0,"win_rate":0.0,"timestamp":1611483088,"path_taken":["M","?","M","PTL","PTL","M","?","E"],"items_purchased_type":[],"build_version":"2020-12-22","purchased_purges":0,"victory":false,"max_hp_per_floor":[72,72,72,72,72,72,72,72,72],"card_choices":[{"not_picked":["VoidDream","CherryBlossoms"],"picked":"RedShoes","floor":1},{"not_picked":["Weave","FlyingSleeves"],"picked":"FlurryOfBlows","floor":1},{"not_picked":["Laetitia","SpiderBud"],"picked":"MeatLantern","floor":3},{"not_picked":["DeceiveReality","EmptyBody"],"picked":"BattleHymn","floor":3},{"not_picked":["UniverseFragment","OldLady","VoidDream"],"picked":"Singing Bowl","floor":6},{"not_picked":["FairyFestival","Wellcheers"],"picked":"UniverseFragment","floor":6},{"not_picked":["PathToVictory","Tantrum"],"picked":"ClearTheMind","floor":6}],"player_experience":43325,"relics_obtained":[],"event_choices":[{"cards_removed":["Defend_P"],"damage_healed":0,"gold_gain":0,"player_choice":"Card Removal","damage_taken":0,"max_hp_gain":0,"max_hp_loss":0,"event_name":"The Cleric","floor":7,"gold_loss":50}],"is_beta":false,"boss_relics":[],"items_purged_floors":[],"is_endless":false,"potions_floor_spawned":[],"killed_by":"3 Sentries","ascension_level":0}}