{"host":"j019w4cyowrad0mf","time":1611480908,"event":{"mods":["2.2 Compatiblity","Act Like it!","BaseMod","CapriCore","Gensokyo","HololiveMod","Marisa????????","Minty Spire (QoL Compilation)","Reimu??????","StSLib","Waifu the Spire","WarShipGirlsR/????R mod"],"gold_per_floor":[80,80,100,100,116,116,116,156,156,184,205,205,222,241,241,247,247],"floor_reached":16,"language":"ENG","playtime":1271,"items_purged":[],"score":129,"play_id":"7d4a645a-5335-4c71-aafb-2816d3ddade6","local_time":"20210124013508","is_ascension_mode":false,"campfire_choices":[{"data":"Hololive_CallDoris","floor":6,"key":"SMITH"},{"data":"Hololive_CallAkiRosenthal","floor":12,"key":"SMITH"},{"data":"Hololive_CallShiroganeNoel","floor":15,"key":"SMITH"}],"circlet_count":0,"master_deck":["Hololive_Strike","Hololive_Strike","Hololive_Defend","Hololive_Defend","Hololive_Sequa","Hololive_CallKiryuuCoco","Hololive_CallInugamiKorone","Hololive_CallFriendA","Hololive_CallUsadaPekora","Hololive_CallDoris+1","Hololive_MaximGun","Hololive_CallMoonaHoshinova","Hololive_CallSpadeEcho","Gensokyo:CrescentMoonSlash","Hololive_CallShishiroBotan","Pain","Hololive_StrengthChampion","Hololive_CallAkiRosenthal+1","Hololive_HuntDinosaur","Hololive_AWSL","Hololive_CallShiroganeNoel+1"],"relics":["Hololive_TheStar","HornCleat","Gensokyo:LunaticRedEyes","Tea:ReiMu","Sundial"],"acts_visited":["Exordium"],"potions_floor_usage":[16],"damage_taken":[{"damage":0,"enemies":"Gensokyo:3_Fairies","floor":1,"turns":4},{"damage":0,"enemies":"Gensokyo:Python","floor":3,"turns":2},{"damage":0,"enemies":"Gensokyo:2_Kodama","floor":5,"turns":2},{"damage":0,"enemies":"Gensokyo:Cirno","floor":8,"turns":5},{"damage":1,"enemies":"Gensokyo:Kitsune","floor":10,"turns":2},{"damage":1,"enemies":"Gensokyo:VengefulSpirit","floor":11,"turns":2},{"damage":0,"enemies":"Gensokyo:3_Kodama","floor":13,"turns":2},{"damage":0,"enemies":"Gensokyo:LivingMonolith","floor":14,"turns":3},{"damage":27,"enemies":"Gensokyo:Reimu","floor":16,"turns":12}],"seed_played":"418065734100499329","potions_obtained":[{"floor":1,"key":"Swift Potion"},{"floor":3,"key":"Fire Potion"},{"floor":11,"key":"PowerPotion"}],"is_trial":false,"path_per_floor":["M","?","M","?","M","R","?","E","T","M","M","R","M","M","R","B"],"character_chosen":"Hololive_HololiveCharacter","items_purchased":[],"campfire_rested":0,"item_purchase_floors":[],"current_hp_per_floor":[35,28,28,23,23,23,23,23,23,22,21,21,21,22,22,0,0],"gold":247,"neow_bonus":"ONE_RANDOM_RARE_CARD","is_daily":false,"chose_seed":false,"campfire_upgraded":3,"win_rate":0.0,"timestamp":1611480908,"path_taken":["M","?","?","?","?","R","?","E","T","M","M","R","M","M","R","BOSS"],"items_purchased_type":[],"build_version":"2020-12-22","purchased_purges":0,"victory":false,"max_hp_per_floor":[35,35,35,35,35,35,35,35,35,35,35,35,35,36,36,37,37],"card_choices":[{"not_picked":["Hololive_Psychosis","Hololive_StrengthChampion","Hololive_FlyingPonyTail"],"picked":"Hololive_CallMoonaHoshinova","floor":1},{"not_picked":["Hololive_StrengthChampion","Hololive_DevilCharm","Hololive_Drill"],"picked":"Hololive_CallSpadeEcho","floor":3},{"not_picked":["Hololive_CallTokoyamiTowa","Hololive_Rebound","Hololive_StrengthChampion"],"picked":"Hololive_CallShishiroBotan","floor":5},{"not_picked":["Hololive_CallShishiroBotan","Hololive_HuntDinosaur","Hololive_LuckPotion"],"picked":"Hololive_StrengthChampion","floor":8},{"not_picked":["Hololive_Sequa","Hololive_LuckPotion","Hololive_Watashimo"],"picked":"Hololive_CallAkiRosenthal","floor":10},{"not_picked":["Hololive_StrengthChampion","Hololive_CandyCastle","Hololive_LuckPotion"],"picked":"Hololive_HuntDinosaur","floor":11},{"not_picked":["Hololive_StrengthChampion","Hololive_CandyCastle","Hololive_CallSpadeEcho"],"picked":"Hololive_AWSL","floor":13},{"not_picked":["Hololive_CocoNews","Hololive_Breathe","Hololive_CallDoris"],"picked":"Hololive_CallShiroganeNoel","floor":14}],"player_experience":320020,"relics_obtained":[{"floor":8,"key":"Tea:ReiMu"},{"floor":9,"key":"Sundial"}],"event_choices":[],"is_beta":false,"boss_relics":[],"items_purged_floors":[],"is_endless":false,"potions_floor_spawned":[1,3,11,14],"killed_by":"Gensokyo:Reimu","ascension_level":0}}