{"host":"nnt34ungdh9fkcmy","time":1611453329,"event":{"mods":["BaseMod","Downfall","Minty Spire (QoL Compilation)","StSLib","SuperFastMode"],"gold_per_floor":[99,115,115,115,64,97,122,122,146,46,46,46,61,87,102,102,102,102],"floor_reached":16,"language":"ENG","playtime":639,"items_purged":[],"score":111,"play_id":"dcb750f4-6ecd-4eb6-9ba9-04db113aaef2","local_time":"20210123185529","is_ascension_mode":true,"campfire_choices":[{"floor":1,"key":"REST"},{"data":"bronze:BugBarrage","floor":10,"key":"SMITH"},{"floor":12,"key":"REST"}],"circlet_count":0,"master_deck":["bronze:Strike","bronze:Strike","bronze:Defend","bronze:Defend","bronze:Defend","bronze:Defend","bronze:Replicate","bronze:Goto","bronze:AlphaBuild","bronze:OilSpill","bronze:WildBeam","bronze:BugBarrage+1","bronze:BronzeOrb","bronze:GetLatest+1","bronze:CutThrough","bronze:HardenedForm","bronze:BronzeArmor+1"],"relics":["bronze:BronzeCore","Tiny Chest","Toxic Egg 2","Matryoshka","Anchor","Boot","downfall:HeartBlessingBlue","Omamori"],"acts_visited":["Exordium"],"potions_floor_usage":[14],"damage_taken":[{"damage":2,"enemies":"2 Louse","floor":2,"turns":2},{"damage":0,"enemies":"downfall:FleeingMerchant","floor":5,"turns":4},{"damage":26,"enemies":"Lagavulin","floor":6,"turns":4},{"damage":0,"enemies":"Jaw Worm","floor":13,"turns":1},{"damage":14,"enemies":"Gremlin Nob","floor":14,"turns":3},{"damage":0,"enemies":"Small Slimes","floor":15,"turns":2},{"damage":47,"enemies":"WA_ARCHETYPE_RETAIN","floor":16,"turns":10}],"seed_played":"-6044246542812059783","potions_obtained":[{"floor":2,"key":"Dexterity Potion"},{"floor":13,"key":"FearPotion"},{"floor":15,"key":"sneckomod:MuddlingPotion"}],"is_trial":false,"path_per_floor":["R","M","?","?","$","E","T","T","T","R","?","R","M","E","M","B"],"character_chosen":"THE_AUTOMATON","items_purchased":["bronze:BronzeOrb"],"campfire_rested":2,"item_purchase_floors":[5],"current_hp_per_floor":[70,68,65,65,65,39,39,39,39,49,49,73,73,59,59,12,12,12],"gold":102,"neow_bonus":"THREE_RARE_CARDS","is_daily":false,"chose_seed":false,"campfire_upgraded":1,"win_rate":0.0,"timestamp":1611453329,"path_taken":["R","M","?","?","?","E","T","?","?","R","?","R","M","E","M","BOSS"],"items_purchased_type":["Card"],"build_version":"2020-12-22","purchased_purges":0,"victory":false,"max_hp_per_floor":[70,70,70,70,70,70,70,70,70,80,80,80,80,80,80,80,80,80],"card_choices":[{"not_picked":["bronze:BurnOut","bronze:Assembly"],"picked":"bronze:AlphaBuild","floor":0},{"not_picked":["bronze:Backtrace","bronze:CloningBeam"],"picked":"bronze:OilSpill","floor":2},{"not_picked":["bronze:ItsAFeature","bronze:BuggyMess"],"picked":"bronze:BugBarrage","floor":5},{"not_picked":["bronze:Branch","bronze:Frontload+1"],"picked":"bronze:GetLatest+1","floor":6},{"not_picked":["bronze:DelayedSlice","bronze:FollowUp"],"picked":"bronze:CutThrough","floor":13},{"not_picked":["bronze:Constructor+1","bronze:BugBarrage"],"picked":"bronze:HardenedForm","floor":14},{"not_picked":["bronze:BuggyMess+1","bronze:Allocate+1"],"picked":"bronze:BronzeArmor+1","floor":15}],"player_experience":246188,"relics_obtained":[{"floor":6,"key":"Toxic Egg 2"},{"floor":8,"key":"Matryoshka"},{"floor":9,"key":"Anchor"},{"floor":9,"key":"Boot"},{"floor":14,"key":"Omamori"}],"event_choices":[{"damage_healed":0,"gold_gain":0,"player_choice":"Success","damage_taken":3,"relics_obtained":["Tiny Chest"],"max_hp_gain":0,"max_hp_loss":0,"event_name":"Scrap Ooze","floor":3,"gold_loss":0},{"cards_removed":["bronze:Strike"],"damage_healed":0,"gold_gain":0,"player_choice":"Card Removal","damage_taken":0,"max_hp_gain":0,"max_hp_loss":0,"event_name":"The Cleric","floor":11,"gold_loss":0}],"is_beta":false,"boss_relics":[],"items_purged_floors":[],"is_endless":false,"potions_floor_spawned":[2,13,15],"killed_by":"WA_ARCHETYPE_RETAIN","ascension_level":1}}