{"host":"gyphjc57tbbk9zp6","time":1611475901,"event":{"mods":["100% Spire Juice","Act Like it!","Arknights The Spire","BaseMod","Downfall","Elementarium","Friendly Minions","FruityMod","Gensokyo","Gremlin Skip","Hallownest","Hermit","Highlight Path","Hubris","Hyrulean Relics","Infinite Spire","Ironclad Rager","Jorbs\u0027s Wanderer Trilogy","KinomotoSakuraMod(????)","Kiyohime????","Koishi","Luminous","Mad Scientist","Marisa????????","Mimic Mod","Minty Spire (QoL Compilation)","Nova Terra(??·??)","Pale of the Ancients","Potionbrewer","Robot Space Explorer","Shedinja","StSLib","SuperFastMode","Td1madao Mod","The Administrix","The Blackbeard","The Bladedancer","The Bug Knight","The Construct","The Disciple","The Druid","The Elementalist","The Exalted","The Hayseed","The Hierophant","The Judge","The Juggle","The Jungle","The Mystic","The Poker Player","The Senshi","The Servant 0.9.4","The Trickster","The Vixen","The Wild Card","TheHero","TheSwordswoman","TheVelvet","Yuyuko"],"gold_per_floor":[115,133,183,108,125,125,154,169,194,207,221,40,40,74,74,74,74],"floor_reached":16,"language":"ENG","playtime":1080,"items_purged":["Strike_S"],"score":137,"play_id":"336e141c-5fa8-4bc8-919e-36990e19eaac","local_time":"20210124021141","is_ascension_mode":false,"campfire_choices":[{"data":"Revamp","floor":6,"key":"SMITH"},{"data":"Manipulate","floor":13,"key":"SMITH"},{"data":"Exchange","floor":15,"key":"SMITH"}],"circlet_count":0,"master_deck":["Strike_S","Strike_S","Strike_S","Defend_S","Defend_S","Defend_S","Defend_S","KidneyShot","Exchange+1","Revamp+1","TimeWarp","ShiftingGears","Manipulate+1","StarChef","FanOfKnives"],"relics":["Uniform","Hallownest:BankAccountRelic","Ancient Tea Set","Broom","Strawberry","MealTicket"],"acts_visited":["Hallownest:Greenpath"],"potions_floor_usage":[7,12,14],"damage_taken":[{"damage":13,"enemies":"Hallownest:2_Tiktiks_and_1_Crawlid","floor":1,"turns":6},{"damage":2,"enemies":"Hallownest:2_Baldur","floor":2,"turns":5},{"damage":1,"enemies":"Hallownest:monsterHuskWarrior","floor":5,"turns":4},{"damage":26,"enemies":"Hallownest:eliteCrystalGuardian","floor":7,"turns":11},{"damage":8,"enemies":"Hallownest:Guard_and_Warrior","floor":8,"turns":7},{"damage":1,"enemies":"Hallownest:Wandering_and_Horned","floor":10,"turns":7},{"damage":0,"enemies":"Hallownest:monsterFoolEater","floor":11,"turns":6},{"damage":4,"enemies":"Hallownest:eliteMossKnight","floor":14,"turns":8},{"damage":16,"enemies":"Hallownest:BossFalseKnight","floor":16,"turns":3}],"seed_played":"6713497062091271857","potions_obtained":[{"floor":2,"key":"potionbrewer:CleansingPotion"},{"floor":7,"key":"Block Potion"},{"floor":11,"key":"Fruit Juice"}],"is_trial":false,"path_per_floor":["M","M","?","?","M","R","E","M","T","M","M","$","R","E","R","B"],"character_chosen":"THE_SERVANT","items_purchased":["Strawberry"],"campfire_rested":0,"item_purchase_floors":[12],"current_hp_per_floor":[46,44,44,44,43,43,17,9,9,8,8,20,20,16,16,0,0],"gold":74,"neow_bonus":"TWENTY_PERCENT_HP_BONUS","is_daily":false,"chose_seed":false,"campfire_upgraded":3,"win_rate":0.0,"timestamp":1611475901,"path_taken":["M","M","?","?","M","R","E","M","T","M","M","$","R","E","R","BOSS"],"items_purchased_type":["Relic"],"build_version":"2020-12-22","purchased_purges":1,"victory":false,"max_hp_per_floor":[77,77,77,77,77,77,77,77,77,77,77,89,89,89,89,89,89],"card_choices":[{"not_picked":["FanOfKnives","DoubleEdge"],"picked":"Revamp","floor":1},{"not_picked":["Starlight","Potential"],"picked":"TimeWarp","floor":2},{"not_picked":["TimeWarp","ShatteredReality"],"picked":"ShiftingGears","floor":5},{"not_picked":["TrueSight","Defy"],"picked":"Manipulate","floor":7},{"not_picked":["Collapse","Manipulate","DoubleEdge"],"picked":"SKIP","floor":8},{"not_picked":["Starlight","DoubleEdge"],"picked":"StarChef","floor":10},{"not_picked":["FastForward","Rearm"],"picked":"FanOfKnives","floor":11},{"not_picked":["Starlight","Revamp","Desolation"],"picked":"SKIP","floor":14}],"player_experience":1056670,"relics_obtained":[{"floor":7,"key":"Ancient Tea Set"},{"floor":9,"key":"Broom"},{"floor":14,"key":"MealTicket"}],"event_choices":[],"is_beta":false,"boss_relics":[],"items_purged_floors":[12],"is_endless":false,"potions_floor_spawned":[2,7,11],"killed_by":"Hallownest:BossFalseKnight","ascension_level":0}}