{"host":"aj7el8l5kufbk20z","time":1611465418,"event":{"mods":["AchievementEnabler","BaseMod","Colored Map","Colored Powertips","Curses Come First","Highlight Path","Minty Spire (QoL Compilation)","Permanent Neow","Poor People Problems","Quick Restart","Rare Cards Sparkle","Relic Stats","StSLib","SuperFastMode","Waifu the Spire"],"gold_per_floor":[115,115,115,76,89,89,120,120,120,144,144,159,240,254,254,331,331,342,190,190,190,207,207,207,207,207,207,219,251,263,263],"floor_reached":30,"language":"ZHS","playtime":916,"items_purged":[],"score":436,"play_id":"cc20fb7b-c056-4cc8-8bd5-b9f9346f046c","local_time":"20210124131658","is_ascension_mode":true,"campfire_choices":[{"data":"Metallicize","floor":6.0,"key":"SMITH"},{"data":"Combust","floor":8.0,"key":"SMITH"},{"data":"Spot Weakness","floor":15.0,"key":"SMITH"},{"floor":23,"key":"REST"},{"data":"Rampage","floor":28,"key":"SMITH"}],"circlet_count":0,"master_deck":["AscendersBane","Strike_R+1","Strike_R+1","Strike_R+1","Strike_R+1","Defend_R+1","Defend_R+1","Defend_R+1","Defend_R+1","Bash","Perfected Strike","Combust+1","Metallicize+1","Spot Weakness+1","Seeing Red","Rampage+1","Heavy Blade","Corruption+1","Infernal Blade","Iron Wave"],"relics":["Black Blood","NeowsBlessing","Regal Pillow","Frozen Egg 2","Tiny Chest","Odd Mushroom","Anchor","Bottled Flame","Sling","Matryoshka","Darkstone Periapt","MawBank"],"acts_visited":["Exordium","TheCity"],"potions_floor_usage":[],"damage_taken":[{"damage":0.0,"enemies":"2 Louse","floor":1.0,"turns":1.0},{"damage":0.0,"enemies":"Jaw Worm","floor":5.0,"turns":1.0},{"damage":0.0,"enemies":"3 Sentries","floor":7.0,"turns":2.0},{"damage":20.0,"enemies":"The Mushroom Lair","floor":10.0,"turns":4.0},{"damage":2.0,"enemies":"Cultist","floor":12.0,"turns":4.0},{"damage":3.0,"enemies":"Large Slime","floor":14.0,"turns":5.0},{"damage":32,"enemies":"Slime Boss","floor":16,"turns":9},{"damage":32,"enemies":"Spheric Guardian","floor":18,"turns":4},{"damage":32,"enemies":"Shell Parasite","floor":22,"turns":6},{"damage":51,"enemies":"Centurion and Healer","floor":29,"turns":6},{"damage":16,"enemies":"Slavers","floor":30,"turns":2}],"seed_played":"2626546772684453255","potions_obtained":[{"floor":10.0,"key":"AttackPotion"},{"floor":12.0,"key":"LiquidMemories"},{"floor":29,"key":"AttackPotion"}],"is_trial":false,"path_per_floor":["M","?","?","$","M","R","E","R","T","?","T","M","T","M","R","B",null,"M","$","?","$","M","R","?","$","T","T","R","M","E"],"character_chosen":"IRONCLAD","items_purchased":["Combust","Sling"],"campfire_rested":1,"item_purchase_floors":[4,19],"current_hp_per_floor":[74,67,62,62,68,68,74,74,74,60,60,64,64,67,67,41,67,47,47,47,47,27,64,64,64,64,64,64,25,9,9],"gold":263,"neow_bonus":"THREE_ENEMY_KILL","is_daily":false,"chose_seed":false,"campfire_upgraded":4,"win_rate":0.0,"timestamp":1611465418,"path_taken":["M","?","?","?","?","R","E","R","T","?","?","?","?","?","R","BOSS","M","$","?","$","M","R","?","$","T","?","R","?","E"],"items_purchased_type":["Card","Relic"],"build_version":"2020-12-22","purchased_purges":0,"victory":false,"max_hp_per_floor":[75,75,75,75,75,75,75,75,75,75,75,75,75,75,75,75,75,75,75,75,75,75,75,75,75,75,75,75,75,75,75],"relic_stats":{"Darkstone Periapt":0,"Regal Pillow":15,"counters":[11,44],"Black Blood":78,"Tiny Chest":2,"MawBank":36,"obtain_stats":[{"Darkstone Periapt":27,"Regal Pillow":3,"NeowsBlessing":0,"Black Blood":17,"Frozen Egg 2":7,"Odd Mushroom":10,"Sling":19,"MawBank":27,"Burning Blood":0,"Anchor":11,"Bottled Flame":13,"Matryoshka":26,"Tiny Chest":9},{"Darkstone Periapt":9,"Regal Pillow":1,"NeowsBlessing":0,"Black Blood":7,"Frozen Egg 2":3,"Odd Mushroom":4,"Sling":8,"MawBank":9,"Burning Blood":0,"Anchor":4,"Bottled Flame":5,"Matryoshka":9,"Tiny Chest":3},{"Darkstone Periapt":36,"Regal Pillow":1,"NeowsBlessing":0,"Black Blood":26,"Frozen Egg 2":4,"Odd Mushroom":8,"Sling":30,"MawBank":36,"Burning Blood":0,"Anchor":8,"Bottled Flame":12,"Matryoshka":36,"Tiny Chest":4}]},"card_choices":[{"not_picked":["Rage","Clothesline"],"picked":"Perfected Strike","floor":1.0},{"not_picked":["Rage","Uppercut"],"picked":"Metallicize","floor":5.0},{"not_picked":["Clash","Rupture+1"],"picked":"Spot Weakness","floor":7.0},{"not_picked":["Thunderclap","Pummel"],"picked":"Seeing Red","floor":10.0},{"not_picked":["Havoc","Clash"],"picked":"Rampage","floor":12.0},{"not_picked":["Sword Boomerang","Headbutt"],"picked":"Heavy Blade","floor":14.0},{"not_picked":["Brutality+1","Feed"],"picked":"Corruption+1","floor":16},{"not_picked":["Warcry","Wild Strike"],"picked":"Infernal Blade","floor":18},{"not_picked":["Sever Soul","Searing Blow"],"picked":"Iron Wave","floor":22},{"not_picked":["Bloodletting","Pommel Strike","Headbutt"],"picked":"SKIP","floor":29}],"player_experience":370808,"relics_obtained":[{"floor":7.0,"key":"Frozen Egg 2"},{"floor":9.0,"key":"Tiny Chest"},{"floor":10.0,"key":"Odd Mushroom"},{"floor":11.0,"key":"Anchor"},{"floor":13.0,"key":"Bottled Flame"},{"floor":26,"key":"Matryoshka"},{"floor":27,"key":"Darkstone Periapt"},{"floor":27,"key":"MawBank"}],"event_choices":[{"cards_removed":["Strike_R"],"damage_healed":0.0,"max_hp_gain":0.0,"max_hp_loss":0.0,"gold_gain":0.0,"event_name":"Golden Wing","player_choice":"Card Removal","floor":2.0,"gold_loss":0.0,"damage_taken":7.0},{"damage_healed":0.0,"max_hp_gain":0.0,"max_hp_loss":0.0,"gold_gain":0.0,"event_name":"Scrap Ooze","player_choice":"Success","floor":3.0,"gold_loss":0.0,"damage_taken":5.0,"relics_obtained":["Regal Pillow"]},{"damage_healed":0.0,"max_hp_gain":0.0,"max_hp_loss":0.0,"gold_gain":0.0,"event_name":"Mushrooms","player_choice":"Fought Mushrooms","floor":10.0,"gold_loss":0.0,"damage_taken":0.0},{"damage_healed":0,"gold_gain":0,"player_choice":"Ignored","damage_taken":0,"max_hp_gain":0,"max_hp_loss":0,"event_name":"Vampires","floor":20,"gold_loss":0},{"damage_healed":0,"gold_gain":0,"player_choice":"Simplicity","damage_taken":0,"max_hp_gain":0,"max_hp_loss":0,"event_name":"Back to Basics","floor":24,"gold_loss":0,"cards_upgraded":["Strike_R","Strike_R","Strike_R","Strike_R","Defend_R","Defend_R","Defend_R","Defend_R"]}],"is_beta":false,"boss_relics":[{"not_picked":["Busted Crown","Black Star"],"picked":"Black Blood"}],"items_purged_floors":[],"is_endless":false,"potions_floor_spawned":[10,12,29],"killed_by":"Slavers","ascension_level":15}}