{"host":"aqym1xxr3lb31d9m","time":1611492398,"event":{"mods":["BaseMod","Block Reminder","Colored Map","Colored Powertips","DeckTracker","Highlight Path","Minty Spire (QoL Compilation)","Quick Restart","Random Character Button","StSLib","SuperFastMode","UnlockEverythingMod"],"gold_per_floor":[116,266,281,48,48,48,60,85,111,129,129,129,129,129,129,129,129],"floor_reached":16,"language":"JPN","playtime":470,"items_purged":["Doubt"],"score":200,"play_id":"066e1090-58fc-4447-9e07-df085eccb142","local_time":"20210124214638","is_ascension_mode":true,"campfire_choices":[{"data":"Zap","floor":6,"key":"SMITH"},{"floor":11,"key":"REST"},{"data":"Coolheaded","floor":13,"key":"SMITH"},{"floor":15,"key":"REST"}],"circlet_count":0,"master_deck":["AscendersBane","Strike_B","Strike_B","Strike_B","Strike_B","Defend_B","Defend_B","Defend_B","Zap+1","Dualcast","Coolheaded+1","Gash","BootSequence","Turbo","Turbo"],"relics":["Runic Pyramid","Oddly Smooth Stone","DataDisk","Singing Bowl","Tiny Chest"],"acts_visited":["Exordium"],"potions_floor_usage":[12],"damage_taken":[{"damage":1,"enemies":"Cultist","floor":1,"turns":4},{"damage":2,"enemies":"Small Slimes","floor":3,"turns":4},{"damage":0,"enemies":"2 Louse","floor":7,"turns":2},{"damage":54,"enemies":"Gremlin Nob","floor":8,"turns":5},{"damage":0,"enemies":"Large Slime","floor":10,"turns":7},{"damage":0,"enemies":"Gremlin Gang","floor":12,"turns":1},{"damage":41,"enemies":"Slime Boss","floor":16,"turns":10}],"seed_played":"3328913914521884788","potions_obtained":[{"floor":10,"key":"SmokeBomb"}],"is_trial":false,"path_per_floor":["M","?","M","$","?","R","M","E","T","M","R","M","R","?","R","B"],"character_chosen":"DEFECT","items_purchased":["Oddly Smooth Stone"],"campfire_rested":2,"item_purchase_floors":[4],"current_hp_per_floor":[63,63,61,61,56,56,56,2,2,2,23,23,23,16,37,0,0],"gold":129,"neow_bonus":"BOSS_RELIC","is_daily":false,"chose_seed":false,"campfire_upgraded":2,"win_rate":0.0,"timestamp":1611492398,"path_taken":["M","?","M","$","?","R","M","E","T","M","R","M","R","?","R","BOSS"],"items_purchased_type":["Relic"],"build_version":"2020-12-22","purchased_purges":1,"victory":false,"max_hp_per_floor":[71,71,71,71,71,71,71,71,71,71,71,71,71,71,71,71,71],"card_choices":[{"not_picked":["Tempest","Redo"],"picked":"Coolheaded","floor":1},{"not_picked":["Steam","Sweeping Beam"],"picked":"Gash","floor":3},{"not_picked":["Ball Lightning","Gash"],"picked":"BootSequence","floor":7},{"not_picked":["Consume","Thunder Strike"],"picked":"Turbo","floor":8},{"not_picked":["Steam Power","Rebound"],"picked":"Turbo","floor":10}],"player_experience":4033248,"relics_obtained":[{"floor":8,"key":"Singing Bowl"},{"floor":9,"key":"Tiny Chest"}],"event_choices":[{"damage_healed":0,"gold_gain":150,"player_choice":"AGREE","damage_taken":0,"max_hp_gain":0,"max_hp_loss":0,"event_name":"Liars Game","floor":2,"gold_loss":0,"cards_obtained":["Doubt"]},{"damage_healed":0,"gold_gain":0,"player_choice":"Success","damage_taken":5,"relics_obtained":["DataDisk"],"max_hp_gain":0,"max_hp_loss":0,"event_name":"Scrap Ooze","floor":5,"gold_loss":0},{"cards_removed":["Defend_B"],"damage_healed":0,"gold_gain":0,"player_choice":"Card Removal","damage_taken":7,"max_hp_gain":0,"max_hp_loss":0,"event_name":"Golden Wing","floor":14,"gold_loss":0}],"is_beta":false,"boss_relics":[],"items_purged_floors":[4],"is_endless":false,"potions_floor_spawned":[10],"killed_by":"Slime Boss","ascension_level":20}}