{"host":"b1dzdo8uo7e6jx8g","time":1611503571,"event":{"mods":["AchievementEnabler","BaseMod","BetterRewards","Colored Map","Downfall","Highlight Path","Minty Spire (QoL Compilation)","StSLib"],"gold_per_floor":[110,110,110,125,50,50,50,50,101,142,142,165,186,199,199,322,322,341,341,364,364,384,428,179,195,195,195,218,218,243,243,243,371,371,384,447,467,467,485,485,485,501,501,501,522,56,389,399,399,399,399],"floor_reached":50,"language":"ENG","playtime":1695,"items_purged":["Writhe","downfall:Bewildered"],"score":689,"play_id":"5a749fc6-bb26-4c35-b070-2db30a02991f","local_time":"20210124165251","is_ascension_mode":false,"campfire_choices":[{"data":"Beam Cell","floor":6,"key":"SMITH"},{"floor":11,"key":"REST"},{"data":"Consume","floor":15,"key":"SMITH"},{"floor":29,"key":"REST"},{"data":"Ghostly","floor":32,"key":"SMITH"},{"floor":40,"key":"RECALL"},{"data":"Ghostly","floor":44,"key":"SMITH"},{"data":"Ghostly","floor":49,"key":"SMITH"}],"circlet_count":0,"master_deck":["Strike_B","Strike_B","Strike_B","Strike_B","Defend_B","Defend_B","Defend_B","Defend_B","Zap","Dualcast","Rebound","Rip and Tear","Defend_R","Beam Cell+1","Capacitor","Self Repair","Conserve Battery","Consume+1","Electrodynamics","Beam Cell","Ghostly+1","Ghostly+1","Ghostly+1","Ghostly","Ghostly","Trip","Ball Lightning+1","Consume","Echo Form+1","Melter+1","Double Energy","Self Repair+1","Madness","Madness","Storm+1","Master of Strategy"],"relics":["Cracked Core","Centennial Puzzle","Lantern","The Courier","Inserter","Regal Pillow","Mango","Pen Nib","Frozen Egg 2","sneckomod:BabySnecko","bronze:MakeshiftBattery","FossilizedHelix","Blood Vial","Bottled Lightning"],"acts_visited":["Exordium","TheCity","TheBeyond"],"potions_floor_usage":[23],"damage_taken":[{"damage":10,"enemies":"Small Slimes","floor":1,"turns":3},{"damage":10,"enemies":"Cultist","floor":4,"turns":4},{"damage":36,"enemies":"Lagavulin","floor":10,"turns":5},{"damage":0,"enemies":"2 Louse","floor":12,"turns":2},{"damage":12,"enemies":"Large Slime","floor":13,"turns":6},{"damage":0,"enemies":"Looter","floor":14,"turns":1},{"damage":36,"enemies":"The Guardian","floor":16,"turns":9},{"damage":28,"enemies":"3 Byrds","floor":18,"turns":4},{"damage":27,"enemies":"Shell Parasite","floor":20,"turns":6},{"damage":1,"enemies":"Centurion and Healer","floor":22,"turns":7},{"damage":14,"enemies":"Book of Stabbing","floor":23,"turns":7},{"damage":14,"enemies":"Snake Plant","floor":25,"turns":6},{"damage":18,"enemies":"3 Cultists","floor":28,"turns":4},{"damage":10,"enemies":"Shelled Parasite and Fungi","floor":30,"turns":5},{"damage":49,"enemies":"Collector","floor":33,"turns":7},{"damage":8,"enemies":"3 Shapes","floor":35,"turns":3},{"damage":6,"enemies":"Mind Bloom Boss Battle","floor":36,"turns":7},{"damage":2,"enemies":"3 Darklings","floor":37,"turns":5},{"damage":10,"enemies":"Sphere and 2 Shapes","floor":39,"turns":4},{"damage":11,"enemies":"Spire Growth","floor":42,"turns":6},{"damage":1,"enemies":"Transient","floor":45,"turns":5},{"damage":2,"enemies":"Jaw Worm Horde","floor":48,"turns":3},{"damage":59,"enemies":"Awakened One","floor":50,"turns":8}],"seed_played":"838740858017945942","potions_obtained":[{"floor":1,"key":"Ancient Potion"},{"floor":10,"key":"hexamod:SoulburnPotion"},{"floor":12,"key":"Block Potion"},{"floor":22,"key":"FairyPotion"},{"floor":25,"key":"hexamod:SoulburnPotion"},{"floor":36,"key":"Ancient Potion"}],"is_trial":false,"path_per_floor":["M","?","?","M","$","R","?","$","T","E","R","M","M","M","R","B",null,"M","?","M","?","M","E","$","M","T","?","M","R","M","?","R","B",null,"M","?","M","T","M","R","?","M","T","R","M","$","?","M","R","B"],"character_chosen":"DEFECT","items_purchased":["Rebound","Capacitor","Pen Nib","Trip","Bottled Lightning","Storm+1","Master of Strategy"],"campfire_rested":2,"item_purchase_floors":[0,5,24,24,46,46,46],"current_hp_per_floor":[65,65,65,55,55,55,52,52,52,16,38,45,40,40,40,11,75,47,47,27,27,26,33,33,26,26,26,15,45,42,42,42,22,51,43,51,51,51,41,41,35,41,41,41,51,51,51,51,51,0,0],"gold":399,"neow_bonus":"","is_daily":false,"chose_seed":false,"campfire_upgraded":5,"win_rate":0.0,"timestamp":1611503571,"path_taken":["M","?","?","?","$","R","?","$","T","E","R","M","M","M","R","BOSS","M","?","M","?","M","E","$","M","T","?","M","R","M","?","R","BOSS","M","?","M","?","M","R","?","M","T","R","M","$","?","M","R","BOSS"],"items_purchased_type":["Card","Card","Relic","Card","Relic","Card","Card"],"build_version":"2020-12-22","purchased_purges":2,"victory":false,"max_hp_per_floor":[75,75,75,75,75,75,75,75,75,75,75,75,75,75,75,75,75,75,75,75,37,37,51,51,51,51,51,51,51,51,51,51,51,51,51,51,51,51,51,51,51,51,51,51,51,51,51,51,51,51,51],"card_choices":[{"not_picked":["Skim","Beam Cell"],"picked":"Rip and Tear","floor":1},{"not_picked":["Cold Snap","Streamline"],"picked":"Beam Cell","floor":4},{"not_picked":["Hello World","Turbo"],"picked":"Self Repair","floor":10},{"not_picked":["Doom and Gloom","Steam"],"picked":"Conserve Battery","floor":12},{"not_picked":["Leap","Turbo","Rebound"],"picked":"SKIP","floor":13},{"not_picked":["Hologram","Hyperbeam"],"picked":"Consume","floor":14},{"not_picked":["All For One","Multi-Cast"],"picked":"Electrodynamics","floor":16},{"not_picked":["Undo","Compile Driver"],"picked":"Beam Cell","floor":18},{"not_picked":["Coolheaded","Conserve Battery","Turbo"],"picked":"SKIP","floor":20},{"not_picked":["Scrape","Blizzard","Coolheaded"],"picked":"SKIP","floor":22},{"not_picked":["Stack+1","Rip and Tear","Cold Snap+1"],"picked":"SKIP","floor":23},{"not_picked":["Rebound","Cold Snap"],"picked":"Ball Lightning+1","floor":25},{"not_picked":["Streamline+1","Rip and Tear+1"],"picked":"Consume","floor":28},{"not_picked":["Gash","BootSequence","Ball Lightning"],"picked":"SKIP","floor":30},{"not_picked":["Fission","Electrodynamics+1"],"picked":"Echo Form+1","floor":33},{"not_picked":["Redo","Fusion+1"],"picked":"Melter+1","floor":35},{"not_picked":["Steam+1","Rebound"],"picked":"Double Energy","floor":36},{"not_picked":["Heatsinks+1","Go for the Eyes+1","Rebound"],"picked":"SKIP","floor":37},{"not_picked":["Beam Cell+1","Ball Lightning"],"picked":"Self Repair+1","floor":39},{"not_picked":["Turbo+1","Conserve Battery","Melter"],"picked":"SKIP","floor":42},{"not_picked":["Cold Snap+1","Stack","Sunder"],"picked":"SKIP","floor":45},{"not_picked":["Hyperbeam","Leap+1","Hologram"],"picked":"SKIP","floor":48}],"player_experience":236784,"relics_obtained":[{"floor":9,"key":"Lantern"},{"floor":10,"key":"The Courier"},{"floor":23,"key":"Mango"},{"floor":26,"key":"Frozen Egg 2"},{"floor":36,"key":"FossilizedHelix"},{"floor":43,"key":"Blood Vial"}],"event_choices":[{"damage_healed":0,"gold_gain":0,"player_choice":"Take Wound","damage_taken":0,"relics_obtained":["Golden Idol"],"max_hp_gain":0,"max_hp_loss":0,"event_name":"Golden Idol","floor":2,"gold_loss":0,"cards_obtained":["Injury"]},{"cards_removed":["Injury"],"damage_healed":0,"gold_gain":0,"player_choice":"Took Card","damage_taken":0,"max_hp_gain":0,"max_hp_loss":0,"event_name":"NoteForYourself","floor":3,"gold_loss":0,"cards_obtained":["Defend_R"]},{"damage_healed":0,"gold_gain":0,"player_choice":"Success","damage_taken":3,"relics_obtained":["Centennial Puzzle"],"max_hp_gain":0,"max_hp_loss":0,"event_name":"Scrap Ooze","floor":7,"gold_loss":0},{"damage_healed":0,"gold_gain":0,"player_choice":"Opened","damage_taken":0,"relics_obtained":["Regal Pillow"],"max_hp_gain":0,"max_hp_loss":0,"event_name":"The Mausoleum","floor":19,"gold_loss":0,"cards_obtained":["Writhe"]},{"damage_healed":0,"gold_gain":0,"player_choice":"Became a Ghost","damage_taken":0,"max_hp_gain":0,"max_hp_loss":38,"event_name":"Ghosts","floor":21,"gold_loss":0,"cards_obtained":["Ghostly","Ghostly","Ghostly","Ghostly","Ghostly"]},{"damage_healed":0,"gold_gain":0,"player_choice":"Fight","damage_taken":0,"max_hp_gain":0,"max_hp_loss":0,"event_name":"MindBloom","floor":36,"gold_loss":0},{"damage_healed":0,"gold_gain":0,"player_choice":"Embrace Madness","damage_taken":6,"max_hp_gain":0,"max_hp_loss":0,"event_name":"Winding Halls","floor":41,"gold_loss":0,"cards_obtained":["Madness","Madness"]},{"damage_healed":0,"gold_gain":333,"player_choice":"Gave Idol","damage_taken":0,"max_hp_gain":0,"max_hp_loss":0,"event_name":"The Moai Head","floor":47,"relics_lost":["Golden Idol"],"gold_loss":0}],"is_beta":false,"boss_relics":[{"not_picked":["Tiny House","Ectoplasm"],"picked":"Inserter"},{"not_picked":["SacredBark","Black Star"],"picked":"bronze:MakeshiftBattery"}],"items_purged_floors":[24,46],"is_endless":false,"potions_floor_spawned":[1,10,12,13,18,22,25,36,39,42],"killed_by":"Awakened One","ascension_level":0}}