{"host":"2py7ki924ssbu6hl","time":1611524902,"event":{"mods":["Act Like it!","BaseMod","Better Match","CapriCore","Colored Powertips","Friendly Minions","Gensokyo","GifTheSpireLib","MarisaÅiñ∂âJÅ@ñÇóùçπÅj","Minty Spire (QoL Compilation)","Rare Cards Sparkle","Relic Stats","StSLib","everything is the same but u backflip on backflip"],"gold_per_floor":[112,122,138,138,157,189,189,189,216,232,260,286,298,38,50,166,178,201,213,26,38,61,106,118,118],"floor_reached":24,"language":"ENG","playtime":1552,"items_purged":[],"score":226,"play_id":"8bc45755-8935-4311-a737-5253c2832866","local_time":"20210124224822","is_ascension_mode":false,"campfire_choices":[{"data":"Singularity","floor":7,"key":"SMITH"},{"floor":13,"key":"REST"},{"floor":15,"key":"REST"}],"circlet_count":0,"master_deck":["Strike_MRS","Strike_MRS","Strike_MRS","Strike_MRS","Defend_MRS","Defend_MRS","Defend_MRS","Defend_MRS","MasterSpark","UpSweep","Singularity+1","DoubleSpark","Singularity","Clumsy","PulseMagic","SporeBomb","CasketOfStar","OneTimeOff","IllusionStar","CasketOfStar+1","TreasureHunter","DarkMatter","Gensokyo:ScrapIron","Gensokyo:MysteriousEgg","Gensokyo:ExoticEgg","Gensokyo:HAARP","PowerUp+1","Occultation","Gensokyo:SummonPsychicCat"],"relics":["BewitchedHakkero","Art of War","Gensokyo:NagashiBinaDoll","Oddly Smooth Stone","Gensokyo:PortableGap","Blood Vial","MawBank","Letter Opener","WingedGreaves","PreservedInsect","Orichalcum"],"acts_visited":["Gensokyo:Gensokyo","Gensokyo:Gensokyoer"],"potions_floor_usage":[16,16,23],"damage_taken":[{"damage":6.0,"enemies":"Gensokyo:Gryphon","floor":1.0,"turns":4.0},{"damage":1.0,"enemies":"Gensokyo:Python","floor":2.0,"turns":4.0},{"damage":0.0,"enemies":"Gensokyo:3_Fairies","floor":3.0,"turns":3.0},{"damage":21,"enemies":"Gensokyo:Python_and_Kodama","floor":5,"turns":5},{"damage":23,"enemies":"Gensokyo:Mamizou","floor":6,"turns":8},{"damage":2,"enemies":"Gensokyo:Gryphon_and_Rabbit","floor":10,"turns":3},{"damage":18,"enemies":"Gensokyo:Aya","floor":11,"turns":5},{"damage":8,"enemies":"Gensokyo:Kitsune","floor":12,"turns":4},{"damage":41,"enemies":"Gensokyo:Kokoro","floor":16,"turns":10},{"damage":27,"enemies":"Gensokyo:Chomper","floor":18,"turns":5},{"damage":23,"enemies":"Gensokyo:AngelMirror","floor":22,"turns":5},{"damage":28,"enemies":"Gensokyo:Tenshi","floor":23,"turns":5},{"damage":5,"enemies":"Gensokyo:Slime_Group","floor":24,"turns":1}],"seed_played":"-8298959655140840906","potions_obtained":[{"floor":1.0,"key":"Weak Potion"},{"floor":2.0,"key":"SpeedPotion"},{"floor":10,"key":"AttackPotion"},{"floor":11,"key":"Fruit Juice"},{"floor":18,"key":"LiquidBronze"}],"is_trial":false,"path_per_floor":["M","M","M","?","M","E","R","?","T","M","E","M","R","COS","R","B",null,"M","?","COS","?","M","E","M"],"character_chosen":"MARISA","items_purchased":[],"campfire_rested":2,"item_purchase_floors":[],"current_hp_per_floor":[69,68,68,68,47,24,24,24,24,24,8,2,22,22,42,8,73,50,50,50,50,29,3,0,0],"gold":118,"neow_bonus":"RANDOM_COMMON_RELIC","is_daily":false,"chose_seed":false,"campfire_upgraded":1,"win_rate":0.0,"timestamp":1611524902,"path_taken":["M","M","M","?","M","E","R","?","T","M","E","M","R","COS","R","BOSS","M","?","COS","?","M","E","M"],"items_purchased_type":[],"build_version":"2020-12-22","purchased_purges":0,"victory":false,"max_hp_per_floor":[75,75,75,75,75,75,75,68,68,68,68,68,68,68,68,73,73,73,73,73,66,66,66,66,66],"relic_stats":{"Blood Vial":14,"counters":[13,62],"PreservedInsect":0,"Art of War":[7],"Letter Opener":[30],"Orichalcum":[0],"MawBank":156,"obtain_stats":[{"Blood Vial":9,"Oddly Smooth Stone":6,"Gensokyo:NagashiBinaDoll":4,"WingedGreaves":23,"PreservedInsect":23,"Art of War":0,"MiniHakkero":0,"Letter Opener":22,"BewitchedHakkero":17,"Orichalcum":23,"Gensokyo:PortableGap":8,"MawBank":11},{"Blood Vial":5,"Oddly Smooth Stone":5,"Gensokyo:NagashiBinaDoll":3,"WingedGreaves":12,"PreservedInsect":12,"Art of War":0,"MiniHakkero":0,"Letter Opener":11,"BewitchedHakkero":9,"Orichalcum":12,"Gensokyo:PortableGap":5,"MawBank":7},{"Blood Vial":24,"Oddly Smooth Stone":24,"Gensokyo:NagashiBinaDoll":11,"WingedGreaves":57,"PreservedInsect":61,"Art of War":0,"MiniHakkero":0,"Letter Opener":55,"BewitchedHakkero":46,"Orichalcum":61,"Gensokyo:PortableGap":24,"MawBank":32}]},"card_choices":[{"not_picked":["Robbery","GalacticHalo"],"picked":"Singularity","floor":1.0},{"not_picked":["AlicesGift","EventHorizon"],"picked":"DoubleSpark","floor":2.0},{"not_picked":["WitchLeyline","DC"],"picked":"Singularity","floor":3},{"not_picked":["SporeBomb","GalacticHalo"],"picked":"PulseMagic","floor":5},{"not_picked":["ShootingEcho","SprinkleStarSeal"],"picked":"SporeBomb","floor":6},{"not_picked":["NonDirectionalLaser","EnergyFlow"],"picked":"CasketOfStar","floor":10},{"not_picked":["SporeBomb","GravityBeat"],"picked":"OneTimeOff","floor":11},{"not_picked":["UnstableBomb","MaximisePower"],"picked":"IllusionStar","floor":12},{"not_picked":["CollectingQuirk+1","MaximisePower+1"],"picked":"CasketOfStar+1","floor":16},{"not_picked":["BlazingStar","AbsoluteMagnitude"],"picked":"TreasureHunter","floor":16},{"not_picked":["SprinkleStarSeal","NonDirectionalLaser+1","SporeBomb+1"],"picked":"SKIP","floor":18},{"not_picked":["Gensokyo:MissMary","Gensokyo:SpontaneousHumanCombustion"],"picked":"Gensokyo:HAARP","floor":21},{"not_picked":["ShootTheMoon","StarlightTyphoon"],"picked":"PowerUp+1","floor":22},{"not_picked":["DoubleSpark","SuperPerseids+1"],"picked":"Occultation","floor":23}],"player_experience":241186,"relics_obtained":[{"floor":6,"key":"Oddly Smooth Stone"},{"floor":9,"key":"Blood Vial"},{"floor":11,"key":"MawBank"},{"floor":23,"key":"PreservedInsect"},{"floor":23,"key":"Orichalcum"}],"event_choices":[],"is_beta":false,"boss_relics":[{"not_picked":["Snecko Eye","SlaversCollar"],"picked":"BewitchedHakkero"}],"items_purged_floors":[],"is_endless":false,"potions_floor_spawned":[1,2,10,11,18],"killed_by":"Gensokyo:Slime_Group","ascension_level":0}}