{"host":"70zhvo5nwrhp1mbg","time":1611527746,"event":{"mods":["BaseMod","Colored Map","Colored Powertips","Filter the Spire","Highlight Path","Minty Spire (QoL Compilation)","Rare Cards Sparkle","StSLib"],"gold_per_floor":[216,216,233,245,195,225,225,239,239,249,282,301,301,336,336,436,436,449,463,463,463,463],"floor_reached":21,"language":"ENG","playtime":1664,"items_purged":[],"score":271,"play_id":"6a65cd59-fed3-4668-a922-43c8b31306ee","local_time":"20210124173546","is_ascension_mode":true,"campfire_choices":[{"floor":7,"key":"REST"},{"floor":13,"key":"REST"},{"floor":15,"key":"REST"}],"circlet_count":0,"master_deck":["Strike_R","Strike_R","Strike_R","Strike_R","Defend_R","Defend_R","Defend_R","Defend_R","Bash","Cleave+1","Dropkick","Inflame","Demon Form","Anger+1","Rupture","Whirlwind+1","Twin Strike+1","Flame Barrier","Barricade","True Grit+1","Body Slam+1"],"relics":["Burning Blood","Molten Egg 2","Bottled Tornado","MealTicket","Self Forming Clay","Black Star"],"acts_visited":["Exordium","TheCity"],"potions_floor_usage":[8,11,16,18,19,21],"damage_taken":[{"damage":2,"enemies":"2 Louse","floor":1,"turns":3},{"damage":0,"enemies":"Small Slimes","floor":3,"turns":2},{"damage":4,"enemies":"Jaw Worm","floor":4,"turns":4},{"damage":50,"enemies":"Lagavulin","floor":6,"turns":6},{"damage":5,"enemies":"3 Louse","floor":8,"turns":3},{"damage":0,"enemies":"2 Fungi Beasts","floor":10,"turns":3},{"damage":30,"enemies":"3 Sentries","floor":11,"turns":5},{"damage":9,"enemies":"Red Slaver","floor":12,"turns":3},{"damage":35,"enemies":"Lagavulin","floor":14,"turns":5},{"damage":12,"enemies":"The Guardian","floor":16,"turns":11},{"damage":50,"enemies":"2 Thieves","floor":18,"turns":4},{"damage":20,"enemies":"Shell Parasite","floor":19,"turns":9},{"damage":27,"enemies":"Snecko","floor":21,"turns":5}],"seed_played":"4665434808914501495","potions_obtained":[{"floor":6,"key":"DistilledChaos"},{"floor":8,"key":"Dexterity Potion"},{"floor":10,"key":"AttackPotion"},{"floor":16,"key":"Strength Potion"},{"floor":18,"key":"SpeedPotion"},{"floor":19,"key":"PowerPotion"}],"is_trial":false,"path_per_floor":["M","?","M","M","?","E","R","M","T","M","E","M","R","E","R","B",null,"M","M","?","M"],"character_chosen":"IRONCLAD","items_purchased":[],"campfire_rested":3,"item_purchase_floors":[],"current_hp_per_floor":[76,76,80,80,80,36,60,61,61,67,43,40,64,35,59,53,73,29,15,15,0,0],"gold":463,"neow_bonus":"HUNDRED_GOLD","is_daily":false,"chose_seed":false,"campfire_upgraded":0,"win_rate":0.0,"timestamp":1611527746,"path_taken":["M","?","M","M","?","E","R","M","T","M","E","M","R","E","R","BOSS","M","M","?","M"],"items_purchased_type":[],"build_version":"2020-12-22","purchased_purges":0,"victory":false,"max_hp_per_floor":[80,80,80,80,80,80,80,80,80,80,80,80,80,80,80,80,80,80,80,80,80,80],"card_choices":[{"not_picked":["Havoc","Pommel Strike"],"picked":"Cleave","floor":1},{"not_picked":["Warcry","Sword Boomerang"],"picked":"Dropkick","floor":3},{"not_picked":["Clothesline","Uppercut"],"picked":"Inflame","floor":4},{"not_picked":["Evolve","Anger+1"],"picked":"Demon Form","floor":6},{"not_picked":["Blood for Blood+1","Wild Strike+1"],"picked":"Anger+1","floor":8},{"not_picked":["Entrench","Evolve"],"picked":"Rupture","floor":10},{"not_picked":["Evolve","True Grit"],"picked":"Whirlwind+1","floor":11},{"not_picked":["Flex","Dark Embrace"],"picked":"Twin Strike+1","floor":12},{"not_picked":["Body Slam+1","Pommel Strike+1"],"picked":"Flame Barrier","floor":14},{"not_picked":["Double Tap","Bludgeon+1"],"picked":"Barricade","floor":16},{"not_picked":["Clash+1","Wild Strike+1"],"picked":"True Grit+1","floor":18},{"not_picked":["Bloodletting","Warcry+1"],"picked":"Body Slam+1","floor":19}],"player_experience":470823,"relics_obtained":[{"floor":6,"key":"Molten Egg 2"},{"floor":9,"key":"Bottled Tornado"},{"floor":11,"key":"MealTicket"},{"floor":14,"key":"Self Forming Clay"}],"event_choices":[{"damage_healed":0,"gold_gain":0,"player_choice":"Grow","damage_taken":0,"max_hp_gain":0,"max_hp_loss":0,"event_name":"Living Wall","floor":2,"gold_loss":0,"cards_upgraded":["Cleave"]},{"cards_removed":["Strike_R"],"damage_healed":0,"gold_gain":0,"player_choice":"Card Removal","damage_taken":0,"max_hp_gain":0,"max_hp_loss":0,"event_name":"The Cleric","floor":5,"gold_loss":50},{"damage_healed":0,"gold_gain":0,"player_choice":"Ignored","damage_taken":0,"max_hp_gain":0,"max_hp_loss":0,"event_name":"Ghosts","floor":20,"gold_loss":0}],"is_beta":false,"boss_relics":[{"not_picked":["Pandora\u0027s Box","Mark of Pain"],"picked":"Black Star"}],"items_purged_floors":[],"is_endless":false,"potions_floor_spawned":[6,8,10,16,18,19],"killed_by":"Snecko","ascension_level":7}}