{"host":"6iv6hzocosv1haef","time":1611516628,"event":{"mods":["AchievementEnabler","AlwaysNeverKeys","BaseMod","Colored Map","Colored Powertips","Downfall","Friendly Minions","GifTheSpireLib","Highlight Path","Minty Spire (QoL Compilation)","Permanent Neow","Quick Restart","Relic Filter","Relic Sorter","StSLib"],"gold_per_floor":[99,113,113,125,125,125,178,178,194,294,294,294,28,40,58,58,58,58],"floor_reached":16,"language":"ENG","playtime":2522,"items_purged":[],"score":90,"play_id":"09fa9fb3-4f71-4b17-8cb2-b9245a3f5208","local_time":"20210124193028","is_ascension_mode":false,"campfire_choices":[{"data":"Guardian:CurlUp","floor":1.0,"key":"SMITH"},{"data":"Guardian:Defend_Guardian","floor":6.0,"key":"SMITH"},{"data":"Guardian:Strike_Guardian","floor":12.0,"key":"SMITH"}],"circlet_count":0,"master_deck":["Guardian:Strike_Guardian","Guardian:Strike_Guardian+1","Guardian:Strike_Guardian+1","Guardian:Defend_Guardian","Guardian:Defend_Guardian","Guardian:Defend_Guardian+1","Guardian:CurlUp+1","Guardian:TwinSlam+1","Guardian:Gem_White","Guardian:PrismaticBeam","Guardian:Gem_Red","Guardian:ExploitGems"],"relics":["Guardian:ModeShifter","Bag of Marbles","Sling"],"acts_visited":["Exordium"],"potions_floor_usage":[16,16],"damage_taken":[{"damage":6.0,"enemies":"Jaw Worm","floor":2.0,"turns":4.0},{"damage":0.0,"enemies":"Small Slimes","floor":4.0,"turns":3.0},{"damage":0.0,"enemies":"2 Louse","floor":9.0,"turns":2.0},{"damage":31.0,"enemies":"downfall:Heads","floor":10.0,"turns":6.0},{"damage":2.0,"enemies":"downfall:FleeingMerchant","floor":13.0,"turns":4.0},{"damage":1.0,"enemies":"Exordium Wildlife","floor":14.0,"turns":2.0},{"damage":3.0,"enemies":"Red Slaver","floor":15.0,"turns":4.0},{"damage":30,"enemies":"WA_ARCHETYPE_RETAIN","floor":16,"turns":7}],"seed_played":"915022633461727825","potions_obtained":[{"floor":2.0,"key":"AttackPotion"},{"floor":4.0,"key":"PowerPotion"},{"floor":15.0,"key":"hexamod:SoulburnPotion"}],"is_trial":false,"path_per_floor":["R","M","?","M","?","R","T","?","M","?","?","R","$","M","M","B"],"character_chosen":"GUARDIAN","items_purchased":["Sling","Guardian:PrismaticBeam","Guardian:Gem_Red"],"campfire_rested":0,"item_purchase_floors":[13,13,13],"current_hp_per_floor":[80,74,79,79,79,79,79,79,79,48,48,48,46,45,42,12,12,12],"gold":58,"neow_bonus":"UPGRADE_CARD","is_daily":false,"chose_seed":false,"campfire_upgraded":3,"win_rate":0.0,"timestamp":1611516628,"path_taken":["R","M","?","M","?","R","T","?","M","?","?","R","?","?","M","BOSS"],"items_purchased_type":["Relic","Card","Card"],"build_version":"2020-12-22","purchased_purges":0,"victory":false,"max_hp_per_floor":[80,80,85,85,85,85,85,85,85,85,85,85,85,85,85,85,85,85],"card_choices":[{"not_picked":["Guardian:WalkerClaw","Guardian:VentSteam","Guardian:Gem_Fragmented"],"picked":"SKIP","floor":2.0},{"not_picked":["Guardian:DonusPower","Guardian:Gem_Green"],"picked":"Guardian:Gem_White","floor":4.0},{"not_picked":["Guardian:Recover","Guardian:ShieldSpikes","Guardian:Gem_Cyan"],"picked":"SKIP","floor":9.0},{"not_picked":["Guardian:Planning","Guardian:BronzeOrb","Guardian:Clone"],"picked":"SKIP","floor":13.0},{"not_picked":["Guardian:Emergency","Guardian:SpikerProtocol"],"picked":"Guardian:ExploitGems","floor":14.0},{"not_picked":["Guardian:EvasiveProtocol","Guardian:VentSteam","Guardian:Gem_Lightblue"],"picked":"SKIP","floor":15.0}],"player_experience":178884,"relics_obtained":[{"floor":7.0,"key":"Bag of Marbles"}],"event_choices":[{"damage_healed":0.0,"max_hp_gain":5.0,"max_hp_loss":0.0,"gold_gain":0.0,"event_name":"Big Fish","player_choice":"Donut","floor":3.0,"gold_loss":0.0,"damage_taken":0.0}],"is_beta":false,"boss_relics":[],"items_purged_floors":[],"is_endless":false,"potions_floor_spawned":[2,4,15],"killed_by":"WA_ARCHETYPE_RETAIN","ascension_level":0}}