{"host":"mo324zvkdr1xwprd","time":1611489271,"event":{"mods":["BaseMod","Better Note","BetterRewards","Hermit","Highlight Path","Hubris","Minty Spire (QoL Compilation)","Quick Restart","Rare Cards Sparkle","Shop Mod","StSLib","The Cursed","The Hierophant"],"gold_per_floor":[110,125,142,154,154,180,180,211,211,386,386,416,416],"floor_reached":12,"language":"ENG","playtime":827,"items_purged":[],"score":108,"play_id":"a2ad554f-aa54-4c5b-8da9-9ed5f1957815","local_time":"20210124115431","is_ascension_mode":true,"campfire_choices":[{"floor":7,"key":"REST"},{"floor":11,"key":"REST"}],"circlet_count":0,"master_deck":["TheCursedMod:Strike_TheCursed","TheCursedMod:Strike_TheCursed","TheCursedMod:Strike_TheCursed","TheCursedMod:Strike_TheCursed","TheCursedMod:Defend_TheCursed","TheCursedMod:Defend_TheCursed","TheCursedMod:Defend_TheCursed","TheCursedMod:Defend_TheCursed","TheCursedMod:CursedWand","TheCursedMod:CleanUpWorkshop","TheCursedMod:Dregs","TheCursedMod:CursedMace","TheCursedMod:CursedStaff","TheCursedMod:SpitefulPlan","TheCursedMod:CursedSpellbook","TheCursedMod:AbyssShockwave","TheCursedMod:CircleOfBlood","Doubt"],"relics":["TheCursedMod:BlackMagic101","hubris:BottledRain","hubris:SlimyHat","Juzu Bracelet","Regal Pillow"],"acts_visited":["Exordium"],"potions_floor_usage":[4,8,12],"damage_taken":[{"damage":0,"enemies":"Cultist","floor":1,"turns":3},{"damage":0,"enemies":"Jaw Worm","floor":2,"turns":3},{"damage":0,"enemies":"Small Slimes","floor":3,"turns":3},{"damage":10,"enemies":"2 Fungi Beasts","floor":4,"turns":3},{"damage":59,"enemies":"Lagavulin","floor":6,"turns":9},{"damage":19,"enemies":"Gremlin Nob","floor":8,"turns":4},{"damage":18,"enemies":"Lagavulin","floor":12,"turns":5}],"seed_played":"-6786028858734163768","potions_obtained":[{"floor":2,"key":"GamblersBrew"},{"floor":6,"key":"BlessingOfTheForge"},{"floor":8,"key":"Weak Potion"}],"is_trial":false,"path_per_floor":["M","M","M","M","T","E","R","E","T","?","R","E"],"character_chosen":"THE_CURSED","items_purchased":[],"campfire_rested":2,"item_purchase_floors":[],"current_hp_per_floor":[82,82,82,72,72,13,37,18,18,18,42,28,28],"gold":416,"neow_bonus":"TEN_PERCENT_HP_BONUS","is_daily":false,"chose_seed":false,"campfire_upgraded":0,"win_rate":0.0,"timestamp":1611489271,"path_taken":["M","M","M","M","?","E","R","E","T","?","R","E"],"items_purchased_type":[],"build_version":"2020-12-22","purchased_purges":0,"victory":false,"max_hp_per_floor":[82,82,82,82,82,82,82,82,82,82,82,82,82],"card_choices":[{"not_picked":["TheCursedMod:RapidMovement","TheCursedMod:WearCloak"],"picked":"TheCursedMod:CursedMace","floor":1},{"not_picked":["TheCursedMod:Stretching","TheCursedMod:ReleasedKnowledge"],"picked":"TheCursedMod:CursedStaff","floor":2},{"not_picked":["TheCursedMod:Stigma","TheCursedMod:ReleasedKnowledge"],"picked":"TheCursedMod:SpitefulPlan","floor":3},{"not_picked":["TheCursedMod:CursedAmulet","TheCursedMod:Stretching"],"picked":"TheCursedMod:CursedSpellbook","floor":4},{"not_picked":["TheCursedMod:CursedShiv","TheCursedMod:CircleOfCorruption"],"picked":"TheCursedMod:AbyssShockwave","floor":6},{"not_picked":["TheCursedMod:CircleOfCorruption","TheCursedMod:DarkBarrier"],"picked":"TheCursedMod:CircleOfBlood","floor":8}],"player_experience":368531,"relics_obtained":[{"floor":6,"key":"hubris:BottledRain"},{"floor":8,"key":"hubris:SlimyHat"},{"floor":9,"key":"Juzu Bracelet"},{"floor":12,"key":"Regal Pillow"}],"event_choices":[{"damage_healed":0,"gold_gain":175,"player_choice":"AGREE","damage_taken":0,"max_hp_gain":0,"max_hp_loss":0,"event_name":"Liars Game","floor":10,"gold_loss":0,"cards_obtained":["Doubt"]}],"is_beta":false,"boss_relics":[],"items_purged_floors":[],"is_endless":false,"potions_floor_spawned":[2,6,8],"killed_by":"Lagavulin","ascension_level":2}}