{"host":"9c969dq3azt3tjy5","time":1611483719,"event":{"mods":["AchievementEnabler","BaseMod","Colored Powertips","Minty Spire (QoL Compilation)","Quick Restart","Rare Cards Sparkle","Waifu the Spire"],"gold_per_floor":[113,14,89,104,104,104,132,132,132,132,147,147,172,172,172,292,355,375,474,399,413,313,313,148,148,148,58,58,72,197,210,210,340,340,356,369,183,208,208,208,33,56,56,90,90,90,153,173,173,173],"floor_reached":51,"language":"RUS","playtime":2870,"items_purged":["Strike_B","Creative AI","Zap","Defend_B","Dualcast+1"],"score":721,"play_id":"bf41ae45-726c-4f0a-984d-c758fcd0ede2","local_time":"20210124222159","is_ascension_mode":false,"campfire_choices":[{"data":"Beam Cell","floor":6,"key":"SMITH"},{"data":"Scrape","floor":8,"key":"SMITH"},{"data":"Dualcast","floor":10,"key":"SMITH"},{"floor":15,"key":"REST"},{"data":"FTL","floor":23,"key":"SMITH"},{"data":"Defragment","floor":25,"key":"SMITH"},{"data":"Capacitor","floor":28,"key":"SMITH"},{"floor":32,"key":"REST"},{"data":"Capacitor","floor":40,"key":"SMITH"},{"floor":46,"key":"REST"},{"floor":49,"key":"REST"}],"circlet_count":0,"master_deck":["Strike_B","Strike_B+1","Defend_B","Defend_B","Beam Cell+1","Capacitor+1","Cold Snap","Scrape+1","Redo","FTL+1","Reboot","Coolheaded+1","Gash","Conserve Battery+1","Defragment+1","Gash","Hologram+1","Gash","Beam Cell","Machine Learning","Glacier+1","Capacitor+1","Go for the Eyes+1","Redo+1","Barrage","Barrage"],"relics":["Cracked Core","NeowsBlessing","Toy Ornithopter","Kunai","Golden Idol","Bag of Preparation","Tiny House","Prayer Wheel","Pear","SacredBark","Dream Catcher","Lantern","TungstenRod"],"acts_visited":["Exordium","TheCity","TheBeyond"],"potions_floor_usage":[13,13],"damage_taken":[{"damage":0,"enemies":"Cultist","floor":1,"turns":1},{"damage":0,"enemies":"2 Louse","floor":4,"turns":1},{"damage":0,"enemies":"3 Sentries","floor":7,"turns":1},{"damage":0,"enemies":"Jaw Worm","floor":11,"turns":2},{"damage":5,"enemies":"Large Slime","floor":13,"turns":4},{"damage":22,"enemies":"Slime Boss","floor":16,"turns":12},{"damage":9,"enemies":"Shell Parasite","floor":18,"turns":6},{"damage":11,"enemies":"2 Thieves","floor":21,"turns":4},{"damage":8,"enemies":"Centurion and Healer","floor":29,"turns":6},{"damage":6,"enemies":"Colosseum Slavers","floor":30,"turns":4},{"damage":43,"enemies":"Colosseum Nobs","floor":30,"turns":5},{"damage":4,"enemies":"Snecko","floor":31,"turns":5},{"damage":21,"enemies":"Automaton","floor":33,"turns":8},{"damage":14,"enemies":"3 Shapes","floor":35,"turns":3},{"damage":6,"enemies":"Orb Walker","floor":36,"turns":4},{"damage":4,"enemies":"3 Darklings","floor":38,"turns":6},{"damage":8,"enemies":"4 Shapes","floor":42,"turns":8},{"damage":29,"enemies":"Reptomancer","floor":44,"turns":8},{"damage":0,"enemies":"Mind Bloom Boss Battle","floor":47,"turns":6},{"damage":4,"enemies":"Jaw Worm Horde","floor":48,"turns":5},{"damage":56,"enemies":"Time Eater","floor":50,"turns":13}],"seed_played":"-1516782117704592452","potions_obtained":[{"floor":4,"key":"Dexterity Potion"},{"floor":7,"key":"BlessingOfTheForge"},{"floor":11,"key":"SkillPotion"},{"floor":16,"key":"LiquidBronze"},{"floor":17,"key":"FearPotion"}],"is_trial":false,"path_per_floor":["M","$","?","M","?","R","E","R","T","R","M","?","M","?","R","B",null,"M","?","$","M","$","R","$","R","T","?","R","M","?","M","R","B",null,"M","M","$","M","?","R","$","M","T","E","$","R","?","M","R","B",null],"character_chosen":"DEFECT","items_purchased":["Capacitor","Cold Snap","Defragment","Capacitor"],"campfire_rested":4,"item_purchase_floors":[2,2,24,37],"current_hp_per_floor":[75,75,64,64,57,57,57,57,57,57,57,39,44,26,48,26,80,71,71,71,60,60,60,60,60,60,60,60,52,13,9,36,15,90,76,70,70,66,66,66,66,58,58,29,29,56,56,52,79,23],"gold":173,"neow_bonus":"THREE_ENEMY_KILL","is_daily":false,"chose_seed":false,"campfire_upgraded":7,"win_rate":0.0,"timestamp":1611483719,"path_taken":["M","$","?","M","?","R","E","R","T","R","M","?","?","?","R","BOSS","M","?","$","M","$","R","$","R","T","?","R","?","?","M","R","BOSS","M","M","$","M","?","R","?","M","T","E","$","R","?","M","R","BOSS"],"items_purchased_type":["Card","Card","Card","Card"],"build_version":"2020-12-22","purchased_purges":5,"victory":true,"max_hp_per_floor":[75,75,75,75,75,75,75,75,75,75,75,75,75,75,75,75,80,80,80,80,80,80,80,80,80,80,80,80,80,90,90,90,90,90,90,90,90,90,90,90,90,90,90,90,90,90,90,90,90,90],"card_choices":[{"not_picked":["Rebound","Sweeping Beam"],"picked":"Beam Cell","floor":1},{"not_picked":["Streamline","Gash"],"picked":"Scrape","floor":4},{"not_picked":["Fusion","Hologram"],"picked":"Redo","floor":7},{"not_picked":["Rip and Tear","Hologram"],"picked":"FTL","floor":11},{"not_picked":["Rebound","Steam"],"picked":"Creative AI","floor":13},{"not_picked":["Multi-Cast","Creative AI"],"picked":"Reboot","floor":16},{"not_picked":["Rebound","Stack"],"picked":"Coolheaded","floor":17},{"not_picked":["Steam","Cold Snap"],"picked":"Gash","floor":18},{"not_picked":["Storm","Doom and Gloom"],"picked":"Conserve Battery+1","floor":21},{"not_picked":["Go for the Eyes","Leap+1"],"picked":"Gash","floor":29},{"not_picked":["Biased Cognition","Barrage+1"],"picked":"Hologram+1","floor":30},{"not_picked":["Steam+1","Defragment"],"picked":"Gash","floor":31},{"not_picked":["Barrage","Leap"],"picked":"Beam Cell","floor":31},{"not_picked":["Rainbow","Thunder Strike"],"picked":"Machine Learning","floor":33},{"not_picked":["Streamline","Consume"],"picked":"Glacier+1","floor":35},{"not_picked":["Barrage","Sweeping Beam","Coolheaded+1"],"picked":"SKIP","floor":35},{"not_picked":["Steam","Sweeping Beam+1","Melter+1"],"picked":"SKIP","floor":36},{"not_picked":["Creative AI","Rip and Tear","Consume"],"picked":"SKIP","floor":36},{"not_picked":["Hologram+1","Beam Cell+1"],"picked":"Go for the Eyes+1","floor":38},{"not_picked":["Self Repair","Leap+1","Redo"],"picked":"SKIP","floor":38},{"not_picked":["Steam+1","White Noise","Compile Driver+1"],"picked":"SKIP","floor":42},{"not_picked":["Steam+1","Coolheaded+1","Cold Snap"],"picked":"SKIP","floor":42},{"not_picked":["Compile Driver","Beam Cell+1"],"picked":"Redo+1","floor":44},{"not_picked":["Aggregate","Streamline"],"picked":"Barrage","floor":47},{"not_picked":["Tempest","Electrodynamics","Cold Snap"],"picked":"SKIP","floor":48},{"not_picked":["Coolheaded+1","Redo+1","Scrape"],"picked":"SKIP","floor":48},{"not_picked":["Sweeping Beam","Streamline"],"picked":"Barrage","floor":49}],"player_experience":196204,"relics_obtained":[{"floor":7,"key":"Toy Ornithopter"},{"floor":9,"key":"Kunai"},{"floor":30,"key":"Prayer Wheel"},{"floor":30,"key":"Pear"},{"floor":43,"key":"Dream Catcher"},{"floor":44,"key":"Lantern"},{"floor":47,"key":"TungstenRod"}],"event_choices":[{"damage_healed":0,"gold_gain":75,"player_choice":"Gather Gold","damage_taken":11,"max_hp_gain":0,"max_hp_loss":0,"event_name":"World of Goop","floor":3,"gold_loss":0},{"cards_removed":["Strike_B"],"damage_healed":0,"gold_gain":0,"player_choice":"Card Removal","damage_taken":7,"max_hp_gain":0,"max_hp_loss":0,"event_name":"Golden Wing","floor":5,"gold_loss":0},{"damage_healed":0,"gold_gain":0,"player_choice":"Take Damage","damage_taken":18,"relics_obtained":["Golden Idol"],"max_hp_gain":0,"max_hp_loss":0,"event_name":"Golden Idol","floor":12,"gold_loss":0},{"damage_healed":0,"gold_gain":0,"player_choice":"Success","damage_taken":18,"relics_obtained":["Bag of Preparation"],"max_hp_gain":0,"max_hp_loss":0,"event_name":"Scrap Ooze","floor":14,"gold_loss":0},{"damage_healed":0,"gold_gain":99,"player_choice":"Stole From Cult","damage_taken":0,"max_hp_gain":0,"max_hp_loss":0,"event_name":"Nest","floor":19,"gold_loss":0},{"cards_removed":["Defend_B"],"damage_healed":0,"gold_gain":0,"player_choice":"Upgrade and Remove","damage_taken":0,"max_hp_gain":0,"max_hp_loss":0,"event_name":"Designer","floor":27,"gold_loss":90,"cards_upgraded":["Coolheaded"]},{"damage_healed":0,"gold_gain":0,"player_choice":"Fight","damage_taken":0,"max_hp_gain":0,"max_hp_loss":0,"event_name":"Colosseum","floor":30,"gold_loss":0},{"damage_healed":0,"gold_gain":0,"player_choice":"Fought Nobs","damage_taken":0,"max_hp_gain":0,"max_hp_loss":0,"event_name":"Colosseum","floor":30,"gold_loss":0},{"damage_healed":0,"gold_gain":0,"player_choice":"Bought 0 Potions","damage_taken":0,"max_hp_gain":0,"max_hp_loss":0,"event_name":"The Woman in Blue","floor":39,"gold_loss":0},{"damage_healed":0,"gold_gain":0,"player_choice":"Fight","damage_taken":0,"max_hp_gain":0,"max_hp_loss":0,"event_name":"MindBloom","floor":47,"gold_loss":0}],"is_beta":false,"boss_relics":[{"not_picked":["Ectoplasm","Empty Cage"],"picked":"Tiny House"},{"not_picked":["Coffee Dripper","Black Star"],"picked":"SacredBark"}],"items_purged_floors":[20,22,24,37,41],"is_endless":false,"potions_floor_spawned":[4,7,11,16,18,30,44,48],"ascension_level":0}}