{"host":"89iuq2p5kwriuwfq","time":1611504259,"event":{"mods":["BaseMod","Curses Come First","Minty Spire (QoL Compilation)","Permanent Neow","StSLib"],"gold_per_floor":[113,113,123,142,162,196,196,221,244,279,279,317,358,383,383,496,496,524,542,457,476,504,548,548,590,590,590,590,627,642,658,658,766,766,786,845,845,861,472,472,507,516,589,499,518,607,645,187,187,187,187,187,120,151,181],"floor_reached":56,"language":"ENG","playtime":3377,"items_purged":["Defend_P"],"score":1810,"play_id":"3818a1e5-7b00-41dd-994c-ba05314daa42","local_time":"20210124160419","is_ascension_mode":true,"campfire_choices":[{"data":"Eruption","floor":7.0,"key":"SMITH"},{"floor":11.0,"key":"REST"},{"data":"Wish","floor":15.0,"key":"SMITH"},{"data":"DevaForm","floor":24.0,"key":"SMITH"},{"data":"Tantrum","floor":27.0,"key":"SMITH"},{"data":"CrushJoints","floor":32.0,"key":"SMITH"},{"data":"Vault","floor":40.0,"key":"SMITH"},{"floor":49.0,"key":"RECALL"},{"data":"MentalFortress","floor":52.0,"key":"SMITH"}],"circlet_count":0,"master_deck":["Eruption+1","Vigilance","Protect","FlurryOfBlows","Consecrate","FlurryOfBlows","FollowUp","Protect","FollowUp","Wish+1","EmptyFist","EmptyMind+1","Tantrum+1","WheelKick","TalkToTheHand+1","ReachHeaven","CrushJoints+1","InnerPeace+1","DevaForm+1","CrushJoints+1","Wallop+1","Vault+1","Fasting2+1","MentalFortress+1","Halt","Flash of Steel+1","TalkToTheHand+1","Meditate+1","FlurryOfBlows+1","Wallop+1"],"relics":["PureWater","CeramicFish","Happy Flower","Orichalcum","Centennial Puzzle","Odd Mushroom","TeardropLocket","Black Star","Mercury Hourglass","InkBottle","Lizard Tail","Strawberry","Pen Nib","Molten Egg 2","FossilizedHelix","Bronze Scales","SlaversCollar","Yang","Singing Bowl","Unceasing Top","Torii","Sundial","PreservedInsect","Gambling Chip","Nunchaku","Dead Branch","Akabeko"],"acts_visited":["Exordium","TheCity","TheBeyond","TheEnding"],"potions_floor_usage":[55,55],"damage_taken":[{"damage":0.0,"enemies":"Small Slimes","floor":1.0,"turns":1.0},{"damage":0.0,"enemies":"Jaw Worm","floor":3.0,"turns":3.0},{"damage":2.0,"enemies":"2 Louse","floor":4.0,"turns":4.0},{"damage":5.0,"enemies":"Blue Slaver","floor":5.0,"turns":2.0},{"damage":6.0,"enemies":"Gremlin Nob","floor":6.0,"turns":3.0},{"damage":10.0,"enemies":"Lagavulin","floor":8.0,"turns":7.0},{"damage":17.0,"enemies":"Gremlin Nob","floor":10.0,"turns":4.0},{"damage":0.0,"enemies":"The Mushroom Lair","floor":12.0,"turns":3.0},{"damage":8.0,"enemies":"Lagavulin","floor":13.0,"turns":4.0},{"damage":0.0,"enemies":"Exordium Thugs","floor":14.0,"turns":3.0},{"damage":2.0,"enemies":"Hexaghost","floor":16.0,"turns":4.0},{"damage":0.0,"enemies":"Spheric Guardian","floor":18.0,"turns":2.0},{"damage":0.0,"enemies":"3 Byrds","floor":21.0,"turns":3.0},{"damage":10.0,"enemies":"Snecko","floor":22.0,"turns":3.0},{"damage":2.0,"enemies":"Gremlin Leader","floor":23.0,"turns":4.0},{"damage":12.0,"enemies":"Slavers","floor":25.0,"turns":3.0},{"damage":24.0,"enemies":"Gremlin Leader","floor":29.0,"turns":4.0},{"damage":0.0,"enemies":"Chosen and Byrds","floor":30.0,"turns":2.0},{"damage":0.0,"enemies":"Cultist and Chosen","floor":31.0,"turns":2.0},{"damage":0.0,"enemies":"Champ","floor":33.0,"turns":7.0},{"damage":0.0,"enemies":"Orb Walker","floor":35.0,"turns":3.0},{"damage":7.0,"enemies":"3 Darklings","floor":36.0,"turns":4.0},{"damage":11.0,"enemies":"Sphere and 2 Shapes","floor":38.0,"turns":5.0},{"damage":9.0,"enemies":"Reptomancer","floor":41.0,"turns":5.0},{"damage":0.0,"enemies":"Spire Growth","floor":45.0,"turns":4.0},{"damage":3.0,"enemies":"Mind Bloom Boss Battle","floor":46.0,"turns":4.0},{"damage":0.0,"enemies":"Giant Head","floor":47.0,"turns":3.0},{"damage":16.0,"enemies":"Awakened One","floor":50.0,"turns":6.0},{"damage":1.0,"enemies":"Shield and Spear","floor":54.0,"turns":3.0},{"damage":22,"enemies":"The Heart","floor":55,"turns":8}],"seed_played":"-7513269705801838153","potions_obtained":[{"floor":3.0,"key":"LiquidBronze"},{"floor":4.0,"key":"AttackPotion"},{"floor":12.0,"key":"SpeedPotion"},{"floor":14.0,"key":"EntropicBrew"},{"floor":18.0,"key":"PowerPotion"},{"floor":23.0,"key":"StancePotion"},{"floor":29.0,"key":"LiquidBronze"},{"floor":30.0,"key":"ColorlessPotion"},{"floor":36.0,"key":"Regen Potion"},{"floor":41.0,"key":"Swift Potion"},{"floor":54.0,"key":"Dexterity Potion"}],"is_trial":false,"path_per_floor":["M","?","M","M","M","E","R","E","T","E","R","?","E","M","R","B",null,"M","?","?","M","M","E","R","E","T","R","?","E","M","M","R","B",null,"M","M","?","M","$","R","E","?","T","?","M","?","E","$","R","B",null,"R","$","E","B",null],"character_chosen":"WATCHER","items_purchased":["MentalFortress","Yang","Gambling Chip","Nunchaku","FlurryOfBlows+1","Wallop+1"],"campfire_rested":1,"item_purchase_floors":[39,39,48,48,48,53],"current_hp_per_floor":[47,47,47,45,40,34,34,24,24,7,28,28,20,20,20,18,59,59,59,59,59,49,47,47,42,42,42,42,18,18,18,18,18,64,64,57,57,46,46,46,37,37,37,37,39,36,36,36,36,20,66,66,66,67,60],"gold":181,"neow_bonus":"TRANSFORM_TWO_CARDS","is_daily":false,"chose_seed":false,"campfire_upgraded":7,"win_rate":0.0,"timestamp":1611504259,"path_taken":["M","?","M","M","M","E","R","E","T","E","R","?","E","M","R","BOSS","M","?","?","M","M","E","R","E","T","R","?","E","M","M","R","BOSS","M","M","?","M","$","R","E","?","T","?","?","?","E","$","R","BOSS","R","$","E","BOSS"],"items_purchased_type":["Card","Relic","Relic","Relic","Card","Card"],"build_version":"2020-12-22","purchased_purges":1,"victory":true,"max_hp_per_floor":[72,72,72,72,72,72,72,72,72,72,72,72,72,72,72,72,72,72,72,72,72,72,72,72,79,79,79,79,79,79,79,79,79,79,79,79,79,79,79,79,79,79,79,79,81,81,81,81,81,81,81,81,81,83,83],"card_choices":[{"not_picked":["ThirdEye","Weave"],"picked":"Consecrate","floor":1.0},{"not_picked":["Prostrate","BowlingBash"],"picked":"FollowUp","floor":3.0},{"not_picked":["Evaluate","FollowUp"],"picked":"Protect","floor":4.0},{"not_picked":["Indignation","CutThroughFate"],"picked":"FollowUp","floor":5.0},{"not_picked":["Evaluate","EmptyBody"],"picked":"Wish","floor":6.0},{"not_picked":["Wireheading","PathToVictory","Protect"],"picked":"SKIP","floor":8.0},{"not_picked":["Sanctity","CarveReality"],"picked":"EmptyFist","floor":10.0},{"not_picked":["WaveOfTheHand","FollowUp"],"picked":"EmptyMind","floor":12.0},{"not_picked":["JustLucky","Sanctity"],"picked":"Tantrum","floor":13.0},{"not_picked":["FlyingSleeves","JustLucky"],"picked":"WheelKick","floor":14.0},{"not_picked":["Vault","Omniscience"],"picked":"Ragnarok","floor":16.0},{"not_picked":["BowlingBash","Halt+1"],"picked":"TalkToTheHand+1","floor":18.0},{"not_picked":["LikeWater","JustLucky","Crescendo"],"picked":"SKIP","floor":21.0},{"not_picked":["FlyingSleeves","Indignation+1"],"picked":"InnerPeace+1","floor":22.0},{"not_picked":["Evaluate+1","SashWhip"],"picked":"DevaForm","floor":23.0},{"not_picked":["JustLucky+1","Tantrum"],"picked":"CrushJoints+1","floor":25.0},{"not_picked":["ReachHeaven+1","ClearTheMind+1"],"picked":"Wallop+1","floor":29.0},{"not_picked":["Blasphemy","SignatureMove+1","Consecrate+1"],"picked":"SKIP","floor":30.0},{"not_picked":["PathToVictory","SashWhip+1","EmptyFist+1"],"picked":"SKIP","floor":31.0},{"not_picked":["Brilliance+1","ConjureBlade"],"picked":"Vault","floor":33.0},{"not_picked":["Nirvana","Pray","PathToVictory"],"picked":"SKIP","floor":35.0},{"not_picked":["EmptyMind+1","Evaluate+1"],"picked":"Fasting2+1","floor":36.0},{"not_picked":["ThirdEye","CrushJoints+1","FollowUp+1"],"picked":"SKIP","floor":38.0},{"not_picked":["Tantrum+1","CutThroughFate+1"],"picked":"Halt","floor":41.0},{"not_picked":["Dramatic Entrance+1","Panacea"],"picked":"Flash of Steel+1","floor":42.0},{"not_picked":["Study","FlyingSleeves+1","SandsOfTime+1"],"picked":"Singing Bowl","floor":45.0},{"not_picked":["FlyingSleeves+1","BowlingBash+1"],"picked":"TalkToTheHand+1","floor":46.0},{"not_picked":["JustLucky+1","Crescendo+1"],"picked":"Meditate+1","floor":47.0},{"not_picked":["ClearTheMind+1","Vengeance+1","Wireheading"],"picked":"Singing Bowl","floor":54.0}],"player_experience":561350,"relics_obtained":[{"floor":6.0,"key":"CeramicFish"},{"floor":8.0,"key":"Happy Flower"},{"floor":9.0,"key":"Orichalcum"},{"floor":10.0,"key":"Centennial Puzzle"},{"floor":12.0,"key":"Odd Mushroom"},{"floor":13.0,"key":"TeardropLocket"},{"floor":23.0,"key":"InkBottle"},{"floor":23.0,"key":"Lizard Tail"},{"floor":25.0,"key":"Strawberry"},{"floor":25.0,"key":"Pen Nib"},{"floor":26.0,"key":"Molten Egg 2"},{"floor":29.0,"key":"FossilizedHelix"},{"floor":29.0,"key":"Bronze Scales"},{"floor":41.0,"key":"Singing Bowl"},{"floor":41.0,"key":"Unceasing Top"},{"floor":46.0,"key":"Torii"},{"floor":47.0,"key":"Sundial"},{"floor":47.0,"key":"PreservedInsect"},{"floor":54.0,"key":"Dead Branch"},{"floor":54.0,"key":"Akabeko"}],"event_choices":[{"damage_healed":0.0,"max_hp_gain":0.0,"max_hp_loss":0.0,"gold_gain":0.0,"cards_transformed":["Strike_P"],"event_name":"Living Wall","player_choice":"Change","floor":2.0,"gold_loss":0.0,"damage_taken":0.0,"cards_obtained":["FlurryOfBlows"]},{"damage_healed":0.0,"max_hp_gain":0.0,"max_hp_loss":0.0,"gold_gain":0.0,"event_name":"Mushrooms","player_choice":"Fought Mushrooms","floor":12.0,"gold_loss":0.0,"damage_taken":0.0},{"damage_healed":0.0,"max_hp_gain":0.0,"max_hp_loss":0.0,"gold_gain":0.0,"cards_transformed":["Defend_P","Strike_P"],"event_name":"Drug Dealer","player_choice":"Became Test Subject","floor":19.0,"gold_loss":0.0,"damage_taken":0.0,"cards_obtained":["ReachHeaven","CrushJoints"]},{"damage_healed":0.0,"max_hp_gain":0.0,"max_hp_loss":0.0,"gold_gain":0.0,"event_name":"Addict","player_choice":"Obtained Relic","floor":20.0,"gold_loss":85.0,"damage_taken":0.0,"relics_obtained":["Mercury Hourglass"]},{"cards_removed":["Defend_P"],"damage_healed":0.0,"max_hp_gain":0.0,"max_hp_loss":0.0,"gold_gain":0.0,"event_name":"Bonfire Elementals","player_choice":"Offered Basic","floor":28.0,"gold_loss":0.0,"damage_taken":0.0},{"cards_removed":["Ragnarok"],"damage_healed":0.0,"max_hp_gain":0.0,"max_hp_loss":0.0,"gold_gain":0.0,"event_name":"Falling","player_choice":"Removed Attack","floor":37.0,"gold_loss":0.0,"damage_taken":0.0},{"damage_healed":0.0,"max_hp_gain":0.0,"max_hp_loss":0.0,"gold_gain":0.0,"event_name":"SensoryStone","player_choice":"Memory 1","floor":42.0,"gold_loss":0.0,"damage_taken":0.0},{"cards_removed":["Strike_P"],"damage_healed":0.0,"max_hp_gain":0.0,"max_hp_loss":0.0,"gold_gain":0.0,"event_name":"Designer","player_choice":"Upgrade and Remove","floor":44.0,"gold_loss":90.0,"damage_taken":0.0,"cards_upgraded":["EmptyMind"]},{"damage_healed":0.0,"max_hp_gain":0.0,"max_hp_loss":0.0,"gold_gain":0.0,"event_name":"MindBloom","player_choice":"Fight","floor":46.0,"gold_loss":0.0,"damage_taken":0.0}],"is_beta":false,"boss_relics":[{"not_picked":["Runic Dome","Snecko Eye"],"picked":"Black Star"},{"not_picked":["Coffee Dripper","Fusion Hammer"],"picked":"SlaversCollar"}],"items_purged_floors":[39],"is_endless":false,"potions_floor_spawned":[3,4,12,14,18,23,29,30,36,41,47,54],"ascension_level":8}}