{"host":"rjbqai8ni6dsiu37","time":1611516807,"event":{"mods":["100% Spire Juice","BaseMod","CapriCore","GungeonMod","Lobotomy","Marisa£¨Ùöéë¡¡Øª×âÞÞ£©","Minty Spire (QoL Compilation)","Shop Mod","StSLib","Td1madao Mod","The Cursed","The Poker Player","WarShipGirlsR/??á´Ò³R mod"],"gold_per_floor":[110,185,185,198,214,224,256,256,283,283,283,318,318,332,332,427,427,412,422,275,295,314,314,325,355,355,38,49,59,59,59,59,155,155,172,49,49,39,56,56,67,67,90,105,135,31,31,50,50,50],"floor_reached":51,"language":"KOR","playtime":1961,"items_purged":["rmod:ammunitionsupply"],"score":1076,"play_id":"9260a222-c710-435f-a430-187fdcf9c174","local_time":"20210125043327","is_ascension_mode":true,"campfire_choices":[{"data":"rmod:maingunfire","floor":8.0,"key":"SMITH"},{"data":"rmod:basicallowance","floor":10.0,"key":"SMITH"},{"data":"rmod:mineteam","floor":13.0,"key":"SMITH"},{"floor":15.0,"key":"REST"},{"data":"rmod:aviationdawn","floor":23,"key":"SMITH"},{"data":"rmod:ridicule","floor":32,"key":"SMITH"},{"data":"rmod:openingtorpedo","floor":40,"key":"SMITH"},{"data":"rmod:royalracing","floor":42,"key":"SMITH"},{"floor":47,"key":"REST"},{"floor":49,"key":"REST"}],"circlet_count":0,"master_deck":["AscendersBane","rmod:strick","rmod:strick","rmod:strick","rmod:strick","rmod:defend","rmod:defend","rmod:defend","rmod:defend+1","rmod:basicallowance+1","rmod:maingunfire+1","rmod:mineteam+1","rmod:gendarmerie+1","rmod:ridicule+1","rmod:openingtorpedo+1","rmod:intelligenceanalysis","rmod:aviationdawn+1","rmod:aviationdawn+1","rmod:smokecover+1","rmod:timeschanged+1","CurseOfTheBell","rmod:royalracing+1","rmod:aluminumsupply+1"],"relics":["rmod:firstchargereward","NeowsBlessing","Meat on the Bone","DemoMod:LamentConfigurum","Dream Catcher","SacredBark","DemoMod:MemoryAlloy","Vajra","Darkstone Periapt","Molten Egg 2","Calling Bell","Orichalcum","DemoMod:JetPack","DemoMod:PartiallyEatenCheese","Pen Nib","War Paint"],"acts_visited":["Exordium","TheCity","TheBeyond"],"potions_floor_usage":[25,25,28,33,39,41,41,50,50,50,50,50],"damage_taken":[{"damage":0.0,"enemies":"2 Louse","floor":1.0,"turns":1.0},{"damage":0.0,"enemies":"Small Slimes","floor":4.0,"turns":1.0},{"damage":0.0,"enemies":"Cultist","floor":5.0,"turns":1.0},{"damage":0.0,"enemies":"Large Slime","floor":6.0,"turns":6.0},{"damage":21.0,"enemies":"Gremlin Nob","floor":7.0,"turns":4.0},{"damage":5.0,"enemies":"Lagavulin","floor":12.0,"turns":4.0},{"damage":18.0,"enemies":"3 Louse","floor":14.0,"turns":3.0},{"damage":36.0,"enemies":"The Guardian","floor":16.0,"turns":13.0},{"damage":15.0,"enemies":"2 Thieves","floor":18.0,"turns":4.0},{"damage":15.0,"enemies":"3 Byrds","floor":19.0,"turns":7.0},{"damage":3.0,"enemies":"Shelled Parasite and Fungi","floor":21.0,"turns":6.0},{"damage":16,"enemies":"Snecko","floor":22,"turns":5},{"damage":17,"enemies":"Snake Plant","floor":24,"turns":11},{"damage":26,"enemies":"Book of Stabbing","floor":25,"turns":5},{"damage":0,"enemies":"3 Cultists","floor":28,"turns":4},{"damage":0,"enemies":"Cultist and Chosen","floor":29,"turns":4},{"damage":36,"enemies":"Collector","floor":33,"turns":11},{"damage":3,"enemies":"Orb Walker","floor":35,"turns":2},{"damage":14,"enemies":"3 Shapes","floor":39,"turns":4},{"damage":0,"enemies":"Writhing Mass","floor":41,"turns":4},{"damage":7,"enemies":"Spire Growth","floor":44,"turns":4},{"damage":0,"enemies":"Giant Head","floor":45,"turns":4},{"damage":10,"enemies":"Jaw Worm Horde","floor":48,"turns":5},{"damage":40,"enemies":"Time Eater","floor":50,"turns":7}],"seed_played":"-35339205810813941","potions_obtained":[{"floor":1.0,"key":"Energy Potion"},{"floor":7.0,"key":"FearPotion"},{"floor":12.0,"key":"ColorlessPotion"},{"floor":16.0,"key":"CultistPotion"},{"floor":18.0,"key":"SteroidPotion"},{"floor":24,"key":"Block Potion"},{"floor":25,"key":"BlessingOfTheForge"},{"floor":28,"key":"PowerPotion"},{"floor":29,"key":"SkillPotion"},{"floor":33,"key":"Swift Potion"},{"floor":39,"key":"SpeedPotion"},{"floor":44,"key":"DuplicationPotion"},{"floor":45,"key":"SkillPotion"}],"is_trial":false,"path_per_floor":["M","?","?","M","M","M","E","R","T","R","?","E","R","M","R","B",null,"M","M","$","M","M","R","M","E","T","$","M","M","?","?","R","B",null,"M","$","?","?","M","R","M","R","T","M","E","$","R","M","R","B",null],"character_chosen":"PRAEFECT","items_purchased":["rmod:intelligenceanalysis","rmod:aviationdawn","DemoMod:LeadSkinPotion","Molten Egg 2","rmod:royalracing","DemoMod:LeadSkinPotion","EntropicBrew"],"campfire_rested":3,"item_purchase_floors":[20,20,20,27,36,36,46],"current_hp_per_floor":[68,57,75,75,75,75,54,54,54,54,59,54,54,48,72,48,72,57,42,42,51,47,47,42,28,28,28,40,52,52,52,52,28,73,70,70,70,70,56,56,56,56,56,49,49,49,74,64,86,46],"gold":50,"neow_bonus":"THREE_ENEMY_KILL","is_daily":false,"chose_seed":false,"campfire_upgraded":7,"win_rate":0.0,"timestamp":1611516807,"path_taken":["M","?","?","M","M","?","E","R","T","R","?","E","R","M","R","BOSS","M","M","$","M","M","R","M","E","T","$","M","M","?","?","R","BOSS","M","$","?","?","M","R","?","R","T","M","E","?","R","M","R","BOSS"],"items_purchased_type":["Card","Card","Undefined","Relic","Card","Undefined","Potion"],"build_version":"2020-12-22","purchased_purges":1,"victory":true,"max_hp_per_floor":[75,75,75,75,75,75,75,75,75,75,80,80,80,80,80,80,80,80,80,80,80,80,80,80,80,80,80,80,80,80,80,80,80,86,86,86,86,86,86,86,86,86,86,86,86,86,86,86,86,86],"card_choices":[{"not_picked":["rmod:wife","rmod:ammunitionsupply"],"picked":"rmod:mineteam","floor":1.0},{"not_picked":["rmod:aluminumsupply","rmod:victimresponsibility","rmod:shuttlebombing"],"picked":"SKIP","floor":4.0},{"not_picked":["rmod:combined","rmod:diamondstrike","rmod:tearstotiara"],"picked":"SKIP","floor":5.0},{"not_picked":["rmod:aluminumsupply","rmod:garrisonisland"],"picked":"rmod:mineteam","floor":6.0},{"not_picked":["rmod:overbreakdown","rmod:heivgo","rmod:wolves"],"picked":"SKIP","floor":7.0},{"not_picked":["rmod:diamondstrike","rmod:luckystar","rmod:windflower"],"picked":"SKIP","floor":12.0},{"not_picked":["rmod:steelsupply","rmod:heivgo","rmod:ammunitionsupply"],"picked":"SKIP","floor":14.0},{"not_picked":["rmod:victimresponsibility","rmod:fletcherpendant"],"picked":"rmod:gendarmerie","floor":15.0},{"not_picked":["rmod:highspeedmaneuver","rmod:saltedfish"],"picked":"rmod:ridicule","floor":16.0},{"not_picked":["rmod:fletcherpendant","rmod:aviationdawn"],"picked":"rmod:openingtorpedo","floor":18.0},{"not_picked":["rmod:diamondstrike","rmod:tearstotiara"],"picked":"rmod:ammunitionsupply","floor":19.0},{"not_picked":["rmod:tearstotiara","rmod:overbreakdown"],"picked":"rmod:aviationdawn+1","floor":21.0},{"not_picked":["rmod:expeditionaryescort","rmod:luckystar"],"picked":"rmod:smokecover+1","floor":22},{"not_picked":["rmod:unsinkable+1","rmod:circuitoustactics","rmod:mineteam"],"picked":"SKIP","floor":24},{"not_picked":["rmod:supportescort","rmod:tearstotiara","rmod:lonelyqueen+1"],"picked":"SKIP","floor":25},{"not_picked":["rmod:unsinkable+1","rmod:combined+1","rmod:steelsupply"],"picked":"SKIP","floor":28},{"not_picked":["rmod:firesupport+1","rmod:fletcherpendant+1","rmod:slowdown+1"],"picked":"SKIP","floor":29},{"not_picked":["rmod:abidefaith","rmod:supriseattacks"],"picked":"rmod:timeschanged+1","floor":33},{"not_picked":["rmod:concentratefire+1","rmod:overbreakdown+1","rmod:expedition+1"],"picked":"SKIP","floor":35},{"not_picked":["rmod:highspeedshooting+1","rmod:intelligenceanalysis+1","rmod:fletcherpendant+1"],"picked":"SKIP","floor":39},{"not_picked":["rmod:wolves+1","rmod:aggressivemary+1"],"picked":"rmod:aluminumsupply+1","floor":41},{"not_picked":["rmod:goodsister","rmod:diamondstrike+1","rmod:combined+1"],"picked":"SKIP","floor":44},{"not_picked":["rmod:steelsupply+1","rmod:timeschanged+1","rmod:intelligenceanalysis+1"],"picked":"SKIP","floor":45},{"not_picked":["rmod:steelsupply","rmod:circuitoustactics+1","rmod:supportescort+1"],"picked":"SKIP","floor":48}],"player_experience":219011,"relics_obtained":[{"floor":7.0,"key":"Meat on the Bone"},{"floor":9.0,"key":"DemoMod:LamentConfigurum"},{"floor":12.0,"key":"Dream Catcher"},{"floor":25,"key":"Vajra"},{"floor":26,"key":"Darkstone Periapt"},{"floor":34,"key":"Orichalcum"},{"floor":34,"key":"DemoMod:JetPack"},{"floor":34,"key":"DemoMod:PartiallyEatenCheese"},{"floor":43,"key":"Pen Nib"},{"floor":45,"key":"War Paint"}],"event_choices":[{"damage_healed":0.0,"max_hp_gain":0.0,"max_hp_loss":0.0,"gold_gain":75.0,"event_name":"World of Goop","player_choice":"Gather Gold","floor":2.0,"gold_loss":0.0,"damage_taken":11.0},{"cards_removed":["rmod:mineteam"],"damage_healed":18.0,"max_hp_gain":0.0,"max_hp_loss":0.0,"gold_gain":0.0,"event_name":"Bonfire Elementals","player_choice":"Offered Uncommon","floor":3.0,"gold_loss":0.0,"damage_taken":0.0},{"damage_healed":0.0,"max_hp_gain":5.0,"max_hp_loss":0.0,"gold_gain":0.0,"event_name":"Big Fish","player_choice":"Donut","floor":11.0,"gold_loss":0.0,"damage_taken":0.0},{"damage_healed":0,"gold_gain":0,"player_choice":"Ignored","damage_taken":0,"max_hp_gain":0,"max_hp_loss":0,"event_name":"Cursed Tome","floor":30,"gold_loss":0},{"damage_healed":0,"gold_gain":0,"player_choice":"Ignored","damage_taken":0,"max_hp_gain":0,"max_hp_loss":0,"event_name":"The Mausoleum","floor":31,"gold_loss":0},{"damage_healed":0,"gold_gain":0,"player_choice":"Memory 1","damage_taken":0,"max_hp_gain":0,"max_hp_loss":0,"event_name":"SensoryStone","floor":37,"gold_loss":0}],"is_beta":false,"boss_relics":[{"not_picked":["Black Star","Runic Pyramid"],"picked":"SacredBark"},{"not_picked":["rmod:mogul","Astrolabe"],"picked":"Calling Bell"}],"items_purged_floors":[27],"is_endless":false,"potions_floor_spawned":[1,7,12,16,18,24,25,28,29,33,39,44,45],"ascension_level":10}}