{"host":"dw8ij7emqco3quom","time":1611481528,"event":{"mods":["BaseMod","Minty Spire (QoL Compilation)"],"gold_per_floor":[20,20,31,46,58,83,83,83,83,106,106,131,131,154,154,154,154],"floor_reached":16,"language":"FRA","playtime":909,"items_purged":[],"score":130,"play_id":"2db16a33-4eb9-4048-a4fb-7d33ff553dae","local_time":"20210124104528","is_ascension_mode":true,"campfire_choices":[{"floor":11,"key":"REST"},{"floor":13,"key":"REST"},{"floor":15,"key":"REST"}],"circlet_count":0,"master_deck":["Strike_G","Strike_G","Strike_G","Strike_G","Strike_G","Defend_G","Defend_G","Defend_G","Defend_G","Defend_G","Survivor","Neutralize","Poisoned Stab","Decay","Blur","Outmaneuver","Acrobatics","Tactician","Injury","Skewer","Dash","Quick Slash"],"relics":["Ring of the Snake","Blood Vial","Golden Idol"],"acts_visited":["Exordium"],"potions_floor_usage":[6,6,10,14,16],"damage_taken":[{"damage":0,"enemies":"2 Louse","floor":1,"turns":3},{"damage":0,"enemies":"Cultist","floor":3,"turns":4},{"damage":1,"enemies":"Small Slimes","floor":4,"turns":3},{"damage":5,"enemies":"Looter","floor":5,"turns":4},{"damage":90,"enemies":"Lagavulin","floor":6,"turns":13},{"damage":10,"enemies":"Large Slime","floor":10,"turns":10},{"damage":34,"enemies":"Lots of Slimes","floor":12,"turns":6},{"damage":21,"enemies":"Exordium Thugs","floor":14,"turns":8},{"damage":53,"enemies":"Slime Boss","floor":16,"turns":9}],"seed_played":"-7880800881652381030","potions_obtained":[{"floor":4,"key":"GamblersBrew"},{"floor":5,"key":"Regen Potion"},{"floor":6,"key":"Fire Potion"},{"floor":12,"key":"Block Potion"},{"floor":14,"key":"EntropicBrew"}],"is_trial":false,"path_per_floor":["M","?","M","M","M","E","?","?","T","M","R","M","R","M","R","B"],"character_chosen":"THE_SILENT","items_purchased":[],"campfire_rested":3,"item_purchase_floors":[],"current_hp_per_floor":[84,84,84,83,78,3,31,31,31,23,48,16,41,22,47,0,0],"gold":154,"neow_bonus":"TWENTY_PERCENT_HP_BONUS","is_daily":false,"chose_seed":false,"campfire_upgraded":0,"win_rate":0.0,"timestamp":1611481528,"path_taken":["M","?","?","M","M","E","?","?","T","M","R","M","R","M","R","BOSS"],"items_purchased_type":[],"build_version":"2020-12-22","purchased_purges":0,"victory":false,"max_hp_per_floor":[84,84,84,84,84,84,84,84,84,84,84,84,84,84,84,84,84],"card_choices":[{"not_picked":["Sucker Punch","Distraction"],"picked":"Poisoned Stab","floor":1},{"not_picked":["Masterful Stab","Flying Knee"],"picked":"Blur","floor":3},{"not_picked":["Bane","Deflect"],"picked":"Outmaneuver","floor":4},{"not_picked":["Reflex","Bane"],"picked":"Acrobatics","floor":5},{"not_picked":["Predator","Caltrops"],"picked":"Tactician","floor":6},{"not_picked":["Acrobatics","Masterful Stab"],"picked":"Skewer","floor":10},{"not_picked":["Crippling Poison","Poisoned Stab"],"picked":"Dash","floor":12},{"not_picked":["Bane","Terror"],"picked":"Quick Slash","floor":14}],"player_experience":675811,"relics_obtained":[{"floor":6,"key":"Blood Vial"}],"event_choices":[{"damage_healed":0,"gold_gain":0,"player_choice":"Cursed","damage_taken":0,"max_hp_gain":0,"max_hp_loss":0,"event_name":"Wheel of Change","floor":2,"gold_loss":0,"cards_obtained":["Decay"]},{"damage_healed":28,"gold_gain":0,"player_choice":"Banana","damage_taken":0,"max_hp_gain":0,"max_hp_loss":0,"event_name":"Big Fish","floor":7,"gold_loss":0},{"damage_healed":0,"gold_gain":0,"player_choice":"Take Wound","damage_taken":0,"relics_obtained":["Golden Idol"],"max_hp_gain":0,"max_hp_loss":0,"event_name":"Golden Idol","floor":8,"gold_loss":0,"cards_obtained":["Injury"]}],"is_beta":false,"boss_relics":[],"items_purged_floors":[],"is_endless":false,"potions_floor_spawned":[4,5,6,12,14],"killed_by":"Slime Boss","ascension_level":5}}