{"host":"1zbtkd1m10h1d5gl","time":1611482854,"event":{"mods":["AchievementEnabler","BaseMod","BetterRewards","Colored Map","Colored Powertips","Downfall","Hermit","Hubris","Infinite Spire","Minty Spire (QoL Compilation)","Replay The Spire","Shop Mod","StSLib","SuperFastMode"],"gold_per_floor":[99,113,128,142,142,157,157,173,199,199,218,233,251,271,282,282,282],"floor_reached":16,"language":"ENG","playtime":1124,"items_purged":[],"score":110,"play_id":"d84e6bd7-a58e-4145-81f2-c5b60e436694","local_time":"20210124020734","is_ascension_mode":false,"campfire_choices":[{"floor":1,"key":"RECALL"}],"circlet_count":0,"master_deck":["hermit:Strike_Hermit","hermit:Strike_Hermit","hermit:Strike_Hermit","hermit:Defend_Hermit","hermit:Defend_Hermit","hermit:Defend_Hermit","hermit:Defend_Hermit","hermit:Snapshot","hermit:Covet","hermit:Grudge","hermit:Headshot","hermit:Desperado","hermit:Headshot","hermit:Showdown","hermit:Desperado","Iron Wave","hermit:Spite","hermit:Manifest","hermit:Misfire","hermit:RoundhouseKick","hermit:HoleUp"],"relics":["m_SlimeRing","infinitespire:Cubic Diamond","Potion Belt","Shuriken"],"acts_visited":["Exordium"],"potions_floor_usage":[9,16,16,16,16],"damage_taken":[{"damage":14,"enemies":"Small Slimes","floor":2,"turns":3},{"damage":0,"enemies":"2 Louse","floor":3,"turns":2},{"damage":1,"enemies":"Cultist","floor":4,"turns":4},{"damage":6,"enemies":"Blue Slaver","floor":6,"turns":4},{"damage":7,"enemies":"Exordium Wildlife","floor":8,"turns":3},{"damage":26,"enemies":"3 Sentries","floor":9,"turns":6},{"damage":0,"enemies":"3 Louse","floor":11,"turns":1},{"damage":4,"enemies":"2 Fungi Beasts","floor":12,"turns":2},{"damage":0,"enemies":"Blue Slaver","floor":13,"turns":2},{"damage":6,"enemies":"Exordium Wildlife","floor":14,"turns":2},{"damage":0,"enemies":"3 Louse","floor":15,"turns":2},{"damage":19,"enemies":"WA_ARCHETYPE_RETAIN","floor":16,"turns":8}],"seed_played":"544684705102053737","potions_obtained":[{"floor":4,"key":"FearPotion"},{"floor":9,"key":"LifebloodPotion"},{"floor":13,"key":"hermit:Eclipse"},{"floor":14,"key":"LiquidBronze"},{"floor":15,"key":"ColorlessPotion"}],"is_trial":false,"path_per_floor":["R_BF","M","M","M","?","M","T","M","E","?","M","M","M","M","M","B"],"character_chosen":"HERMIT","items_purchased":[],"campfire_rested":0,"item_purchase_floors":[],"current_hp_per_floor":[82,68,68,67,67,61,61,54,28,28,28,24,24,18,18,0,0],"gold":282,"neow_bonus":"TEN_PERCENT_HP_BONUS","is_daily":false,"chose_seed":false,"campfire_upgraded":0,"win_rate":0.0,"timestamp":1611482854,"path_taken":["R_BF","M","M","M","?","M","T","M","E","?","M","M","M","?","M","BOSS"],"items_purchased_type":[],"build_version":"2020-12-22","purchased_purges":0,"victory":false,"max_hp_per_floor":[82,82,82,82,82,82,82,82,82,82,82,82,82,82,82,82,82],"card_choices":[{"not_picked":["hermit:ShadowCloak","hermit:WideOpen"],"picked":"hermit:Grudge","floor":2},{"not_picked":["hermit:Snipe","hermit:Vantage"],"picked":"hermit:Headshot","floor":3},{"not_picked":["hermit:Combo","hermit:Vantage"],"picked":"hermit:Desperado","floor":4},{"not_picked":["hermit:Determination","hermit:WideOpen"],"picked":"hermit:Headshot","floor":6},{"not_picked":["hermit:Ricochet","hermit:TakeAim"],"picked":"hermit:Showdown","floor":8},{"not_picked":["Hidden Blade","hermit:Snipe"],"picked":"hermit:Desperado","floor":9},{"not_picked":["hermit:HighCaliber","Slimebound:DisruptingSlam"],"picked":"hermit:Spite","floor":11},{"not_picked":["hermit:Spite","hermit:BodyArmor"],"picked":"hermit:Manifest","floor":12},{"not_picked":["hermit:Coalescence","hermit:Roulette"],"picked":"hermit:Misfire","floor":13},{"not_picked":["Slimebound:Prepare","hermit:ItchyTrigger"],"picked":"hermit:RoundhouseKick","floor":14},{"not_picked":["hermit:DeadMansHand","hermit:Headshot"],"picked":"hermit:HoleUp","floor":15}],"player_experience":10622,"relics_obtained":[{"floor":7,"key":"Potion Belt"},{"floor":9,"key":"Shuriken"}],"event_choices":[{"cards_removed":["hermit:Strike_Hermit"],"damage_healed":0,"gold_gain":0,"player_choice":"Took Card","damage_taken":0,"max_hp_gain":0,"max_hp_loss":0,"event_name":"NoteForYourself","floor":10,"gold_loss":0,"cards_obtained":["Iron Wave"]}],"is_beta":false,"boss_relics":[],"items_purged_floors":[],"is_endless":false,"potions_floor_spawned":[4,9,13,14,15],"killed_by":"WA_ARCHETYPE_RETAIN","ascension_level":0}}