{"host":"6q94iy5iz6612v89","time":1611461491,"event":{"mods":["AchievementEnabler","BaseMod","Colored Map","DeckTracker","Keyboard Shortcuts","Minty Spire (QoL Compilation)","Permanent Neow","StSLib","SuperFastMode"],"gold_per_floor":[118,136,153,168,186,214,214,246,272,69,69,100,119,149,149,225,225,225,225,150,150,150,150,150,150,150,150,150,150,150,150,150,150,150],"floor_reached":33,"language":"KOR","playtime":680,"items_purged":[],"score":673,"play_id":"c257f3e9-dd32-42bd-8187-64eb08f28896","local_time":"20210124131131","is_ascension_mode":true,"campfire_choices":[{"data":"Perfected Strike","floor":7,"key":"SMITH"},{"data":"Evolve","floor":11,"key":"SMITH"},{"data":"Fire Breathing","floor":15,"key":"SMITH"},{"floor":24,"key":"REST"},{"floor":30,"key":"REST"},{"data":"Power Through","floor":32,"key":"SMITH"}],"circlet_count":0,"master_deck":["AscendersBane","Strike_R","Strike_R","Strike_R","Strike_R","Defend_R","Defend_R","Defend_R","Defend_R","Bash","Wild Strike","Perfected Strike+1","Fire Breathing+1","Hemokinesis","Pommel Strike","Evolve+1","Perfected Strike+1","Power Through+1","Second Wind","Intimidate","Impervious","Burning Pact","Twin Strike+1","Perfected Strike+1","Perfected Strike+1"],"relics":["Burning Blood","Blue Candle","Molten Egg 2","Centennial Puzzle","DollysMirror","Strawberry","Juzu Bracelet","Ectoplasm","MutagenicStrength","Art of War","StrikeDummy","Nilry\u0027s Codex"],"acts_visited":["Exordium","TheCity"],"potions_floor_usage":[6,8,12,16,23,28,33],"damage_taken":[{"damage":0,"enemies":"Cultist","floor":1,"turns":3},{"damage":4,"enemies":"Jaw Worm","floor":2,"turns":3},{"damage":0,"enemies":"2 Louse","floor":3,"turns":1},{"damage":19,"enemies":"Blue Slaver","floor":4,"turns":4},{"damage":23,"enemies":"Exordium Wildlife","floor":5,"turns":5},{"damage":27,"enemies":"3 Sentries","floor":6,"turns":5},{"damage":8,"enemies":"Gremlin Nob","floor":8,"turns":3},{"damage":18,"enemies":"Lagavulin","floor":12,"turns":4},{"damage":0,"enemies":"2 Fungi Beasts","floor":13,"turns":2},{"damage":19,"enemies":"Gremlin Nob","floor":14,"turns":4},{"damage":4,"enemies":"Hexaghost","floor":16,"turns":7},{"damage":19,"enemies":"Shell Parasite","floor":18,"turns":3},{"damage":0,"enemies":"Spheric Guardian","floor":19,"turns":3},{"damage":26,"enemies":"3 Cultists","floor":22,"turns":6},{"damage":28,"enemies":"Book of Stabbing","floor":23,"turns":4},{"damage":2,"enemies":"Snake Plant","floor":28,"turns":2},{"damage":8,"enemies":"Centurion and Healer","floor":29,"turns":4},{"damage":0,"enemies":"Snecko","floor":31,"turns":3},{"damage":58,"enemies":"Automaton","floor":33,"turns":6}],"seed_played":"4375789109809703080","potions_obtained":[{"floor":1,"key":"Fire Potion"},{"floor":2,"key":"SneckoOil"},{"floor":3,"key":"SpeedPotion"},{"floor":5,"key":"DistilledChaos"},{"floor":6,"key":"Block Potion"},{"floor":14,"key":"Strength Potion"},{"floor":19,"key":"Regen Potion"},{"floor":22,"key":"AttackPotion"},{"floor":23,"key":"FearPotion"},{"floor":31,"key":"HeartOfIron"}],"is_trial":false,"path_per_floor":["M","M","M","M","M","E","R","E","T","$","R","E","M","E","R","B",null,"M","M","?","?","M","E","R","?","T","?","M","M","R","M","R","B"],"character_chosen":"IRONCLAD","items_purchased":["DollysMirror","Power Through"],"campfire_rested":2,"item_purchase_floors":[10,10],"current_hp_per_floor":[74,75,75,62,45,24,24,22,22,22,22,17,23,10,10,12,65,52,58,58,58,38,16,40,40,40,19,28,26,50,56,56,0,0],"gold":150,"neow_bonus":"THREE_CARDS","is_daily":false,"chose_seed":false,"campfire_upgraded":4,"win_rate":0.0,"timestamp":1611461491,"path_taken":["M","M","M","M","?","E","R","E","T","?","R","E","M","E","R","BOSS","M","M","?","?","M","E","R","?","T","?","M","M","R","M","R","BOSS"],"items_purchased_type":["Relic","Card"],"build_version":"2020-12-22","purchased_purges":0,"victory":false,"max_hp_per_floor":[75,75,75,75,75,75,75,75,75,75,75,82,82,82,82,82,82,82,82,82,82,82,82,82,82,82,82,82,82,82,82,82,82,82],"card_choices":[{"not_picked":["Bloodletting","Armaments"],"picked":"Wild Strike","floor":0},{"not_picked":["Hemokinesis","Thunderclap"],"picked":"Perfected Strike","floor":1},{"not_picked":["Entrench","Clothesline"],"picked":"Fire Breathing","floor":2},{"not_picked":["Warcry","Iron Wave","Hemokinesis"],"picked":"SKIP","floor":3},{"not_picked":["Warcry","Iron Wave"],"picked":"Hemokinesis","floor":3},{"not_picked":["Pummel","Iron Wave"],"picked":"Pommel Strike","floor":4},{"not_picked":["Rupture","Cleave","Body Slam"],"picked":"SKIP","floor":5},{"not_picked":["Pummel","Combust","Hemokinesis"],"picked":"SKIP","floor":6},{"not_picked":["Clash+1","Anger+1"],"picked":"Evolve","floor":8},{"not_picked":["Bloodletting","True Grit"],"picked":"Second Wind","floor":12},{"not_picked":["True Grit","Combust"],"picked":"Intimidate","floor":13},{"not_picked":["Hemokinesis+1","Pummel+1","Reaper+1"],"picked":"SKIP","floor":14},{"not_picked":["Barricade","Exhume"],"picked":"Impervious","floor":16},{"not_picked":["Rupture","Cleave+1"],"picked":"Burning Pact","floor":18},{"not_picked":["Anger+1","Whirlwind+1","True Grit"],"picked":"SKIP","floor":19},{"not_picked":["Fire Breathing","Evolve","Headbutt+1"],"picked":"SKIP","floor":22},{"not_picked":["Reaper+1","Entrench"],"picked":"Twin Strike+1","floor":23},{"not_picked":["Headbutt+1","Iron Wave+1"],"picked":"Perfected Strike+1","floor":28},{"not_picked":["Warcry","Armaments","Entrench"],"picked":"SKIP","floor":29},{"not_picked":["Second Wind","Intimidate+1","Whirlwind+1"],"picked":"SKIP","floor":31}],"player_experience":1442373,"relics_obtained":[{"floor":6,"key":"Blue Candle"},{"floor":8,"key":"Molten Egg 2"},{"floor":9,"key":"Centennial Puzzle"},{"floor":12,"key":"Strawberry"},{"floor":14,"key":"Juzu Bracelet"},{"floor":23,"key":"Art of War"},{"floor":26,"key":"StrikeDummy"},{"floor":27,"key":"Nilry\u0027s Codex"}],"event_choices":[{"cards_removed":["Strike_R"],"damage_healed":0,"gold_gain":0,"player_choice":"Gave Gold","damage_taken":0,"max_hp_gain":0,"max_hp_loss":0,"event_name":"Beggar","floor":20,"gold_loss":75},{"damage_healed":0,"gold_gain":0,"player_choice":"Inject Mutagens","damage_taken":0,"relics_obtained":["MutagenicStrength"],"max_hp_gain":0,"max_hp_loss":0,"event_name":"Drug Dealer","floor":21,"gold_loss":0},{"damage_healed":0,"gold_gain":0,"player_choice":"Read","damage_taken":0,"max_hp_gain":0,"max_hp_loss":0,"event_name":"The Library","floor":25,"gold_loss":0,"cards_obtained":["Perfected Strike"]},{"damage_healed":0,"gold_gain":0,"player_choice":"Obtained Book","damage_taken":21,"max_hp_gain":0,"max_hp_loss":0,"event_name":"Cursed Tome","floor":27,"gold_loss":0}],"is_beta":false,"boss_relics":[{"not_picked":["Tiny House","SacredBark"],"picked":"Ectoplasm"}],"items_purged_floors":[],"is_endless":false,"potions_floor_spawned":[1,2,3,5,6,14,19,22,23,31],"killed_by":"Automaton","ascension_level":20}}