{"host":"6r9t33axn0fzb9aq","time":1611499263,"event":{"mods":["Aspiration","BaseMod","Better Match","Better Note","CatGirl Mod","Clockwork Mod","Colored Map","Colored Powertips","Conspire","Custom Start","Energized Spire","Halation","Hubris","Infinite Spire","Marisa????????","Minty Spire (QoL Compilation)","MostiFishMod","Onozuka Komachi Mod","Remilia??????","Replay The Spire","Reworked Bosses","Shade Mod","Spicy Shops","StSLib","The Blue Laboratory","The Death Knight","The Hierophant","The Necromancer","The Servant 0.9.4","TheHero","Trackpad","Wandering Minibosses"],"gold_per_floor":[18,36,36,56,76,111,111,33,33,44,57,57,86,99,99,197,197,214,214,214,11,11,11],"floor_reached":22,"language":"ENG","playtime":2738,"items_purged":[],"score":196,"play_id":"7140b49e-2c1d-479b-8d9e-8a9c22a0063d","local_time":"20210124144103","is_ascension_mode":false,"campfire_choices":[{"floor":7,"key":"REST"},{"data":"Spin","floor":12,"key":"SMITH"},{"floor":15,"key":"REST"}],"circlet_count":0,"master_deck":["Strike_S","Strike_S","Defend_S","Defend_S","Defend_S","Defend_S","KidneyShot","Exchange","Luminosity","Ricochet","Spin","Contraction","Spin+1","GearUp","FanOfKnives","Starlight","SurpressingFire","Rearm","DoubleEdge","SpecialFormula","FlawlessForm","BottledTime+1","Defend_S","infinitespire:Fortify","ReplayTheSpireMod:Black Plague","ReplayTheSpireMod:Private Reserves","Spin","Snipe"],"relics":["Uniform","DaveBox","Dodecahedron","halation:QuantumPhysicsTextbook","SynthV:TestCard","CultistMask","hubris:ToyBattleship","Replay:PocketPolymizer","hubris:MedicalManual","hubris:HollowSoul","Busted Crown","infinitespire:Beetle Shell"],"acts_visited":["Exordium","TheCity"],"potions_floor_usage":[6,6,11,16,16],"damage_taken":[{"damage":3,"enemies":"infinitespire:Voidling","floor":1,"turns":5},{"damage":4,"enemies":"Small Slimes","floor":2,"turns":5},{"damage":0,"enemies":"Cultist","floor":4,"turns":4},{"damage":0,"enemies":"3 Louse","floor":5,"turns":3},{"damage":10,"enemies":"Lagavulin","floor":6,"turns":7},{"damage":0,"enemies":"Gremlin Gang","floor":10,"turns":2},{"damage":13,"enemies":"Exordium Thugs","floor":11,"turns":3},{"damage":34,"enemies":"Gremlin Nob","floor":13,"turns":6},{"damage":0,"enemies":"Exordium Wildlife","floor":14,"turns":2},{"damage":5,"enemies":"The Guardian","floor":16,"turns":11},{"damage":36,"enemies":"2 Thieves","floor":18,"turns":4},{"damage":0,"enemies":"3 Byrds","floor":22,"turns":2}],"seed_played":"8486150644384353707","potions_obtained":[{"floor":1,"key":"Dexterity Potion"},{"floor":4,"key":"PowerPotion"},{"floor":6,"key":"DeathKnight:RimePotion"},{"floor":13,"key":"blueLaboratory:BottleOfVodka"},{"floor":14,"key":"blueLaboratory:BottleOfRum"}],"is_trial":false,"path_per_floor":["M","M","?","M","M","E","R","$","T","M","M","R","E","M","R","B",null,"M","?","AVR","$","M"],"character_chosen":"THE_SERVANT","items_purchased":["GearUp","ReplayTheSpireMod:Private Reserves","Spin","Snipe"],"campfire_rested":2,"item_purchase_floors":[8,21,21,21],"current_hp_per_floor":[62,58,58,58,58,48,65,65,65,65,52,52,18,18,37,37,65,34,34,34,34,34,34],"gold":11,"neow_bonus":"ONE_RARE_RELIC","is_daily":false,"chose_seed":false,"campfire_upgraded":1,"win_rate":0.0,"timestamp":1611499263,"path_taken":["M","?","?","M","M","E","R","$","T","M","?","R","E","M","R","BOSS","M","?","AVR","?","M"],"items_purchased_type":["Card","Card","Card","Card"],"build_version":"2020-12-22","purchased_purges":0,"victory":false,"max_hp_per_floor":[65,65,65,65,65,65,65,65,65,65,65,65,65,65,65,65,65,65,65,65,65,65,65],"card_choices":[{"not_picked":["Unruled","Foresight"],"picked":"Luminosity","floor":1},{"not_picked":["SpecialFormula","Alleviate","Revamp","Unruled"],"picked":"Ricochet","floor":2},{"not_picked":["Rewind","Alleviate","Potential","Advance"],"picked":"Spin","floor":4},{"not_picked":["Revamp","TimeWarp","FastForward","Solidify"],"picked":"Contraction","floor":5},{"not_picked":["Snipe","Gouge","Replace","Defy"],"picked":"Spin","floor":6},{"not_picked":["Ricochet","Replace","Defy","Gouge"],"picked":"FanOfKnives","floor":10},{"not_picked":["SurpressingFire","RealityMarble","Snipe","FastForward"],"picked":"Starlight","floor":11},{"not_picked":["BestPractice","Collapse","Rewind","ShatteredReality"],"picked":"Rearm","floor":13},{"not_picked":["Manipulate","Rewind","FanOfKnives","FastForward"],"picked":"DoubleEdge","floor":14},{"not_picked":["Deny","Sunlight","Embodiment","Solidify"],"picked":"FlawlessForm","floor":16},{"not_picked":["Spin","Potential","Starlight","StarChef"],"picked":"BottledTime+1","floor":18}],"player_experience":371336,"relics_obtained":[{"floor":1,"key":"SynthV:TestCard"},{"floor":6,"key":"hubris:ToyBattleship"},{"floor":9,"key":"Replay:PocketPolymizer"},{"floor":13,"key":"hubris:MedicalManual"}],"event_choices":[{"damage_healed":0,"gold_gain":0,"player_choice":"Trade","damage_taken":0,"relics_obtained":["CultistMask"],"max_hp_gain":0,"max_hp_loss":0,"event_name":"FaceTrader","floor":3,"gold_loss":0},{"cards_removed":["Defend_S"],"damage_healed":0,"gold_gain":0,"player_choice":"Take \u0026 Give","damage_taken":0,"max_hp_gain":0,"max_hp_loss":0,"event_name":"betterNote:BetterNote","floor":19,"gold_loss":0,"cards_obtained":["Defend_S"]}],"is_beta":false,"boss_relics":[{"not_picked":["aspiration:SecretTechniqueScroll","Transparent"],"picked":"hubris:HollowSoul"}],"items_purged_floors":[],"is_endless":false,"potions_floor_spawned":[1,4,6,13,14],"killed_by":"3 Byrds","ascension_level":0}}