{"host":"9xv6exvwmlpefxuw","time":1611474473,"event":{"mods":["ATMod(阿瑾Mod)","AchievementEnabler","Act Like it!","Aspiration","BaseMod","Chen","Colored Powertips","Conspire","Downfall","Friendly Minions","Gensokyo","GifTheSpireLib","KinomotoSakuraMod(木之本樱)","Koishi","KomeijiMod","Lobotomy","LobotomyExtend","Marisa（F雨　魔理沙）","Minty Spire (QoL Compilation)","Pale of the Ancients","Rare Cards Sparkle","Reimu（博丽灵梦）","Remilia_Scarlet Moed（蕾米莉亚・斯卡雷特）3.3.5","Remilia（蕾米莉亚）","RumiaBox-露米娅的神秘盒子","StSLib","The Administrix","The Mystic","The Servant 0.9.4","WarShipGirlsR/战舰少女R mod","Yakumo Yukari mod","Youmu（魂魄妖梦）","Yuyuko","[IsaacMod]以撒尖塔","[功能]功能增强和修复MOD","【功能Mod】混沌之环修复补丁","【功能Mod】聪明的最终Boss","【遗物卡牌】REMEMod"],"gold_per_floor":[212,223,238,91,104,138,157,191,191,191,204,238,238,249,249,350,350,365,376,146,146,245,270,127,161,233,264,283,243,268,268,268,298,298],"floor_reached":33,"language":"ZHS","playtime":2014,"items_purged":[],"score":389,"play_id":"d3ffe500-1251-49e3-a271-34aba04feda7","local_time":"20210124154753","is_ascension_mode":true,"campfire_choices":[{"floor":10,"key":"REST"},{"floor":13,"key":"RECALL"},{"data":"Armaments","floor":15,"key":"SMITH"},{"data":"Heavy Blade","floor":32,"key":"SMITH"}],"circlet_count":0,"master_deck":["Strike_R","Strike_R","Strike_R","Strike_R","Strike_R","Defend_R","Defend_R","Defend_R","Defend_R","Bash","Bomb","CollectingQuirk","Flame Barrier","Flex","Metallicize","REME_ACTH","Armaments+1","Thunderclap","Bomb","AT_DrawKnifeCut","Reaper","Shrug It Off","Seeing Red","Bloodletting+1","Heavy Blade+1","Iron Wave+1","Brutality","Pride"],"relics":["Burning Blood","AT_ATBox","HushsDoor","REME_ComplimentaryCards","GuppysTail","Lantern","AnarchistCookbook","Gremlin Horn","Sundial","BelialBook","EasyGame_NEW","HandDrill","HoshigumaDish","ClockworkSouvenir","DoctorsRemote","REME_LimitBreaker","Vajra","ZunR:ReiMu","Tea:ReiMu","GreatHeart"],"acts_visited":["Exordium","TheCity"],"potions_floor_usage":[6,28,33,33],"damage_taken":[{"damage":8,"enemies":"Cultist","floor":1,"turns":5},{"damage":5,"enemies":"conspire:RoseBush","floor":2,"turns":4},{"damage":19,"enemies":"Jaw Worm","floor":3,"turns":7},{"damage":5,"enemies":"3 Louse","floor":5,"turns":4},{"damage":39,"enemies":"Gremlin Nob","floor":6,"turns":4},{"damage":10,"enemies":"Looter","floor":7,"turns":3},{"damage":0,"enemies":"Lagavulin","floor":8,"turns":4},{"damage":3,"enemies":"Exordium Wildlife","floor":11,"turns":4},{"damage":13,"enemies":"3 Sentries","floor":12,"turns":8},{"damage":0,"enemies":"3 Louse","floor":14,"turns":1},{"damage":23,"enemies":"Hexaghost","floor":16,"turns":4},{"damage":0,"enemies":"3 Byrds","floor":18,"turns":2},{"damage":25,"enemies":"conspire:FuzzyDice","floor":19,"turns":6},{"damage":33,"enemies":"Gremlin Leader","floor":23,"turns":6},{"damage":9,"enemies":"conspire:Head Lice","floor":25,"turns":6},{"damage":34,"enemies":"Slavers","floor":27,"turns":3},{"damage":15,"enemies":"Cultist and Chosen","floor":28,"turns":3},{"damage":11,"enemies":"Gremlin Leader","floor":30,"turns":4},{"damage":75,"enemies":"Champ","floor":33,"turns":9}],"seed_played":"5678580070392851835","potions_obtained":[{"floor":1,"key":"GrandPatriotsElixir:ReiMu"},{"floor":6,"key":"LiquidMemories"},{"floor":7,"key":"ZuzhouPotion:ReiMu"},{"floor":12,"key":"BlessingOfTheForge"},{"floor":27,"key":"BloodPotion"},{"floor":28,"key":"REME_GoldPotion"}],"is_trial":false,"path_per_floor":["M","M","M","$","M","E","M","E","T","R","M","E","R","M","R","B",null,"M","M","$","?","?","E","$","E","T","E","M","?","E","?","R","B"],"character_chosen":"IRONCLAD","items_purchased":["Lantern","HandDrill","Seeing Red","ClockworkSouvenir"],"campfire_rested":1,"item_purchase_floors":[4,20,20,24],"current_hp_per_floor":[78,79,66,66,67,34,30,36,36,60,63,56,56,62,62,45,80,80,61,61,73,73,53,53,62,62,34,51,51,57,57,57,0,0],"gold":298,"neow_bonus":"HUNDRED_GOLD","is_daily":false,"chose_seed":false,"campfire_upgraded":2,"win_rate":0.0,"timestamp":1611474473,"path_taken":["M","?","M","$","M","E","M","E","T","R","?","E","R","M","R","BOSS","M","M","$","?","?","E","?","E","T","E","M","?","E","?","R","BOSS"],"items_purchased_type":["Card","Relic","Card","Relic"],"build_version":"2020-12-22","purchased_purges":0,"victory":false,"max_hp_per_floor":[80,80,80,80,80,80,80,80,80,80,80,80,80,80,80,80,80,80,80,80,80,80,80,80,80,80,80,80,80,80,80,80,80,80],"card_choices":[{"not_picked":[],"picked":"Bomb","floor":0},{"not_picked":["Twin Strike","Wild Strike"],"picked":"Flame Barrier","floor":1},{"not_picked":["Twin Strike","Headbutt"],"picked":"Flex","floor":2},{"not_picked":["Thunderclap","Ghostly Armor"],"picked":"Metallicize","floor":3},{"not_picked":["Carnage","Entrench"],"picked":"REME_ACTH","floor":5},{"not_picked":["Flame Barrier","AT_DiedThrough"],"picked":"Battle Trance","floor":6},{"not_picked":["Second Wind","Fire Breathing"],"picked":"Armaments","floor":7},{"not_picked":["Sentinel","Body Slam","conspire:Purge"],"picked":"SKIP","floor":8},{"not_picked":["Warcry","Shrug It Off"],"picked":"Thunderclap","floor":11},{"not_picked":["Ghostly Armor","Clothesline"],"picked":"Bomb","floor":12},{"not_picked":["Flex","Rampage"],"picked":"AT_DrawKnifeCut","floor":14},{"not_picked":["Fiend Fire","Corruption"],"picked":"Reaper","floor":16},{"not_picked":["Wild Strike","Body Slam+1"],"picked":"Shrug It Off","floor":18},{"not_picked":["Wild Strike","Warcry","Clothesline+1"],"picked":"SKIP","floor":19},{"not_picked":["Second Wind","Combust+1"],"picked":"Bloodletting+1","floor":23},{"not_picked":["Twin Strike+1","Hemokinesis"],"picked":"Heavy Blade","floor":25},{"not_picked":["Uppercut","Headbutt","Thunderclap"],"picked":"SKIP","floor":27},{"not_picked":["REME_SingleHolding","Thunderclap+1"],"picked":"Iron Wave+1","floor":28},{"not_picked":["Flex","Bloodletting"],"picked":"Brutality","floor":30}],"player_experience":29377,"relics_obtained":[{"floor":6,"key":"AnarchistCookbook"},{"floor":8,"key":"Gremlin Horn"},{"floor":9,"key":"Sundial"},{"floor":12,"key":"BelialBook"},{"floor":23,"key":"HoshigumaDish"},{"floor":25,"key":"DoctorsRemote"},{"floor":26,"key":"REME_LimitBreaker"},{"floor":27,"key":"Vajra"},{"floor":30,"key":"Tea:ReiMu"}],"event_choices":[{"damage_healed":0,"gold_gain":99,"player_choice":"Stole From Cult","damage_taken":0,"max_hp_gain":0,"max_hp_loss":0,"event_name":"Nest","floor":22,"gold_loss":0},{"damage_healed":0,"gold_gain":0,"player_choice":"购买神酒","damage_taken":0,"relics_obtained":["ZunR:ReiMu"],"max_hp_gain":0,"max_hp_loss":0,"event_name":"ZunEvent","floor":29,"gold_loss":40}],"is_beta":false,"boss_relics":[{"not_picked":["bronze:MakeshiftBattery","aspiration:MarisaSkillbook"],"picked":"EasyGame_NEW"},{"not_picked":[]}],"items_purged_floors":[],"is_endless":false,"potions_floor_spawned":[1,2,6,7,12,12,14,14,16,19,19,23,25,27,28,28],"killed_by":"Champ","ascension_level":1}}