{"host":"7gewg82ormp6yt4e","time":1611490602,"event":{"mods":["BaseMod","Block Reminder","Colored Map","DeckTracker","Highlight Path","Minty Spire (QoL Compilation)","Relic Stats","StSLib","ojb\u0027s Info Mod"],"gold_per_floor":[114,189,189,202,221,221,221,221,221,221,221,221,234,284,284,382,382,405,418,11,11,11,11,11,30,30,54,54,54,54,78,78,176,176,195,114,114,114,139,139,139],"floor_reached":40,"language":"JPN","playtime":1669,"items_purged":["Strike_B"],"score":789,"play_id":"bdb9746e-03b1-496f-b7b0-8c8d7bef1b9d","local_time":"20210124211642","is_ascension_mode":true,"campfire_choices":[{"floor":6.0,"key":"REST"},{"floor":8.0,"key":"REST"},{"data":"Beam Cell","floor":10.0,"key":"SMITH"},{"data":"Ball Lightning","floor":12.0,"key":"SMITH"},{"data":"Consume","floor":15.0,"key":"SMITH"},{"floor":23.0,"key":"REST"},{"floor":28.0,"key":"REST"},{"data":"Ghostly","floor":32.0,"key":"SMITH"}],"circlet_count":0,"master_deck":["AscendersBane","Zap","Dualcast","Ball Lightning+1","Beam Cell+1","Steam","Consume+1","Echo Form","Cold Snap","Echo Form","Cold Snap+1","Reinforced Body","Steam","Ball Lightning","Glacier","Ghostly","Ghostly","Ghostly+1","Buffer","Compile Driver","Cold Snap","Multi-Cast","Cold Snap","Amplify","Machine Learning","Conserve Battery","Creative AI","Dark Shackles","Panacea","Undo+1"],"relics":["Cracked Core","PreservedInsect","Golden Idol","Sozu","Orrery","Omamori","Lantern","Singing Bowl","Pandora\u0027s Box"],"acts_visited":["Exordium","TheCity","TheBeyond"],"potions_floor_usage":[],"damage_taken":[{"damage":10.0,"enemies":"2 Louse","floor":1.0,"turns":3.0},{"damage":7.0,"enemies":"Jaw Worm","floor":4.0,"turns":2.0},{"damage":0.0,"enemies":"Small Slimes","floor":5.0,"turns":2.0},{"damage":6.0,"enemies":"Gremlin Nob","floor":7.0,"turns":3.0},{"damage":0.0,"enemies":"Blue Slaver","floor":13.0,"turns":3.0},{"damage":36.0,"enemies":"Slime Boss","floor":16.0,"turns":9.0},{"damage":30.0,"enemies":"Shell Parasite","floor":18.0,"turns":6.0},{"damage":3.0,"enemies":"Chosen","floor":19.0,"turns":4.0},{"damage":21.0,"enemies":"Sentry and Sphere","floor":25.0,"turns":6.0},{"damage":21.0,"enemies":"3 Cultists","floor":27.0,"turns":6.0},{"damage":0.0,"enemies":"Snake Plant","floor":31.0,"turns":6.0},{"damage":8.0,"enemies":"Champ","floor":33.0,"turns":12.0},{"damage":8.0,"enemies":"3 Darklings","floor":35.0,"turns":9.0},{"damage":2,"enemies":"Orb Walker","floor":39,"turns":5},{"damage":34,"enemies":"Reptomancer","floor":40,"turns":2}],"seed_played":"-3342127662531069449","potions_obtained":[{"floor":4.0,"key":"DistilledChaos"},{"floor":5.0,"key":"SmokeBomb"}],"is_trial":false,"path_per_floor":["M","?","?","M","M","R","E","R","T","R","?","R","M","?","R","B",null,"M","M","$","?","?","R","$","M","T","M","R","?","?","M","R","B",null,"M","$","?","?","M","E"],"character_chosen":"DEFECT","items_purchased":["Orrery","Omamori","Creative AI"],"campfire_rested":4,"item_purchase_floors":[20,20,36],"current_hp_per_floor":[50,39,13,6,6,31,25,50,50,50,50,50,50,50,50,14,61,31,28,28,28,28,51,51,30,30,9,32,32,32,34,34,26,37,31,31,23,23,21,0,0],"gold":139,"neow_bonus":"TWENTY_PERCENT_HP_BONUS","is_daily":false,"chose_seed":false,"campfire_upgraded":4,"win_rate":0.0,"timestamp":1611490602,"path_taken":["M","?","?","M","M","R","E","R","T","R","?","R","M","?","R","BOSS","M","M","$","?","?","R","?","M","T","?","R","?","?","M","R","BOSS","M","$","?","?","M","E"],"items_purchased_type":["Relic","Relic","Card"],"build_version":"2020-12-22","purchased_purges":1,"victory":false,"max_hp_per_floor":[85,85,85,85,85,85,85,85,85,85,77,77,77,77,77,77,77,77,77,77,77,77,77,77,77,77,77,77,38,38,40,40,40,40,42,42,44,44,44,44,44],"relic_stats":{"Sozu":4,"Singing Bowl":6,"counters":[15,78],"Golden Idol":74,"Pandora\u0027s Box":["Compile Driver","Cold Snap","Multi-Cast","Cold Snap","Amplify","Machine Learning","Conserve Battery"],"PreservedInsect":61,"obtain_stats":[{"Sozu":17,"Lantern":22,"Singing Bowl":26,"Golden Idol":11,"Orrery":20,"Pandora\u0027s Box":34,"PreservedInsect":9,"Omamori":20,"Cracked Core":0},{"Sozu":6,"Lantern":8,"Singing Bowl":9,"Golden Idol":4,"Orrery":8,"Pandora\u0027s Box":12,"PreservedInsect":4,"Omamori":8,"Cracked Core":0},{"Sozu":22,"Lantern":32,"Singing Bowl":38,"Golden Idol":10,"Orrery":32,"Pandora\u0027s Box":62,"PreservedInsect":10,"Omamori":32,"Cracked Core":0}]},"card_choices":[{"not_picked":["Barrage","Skim"],"picked":"Ball Lightning","floor":1.0},{"not_picked":["Hologram","Turbo"],"picked":"Beam Cell","floor":4.0},{"not_picked":["Beam Cell","Fusion"],"picked":"Steam","floor":5.0},{"not_picked":["Aggregate","Barrage"],"picked":"Consume","floor":13.0},{"not_picked":["Amplify","All For One"],"picked":"Echo Form","floor":16.0},{"not_picked":["Compile Driver","Hologram"],"picked":"Cold Snap","floor":18.0},{"not_picked":["Streamline","Scrape","Heatsinks+1"],"picked":"SKIP","floor":19.0},{"not_picked":["Cold Snap","Compile Driver"],"picked":"Echo Form","floor":20.0},{"not_picked":["Gash","Hello World+1"],"picked":"Cold Snap+1","floor":20.0},{"not_picked":["Turbo","Melter"],"picked":"Reinforced Body","floor":20.0},{"not_picked":["Darkness","Consume"],"picked":"Steam","floor":20.0},{"not_picked":["Storm","Cold Snap"],"picked":"Ball Lightning","floor":20.0},{"not_picked":["Redo","Rebound","Gash"],"picked":"SKIP","floor":25.0},{"not_picked":["Heatsinks","Barrage"],"picked":"Glacier","floor":27.0},{"not_picked":["Turbo","Double Energy","Steam Power"],"picked":"Singing Bowl","floor":31.0},{"not_picked":["Seek","Reboot"],"picked":"Buffer","floor":33.0},{"not_picked":["Compile Driver+1","Stack","Blizzard"],"picked":"Singing Bowl","floor":35.0},{"not_picked":["Swift Strike","Enlightenment"],"picked":"Dark Shackles","floor":37.0},{"not_picked":["Flash of Steel","Impatience"],"picked":"Panacea","floor":37.0},{"not_picked":["Deep Breath","Discovery","Bandage Up"],"picked":"Singing Bowl","floor":37.0},{"not_picked":["FTL","Redo+1"],"picked":"Undo+1","floor":39}],"player_experience":2676026,"relics_obtained":[{"floor":9.0,"key":"PreservedInsect"},{"floor":26.0,"key":"Singing Bowl"}],"event_choices":[{"damage_healed":0.0,"max_hp_gain":0.0,"max_hp_loss":0.0,"gold_gain":75.0,"event_name":"World of Goop","player_choice":"Gather Gold","floor":2.0,"gold_loss":0.0,"damage_taken":11.0},{"damage_healed":0.0,"max_hp_gain":0.0,"max_hp_loss":0.0,"gold_gain":0.0,"event_name":"Shining Light","player_choice":"Entered Light","floor":3.0,"gold_loss":0.0,"damage_taken":26.0,"cards_upgraded":["Strike_B","Defend_B"]},{"damage_healed":0.0,"max_hp_gain":0.0,"max_hp_loss":8.0,"gold_gain":0.0,"event_name":"Golden Idol","player_choice":"Lose Max HP","floor":11.0,"gold_loss":0.0,"damage_taken":0.0,"relics_obtained":["Golden Idol"]},{"damage_healed":0.0,"max_hp_gain":0.0,"max_hp_loss":0.0,"gold_gain":50.0,"event_name":"Golden Wing","player_choice":"Gained Gold","floor":14.0,"gold_loss":0.0,"damage_taken":0.0},{"damage_healed":0.0,"max_hp_gain":0.0,"max_hp_loss":0.0,"gold_gain":0.0,"event_name":"The Mausoleum","player_choice":"Opened","floor":22.0,"gold_loss":0.0,"damage_taken":0.0,"relics_obtained":["Lantern"],"cards_obtained":["Writhe"]},{"damage_healed":0.0,"max_hp_gain":0.0,"max_hp_loss":39.0,"gold_gain":0.0,"event_name":"Ghosts","player_choice":"Became a Ghost","floor":29.0,"gold_loss":0.0,"damage_taken":0.0,"cards_obtained":["Ghostly","Ghostly","Ghostly"]},{"damage_healed":0.0,"max_hp_gain":0.0,"max_hp_loss":0.0,"gold_gain":0.0,"event_name":"Cursed Tome","player_choice":"Ignored","floor":30.0,"gold_loss":0.0,"damage_taken":0.0},{"damage_healed":0.0,"max_hp_gain":0.0,"max_hp_loss":0.0,"gold_gain":0.0,"event_name":"SensoryStone","player_choice":"Memory 3","floor":37.0,"gold_loss":0.0,"damage_taken":10.0},{"damage_healed":0,"gold_gain":0,"player_choice":"Ignored","damage_taken":0,"max_hp_gain":0,"max_hp_loss":0,"event_name":"Mysterious Sphere","floor":38,"gold_loss":0}],"is_beta":false,"boss_relics":[{"not_picked":["Calling Bell","FrozenCore"],"picked":"Sozu"},{"not_picked":["Cursed Key","SlaversCollar"],"picked":"Pandora\u0027s Box"}],"items_purged_floors":[20],"is_endless":false,"potions_floor_spawned":[4,5,19,25,33,35],"killed_by":"Reptomancer","ascension_level":20}}