{"host":"359hz4210ybch7ku","time":1611459630,"event":{"mods":["BaseMod","Block Reminder","Colored Map","Colored Powertips","Highlight Path","Minty Spire (QoL Compilation)","Slay the Relics Exporter","StSLib"],"gold_per_floor":[118,118,88,101,116,116,116,116,164,164,174,200,54,64,64,165,165,176,91,107,107,126,156,156,81,81,81,101,130,130,57,57,161,161,173,173,184,201,47,47,73,100,127,160,160,25,25,25,25,25,25],"floor_reached":50,"language":"ENG","playtime":5910,"items_purged":["Brilliance"],"score":759,"play_id":"3a545e9c-815d-4f9b-920a-64c9f2c8395a","local_time":"20210123194030","is_ascension_mode":true,"campfire_choices":[{"data":"Eruption","floor":6,"key":"SMITH"},{"data":"Crescendo","floor":8,"key":"SMITH"},{"floor":15,"key":"REST"},{"data":"TalkToTheHand","floor":24,"key":"SMITH"},{"data":"Alpha","floor":27,"key":"SMITH"},{"floor":32,"key":"REST"},{"data":"Vault","floor":40,"key":"SMITH"},{"data":"Vault","floor":45,"key":"SMITH"},{"data":"TalkToTheHand","floor":47,"key":"SMITH"},{"data":"Meditate","floor":49,"key":"SMITH"}],"circlet_count":0,"master_deck":["Eruption+1","Vigilance+1","Meditate+1","Crescendo+1","Consecrate","FollowUp","BowlingBash","SashWhip","Vault+1","Nirvana","TalkToTheHand+1","Alpha+1","Wireheading","JustLucky","Establishment","CutThroughFate","FlurryOfBlows","EmptyBody","Wireheading","Vault+1","TalkToTheHand+1","FlurryOfBlows","Judgement","FlurryOfBlows+1","EmptyFist+1","BowlingBash+1","TalkToTheHand+1","Sanctity"],"relics":["PureWater","NeowsBlessing","Happy Flower","Omamori","Tiny Chest","Oddly Smooth Stone","Pandora\u0027s Box","Eternal Feather","Kunai","Strawberry","Letter Opener","Toy Ornithopter","Cursed Key","Akabeko","Whetstone","Bag of Preparation","Lantern","Meat on the Bone"],"acts_visited":["Exordium","TheCity","TheBeyond"],"potions_floor_usage":[16,20,23,29,33,33,42],"damage_taken":[{"damage":0,"enemies":"Jaw Worm","floor":1,"turns":1},{"damage":0,"enemies":"2 Louse","floor":4,"turns":1},{"damage":0,"enemies":"Cultist","floor":5,"turns":1},{"damage":0,"enemies":"Large Slime","floor":11,"turns":5},{"damage":15,"enemies":"Lagavulin","floor":12,"turns":6},{"damage":0,"enemies":"Exordium Wildlife","floor":14,"turns":2},{"damage":54,"enemies":"Hexaghost","floor":16,"turns":11},{"damage":13,"enemies":"Spheric Guardian","floor":18,"turns":5},{"damage":0,"enemies":"Chosen","floor":20,"turns":4},{"damage":6,"enemies":"Centurion and Healer","floor":22,"turns":6},{"damage":34,"enemies":"Slavers","floor":23,"turns":5},{"damage":1,"enemies":"3 Cultists","floor":28,"turns":3},{"damage":16,"enemies":"Book of Stabbing","floor":29,"turns":5},{"damage":14,"enemies":"Champ","floor":33,"turns":9},{"damage":10,"enemies":"Orb Walker","floor":35,"turns":4},{"damage":0,"enemies":"3 Darklings","floor":37,"turns":4},{"damage":48,"enemies":"Spire Growth","floor":38,"turns":6},{"damage":0,"enemies":"Reptomancer","floor":42,"turns":5},{"damage":0,"enemies":"Nemesis","floor":44,"turns":9},{"damage":96,"enemies":"Time Eater","floor":50,"turns":7}],"seed_played":"8644725837709237297","potions_obtained":[{"floor":3,"key":"DistilledChaos"},{"floor":3,"key":"SteroidPotion"},{"floor":5,"key":"BottledMiracle"},{"floor":12,"key":"SpeedPotion"},{"floor":18,"key":"Block Potion"},{"floor":22,"key":"BottledMiracle"},{"floor":23,"key":"StancePotion"},{"floor":44,"key":"Explosive Potion"}],"is_trial":false,"path_per_floor":["M","?","?","M","M","R","?","R","T","?","M","E","$","M","R","B",null,"M","?","M","T","M","E","R","$","T","R","M","E","?","$","R","B",null,"M","?","M","M","$","R","T","E","T","E","R","$","R","$","R","B"],"character_chosen":"WATCHER","items_purchased":["Oddly Smooth Stone","FlurryOfBlows","PowerPotion","Akabeko","TalkToTheHand","Sanctity"],"campfire_rested":2,"item_purchase_floors":[13,31,31,39,46,46],"current_hp_per_floor":[65,47,47,47,47,47,33,33,33,57,57,42,42,42,63,9,56,43,43,43,43,37,10,22,22,22,31,30,14,14,14,49,45,71,61,61,61,13,13,28,28,33,33,33,48,48,63,63,78,0,0],"gold":25,"neow_bonus":"THREE_ENEMY_KILL","is_daily":false,"chose_seed":false,"campfire_upgraded":8,"win_rate":0.0,"timestamp":1611459630,"path_taken":["M","?","?","?","M","R","?","R","T","?","M","E","?","?","R","BOSS","M","?","M","?","M","E","R","$","T","R","?","E","?","$","R","BOSS","M","?","M","M","$","R","?","E","T","E","R","$","R","?","R","BOSS"],"items_purchased_type":["Relic","Card","Potion","Relic","Card","Card"],"build_version":"2020-12-22","purchased_purges":1,"victory":false,"max_hp_per_floor":[72,72,72,72,72,72,72,72,72,72,72,72,72,72,72,72,72,72,72,72,72,72,79,79,79,79,79,79,79,79,79,79,79,79,79,79,79,79,79,79,79,79,79,79,79,79,79,79,79,79,79],"card_choices":[{"not_picked":["CutThroughFate","FlyingSleeves"],"picked":"Meditate","floor":1},{"not_picked":["Worship","Indignation"],"picked":"Crescendo","floor":4},{"not_picked":["Evaluate","WheelKick"],"picked":"Consecrate","floor":5},{"not_picked":["PathToVictory","SandsOfTime"],"picked":"FollowUp","floor":11},{"not_picked":["Consecrate","Crescendo"],"picked":"BowlingBash","floor":12},{"not_picked":["WreathOfFlame","Perseverance"],"picked":"SashWhip","floor":14},{"not_picked":["MasterReality","Alpha"],"picked":"Vault","floor":16},{"not_picked":["FlyingSleeves","EmptyBody"],"picked":"CutThroughFate","floor":18},{"not_picked":["SignatureMove","Evaluate","Halt"],"picked":"SKIP","floor":20},{"not_picked":["CutThroughFate","JustLucky"],"picked":"FlurryOfBlows","floor":22},{"not_picked":["Evaluate","Worship"],"picked":"EmptyBody","floor":23},{"not_picked":["Vengeance","SashWhip+1"],"picked":"Wireheading","floor":28},{"not_picked":["FollowUp","Crescendo"],"picked":"Vault","floor":29},{"not_picked":["Establishment","Blasphemy"],"picked":"Judgement","floor":33},{"not_picked":["EmptyBody","Study"],"picked":"FlurryOfBlows+1","floor":35},{"not_picked":["Wallop","ThirdEye"],"picked":"EmptyFist+1","floor":37},{"not_picked":["EmptyFist+1","SashWhip"],"picked":"BowlingBash","floor":38},{"not_picked":["EmptyBody+1","PathToVictory+1","JustLucky"],"picked":"SKIP","floor":42},{"not_picked":["Pray+1","Protect","Consecrate+1"],"picked":"SKIP","floor":44}],"player_experience":259044,"relics_obtained":[{"floor":9,"key":"Omamori"},{"floor":12,"key":"Tiny Chest"},{"floor":21,"key":"Kunai"},{"floor":23,"key":"Strawberry"},{"floor":26,"key":"Letter Opener"},{"floor":29,"key":"Toy Ornithopter"},{"floor":41,"key":"Whetstone"},{"floor":42,"key":"Bag of Preparation"},{"floor":43,"key":"Lantern"},{"floor":44,"key":"Meat on the Bone"}],"event_choices":[{"damage_healed":0,"gold_gain":0,"player_choice":"Success","damage_taken":18,"relics_obtained":["Happy Flower"],"max_hp_gain":0,"max_hp_loss":0,"event_name":"Scrap Ooze","floor":2,"gold_loss":0},{"damage_healed":0,"gold_gain":0,"player_choice":"Bought 2 Potions","damage_taken":0,"max_hp_gain":0,"max_hp_loss":0,"event_name":"The Woman in Blue","floor":3,"gold_loss":0},{"damage_healed":0,"gold_gain":0,"player_choice":"Entered Light","damage_taken":14,"max_hp_gain":0,"max_hp_loss":0,"event_name":"Shining Light","floor":7,"gold_loss":0,"cards_upgraded":["Defend_P","Vigilance"]},{"damage_healed":24,"gold_gain":0,"player_choice":"Banana","damage_taken":0,"max_hp_gain":0,"max_hp_loss":0,"event_name":"Big Fish","floor":10,"gold_loss":0},{"damage_healed":0,"gold_gain":0,"player_choice":"Obtained Relic","damage_taken":0,"relics_obtained":["Eternal Feather"],"max_hp_gain":0,"max_hp_loss":0,"event_name":"Addict","floor":19,"gold_loss":85},{"damage_healed":0,"gold_gain":0,"player_choice":"Read","damage_taken":0,"max_hp_gain":0,"max_hp_loss":0,"event_name":"The Library","floor":30,"gold_loss":0,"cards_obtained":["TalkToTheHand"]},{"cards_removed":["FlurryOfBlows"],"damage_healed":0,"gold_gain":0,"player_choice":"Removed Attack","damage_taken":0,"max_hp_gain":0,"max_hp_loss":0,"event_name":"Falling","floor":36,"gold_loss":0}],"is_beta":false,"boss_relics":[{"not_picked":["Runic Pyramid","Calling Bell"],"picked":"Pandora\u0027s Box"},{"not_picked":["Tiny House","Snecko Eye"],"picked":"Cursed Key"}],"items_purged_floors":[25],"is_endless":false,"potions_floor_spawned":[5,12,18,22,23,44],"killed_by":"Time Eater","ascension_level":6}}