{"host":"qxeepl7ydvsgmfdb","time":1611502547,"event":{"mods":["AchievementEnabler","BaseMod","Colored Powertips","Minty Spire (QoL Compilation)","Quick Restart","slay the spire mod where everything is the same but ironclad has a cowboy hat"],"gold_per_floor":[114,128,128,128,128,161,161,191,191,209,10,36,55,130,130,234,234,254,254,241,241,253,283,283,3,73,73,104,137,155,8,8,112,112,127,177,77,97,319,319,319,47,47,47,64,89,89,17,17,17],"floor_reached":51,"language":"ENG","playtime":1663,"items_purged":["Strike_G","Strike_G","Dagger Throw+1"],"score":1178,"play_id":"4cfa977a-6be2-4bba-b1b6-87336d8b3744","local_time":"20210124103547","is_ascension_mode":true,"campfire_choices":[{"data":"Cloak And Dagger","floor":7.0,"key":"SMITH"},{"floor":15.0,"key":"REST"},{"data":"Blade Dance","floor":27,"key":"SMITH"},{"floor":32,"key":"REST"},{"data":"After Image","floor":40,"key":"SMITH"},{"data":"Finisher","floor":47,"key":"SMITH"},{"floor":49,"key":"REST"}],"circlet_count":0,"master_deck":["AscendersBane","Strike_G+1","Strike_G+1","Defend_G","Defend_G","Defend_G","Defend_G","Survivor","Neutralize","Poisoned Stab+1","Cloak And Dagger+1","Cloak And Dagger","Backstab","Distraction","Noxious Fumes","Dagger Spray","Poisoned Stab","Die Die Die","CurseOfTheBell","Terror+1","Deflect","Blade Dance+1","After Image+1","Blade Dance","Finisher+1","Slice+1","Blade Dance+1"],"relics":["Ring of the Snake","NeowsBlessing","Kunai","Ice Cream","Anchor","Torii","Calling Bell","Nunchaku","InkBottle","Turnip","Dream Catcher","Bronze Scales","Singing Bowl","Pear","Red Mask","Bag of Preparation","Vajra","Black Star","StoneCalendar","Juzu Bracelet","Eternal Feather","Happy Flower","Molten Egg 2"],"acts_visited":["Exordium","TheCity","TheBeyond"],"potions_floor_usage":[23,23,29,33,33,33,36,45,46,46,50,50],"damage_taken":[{"damage":0.0,"enemies":"2 Louse","floor":1.0,"turns":1.0},{"damage":0.0,"enemies":"Cultist","floor":2.0,"turns":1.0},{"damage":0.0,"enemies":"3 Sentries","floor":6.0,"turns":2.0},{"damage":9.0,"enemies":"Gremlin Nob","floor":8.0,"turns":4.0},{"damage":2.0,"enemies":"Jaw Worm","floor":10.0,"turns":2.0},{"damage":1.0,"enemies":"Lagavulin","floor":12.0,"turns":6.0},{"damage":1.0,"enemies":"Blue Slaver","floor":13.0,"turns":3.0},{"damage":9.0,"enemies":"Hexaghost","floor":16.0,"turns":9.0},{"damage":9.0,"enemies":"Spheric Guardian","floor":18.0,"turns":5.0},{"damage":18.0,"enemies":"2 Thieves","floor":20.0,"turns":4.0},{"damage":2.0,"enemies":"Cultist and Chosen","floor":22.0,"turns":6.0},{"damage":9,"enemies":"Book of Stabbing","floor":23,"turns":5},{"damage":10,"enemies":"Masked Bandits","floor":28,"turns":5},{"damage":24,"enemies":"Slavers","floor":29,"turns":6},{"damage":1,"enemies":"Snake Plant","floor":30,"turns":3},{"damage":20,"enemies":"Automaton","floor":33,"turns":9},{"damage":0,"enemies":"Orb Walker","floor":35,"turns":2},{"damage":0,"enemies":"Mind Bloom Boss Battle","floor":36,"turns":5},{"damage":9,"enemies":"3 Darklings","floor":38,"turns":5},{"damage":9,"enemies":"Spire Growth","floor":45,"turns":4},{"damage":10,"enemies":"Nemesis","floor":46,"turns":7},{"damage":52,"enemies":"Awakened One","floor":50,"turns":11}],"seed_played":"3835016079778694596","potions_obtained":[{"floor":2.0,"key":"Energy Potion"},{"floor":6.0,"key":"Regen Potion"},{"floor":10.0,"key":"Fire Potion"},{"floor":12.0,"key":"BlessingOfTheForge"},{"floor":20.0,"key":"Dexterity Potion"},{"floor":29,"key":"GamblersBrew"},{"floor":30,"key":"EntropicBrew"},{"floor":33,"key":"PowerPotion"},{"floor":38,"key":"GamblersBrew"},{"floor":45,"key":"AttackPotion"},{"floor":46,"key":"Explosive Potion"}],"is_trial":false,"path_per_floor":["M","M","?","?","?","E","R","E","T","M","$","E","M","?","R","B",null,"M","?","M","?","M","E","?","$","T","R","?","E","M","$","R","B",null,"M","?","$","M","?","R","?","$","T","?","M","E","R","$","R","B",null],"character_chosen":"THE_SILENT","items_purchased":["Noxious Fumes","Dagger Spray","Singing Bowl","Blade Dance","Vajra","Juzu Bracelet","LiquidBronze"],"campfire_rested":3,"item_purchase_floors":[11,11,25,25,31,42,48],"current_hp_per_floor":[63,63,56,42,42,42,42,33,33,31,31,30,29,18,39,30,60,51,51,33,56,54,45,45,45,55,55,47,38,39,39,66,46,76,78,78,78,69,69,69,69,69,69,69,62,52,67,67,86,34],"gold":17,"neow_bonus":"THREE_ENEMY_KILL","is_daily":false,"chose_seed":false,"campfire_upgraded":4,"win_rate":0.0,"timestamp":1611502547,"path_taken":["M","M","?","?","?","E","R","E","T","M","$","E","?","?","R","BOSS","M","?","M","?","M","E","?","$","T","R","?","E","?","$","R","BOSS","M","?","$","M","?","R","?","$","T","?","M","E","R","?","R","BOSS"],"items_purchased_type":["Card","Card","Relic","Card","Relic","Relic","Potion"],"build_version":"2020-12-22","purchased_purges":3,"victory":true,"max_hp_per_floor":[70,70,70,70,70,70,70,70,70,70,70,70,70,70,70,70,70,70,70,70,70,70,70,70,70,80,80,82,82,84,84,86,86,86,88,88,88,88,88,88,88,88,88,84,86,86,86,86,86,86],"card_choices":[{"not_picked":["Choke","Acrobatics"],"picked":"Poisoned Stab","floor":1.0},{"not_picked":["Dagger Spray","Terror"],"picked":"Cloak And Dagger","floor":2.0},{"not_picked":["Dagger Throw","Deadly Poison"],"picked":"Cloak And Dagger","floor":6.0},{"not_picked":["Expertise","Cloak And Dagger"],"picked":"Backstab","floor":8.0},{"not_picked":["Setup","Unload"],"picked":"Distraction","floor":10.0},{"not_picked":["Underhanded Strike","Choke"],"picked":"Poisoned Stab","floor":12.0},{"not_picked":["Acrobatics","Underhanded Strike","Masterful Stab"],"picked":"SKIP","floor":13.0},{"not_picked":["Doppelganger","Grand Finale"],"picked":"Die Die Die","floor":16.0},{"not_picked":["Acrobatics","Leg Sweep","Quick Slash"],"picked":"SKIP","floor":18.0},{"not_picked":["Underhanded Strike+1","Eviscerate","Dodge and Roll"],"picked":"SKIP","floor":20.0},{"not_picked":["Endless Agony","Sucker Punch"],"picked":"Terror+1","floor":22.0},{"not_picked":["Tactician","Unload"],"picked":"Deflect","floor":23},{"not_picked":["Backflip","Dodge and Roll","Blur+1"],"picked":"Singing Bowl","floor":28},{"not_picked":["Calculated Gamble+1","Choke"],"picked":"Dagger Throw+1","floor":29},{"not_picked":["Acrobatics","Endless Agony","Dagger Spray+1"],"picked":"Singing Bowl","floor":30},{"not_picked":["Flying Knee+1","Night Terror","Well Laid Plans"],"picked":"Singing Bowl","floor":32},{"not_picked":["Die Die Die","Storm of Steel"],"picked":"After Image","floor":33},{"not_picked":["Underhanded Strike","Outmaneuver","Quick Slash+1"],"picked":"Singing Bowl","floor":35},{"not_picked":["Slice","Outmaneuver"],"picked":"Blade Dance","floor":36},{"not_picked":["Dodge and Roll","Quick Slash+1"],"picked":"Finisher","floor":38},{"not_picked":["Finisher","Bane+1","Flying Knee+1"],"picked":"Singing Bowl","floor":45},{"not_picked":["Flechettes+1","Well Laid Plans"],"picked":"Slice+1","floor":46},{"not_picked":["Concentrate","Finisher+1"],"picked":"Blade Dance+1","floor":49}],"player_experience":212695,"relics_obtained":[{"floor":6.0,"key":"Kunai"},{"floor":8.0,"key":"Ice Cream"},{"floor":9.0,"key":"Anchor"},{"floor":12.0,"key":"Torii"},{"floor":17.0,"key":"Nunchaku"},{"floor":17.0,"key":"InkBottle"},{"floor":17.0,"key":"Turnip"},{"floor":23,"key":"Dream Catcher"},{"floor":26,"key":"Pear"},{"floor":28,"key":"Red Mask"},{"floor":29,"key":"Bag of Preparation"},{"floor":36,"key":"StoneCalendar"},{"floor":43,"key":"Eternal Feather"},{"floor":46,"key":"Happy Flower"},{"floor":46,"key":"Molten Egg 2"}],"event_choices":[{"cards_removed":["Strike_G"],"damage_healed":0.0,"max_hp_gain":0.0,"max_hp_loss":0.0,"gold_gain":0.0,"event_name":"Golden Wing","player_choice":"Card Removal","floor":3.0,"gold_loss":0.0,"damage_taken":7.0},{"damage_healed":0.0,"max_hp_gain":0.0,"max_hp_loss":0.0,"gold_gain":0.0,"event_name":"Shining Light","player_choice":"Entered Light","floor":4.0,"gold_loss":0.0,"damage_taken":14.0,"cards_upgraded":["Strike_G","Strike_G"]},{"damage_healed":0.0,"max_hp_gain":0.0,"max_hp_loss":0.0,"gold_gain":0.0,"event_name":"Accursed Blacksmith","player_choice":"Forge","floor":5.0,"gold_loss":0.0,"damage_taken":0.0,"cards_upgraded":["Poisoned Stab"]},{"damage_healed":0.0,"max_hp_gain":0.0,"max_hp_loss":0.0,"gold_gain":75.0,"event_name":"World of Goop","player_choice":"Gather Gold","floor":14.0,"gold_loss":0.0,"damage_taken":11.0},{"damage_healed":0.0,"max_hp_gain":0.0,"max_hp_loss":0.0,"gold_gain":0.0,"event_name":"Vampires","player_choice":"Ignored","floor":19.0,"gold_loss":0.0,"damage_taken":0.0},{"damage_healed":23.0,"max_hp_gain":0.0,"max_hp_loss":0.0,"gold_gain":0.0,"event_name":"The Library","player_choice":"Heal","floor":21.0,"gold_loss":0.0,"damage_taken":0.0},{"damage_healed":0,"gold_gain":0,"player_choice":"Opened","damage_taken":0,"relics_obtained":["Bronze Scales"],"max_hp_gain":0,"max_hp_loss":0,"event_name":"The Mausoleum","floor":24,"gold_loss":0},{"damage_healed":0,"gold_gain":0,"player_choice":"Fought Bandits","damage_taken":0,"max_hp_gain":0,"max_hp_loss":0,"event_name":"Masked Bandits","floor":28,"gold_loss":0},{"damage_healed":0,"gold_gain":0,"player_choice":"Fight","damage_taken":0,"max_hp_gain":0,"max_hp_loss":0,"event_name":"MindBloom","floor":36,"gold_loss":0},{"damage_healed":0,"gold_gain":222,"player_choice":"Wore Mask","damage_taken":0,"max_hp_gain":0,"max_hp_loss":0,"event_name":"Tomb of Lord Red Mask","floor":39,"gold_loss":0},{"cards_removed":["Defend_G"],"damage_healed":0,"gold_gain":0,"player_choice":"Removed Skill","damage_taken":0,"max_hp_gain":0,"max_hp_loss":0,"event_name":"Falling","floor":41,"gold_loss":0},{"damage_healed":0,"gold_gain":0,"player_choice":"Max HP","damage_taken":0,"max_hp_gain":0,"max_hp_loss":4,"event_name":"Winding Halls","floor":44,"gold_loss":0}],"is_beta":false,"boss_relics":[{"not_picked":["Busted Crown","SlaversCollar"],"picked":"Calling Bell"},{"not_picked":["Runic Dome","Ring of the Serpent"],"picked":"Black Star"}],"items_purged_floors":[11,37,42],"is_endless":false,"potions_floor_spawned":[2,6,10,12,20,29,30,33,38,45,46],"ascension_level":10}}