{"host":"kmbz9ox1244sqnmw","time":1611512511,"event":{"mods":["BaseMod","Downfall","Minty Spire (QoL Compilation)","StSLib"],"gold_per_floor":[99,110,17,37,54,54,54,72,102,102,136,155,168,203,222,222,222,222],"floor_reached":16,"language":"ENG","playtime":1248,"items_purged":[],"score":174,"play_id":"c728277f-a915-4bea-95ce-8037dcc345fd","local_time":"20210124102151","is_ascension_mode":false,"campfire_choices":[{"data":"Slimebound:Tackle","floor":1.0,"key":"SMITH"},{"data":"Slimebound:Split","floor":6,"key":"SMITH"}],"circlet_count":0,"master_deck":["Slimebound:Strike_Slimebound","Slimebound:Strike_Slimebound","Slimebound:Tackle+1","Slimebound:Defend_Slimebound","Slimebound:Defend_Slimebound","Slimebound:Defend_Slimebound","Slimebound:Defend_Slimebound","Slimebound:Split+1","Slimebound:CorrosiveSpit","Slimebound:LivingWall","Slimebound:LeadByExample","Slimebound:Repurpose","Slimebound:ComboTackle","Slimebound:SpikyOuterGoop","Slimebound:DuplicatedForm","Slimebound:Schlurp","Strike_B","Slimebound:Prepare","Slimebound:Gluttony","Slimebound:RollThrough","Slimebound:Teamwork","Slimebound:SplitAcid"],"relics":["Slimebound:AbsorbEndCombat","Unceasing Top","Art of War","Mango","Blue Candle"],"acts_visited":["Exordium"],"potions_floor_usage":[],"damage_taken":[{"damage":8.0,"enemies":"2 Louse","floor":2.0,"turns":3.0},{"damage":3,"enemies":"downfall:FleeingMerchant","floor":3,"turns":4},{"damage":2,"enemies":"Cultist","floor":4,"turns":6},{"damage":9,"enemies":"Jaw Worm","floor":5,"turns":4},{"damage":9,"enemies":"2 Fungi Beasts","floor":8,"turns":3},{"damage":16,"enemies":"Gremlin Nob","floor":9,"turns":4},{"damage":17,"enemies":"3 Sentries","floor":11,"turns":7},{"damage":40,"enemies":"Large Slime","floor":12,"turns":4},{"damage":18,"enemies":"Exordium Wildlife","floor":13,"turns":3},{"damage":15,"enemies":"Lagavulin","floor":14,"turns":5},{"damage":17,"enemies":"3 Louse","floor":15,"turns":5},{"damage":22,"enemies":"SI_SHIV_ARCHETYPE","floor":16,"turns":3}],"seed_played":"1926265319826282289","potions_obtained":[{"floor":5,"key":"Block Potion"},{"floor":8,"key":"BlessingOfTheForge"},{"floor":11,"key":"SteroidPotion"},{"floor":12,"key":"champ:CounterPotion"}],"is_trial":false,"path_per_floor":["R","M","$","M","M","R","T","M","E","?","E","M","M","E","M","B"],"character_chosen":"SLIMEBOUND","items_purchased":["Slimebound:Repurpose"],"campfire_rested":0,"item_purchase_floors":[3],"current_hp_per_floor":[71,63,64,68,63,63,63,56,42,42,62,39,23,27,14,0,0,0],"gold":222,"neow_bonus":"TEN_PERCENT_HP_BONUS","is_daily":false,"chose_seed":false,"campfire_upgraded":2,"win_rate":0.0,"timestamp":1611512511,"path_taken":["R","M","$","M","M","R","T","M","E","?","E","M","?","E","M","BOSS"],"items_purchased_type":["Card"],"build_version":"2020-12-22","purchased_purges":0,"victory":false,"max_hp_per_floor":[71,71,71,71,71,71,71,71,71,71,85,85,85,85,85,85,85,85],"card_choices":[{"not_picked":["Slimebound:Prepare","Slimebound:ComboTackle"],"picked":"Slimebound:LivingWall","floor":2},{"not_picked":["Slimebound:FormOfPuddle","Slimebound:FinishingTackle"],"picked":"Slimebound:LeadByExample","floor":3},{"not_picked":["Slimebound:ForwardTackle","Slimebound:SplitMire"],"picked":"Slimebound:ComboTackle","floor":4},{"not_picked":["Slimebound:GoopTackle","Slimebound:AcidTongue"],"picked":"Slimebound:SpikyOuterGoop","floor":5},{"not_picked":["Slimebound:RainOfGoop","Slimebound:GoopTackle"],"picked":"Slimebound:DuplicatedForm","floor":8},{"not_picked":["Slimebound:GoopSpray","Slimebound:ComboTackle"],"picked":"Slimebound:Schlurp","floor":9},{"not_picked":["Slimebound:SlimeBrawl","Slimebound:Repurpose"],"picked":"Slimebound:Prepare","floor":11},{"not_picked":["Slimebound:ForwardTackle","Slimebound:GoopTackle"],"picked":"Slimebound:Gluttony","floor":12},{"not_picked":["Slimebound:LivingWall","Slimebound:SamplingLick"],"picked":"Slimebound:RollThrough","floor":13},{"not_picked":["Slimebound:SpikyOuterGoop","Slimebound:RollThrough"],"picked":"Slimebound:Teamwork","floor":14},{"not_picked":["Slimebound:Schlurp","Slimebound:FinishingTackle"],"picked":"Slimebound:SplitAcid","floor":15}],"player_experience":592904,"relics_obtained":[{"floor":7,"key":"Unceasing Top"},{"floor":9,"key":"Art of War"},{"floor":11,"key":"Mango"},{"floor":14,"key":"Blue Candle"}],"event_choices":[{"cards_removed":["Slimebound:Strike_Slimebound"],"damage_healed":0,"gold_gain":0,"player_choice":"Took Card","damage_taken":0,"max_hp_gain":0,"max_hp_loss":0,"event_name":"NoteForYourself","floor":10,"gold_loss":0,"cards_obtained":["Strike_B"]}],"is_beta":false,"boss_relics":[],"items_purged_floors":[],"is_endless":false,"potions_floor_spawned":[5,8,11,12,13],"killed_by":"SI_SHIV_ARCHETYPE","ascension_level":0}}