{"host":"70zhvo5nwrhp1mbg","time":1611471404,"event":{"mods":["BaseMod","Colored Map","Colored Powertips","Filter the Spire","Highlight Path","Minty Spire (QoL Compilation)","Rare Cards Sparkle","StSLib"],"gold_per_floor":[218,238,249,268,268,299,1,1,73,11,43,65,77,421,433,550,562,592,623,735,758,83,83,101,101,101],"floor_reached":25,"language":"ENG","playtime":1348,"items_purged":[],"score":349,"play_id":"4eb806b4-ab9f-4ed0-aae1-1d988f140a7e","local_time":"20210124015644","is_ascension_mode":true,"campfire_choices":[{"floor":8,"key":"REST"},{"floor":13,"key":"REST"},{"data":"Shrug It Off","floor":15,"key":"SMITH"},{"floor":23,"key":"REST"}],"circlet_count":0,"master_deck":["Strike_R","Strike_R","Strike_R","Strike_R","Strike_R","Defend_R+1","Defend_R","Defend_R+1","Defend_R","Bash","Pommel Strike","Wild Strike","Anger","Perfected Strike","Shrug It Off+1","Perfected Strike","Headbutt","Metallicize","Carnage","Sword Boomerang","Bludgeon","Heavy Blade","Iron Wave","Inflame","Clash+1","Inflame+1","Thunderclap","Cleave+1","Clash+1","Power Through"],"relics":["Burning Blood","Prayer Wheel","PreservedInsect","HandDrill","The Courier","MawBank","Old Coin","SacredBark","Self Forming Clay","War Paint","Champion Belt","Dream Catcher"],"acts_visited":["Exordium","TheCity"],"potions_floor_usage":[3,6,6,14,21,24,25],"damage_taken":[{"damage":10,"enemies":"Cultist","floor":1,"turns":5},{"damage":4,"enemies":"Jaw Worm","floor":2,"turns":5},{"damage":0,"enemies":"Small Slimes","floor":3,"turns":3},{"damage":13,"enemies":"Red Slaver","floor":4,"turns":4},{"damage":25,"enemies":"Lagavulin","floor":6,"turns":5},{"damage":9,"enemies":"3 Louse","floor":11,"turns":3},{"damage":18,"enemies":"Exordium Thugs","floor":12,"turns":3},{"damage":0,"enemies":"Gremlin Nob","floor":14,"turns":2},{"damage":30,"enemies":"The Guardian","floor":16,"turns":9},{"damage":33,"enemies":"Chosen","floor":18,"turns":5},{"damage":11,"enemies":"Spheric Guardian","floor":19,"turns":3},{"damage":40,"enemies":"Shelled Parasite and Fungi","floor":21,"turns":6},{"damage":16,"enemies":"Snake Plant","floor":24,"turns":3},{"damage":26,"enemies":"Book of Stabbing","floor":25,"turns":5}],"seed_played":"6632929185833956076","potions_obtained":[{"floor":3,"key":"EntropicBrew"},{"floor":6,"key":"AttackPotion"},{"floor":12,"key":"SpeedPotion"},{"floor":21,"key":"Weak Potion"},{"floor":24,"key":"BlessingOfTheForge"}],"is_trial":false,"path_per_floor":["M","M","M","M","?","E","$","R","T","?","M","M","R","E","R","B",null,"M","M","?","M","$","R","M","E"],"character_chosen":"IRONCLAD","items_purchased":["PreservedInsect","HandDrill","Self Forming Clay","War Paint","Champion Belt","Dream Catcher"],"campfire_rested":3,"item_purchase_floors":[7,7,22,22,22,22],"current_hp_per_floor":[68,70,76,69,69,50,50,74,74,74,71,59,80,80,80,56,74,47,42,42,8,8,32,22,0,0],"gold":101,"neow_bonus":"HUNDRED_GOLD","is_daily":false,"chose_seed":false,"campfire_upgraded":1,"win_rate":0.0,"timestamp":1611471404,"path_taken":["M","?","M","?","?","E","$","R","T","?","M","M","R","E","R","BOSS","M","M","?","M","$","R","M","E"],"items_purchased_type":["Relic","Relic","Relic","Relic","Relic","Relic"],"build_version":"2020-12-22","purchased_purges":0,"victory":false,"max_hp_per_floor":[80,80,80,80,80,80,80,80,80,80,80,80,80,80,80,80,80,80,80,80,80,80,80,80,80,80],"card_choices":[{"not_picked":["Havoc","Reckless Charge"],"picked":"Pommel Strike","floor":1},{"not_picked":["Evolve","Seeing Red"],"picked":"Wild Strike","floor":2},{"not_picked":["Entrench","Wild Strike"],"picked":"Anger","floor":3},{"not_picked":["Clash","Sever Soul"],"picked":"Perfected Strike","floor":4},{"not_picked":["Clothesline","Infernal Blade"],"picked":"Shrug It Off","floor":6},{"not_picked":["Twin Strike","Clash"],"picked":"Perfected Strike","floor":11},{"not_picked":["Body Slam","Sword Boomerang"],"picked":"Headbutt","floor":11},{"not_picked":["Clash","Perfected Strike"],"picked":"Metallicize","floor":12},{"not_picked":["Perfected Strike","Headbutt"],"picked":"Carnage","floor":12},{"not_picked":["Rupture","Entrench"],"picked":"Sword Boomerang","floor":14},{"not_picked":["Berserk","Feed"],"picked":"Bludgeon","floor":16},{"not_picked":["Seeing Red","Whirlwind"],"picked":"Heavy Blade","floor":18},{"not_picked":["Dark Embrace","True Grit"],"picked":"Iron Wave","floor":18},{"not_picked":["Warcry","Feel No Pain"],"picked":"Inflame","floor":19},{"not_picked":["Battle Trance","Havoc"],"picked":"Clash+1","floor":19},{"not_picked":["Iron Wave","Sword Boomerang"],"picked":"Inflame+1","floor":21},{"not_picked":["Flex","Inflame"],"picked":"Thunderclap","floor":21},{"not_picked":["Perfected Strike","Twin Strike"],"picked":"Cleave+1","floor":23},{"not_picked":["Havoc","Berserk"],"picked":"Clash+1","floor":24},{"not_picked":["Disarm","Whirlwind+1"],"picked":"Power Through","floor":24}],"player_experience":459609,"relics_obtained":[{"floor":6,"key":"Prayer Wheel"},{"floor":9,"key":"The Courier"},{"floor":14,"key":"Old Coin"}],"event_choices":[{"damage_healed":0,"gold_gain":0,"player_choice":"Ignored","damage_taken":0,"max_hp_gain":0,"max_hp_loss":0,"event_name":"Shining Light","floor":5,"gold_loss":0},{"damage_healed":0,"gold_gain":0,"player_choice":"Paid Gold","damage_taken":0,"relics_obtained":["MawBank"],"max_hp_gain":0,"max_hp_loss":0,"event_name":"WeMeetAgain","floor":10,"gold_loss":62},{"damage_healed":0,"gold_gain":100,"player_choice":"Pray","damage_taken":0,"max_hp_gain":0,"max_hp_loss":0,"event_name":"Golden Shrine","floor":20,"gold_loss":0}],"is_beta":false,"boss_relics":[{"not_picked":["Velvet Choker","Busted Crown"],"picked":"SacredBark"}],"items_purged_floors":[],"is_endless":false,"potions_floor_spawned":[3,6,12,21,24],"killed_by":"Book of Stabbing","ascension_level":7}}