{"host":"urvvf8749ekcxo1a","time":1611468417,"event":{"mods":["AchievementEnabler","Bartender","BaseMod","BetterRewards","Colored Powertips","Displayed Cursed Tome","Evolution","Gold Saver","KinomotoSakuraMod(????)","Minty Spire (QoL Compilation)","Quick Restart","Relic Filter","StSLib","SuperFastMode","The Animator","The Cursed","The Hierophant","The Marked","The Servant 0.9.4","TheHero"],"gold_per_floor":[133,208,208,208,232,232,246,246,246,282,303,303,146,171,171,301,301,319,128,43,62,80,80,2,2,2],"floor_reached":25,"language":"ENG","playtime":1096,"items_purged":[],"score":211,"play_id":"03dff1d8-4b71-4fcf-b4a5-cc67d8a7bf4b","local_time":"20210124010657","is_ascension_mode":true,"campfire_choices":[{"floor":6.0,"key":"REST"},{"floor":12.0,"key":"REST"},{"data":"Exchange","floor":15.0,"key":"SMITH"},{"floor":23,"key":"REST"}],"circlet_count":0,"master_deck":["Strike_S","Strike_S","Strike_S","Strike_S","Defend_S","Defend_S","Defend_S","Defend_S","KidneyShot","Exchange+1","Hightail+1","BestPractice","Revamp+1","Barrier","ShatteredReality","Alleviate","ForgedInTime","Starlight","RealityMarble","Defy","TimeWarp+1"],"relics":["SplendidAttire","EVO:Axolotl","Golden Idol","Dead Branch","Peace Pipe","Lee\u0027s Waffle","Membership Card","Eternal Feather","Pan"],"acts_visited":["Exordium","TheCity"],"potions_floor_usage":[22,22],"damage_taken":[{"damage":10.0,"enemies":"2 Louse","floor":1.0,"turns":4.0},{"damage":0.0,"enemies":"Jaw Worm","floor":5.0,"turns":5.0},{"damage":0.0,"enemies":"Cultist","floor":7.0,"turns":5.0},{"damage":33.0,"enemies":"Lagavulin","floor":10.0,"turns":11.0},{"damage":16.0,"enemies":"Lots of Slimes","floor":11.0,"turns":8.0},{"damage":12.0,"enemies":"2 Fungi Beasts","floor":14.0,"turns":3.0},{"damage":14.0,"enemies":"Slime Boss","floor":16.0,"turns":18.0},{"damage":18.0,"enemies":"Shell Parasite","floor":18.0,"turns":7.0},{"damage":48,"enemies":"3 Byrds","floor":21,"turns":9},{"damage":0,"enemies":"Cultist and Chosen","floor":22,"turns":5},{"damage":51,"enemies":"Gremlin Leader","floor":25,"turns":6}],"seed_played":"-5728944509660975590","potions_obtained":[{"floor":1.0,"key":"SteroidPotion"},{"floor":10.0,"key":"PowerPotion"},{"floor":16.0,"key":"Strength Potion"},{"floor":18.0,"key":"DistilledChaos"}],"is_trial":false,"path_per_floor":["M","?","?","?","M","R","M","?","T","E","M","R","$","M","R","B",null,"M","$","?","M","M","R","$","E"],"character_chosen":"THE_SERVANT","items_purchased":["Lee\u0027s Waffle","Membership Card","RealityMarble","Pan"],"campfire_rested":3,"item_purchase_floors":[13,19,19,24],"current_hp_per_floor":[61,50,33,33,33,54,54,54,54,21,5,26,78,66,66,52,78,60,60,60,12,12,47,47,0,0],"gold":2,"neow_bonus":"TEN_PERCENT_HP_BONUS","is_daily":false,"chose_seed":false,"campfire_upgraded":1,"win_rate":0.0,"timestamp":1611468417,"path_taken":["M","?","?","?","M","R","M","?","T","E","?","R","?","M","R","BOSS","M","$","?","M","M","R","$","E"],"items_purchased_type":["Relic","Relic","Card","Relic"],"build_version":"2020-12-22","purchased_purges":0,"victory":false,"max_hp_per_floor":[71,71,71,71,71,71,71,71,71,71,71,71,78,78,78,78,78,78,78,78,78,78,78,78,78,78],"card_choices":[{"not_picked":["Rewind","TimeWarp"],"picked":"Hightail","floor":1.0},{"not_picked":["Starlight","Potential"],"picked":"BestPractice","floor":5.0},{"not_picked":["FastForward","Potential"],"picked":"Revamp","floor":7.0},{"not_picked":["Revamp","Gouge"],"picked":"Barrier","floor":10.0},{"not_picked":["Ricochet","TimeWarp"],"picked":"ShatteredReality","floor":11.0},{"not_picked":["ShiftingGears","DoubleEdge"],"picked":"Alleviate","floor":14.0},{"not_picked":["SoulSculpture","Sunlight"],"picked":"ForgedInTime","floor":16.0},{"not_picked":["Ricochet","Replace"],"picked":"Starlight","floor":18.0},{"not_picked":["ReturningBlade","Read+1"],"picked":"Defy","floor":21},{"not_picked":["Potential","Hightail+1"],"picked":"TimeWarp+1","floor":22}],"player_experience":162194,"relics_obtained":[{"floor":9.0,"key":"Dead Branch"},{"floor":10.0,"key":"Peace Pipe"}],"event_choices":[{"damage_healed":0.0,"max_hp_gain":0.0,"max_hp_loss":0.0,"gold_gain":75.0,"event_name":"World of Goop","player_choice":"Gather Gold","floor":2.0,"gold_loss":0.0,"damage_taken":11.0},{"damage_healed":0.0,"max_hp_gain":0.0,"max_hp_loss":0.0,"gold_gain":0.0,"event_name":"Golden Idol","player_choice":"Take Damage","floor":3.0,"gold_loss":0.0,"damage_taken":17.0,"relics_obtained":["Golden Idol"]},{"damage_healed":0.0,"max_hp_gain":0.0,"max_hp_loss":0.0,"gold_gain":0.0,"event_name":"Living Wall","player_choice":"Grow","floor":4.0,"gold_loss":0.0,"damage_taken":0.0,"cards_upgraded":["Hightail"]},{"damage_healed":0.0,"max_hp_gain":0.0,"max_hp_loss":0.0,"gold_gain":0.0,"event_name":"Upgrade Shrine","player_choice":"Upgraded","floor":8.0,"gold_loss":0.0,"damage_taken":0.0,"cards_upgraded":["Revamp"]},{"damage_healed":0.0,"max_hp_gain":0.0,"max_hp_loss":0.0,"gold_gain":0.0,"event_name":"Addict","player_choice":"Obtained Relic","floor":20.0,"gold_loss":85.0,"damage_taken":0.0,"relics_obtained":["Eternal Feather"]}],"is_beta":false,"boss_relics":[{"not_picked":["Philosopher\u0027s Stone","SacredBark"],"picked":"SplendidAttire"}],"items_purged_floors":[],"is_endless":false,"potions_floor_spawned":[1,10,16,18],"killed_by":"Gremlin Leader","ascension_level":1}}