{"host":"ci7ivtocgfxh0ueo","time":1611458474,"event":{"mods":["BaseMod","GifTheSpireLib","Minty Spire (QoL Compilation)","StSLib"],"gold_per_floor":[359,373,31,31,48,48,4,4,4,19,19,19,39,59,59,138,138,112,1,1,16,16,16,16,16],"floor_reached":24,"language":"ZHT","playtime":475,"items_purged":[],"score":353,"play_id":"303f630b-b7db-4f8b-8674-9b0c46301f52","local_time":"20210124112114","is_ascension_mode":true,"campfire_choices":[{"data":"Armaments","floor":6,"key":"SMITH"},{"data":"Rampage","floor":8,"key":"SMITH"},{"data":"Disarm","floor":15,"key":"SMITH"},{"data":"Uppercut","floor":23,"key":"SMITH"}],"circlet_count":0,"master_deck":["AscendersBane","Strike_R","Strike_R","Strike_R","Strike_R","Strike_R","Defend_R","Defend_R","Defend_R","Bash","Clash","Metallicize","Armaments+1","Heavy Blade","Rampage+1","Bash","Disarm+1","Flex","Bludgeon","Seeing Red+1","Uppercut+1"],"relics":["Burning Blood","Mercury Hourglass","Regal Pillow"],"acts_visited":["Exordium","TheCity"],"potions_floor_usage":[16,18,19,21,24],"damage_taken":[{"damage":12,"enemies":"Jaw Worm","floor":1,"turns":2},{"damage":1,"enemies":"Cultist","floor":2,"turns":3},{"damage":6,"enemies":"2 Louse","floor":5,"turns":2},{"damage":3,"enemies":"Exordium Thugs","floor":10,"turns":4},{"damage":8,"enemies":"Blue Slaver","floor":13,"turns":4},{"damage":0,"enemies":"2 Fungi Beasts","floor":14,"turns":3},{"damage":10,"enemies":"Hexaghost","floor":16,"turns":11},{"damage":31,"enemies":"2 Thieves","floor":18,"turns":4},{"damage":17,"enemies":"3 Byrds","floor":21,"turns":3},{"damage":48,"enemies":"Gremlin Leader","floor":24,"turns":5}],"seed_played":"8804331028099365697","potions_obtained":[{"floor":5,"key":"BloodPotion"},{"floor":10,"key":"AttackPotion"}],"is_trial":false,"path_per_floor":["M","M","$","?","M","R","$","R","T","M","?","$","M","M","R","B",null,"M","$","?","M","?","R","E"],"character_chosen":"IRONCLAD","items_purchased":["Mercury Hourglass","Armaments","Rampage","EntropicBrew"],"campfire_rested":0,"item_purchase_floors":[3,3,7,19],"current_hp_per_floor":[62,67,67,67,67,67,67,67,67,68,68,68,66,68,68,64,67,55,55,55,44,44,44,0,0],"gold":16,"neow_bonus":"TWO_FIFTY_GOLD","is_daily":false,"chose_seed":false,"campfire_upgraded":4,"win_rate":0.0,"timestamp":1611458474,"path_taken":["M","M","$","?","?","R","?","R","T","M","?","$","M","M","R","BOSS","M","$","?","M","?","R","E"],"items_purchased_type":["Relic","Card","Card","Potion"],"build_version":"2020-12-22","purchased_purges":0,"victory":false,"max_hp_per_floor":[68,68,68,68,68,68,68,68,68,68,68,68,68,68,68,68,68,68,68,68,68,68,68,68,68],"card_choices":[{"not_picked":["Headbutt","Anger"],"picked":"Clash","floor":1},{"not_picked":["Rupture","Entrench"],"picked":"Metallicize","floor":2},{"not_picked":["Dual Wield","Perfected Strike"],"picked":"Heavy Blade","floor":5},{"not_picked":["Armaments","Bloodletting","Body Slam"],"picked":"SKIP","floor":10},{"not_picked":["Bloodletting","Entrench"],"picked":"Disarm","floor":13},{"not_picked":["Armaments","Havoc"],"picked":"Flex","floor":14},{"not_picked":["Berserk","Limit Break"],"picked":"Bludgeon","floor":16},{"not_picked":["Thunderclap","Perfected Strike"],"picked":"Seeing Red","floor":18},{"not_picked":["Perfected Strike","Heavy Blade"],"picked":"Uppercut","floor":21}],"player_experience":1352433,"relics_obtained":[{"floor":9,"key":"Regal Pillow"}],"event_choices":[{"cards_removed":["Defend_R"],"damage_healed":0,"gold_gain":0,"player_choice":"Offered Basic","damage_taken":0,"max_hp_gain":0,"max_hp_loss":0,"event_name":"Bonfire Elementals","floor":4,"gold_loss":0},{"damage_healed":0,"gold_gain":0,"player_choice":"1 cards matched","damage_taken":0,"max_hp_gain":0,"max_hp_loss":0,"event_name":"Match and Keep!","floor":11,"gold_loss":0,"cards_obtained":["Bash"]},{"damage_healed":0,"gold_gain":0,"player_choice":"Ignored","damage_taken":0,"max_hp_gain":0,"max_hp_loss":0,"event_name":"Vampires","floor":20,"gold_loss":0},{"damage_healed":0,"gold_gain":0,"player_choice":"Forge","damage_taken":0,"max_hp_gain":0,"max_hp_loss":0,"event_name":"Accursed Blacksmith","floor":22,"gold_loss":0,"cards_upgraded":["Seeing Red"]}],"is_beta":false,"boss_relics":[{"not_picked":["Velvet Choker","Runic Cube","Fusion Hammer"]}],"items_purged_floors":[],"is_endless":false,"potions_floor_spawned":[5,10,13],"killed_by":"Gremlin Leader","ascension_level":18}}