{"host":"2l3i55whvwk76mom","time":1611515812,"event":{"mods":["BaseMod","Googly Eyes","Hermit","Hubris","Minty Spire (QoL Compilation)","Replay The Spire","StSLib","The Cursed","The Disciple","The Hierophant","The Jungle","The Necromancer"],"gold_per_floor":[112,112,124,124,124,153,153,178,225,254,59,95,106,159,159,254,254,289,328,243,276,276,276,276,276],"floor_reached":24,"language":"ENG","playtime":972,"items_purged":[],"score":336,"play_id":"2ac3c810-b385-4fc7-8c8b-a869a4724c26","local_time":"20210124111652","is_ascension_mode":true,"campfire_choices":[{"floor":7,"key":"DIG"},{"floor":15,"key":"DIG"},{"floor":23,"key":"REST"}],"circlet_count":0,"master_deck":["Strike_R","Strike_R","Strike_R","Strike_R","Strike_R","Defend_R","Defend_R","Defend_R","Bash","Run Through","Rage","Clash+1","Shockwave","Power Through","ReplayTheSpireMod:Limb From Limb","HandOfGreed","Pommel Strike","Spot Weakness","Barricade","Cleave","Pommel Strike","Burning Pact+1"],"relics":["Burning Blood","Nunchaku","hubris:Icosahedron","Shovel","PreservedInsect","InkBottle","Oddly Smooth Stone","Eternal Feather","Bag of Preparation","Runic Pyramid","Omamori"],"acts_visited":["Exordium","TheCity"],"potions_floor_usage":[7,12,16,24],"damage_taken":[{"damage":6,"enemies":"Cultist","floor":1,"turns":3},{"damage":10,"enemies":"Small Slimes","floor":3,"turns":3},{"damage":16,"enemies":"Gremlin Nob","floor":6,"turns":3},{"damage":19,"enemies":"3 Sentries","floor":8,"turns":5},{"damage":0,"enemies":"Lagavulin","floor":10,"turns":4},{"damage":3,"enemies":"2 Louse","floor":12,"turns":3},{"damage":7,"enemies":"Blue Slaver","floor":13,"turns":3},{"damage":56,"enemies":"The Guardian","floor":16,"turns":15},{"damage":27,"enemies":"Chosen","floor":18,"turns":5},{"damage":11,"enemies":"2 Thieves","floor":19,"turns":3},{"damage":20,"enemies":"Snecko","floor":21,"turns":4},{"damage":58,"enemies":"Slavers","floor":24,"turns":3}],"seed_played":"6268025226977866280","potions_obtained":[{"floor":6,"key":"Fruit Juice"},{"floor":8,"key":"SteroidPotion"},{"floor":10,"key":"Fruit Juice"},{"floor":13,"key":"Elixir"},{"floor":18,"key":"Languid Potion"}],"is_trial":false,"path_per_floor":["M","?","M","?","$","E","R","E","T","E","$","M","M","?","R","B",null,"M","M","?","M","?","R","E"],"character_chosen":"IRONCLAD","items_purchased":["HandOfGreed"],"campfire_rested":1,"item_purchase_floors":[11],"current_hp_per_floor":[72,72,68,68,68,58,63,50,50,56,56,64,63,63,72,22,73,52,47,47,33,15,55,0,0],"gold":276,"neow_bonus":"RANDOM_COMMON_RELIC","is_daily":false,"chose_seed":false,"campfire_upgraded":0,"win_rate":0.0,"timestamp":1611515812,"path_taken":["M","?","M","?","$","E","R","E","T","E","$","M","M","?","R","BOSS","M","M","?","M","?","R","E"],"items_purchased_type":["Card"],"build_version":"2020-12-22","purchased_purges":0,"victory":false,"max_hp_per_floor":[80,80,80,80,80,80,85,85,85,85,85,90,90,90,90,90,90,90,90,90,90,95,95,95,95],"card_choices":[{"not_picked":["Pommel Strike","Replay:Undeath\u0027s Touch"],"picked":"Run Through","floor":1},{"not_picked":["Body Slam","Heavy Blade"],"picked":"Rage","floor":3},{"not_picked":["Heavy Blade","Sword Boomerang"],"picked":"Shockwave","floor":6},{"not_picked":["Havoc","Clothesline"],"picked":"Power Through","floor":8},{"not_picked":["Replay:Many Hands","Headbutt"],"picked":"ReplayTheSpireMod:Limb From Limb","floor":10},{"not_picked":["Seeing Red","Body Slam"],"picked":"Pommel Strike","floor":12},{"not_picked":["Shrug It Off","Heavy Blade"],"picked":"Spot Weakness","floor":13},{"not_picked":["Double Tap","Brutality"],"picked":"Barricade","floor":16},{"not_picked":["Wild Strike","Heavy Blade"],"picked":"Cleave","floor":18},{"not_picked":["Heavy Blade","ReplayTheSpireMod:LeadingStrike"],"picked":"Pommel Strike","floor":19},{"not_picked":["Flame Barrier+1","Power Through"],"picked":"Burning Pact+1","floor":21}],"player_experience":321622,"relics_obtained":[{"floor":6,"key":"Shovel"},{"floor":7,"key":"PreservedInsect"},{"floor":8,"key":"InkBottle"},{"floor":9,"key":"Oddly Smooth Stone"},{"floor":10,"key":"Eternal Feather"},{"floor":15,"key":"Bag of Preparation"}],"event_choices":[{"damage_healed":0,"gold_gain":53,"player_choice":"Gained Gold","damage_taken":0,"max_hp_gain":0,"max_hp_loss":0,"event_name":"Golden Wing","floor":14,"gold_loss":0},{"damage_healed":0,"gold_gain":0,"player_choice":"Obtained Relic","damage_taken":0,"relics_obtained":["Omamori"],"max_hp_gain":0,"max_hp_loss":0,"event_name":"Addict","floor":20,"gold_loss":85},{"damage_healed":0,"gold_gain":0,"player_choice":"Shed Blood","damage_taken":23,"max_hp_gain":5,"max_hp_loss":0,"event_name":"Forgotten Altar","floor":22,"gold_loss":0}],"is_beta":false,"boss_relics":[{"not_picked":["Replay:Drink Me","ReplayTheSpireMod:DimensionalGlitch"],"picked":"Runic Pyramid"}],"items_purged_floors":[],"is_endless":false,"potions_floor_spawned":[6,8,10,13,18],"killed_by":"Slavers","ascension_level":6}}