{"host":"qmnyg5dk1o6rw6mz","time":1611480368,"event":{"mods":["100% Spire Juice","2.2 Compatiblity","AchievementEnabler","Act Like it!","Arknights The Spire","Aspiration","Astrologer","BaseMod","CapriCore","Challenge The Spire","ChefMod","Colored Map","Colored Powertips","Conjunction","Conspire","Decade(王小明)","DeckTracker","Defuse TimeMaze Blight","Disable Question Mark Monsters","Energized Spire","Friendly Minions","Gensokyo","GifTheSpireLib","Hermit","Highlight Path","HololiveMod","HornydragonMod","Hubris","Jedi Mod","Koishi","KomeijiMod","Lobotomy","LobotomyExtend","Marisa（霧雨　魔理沙）","Minty Spire (QoL Compilation)","Pale of the Ancients","Permanent Neow","Prisma Mod","Quick Restart","Reimu（博???）","Replay The Spire","Robot Space Explorer","SIMod","StSLib","The Alterego","The Bug Knight","The Cursed","The Dragon Tamer","The Gatherer","The Hayseed","The Hierophant","The Immortal","The Marked","The Mystic","The Poker Player","The Runesmith","The Senshi","The Showman","Unceasing Turn Reminder","WarShipGirlsR/??少女R mod","Wide Potions","Yuri Mod","Yuyuko","vexMod"],"gold_per_floor":[119,394,405,405,420,433,462,462,489,518,518,548,581,594,594,689,689,708,708,458,458,91,125,125,135,135,148,173,206,224,256,256,361,361,377,397,414,429,429,429,464,464,464,464,464],"floor_reached":44,"language":"ZHS","playtime":2504,"items_purged":["hermit:Strike_Hermit","hermit:Midnight+1"],"score":743,"play_id":"c681d30d-ea69-48da-bff1-e0459e93f67b","local_time":"20210124172608","is_ascension_mode":false,"campfire_choices":[{"data":"hermit:Covet","floor":11,"key":"SMITH"},{"data":"hermit:Midnight","floor":15,"key":"SMITH"},{"floor":24,"key":"REST"},{"data":"hermit:FromBeyond","floor":32,"key":"SMITH"},{"data":"GremboGang","floor":40,"key":"SMITH"}],"circlet_count":0,"master_deck":["hermit:Strike_Hermit","hermit:Strike_Hermit","hermit:Strike_Hermit","hermit:Defend_Hermit","hermit:Defend_Hermit","hermit:Defend_Hermit","hermit:Defend_Hermit","hermit:Snapshot+1","hermit:Covet+1","hermit:WideOpen+1","Regret","hermit:Misfire+1","Injury","hermit:WideOpen+1","hermit:Quickdraw+1","hermit:Deadeye+1","hermit:Roughhouse+1","hermit:Misfire+1","hermit:Deadeye+1","hermit:Gambit","GremboGang+1","hermit:Misfire+1","hermit:EyeOfTheStorm","hermit:EyeOfTheStorm","hermit:Scavenge","hermit:RoundhouseKick+1","hermit:BigShot","hermit:Brawl","hermit:SprayPray+1","hermit:FromBeyond+1","hermit:Reprieve+1","hermit:Brawl+1","hermit:ShadowCloak+1","hermit:Spite+1"],"relics":["hermit:Momento","Molten Egg 2","Odd Mushroom","Whetstone","Garlic","Pear","Pondfish Scales","ReplayTheSpireMod:DimensionalGlitch","Dream Catcher","hubris:MysteriousPyramids","RuthlessExorcism:ReiMu","jedi:firstaidkit","Tiny Chest","vexMod:BigBerry","hubris:FruitBowl","hubris:EmptyBottle","Gremlin Horn","Blue Candle"],"acts_visited":["Exordium","TheCity","TheBeyond"],"potions_floor_usage":[7,12,23,29,31,33,37,37,41,41,44,44],"damage_taken":[{"damage":0,"enemies":"2 Louse","floor":1,"turns":2},{"damage":0,"enemies":"Cultist","floor":3,"turns":3},{"damage":0,"enemies":"Jaw Worm","floor":5,"turns":1},{"damage":5,"enemies":"Exordium Thugs","floor":6,"turns":4},{"damage":0,"enemies":"The Mushroom Lair","floor":7,"turns":3},{"damage":16,"enemies":"Gremlin Nob","floor":10,"turns":4},{"damage":6,"enemies":"3 Sentries","floor":12,"turns":5},{"damage":7,"enemies":"Lagavulin","floor":13,"turns":4},{"damage":4,"enemies":"Large Slime","floor":14,"turns":4},{"damage":49,"enemies":"Fading Forest","floor":16,"turns":11},{"damage":14,"enemies":"2 Thieves","floor":18,"turns":3},{"damage":28,"enemies":"Slavers","floor":23,"turns":4},{"damage":0,"enemies":"3 Byrds","floor":25,"turns":4},{"damage":0,"enemies":"Sentry and Sphere","floor":27,"turns":3},{"damage":0,"enemies":"Chosen and Byrds","floor":28,"turns":4},{"damage":9,"enemies":"Book of Stabbing","floor":29,"turns":3},{"damage":0,"enemies":"Centurion and Healer","floor":30,"turns":4},{"damage":28,"enemies":"Replay:Snechameleon","floor":31,"turns":7},{"damage":75,"enemies":"Pondfish","floor":33,"turns":12},{"damage":57,"enemies":"3 Darklings","floor":35,"turns":7},{"damage":0,"enemies":"Orb Walker","floor":36,"turns":2},{"damage":12,"enemies":"Spire Growth","floor":37,"turns":4},{"damage":28,"enemies":"3 Darklings","floor":38,"turns":7},{"damage":23,"enemies":"Nemesis","floor":41,"turns":11},{"damage":23,"enemies":"Reptomancer","floor":44,"turns":2}],"seed_played":"-2878839707201580708","potions_obtained":[{"floor":3,"key":"jedi:wingpotion"},{"floor":6,"key":"SkillPotion"},{"floor":7,"key":"Dexterity Potion"},{"floor":8,"key":"Toxic Potion"},{"floor":12,"key":"FearPotion"},{"floor":13,"key":"Dexterity Potion"},{"floor":23,"key":"ExcitationPotion"},{"floor":29,"key":"Reflective Coating"},{"floor":31,"key":"SkillPotion"},{"floor":35,"key":"Swift Potion"},{"floor":36,"key":"Swift Potion"},{"floor":41,"key":"Conjunction:LightningMarble"}],"is_trial":false,"path_per_floor":["M","?","M","?","M","M","?","?","T","E","R","E","E","M","R","B",null,"M","?","?","?","$","E","R","M","T","M","M","E","M","E","R","B",null,"M","M","M","M","$","R","E","?","T","E"],"character_chosen":"HERMIT","items_purchased":["hubris:MysteriousPyramids","hermit:Misfire+1","hubris:FruitBowl","hubris:EmptyBottle"],"campfire_rested":1,"item_purchase_floors":[22,22,39,39],"current_hp_per_floor":[75,75,75,75,75,70,70,70,70,54,54,58,51,47,47,8,85,71,71,71,71,71,43,68,68,68,68,68,59,59,54,54,19,115,72,72,70,58,21,21,10,10,10,0,0],"gold":464,"neow_bonus":"RANDOM_EVENT","is_daily":false,"chose_seed":false,"campfire_upgraded":4,"win_rate":0.0,"timestamp":1611480368,"path_taken":["M","?","?","?","M","?","?","?","T","E","R","E","E","M","R","BOSS","M","?","?","?","$","E","R","?","T","M","M","E","M","E","R","BOSS","M","M","M","M","?","R","E","?","T","E"],"items_purchased_type":["Relic","Card","Relic","Relic"],"build_version":"2020-12-22","purchased_purges":2,"victory":false,"max_hp_per_floor":[75,75,75,75,75,75,75,75,75,75,75,85,85,85,85,85,85,85,85,85,85,85,85,85,85,85,85,85,85,85,85,85,85,115,115,115,115,115,115,115,115,115,115,115,115],"card_choices":[{"not_picked":["hermit:Desperado","hermit:TrackingShot"],"picked":"hermit:WideOpen","floor":1},{"not_picked":["hermit:TrackingShot","hermit:LowProfile"],"picked":"hermit:Misfire","floor":3},{"not_picked":["hermit:TrackingShot+1","hermit:Malice+1"],"picked":"hermit:WideOpen+1","floor":5},{"not_picked":["hermit:Dive","hermit:TrackingShot+1"],"picked":"hermit:Quickdraw+1","floor":6},{"not_picked":["hermit:LoneWolf","hermit:WideOpen+1"],"picked":"hermit:Deadeye+1","floor":7},{"not_picked":["hermit:Glare","hermit:Deadeye+1"],"picked":"hermit:Midnight","floor":10},{"not_picked":["hermit:Cheat","hermit:Roulette+1"],"picked":"hermit:Roughhouse+1","floor":12},{"not_picked":["hermit:Dive","hermit:Quickdraw+1"],"picked":"hermit:Misfire+1","floor":13},{"not_picked":["hermit:Coalescence","hermit:Enervate+1"],"picked":"hermit:Deadeye+1","floor":14},{"not_picked":["hermit:Adapt","hermit:FatalDesire"],"picked":"hermit:Gambit","floor":16},{"not_picked":["hermit:Snipe","hermit:WideOpen+1","hermit:Dive"],"picked":"SKIP","floor":18},{"not_picked":["hermit:FatalDesire","hermit:Vantage"],"picked":"hermit:EyeOfTheStorm","floor":23},{"not_picked":["hermit:Headshot+1","hermit:Spite+1"],"picked":"hermit:EyeOfTheStorm","floor":24},{"not_picked":["hermit:BodyArmor","hermit:CalledShot+1"],"picked":"hermit:Scavenge","floor":25},{"not_picked":["hermit:HighCaliber+1","hermit:Glare"],"picked":"hermit:RoundhouseKick+1","floor":27},{"not_picked":["hermit:Manifest","hermit:Virtue"],"picked":"hermit:BigShot","floor":28},{"not_picked":["hermit:TrackingShot+1","hermit:Roulette+1"],"picked":"hermit:Brawl","floor":29},{"not_picked":["hermit:EyeOfTheStorm","hermit:Vantage+1"],"picked":"hermit:SprayPray+1","floor":30},{"not_picked":["hermit:TakeCover","hermit:Gestalt"],"picked":"hermit:FromBeyond","floor":31},{"not_picked":["hermit:BlackWind+1","hermit:RoundhouseKick+1"],"picked":"hermit:Reprieve","floor":33},{"not_picked":["hermit:Glare+1","hermit:Coalescence+1"],"picked":"hermit:Brawl+1","floor":35},{"not_picked":["hermit:TakeCover","hermit:ItchyTrigger+1","hermit:CalledShot+1"],"picked":"SKIP","floor":36},{"not_picked":["hermit:Glare","hermit:HoleUp+1"],"picked":"hermit:ShadowCloak+1","floor":37},{"not_picked":["hermit:Coalescence","hermit:LuckOfTheDraw"],"picked":"hermit:Spite+1","floor":38},{"not_picked":["hermit:Vantage","hermit:CalledShot+1","hermit:Snipe+1"],"picked":"SKIP","floor":41}],"player_experience":226153,"relics_obtained":[{"floor":7,"key":"Odd Mushroom"},{"floor":9,"key":"Whetstone"},{"floor":10,"key":"Garlic"},{"floor":12,"key":"Pear"},{"floor":13,"key":"Pondfish Scales"},{"floor":19,"key":"Dream Catcher"},{"floor":23,"key":"RuthlessExorcism:ReiMu"},{"floor":29,"key":"jedi:firstaidkit"},{"floor":31,"key":"Tiny Chest"},{"floor":41,"key":"Gremlin Horn"},{"floor":43,"key":"Blue Candle"}],"event_choices":[{"damage_healed":0,"gold_gain":275,"player_choice":"Desecrate","damage_taken":0,"max_hp_gain":0,"max_hp_loss":0,"event_name":"Golden Shrine","floor":2,"gold_loss":0,"cards_obtained":["Regret"]},{"damage_healed":0,"gold_gain":0,"player_choice":"Fought Mushrooms","damage_taken":0,"max_hp_gain":0,"max_hp_loss":0,"event_name":"Mushrooms","floor":7,"gold_loss":0},{"damage_healed":0,"gold_gain":0,"player_choice":"Ignored","damage_taken":0,"max_hp_gain":0,"max_hp_loss":0,"event_name":"NoteForYourself","floor":21,"gold_loss":0}],"is_beta":false,"boss_relics":[{"not_picked":["Coffee Dripper","conspire:SeveredTorchhead"],"picked":"ReplayTheSpireMod:DimensionalGlitch"},{"not_picked":["hubris:Stopwatch","Velvet Choker"],"picked":"vexMod:BigBerry"}],"items_purged_floors":[22,39],"is_endless":false,"potions_floor_spawned":[3,6,7,12,13,23,28,29,31,35,36,41],"killed_by":"Reptomancer","ascension_level":0}}