{"host":"nia1zwr35jsu5y7h","time":1611491163,"event":{"mods":["2.2 Compatiblity","Abigail Mod","Bard","BaseMod","Colored Map","Conspire","Downfall","Friendly Minions","Hermit","Highlight Path","Hubris","Infinite Spire","Kiyohime????","Koishi","Marisa????????","Minty Spire (QoL Compilation)","Quick Restart","Replay The Spire","Shade Mod","Shop Mod","StSLib","The Administrix","The Animator","The Construct","The Cursed","The Disciple","The Mystic","The Necromancer","The Servant 0.9.4"],"gold_per_floor":[111,135,46,59,59,94,94,138,138,138,152,152,186,205,205,310,310,321,321,291,304,317,345,345,345,345,345,345],"floor_reached":27,"language":"ENG","playtime":2428,"items_purged":[],"score":315,"play_id":"eef36f66-c19d-4bb3-b2cb-9fce129f9a6d","local_time":"20210124042603","is_ascension_mode":true,"campfire_choices":[{"floor":7,"key":"REST"},{"data":"animator:Shichika","floor":10,"key":"SMITH"},{"floor":12,"key":"REST"},{"data":"animator:Shalltear","floor":15,"key":"SMITH"},{"data":"animator:Nanami","floor":24,"key":"SMITH"}],"circlet_count":0,"master_deck":["animator:Strike_Katanagatari","animator:Defend_Katanagatari+1","animator:Strike+1","animator:Defend","animator:Defend","animator:Defend","animator:Emonzaemon","animator:Shalltear+1","animator:TsurugaMeisai","animator:MamizouFutatsuiwa","animator:TsurugaMeisai","animator:Togame","animator:Shichika+1","animator:EmiyaShirou","animator:Shuna","animator:TsurugaMeisai","animator:Rimuru","animator:Emonzaemon","animator:TsurugaMeisai","animator:TsurugaMeisai","animator:Alexander","animator:Darkness","animator:Nanami+1"],"relics":["animator:LivingPicture","animator:TheMissingPiece","animator:PurgingStone","Potion Belt","Simple Rune","hexamod:CandleOfCauterizing","PreservedInsect","Replay:Wax Seal","animator:RacePiece","Enchiridion","Akabeko"],"acts_visited":["Exordium","TheCity"],"potions_floor_usage":[11,14,18,23,23,27,27],"damage_taken":[{"damage":4,"enemies":"Jaw Worm","floor":1,"turns":5},{"damage":0,"enemies":"2 Louse","floor":2,"turns":2},{"damage":1,"enemies":"Cultist","floor":4,"turns":5},{"damage":50,"enemies":"Gremlin Nob","floor":6,"turns":7},{"damage":7,"enemies":"3 Sentries","floor":8,"turns":15},{"damage":7,"enemies":"Exordium Thugs","floor":11,"turns":7},{"damage":0,"enemies":"Lagavulin","floor":13,"turns":8},{"damage":0,"enemies":"Lots of Slimes","floor":14,"turns":5},{"damage":36,"enemies":"Fading Forest","floor":16,"turns":11},{"damage":2,"enemies":"3 Byrds","floor":18,"turns":6},{"damage":0,"enemies":"conspire:FuzzyDice","floor":21,"turns":8},{"damage":21,"enemies":"Shelled Parasite and Fungi","floor":22,"turns":14},{"damage":16,"enemies":"Slavers","floor":23,"turns":5},{"damage":16,"enemies":"Gremlin Leader","floor":27,"turns":2}],"seed_played":"-3072808464549752399","potions_obtained":[{"floor":1,"key":"Adrenaline Potion"},{"floor":11,"key":"SkillPotion"},{"floor":13,"key":"Venom Potion"},{"floor":14,"key":"ColorlessPotion"},{"floor":16,"key":"Adrenaline Potion"},{"floor":20,"key":"champ:CounterPotion"},{"floor":20,"key":"DistilledChaos"},{"floor":21,"key":"LiquidMemories"}],"is_trial":false,"path_per_floor":["M","M","$","M","$","E","R","E","T","R","M","R","E","M","R","B",null,"M","?","?","M","M","E","R","PTL","PTL","E"],"character_chosen":"THE_ANIMATOR","items_purchased":["animator:MamizouFutatsuiwa"],"campfire_rested":2,"item_purchase_floors":[3],"current_hp_per_floor":[62,62,62,61,61,12,32,25,25,25,18,38,38,38,38,19,67,65,49,49,49,28,13,13,13,13,0,0],"gold":345,"neow_bonus":"RANDOM_COMMON_RELIC","is_daily":false,"chose_seed":false,"campfire_upgraded":3,"win_rate":0.0,"timestamp":1611491163,"path_taken":["M","M","$","M","$","E","R","E","T","R","M","R","E","M","R","BOSS","M","?","?","?","M","E","R","PTL","PTL","E"],"items_purchased_type":["Card"],"build_version":"2020-12-22","purchased_purges":0,"victory":false,"max_hp_per_floor":[66,66,66,66,66,67,67,67,67,67,67,67,67,67,67,67,67,67,67,67,67,67,68,68,68,68,68,68],"card_choices":[{"not_picked":["animator:GuildGirl","animator:DolaSchwi"],"picked":"animator:Shalltear","floor":1},{"not_picked":["animator:Darkness","animator:Jibril"],"picked":"animator:TsurugaMeisai","floor":2},{"not_picked":["animator:DolaRiku","animator:SayakaMiki"],"picked":"animator:TsurugaMeisai","floor":4},{"not_picked":["animator:ZankiKiguchi","animator:Hitei"],"picked":"animator:Togame","floor":6},{"not_picked":["animator:Millim","animator:MaesHughes"],"picked":"animator:Shichika","floor":8},{"not_picked":["animator:Gluttony","animator:Caster"],"picked":"animator:EmiyaShirou","floor":11},{"not_picked":["animator:Hitei","animator:EmiyaShirou"],"picked":"animator:Shuna","floor":13},{"not_picked":["animator:Hitei","animator:Emonzaemon"],"picked":"animator:TsurugaMeisai","floor":14},{"not_picked":["animator:SwordMaiden","animator:MadokaKaname"],"picked":"animator:Rimuru","floor":16},{"not_picked":["animator:Shichika","animator:CowGirl"],"picked":"animator:Alexander","floor":18},{"not_picked":["animator:Hakurou","animator:UneriGinkaku"],"picked":"animator:Darkness","floor":21},{"not_picked":["animator:Kazuma","animator:DolaCouronne+1","animator:Hakurou"],"picked":"SKIP","floor":22},{"not_picked":["animator:Emonzaemon","animator:UneriGinkaku"],"picked":"animator:Nanami","floor":23}],"player_experience":2251038,"relics_obtained":[{"floor":6,"key":"Simple Rune"},{"floor":8,"key":"hexamod:CandleOfCauterizing"},{"floor":9,"key":"PreservedInsect"},{"floor":13,"key":"Replay:Wax Seal"},{"floor":19,"key":"Enchiridion"},{"floor":23,"key":"Akabeko"}],"event_choices":[{"damage_healed":0,"gold_gain":0,"player_choice":"Obtained Book","damage_taken":16,"max_hp_gain":0,"max_hp_loss":0,"event_name":"Cursed Tome","floor":19,"gold_loss":0},{"damage_healed":0,"gold_gain":0,"player_choice":"Bought 2 Potions","damage_taken":0,"max_hp_gain":0,"max_hp_loss":0,"event_name":"The Woman in Blue","floor":20,"gold_loss":0}],"is_beta":false,"boss_relics":[{"not_picked":["animator:CursedBlade","Velvet Choker"],"picked":"animator:RacePiece"}],"items_purged_floors":[],"is_endless":false,"potions_floor_spawned":[1,11,13,14,16,21,22],"killed_by":"Gremlin Leader","ascension_level":1}}