{"host":"c3lc60y5x60jlt1y","time":1611475101,"event":{"mods":["AchievementEnabler","BaseMod","Bestiary","Colored Map","Minty Spire (QoL Compilation)","Quick Restart","StSLib","ojb\u0027s Info Mod"],"gold_per_floor":[119,119,44,44,9,35,35,66,66,79,29,60,75,75,75,171,171,192,192,192,192],"floor_reached":20,"language":"ENG","playtime":827,"items_purged":["Defend_B","Strike_B"],"score":452,"play_id":"d477069a-ce95-4290-bc61-b65c4fc21fd4","local_time":"20210124095821","is_ascension_mode":true,"campfire_choices":[{"data":"Machine Learning","floor":7,"key":"SMITH"},{"data":"Lockon","floor":15,"key":"SMITH"}],"circlet_count":0,"master_deck":["AscendersBane","Strike_B","Strike_B","Defend_B","Defend_B","Defend_B","Zap+1","Dualcast","Streamline+1","Machine Learning+1","Consume","Ball Lightning","Rebound","Sunder+1","Lockon+1","Seek","Conserve Battery"],"relics":["Cracked Core","NeowsBlessing","Dream Catcher","Smiling Mask","Blue Candle","Omamori","Golden Idol","Inserter"],"acts_visited":["Exordium","TheCity"],"potions_floor_usage":[20],"damage_taken":[{"damage":0,"enemies":"Jaw Worm","floor":1,"turns":1},{"damage":0,"enemies":"Gremlin Nob","floor":6,"turns":1},{"damage":0,"enemies":"3 Sentries","floor":8,"turns":1},{"damage":4,"enemies":"Small Slimes","floor":10,"turns":3},{"damage":11,"enemies":"Gremlin Nob","floor":12,"turns":3},{"damage":0,"enemies":"2 Louse","floor":13,"turns":2},{"damage":25,"enemies":"The Guardian","floor":16,"turns":8},{"damage":42,"enemies":"2 Thieves","floor":18,"turns":4},{"damage":4,"enemies":"Spheric Guardian","floor":20,"turns":3}],"seed_played":"4371822309001878600","potions_obtained":[{"floor":1,"key":"LiquidBronze"},{"floor":10,"key":"SteroidPotion"}],"is_trial":false,"path_per_floor":["M","?","$","?","?","E","R","E","T","M","$","E","M","?","R","B",null,"M","?","M"],"character_chosen":"DEFECT","items_purchased":[],"campfire_rested":0,"item_purchase_floors":[],"current_hp_per_floor":[64,64,64,43,60,60,60,60,60,56,56,45,45,45,45,20,53,11,11,7,7],"gold":192,"neow_bonus":"THREE_ENEMY_KILL","is_daily":false,"chose_seed":false,"campfire_upgraded":2,"win_rate":0.0,"timestamp":1611475101,"path_taken":["M","?","$","?","?","E","R","E","T","M","?","E","?","?","R","BOSS","M","?","?"],"items_purchased_type":[],"build_version":"2020-12-22","purchased_purges":2,"victory":false,"max_hp_per_floor":[71,71,71,71,71,71,71,71,71,71,71,71,71,64,64,64,64,64,64,64,64],"card_choices":[{"not_picked":["Storm","Sweeping Beam"],"picked":"Streamline","floor":1},{"not_picked":["Ball Lightning","Barrage"],"picked":"Consume","floor":6},{"not_picked":["Compile Driver","Barrage"],"picked":"Ball Lightning","floor":8},{"not_picked":["Hologram","Redo"],"picked":"Rebound","floor":10},{"not_picked":["Rebound","Streamline"],"picked":"Sunder","floor":12},{"not_picked":["Loop","Force Field"],"picked":"Lockon","floor":13},{"not_picked":["Electrodynamics","Amplify"],"picked":"Seek","floor":16},{"not_picked":["Reinforced Body","Melter"],"picked":"Conserve Battery","floor":18}],"player_experience":8444508,"relics_obtained":[{"floor":6,"key":"Dream Catcher"},{"floor":8,"key":"Smiling Mask"},{"floor":9,"key":"Blue Candle"},{"floor":12,"key":"Omamori"}],"event_choices":[{"damage_healed":0,"gold_gain":0,"cards_transformed":["Strike_B"],"player_choice":"Change","damage_taken":0,"max_hp_gain":0,"max_hp_loss":0,"event_name":"Living Wall","floor":2,"gold_loss":0,"cards_obtained":["Machine Learning"]},{"damage_healed":0,"gold_gain":0,"player_choice":"Entered Light","damage_taken":21,"max_hp_gain":0,"max_hp_loss":0,"event_name":"Shining Light","floor":4,"gold_loss":0,"cards_upgraded":["Zap","Streamline"]},{"damage_healed":17,"gold_gain":0,"player_choice":"Healed","damage_taken":0,"max_hp_gain":0,"max_hp_loss":0,"event_name":"The Cleric","floor":5,"gold_loss":35},{"damage_healed":0,"gold_gain":0,"player_choice":"Lose Max HP","damage_taken":0,"relics_obtained":["Golden Idol"],"max_hp_gain":0,"max_hp_loss":7,"event_name":"Golden Idol","floor":14,"gold_loss":0},{"damage_healed":0,"gold_gain":0,"player_choice":"Forge","damage_taken":0,"max_hp_gain":0,"max_hp_loss":0,"event_name":"Accursed Blacksmith","floor":19,"gold_loss":0,"cards_upgraded":["Sunder"]}],"is_beta":false,"boss_relics":[{"not_picked":["Busted Crown","Cursed Key"],"picked":"Inserter"}],"items_purged_floors":[3,11],"is_endless":false,"potions_floor_spawned":[1,10,16],"killed_by":"Spheric Guardian","ascension_level":18}}