{"host":"d7fiu2yjkssjxoz6","time":1611473636,"event":{"mods":["AchievementEnabler","BaseMod","Duelist Mod","Minty Spire (QoL Compilation)","StSLib"],"gold_per_floor":[138,158,158,171,181,209,226,461,461,461,495,495,18,29,29,133,133,146,163,188,199,216,244,244,274,274,303,303,303,303,323,323,425,425,442,496,496,515,515,515],"floor_reached":39,"language":"ENG","playtime":2512,"items_purged":[],"score":714,"play_id":"8d818736-000b-4ca7-aa92-8a953b27ff74","local_time":"20210123233356","is_ascension_mode":true,"campfire_choices":[{"floor":10,"key":"REST"},{"floor":12,"key":"REST"},{"floor":15,"key":"REST"},{"floor":24,"key":"REST"},{"floor":30,"key":"REST"},{"floor":32,"key":"REST"}],"circlet_count":0,"master_deck":["theDuelist:SuperheavySoulhorns","theDuelist:SuperheavySoulpiercer","theDuelist:MeteorDestruction","theDuelist:FeedbackWarrior","theDuelist:Sparks","theDuelist:AlphaMagnet","theDuelist:FeedbackWarrior","theDuelist:SuperheavySoulbuster","theDuelist:ColossalFighter","theDuelist:FightingSpirit","theDuelist:BrushfireKnight","theDuelist:Flint","theDuelist:Sparks","theDuelist:GauntletWarrior","theDuelist:CastleWalls","theDuelist:CommandKnight","theDuelist:MightyWarrior","theDuelist:CastleWalls","theDuelist:SuperheavySoulbuster","theDuelist:Sogen","theDuelist:SuperheavyOgre","theDuelist:NinjaGrandmaster","theDuelist:SuperheavySoulbuster","theDuelist:HeartUnderdog","theDuelist:SuperheavySoulhorns","theDuelist:ClearKuriboh+1","theDuelist:CrossAttack","theDuelist:DarkBurningAttack","theDuelist:WingedKuriboh+1","theDuelist:FeedbackWarrior","theDuelist:CubicKarma","theDuelist:ReadyForIntercepting","theDuelist:GravityLash+1","theDuelist:BladeArmorNinja","theDuelist:LightningBlade+1","theDuelist:DarkBurningAttack+1"],"relics":["theDuelist:MillenniumPuzzle","theDuelist:CardPoolRelic","theDuelist:CardPoolBasicRelic","theDuelist:BoosterPackPoolRelic","theDuelist:CardPoolAddRelic","theDuelist:CardPoolMinusRelic","theDuelist:CardPoolSaveRelic","theDuelist:CardPoolOptionsRelic","theDuelist:MetronomeRelicB","theDuelist:MillenniumPeriapt","theDuelist:MillenniumCoin","theDuelist:TributeEggRelic","Fusion Hammer","Red Mask","Tiny Chest","Omamori","Mango","Bag of Preparation","Philosopher\u0027s Stone","theDuelist:DuelistOrichalcum"],"acts_visited":["Exordium","TheCity","TheBeyond"],"potions_floor_usage":[11,16,20,20,21,23,31,33,33,33],"damage_taken":[{"damage":0,"enemies":"2 Louse","floor":1,"turns":2},{"damage":0,"enemies":"Cultist","floor":2,"turns":2},{"damage":0,"enemies":"Jaw Worm","floor":4,"turns":3},{"damage":0,"enemies":"Large Slime","floor":5,"turns":6},{"damage":26,"enemies":"3 Sentries","floor":6,"turns":7},{"damage":16,"enemies":"Lots of Slimes","floor":7,"turns":5},{"damage":20,"enemies":"Lagavulin","floor":8,"turns":3},{"damage":32,"enemies":"3 Sentries","floor":11,"turns":7},{"damage":3,"enemies":"2 Fungi Beasts","floor":14,"turns":4},{"damage":43,"enemies":"The Guardian","floor":16,"turns":8},{"damage":15,"enemies":"2 Thieves","floor":18,"turns":3},{"damage":9,"enemies":"Shell Parasite","floor":19,"turns":3},{"damage":3,"enemies":"Masked Bandits","floor":20,"turns":3},{"damage":0,"enemies":"Shelled Parasite and Fungi","floor":21,"turns":4},{"damage":0,"enemies":"Centurion and Healer","floor":22,"turns":5},{"damage":14,"enemies":"Book of Stabbing","floor":23,"turns":5},{"damage":17,"enemies":"Gremlin Leader","floor":25,"turns":6},{"damage":46,"enemies":"Slavers","floor":27,"turns":6},{"damage":12,"enemies":"Snecko","floor":31,"turns":3},{"damage":0,"enemies":"Collector","floor":33,"turns":10},{"damage":34,"enemies":"3 Shapes","floor":35,"turns":5},{"damage":32,"enemies":"3 Darklings","floor":38,"turns":7},{"damage":35,"enemies":"Writhing Mass","floor":39,"turns":3}],"seed_played":"5609259819349455963","potions_obtained":[{"floor":2,"key":"theDuelist:BigOrbBottle"},{"floor":5,"key":"Block Potion"},{"floor":16,"key":"FearPotion"},{"floor":19,"key":"Energy Potion"},{"floor":20,"key":"theDuelist:StunPotion"},{"floor":22,"key":"PowerPotion"},{"floor":29,"key":"theDuelist:VampireVial"},{"floor":29,"key":"FearPotion"},{"floor":29,"key":"theDuelist:DebuffArmorPotion"},{"floor":31,"key":"PowerPotion"}],"is_trial":false,"path_per_floor":["M","M","?","M","M","E","M","E","T","R","E","R","$","M","R","B",null,"M","M","?","M","M","E","R","E","T","E","?","?","R","M","R","B",null,"M","T","?","M","M"],"character_chosen":"THE_DUELIST","items_purchased":["theDuelist:Sogen","theDuelist:TributeEggRelic","theDuelist:NinjaGrandmaster","theDuelist:SuperheavySoulhorns","theDuelist:GauntletWarrior"],"campfire_rested":6,"item_purchase_floors":[13,13,13,13,13],"current_hp_per_floor":[80,80,74,74,74,48,32,12,12,38,6,32,32,29,55,12,69,54,45,42,42,42,28,54,37,51,5,39,39,69,57,87,87,98,64,64,64,32,0,0],"gold":515,"neow_bonus":"TEN_PERCENT_HP_BONUS","is_daily":false,"chose_seed":false,"campfire_upgraded":0,"win_rate":0.0,"timestamp":1611473636,"path_taken":["M","M","?","?","M","E","M","E","T","R","E","R","$","M","R","BOSS","M","M","?","M","M","E","R","E","T","E","?","?","R","?","R","BOSS","M","?","?","M","?"],"items_purchased_type":["Card","Relic","Card","Card","Card"],"build_version":"2020-12-22","purchased_purges":0,"victory":false,"max_hp_per_floor":[88,88,88,88,88,88,88,88,88,88,88,88,88,88,88,88,88,88,88,88,88,88,88,88,88,102,102,102,102,102,102,102,102,102,102,102,102,102,102,102],"card_choices":[{"not_picked":["theDuelist:BladeKnight","theDuelist:ScrapFactory","theDuelist:BullBlader","theDuelist:AgainstTheWind"],"picked":"theDuelist:SuperheavyOgre","floor":1},{"not_picked":["theDuelist:BladeKnight","theDuelist:GaiaFierce","theDuelist:CombinationAttack","theDuelist:MaxWarrior"],"picked":"theDuelist:AlphaMagnet","floor":2},{"not_picked":["theDuelist:Mudballman","theDuelist:ColossalFighter","theDuelist:JudgeMan","theDuelist:LegendarySword"],"picked":"theDuelist:SuperheavySoulbuster","floor":4},{"not_picked":["theDuelist:GaiaFierce","theDuelist:SuperheavyOgre","theDuelist:WhiteNinja","theDuelist:DarkCrusader"],"picked":"theDuelist:SuperheavySoulpiercer","floor":5},{"not_picked":["theDuelist:CombinationAttack","theDuelist:OnslaughtFireKings","theDuelist:DarkBurningAttack","theDuelist:EgoBoost"],"picked":"theDuelist:MeteorDestruction","floor":6},{"not_picked":["theDuelist:Sogen","theDuelist:ReinforceTruth","theDuelist:CommanderSwords"],"picked":"theDuelist:Flint","floor":7},{"not_picked":["theDuelist:SpiritForce","theDuelist:LightLaser","theDuelist:CrystalTree","theDuelist:SteamTrainKing"],"picked":"theDuelist:FightingSpirit","floor":8},{"not_picked":["theDuelist:GoyoChaser","theDuelist:ColossalFighter","theDuelist:BullBlader","theDuelist:BladeKnight"],"picked":"theDuelist:BrushfireKnight","floor":11},{"not_picked":["theDuelist:FeedbackWarrior","theDuelist:BladeKnight","theDuelist:JudgeMan","theDuelist:Hayate"],"picked":"theDuelist:SuperheavySoulbuster","floor":14},{"not_picked":["theDuelist:LightLaser","theDuelist:HiddenArmory","theDuelist:GoyoEmperor","theDuelist:ElfLight"],"picked":"theDuelist:HeartUnderdog","floor":16},{"not_picked":["theDuelist:MeteorDestruction","theDuelist:SuperheavySwordsman+1","theDuelist:OnslaughtFireKings","theDuelist:ReadyForIntercepting"],"picked":"theDuelist:SuperheavySoulhorns","floor":18},{"not_picked":["theDuelist:GaiaMidNightSun","theDuelist:GraniteLoyalist+1","theDuelist:Hinotama","theDuelist:WormKing"],"picked":"theDuelist:ClearKuriboh+1","floor":19},{"not_picked":["theDuelist:ColossalFighter","theDuelist:LegendaryBlackBelt","theDuelist:JudgeMan","theDuelist:BladeKnight"],"picked":"theDuelist:CrossAttack","floor":20},{"not_picked":["theDuelist:JudgeMan+1","theDuelist:HardArmor","theDuelist:SuperheavyOgre","theDuelist:EgoBoost"],"picked":"theDuelist:DarkBurningAttack","floor":21},{"not_picked":["theDuelist:BigFire","theDuelist:GaiaMidNightSun","theDuelist:LightningDarts","theDuelist:WormWarlord"],"picked":"theDuelist:WingedKuriboh+1","floor":22},{"not_picked":["theDuelist:Hayate","theDuelist:ScrapFactory","theDuelist:BattleWarrior","theDuelist:Flint"],"picked":"theDuelist:FeedbackWarrior","floor":23},{"not_picked":["theDuelist:Flint","theDuelist:CommanderSwords","theDuelist:SuperheavySoulshield+1"],"picked":"theDuelist:CubicKarma","floor":25},{"not_picked":["theDuelist:WhiteNinja","theDuelist:LegendHeart+1","theDuelist:AfterTheStorm","theDuelist:GuardianOrder"],"picked":"theDuelist:ReadyForIntercepting","floor":27},{"not_picked":["theDuelist:FortressWarrior","theDuelist:FlameSwordsman"],"picked":"theDuelist:GravityLash+1","floor":31},{"not_picked":["theDuelist:CrystalTree","theDuelist:SwordDragonSoul+1","theDuelist:LightningBlade+1","theDuelist:ComboMaster"],"picked":"theDuelist:BladeArmorNinja","floor":33},{"not_picked":["theDuelist:SwordDragonSoul","theDuelist:ComboMaster+1","theDuelist:SwordsConcealing+1","theDuelist:SuperheavyGeneral+1"],"picked":"theDuelist:LightningBlade+1","floor":35},{"not_picked":["theDuelist:MeteorDestruction","theDuelist:CombinationAttack","theDuelist:OnslaughtFireKings+1","theDuelist:AfterGenocide"],"picked":"theDuelist:DarkBurningAttack+1","floor":38}],"player_experience":253957,"relics_obtained":[{"floor":6,"key":"theDuelist:MillenniumPeriapt"},{"floor":8,"key":"theDuelist:MillenniumCoin"},{"floor":11,"key":"Happy Flower"},{"floor":20,"key":"Red Mask"},{"floor":23,"key":"Tiny Chest"},{"floor":25,"key":"Omamori"},{"floor":26,"key":"Mango"},{"floor":27,"key":"Bag of Preparation"},{"floor":36,"key":"theDuelist:DuelistOrichalcum"}],"event_choices":[{"damage_healed":0,"gold_gain":0,"player_choice":"Dig - random Duelist relic","duelist":true,"damage_taken":0,"max_hp_gain":0,"max_hp_loss":0,"event_name":"Aknamkanon\u0027s Tomb","floor":3,"gold_loss":0},{"damage_healed":0,"gold_gain":0,"player_choice":"Fought Bandits","damage_taken":0,"max_hp_gain":0,"max_hp_loss":0,"event_name":"Masked Bandits","floor":20,"gold_loss":0},{"damage_healed":34,"gold_gain":0,"player_choice":"Heal","damage_taken":0,"max_hp_gain":0,"max_hp_loss":0,"event_name":"The Library","floor":28,"gold_loss":0},{"damage_healed":0,"gold_gain":0,"player_choice":"Got Potions","damage_taken":0,"max_hp_gain":0,"max_hp_loss":0,"event_name":"Lab","floor":29,"gold_loss":0},{"damage_healed":0,"gold_gain":0,"player_choice":"Scored: 1310","duelist":true,"damage_taken":0,"max_hp_gain":0,"max_hp_loss":0,"event_name":"Visit from Anubis","floor":37,"gold_loss":0}],"is_beta":false,"boss_relics":[{"not_picked":["Astrolabe","Cursed Key"],"picked":"Fusion Hammer"},{"not_picked":["theDuelist:HauntedRelic","Runic Cube"],"picked":"Philosopher\u0027s Stone"}],"items_purged_floors":[],"is_endless":false,"potions_floor_spawned":[2,5,16,19,20,22,31],"killed_by":"Writhing Mass","ascension_level":6}}