{"host":"r7z4an43h95gvocz","time":1611466751,"event":{"mods":["AchievementEnabler","BaseMod","Colored Map","Colored Powertips","Downfall","Minty Spire (QoL Compilation)","StSLib"],"gold_per_floor":[349,360,360,380,154,166,166,23,53,83,99,109,109,109,121,121,121,121],"floor_reached":16,"language":"ENG","playtime":988,"items_purged":["Guardian:Strike_Guardian","Guardian:Strike_Guardian"],"score":102,"play_id":"988bc39e-5120-4189-ae37-f8ccc5ffe068","local_time":"20210123213911","is_ascension_mode":false,"campfire_choices":[{"data":"Guardian:TwinSlam","floor":1,"key":"SMITH"},{"floor":13,"key":"REST"}],"circlet_count":0,"master_deck":["Guardian:Strike_Guardian","Guardian:Strike_Guardian","Guardian:Defend_Guardian","Guardian:Defend_Guardian","Guardian:Defend_Guardian","Guardian:Defend_Guardian","Guardian:CurlUp","Guardian:TwinSlam+1","Guardian:Incinerate","Guardian:Planning","Guardian:PrimingBeam","Guardian:Incinerate","Guardian:ShieldCharger+1","Guardian:BronzeOrb","Regret","Guardian:PiercingHide+1"],"relics":["Guardian:ModeShifter","Membership Card","Toxic Egg 2","Anchor","Nunchaku","Toy Ornithopter"],"acts_visited":["Exordium"],"potions_floor_usage":[16,16],"damage_taken":[{"damage":5,"enemies":"Small Slimes","floor":2,"turns":3},{"damage":6,"enemies":"Cultist","floor":4,"turns":3},{"damage":10,"enemies":"downfall:FleeingMerchant","floor":5,"turns":4},{"damage":2,"enemies":"2 Louse","floor":6,"turns":3},{"damage":5,"enemies":"downfall:FleeingMerchant","floor":8,"turns":4},{"damage":27,"enemies":"Lagavulin","floor":9,"turns":8},{"damage":0,"enemies":"Exordium Wildlife","floor":11,"turns":5},{"damage":3,"enemies":"2 Fungi Beasts","floor":12,"turns":3},{"damage":0,"enemies":"3 Louse","floor":15,"turns":3},{"damage":57,"enemies":"SI_SHIV_ARCHETYPE","floor":16,"turns":11}],"seed_played":"-7109909780709510103","potions_obtained":[{"floor":4,"key":"ColorlessPotion"},{"floor":6,"key":"SpeedPotion"},{"floor":11,"key":"PowerPotion"}],"is_trial":false,"path_per_floor":["R","M","?","M","$","M","T","$","E","?","M","M","R","?","M","B"],"character_chosen":"GUARDIAN","items_purchased":["Membership Card","Guardian:PrimingBeam","Anchor"],"campfire_rested":1,"item_purchase_floors":[5,5,8],"current_hp_per_floor":[80,75,75,69,59,57,57,52,25,25,25,22,46,46,46,0,0,0],"gold":121,"neow_bonus":"TWO_FIFTY_GOLD","is_daily":false,"chose_seed":false,"campfire_upgraded":1,"win_rate":0.0,"timestamp":1611466751,"path_taken":["R","M","?","M","?","M","T","$","E","?","M","M","R","?","M","BOSS"],"items_purchased_type":["Relic","Card","Relic"],"build_version":"2020-12-22","purchased_purges":2,"victory":false,"max_hp_per_floor":[80,80,80,80,80,80,80,80,80,80,80,80,80,80,80,80,80,80],"card_choices":[{"not_picked":["Guardian:PrismaticBeam","Guardian:Repulse"],"picked":"Guardian:Incinerate","floor":2},{"not_picked":["Guardian:Gem_Lightblue","Guardian:BodySlam"],"picked":"Guardian:Gem_Cyan","floor":4},{"not_picked":["Guardian:ChargeCore","Guardian:RollAttack"],"picked":"Guardian:Planning","floor":5},{"not_picked":["Guardian:ExploitGems","Guardian:PrimingBeam"],"picked":"Guardian:Gem_Red","floor":6},{"not_picked":["Guardian:BaubleBeam","Guardian:Gem_Red"],"picked":"Guardian:Incinerate","floor":8},{"not_picked":["Guardian:BodySlam","Guardian:TimeBomb+1"],"picked":"Guardian:ShieldCharger+1","floor":9},{"not_picked":["Guardian:BodySlam","Guardian:Reroute"],"picked":"Guardian:Gem_Green","floor":11},{"not_picked":["Guardian:Incinerate","Guardian:Gem_Red"],"picked":"Guardian:BronzeOrb","floor":12},{"not_picked":["Guardian:ShieldCharger+1","Guardian:DonusPower+1"],"picked":"Guardian:PiercingHide+1","floor":15}],"player_experience":429327,"relics_obtained":[{"floor":7,"key":"Toxic Egg 2"},{"floor":9,"key":"Nunchaku"}],"event_choices":[{"damage_healed":0,"gold_gain":0,"player_choice":"Box","damage_taken":0,"relics_obtained":["Toy Ornithopter"],"max_hp_gain":0,"max_hp_loss":0,"event_name":"Big Fish","floor":14,"gold_loss":0,"cards_obtained":["Regret"]}],"is_beta":false,"boss_relics":[],"items_purged_floors":[5,8],"is_endless":false,"potions_floor_spawned":[4,6,11,12],"killed_by":"SI_SHIV_ARCHETYPE","ascension_level":0}}