{"host":"hw9lt6p3yhr90vz0","time":1611526339,"event":{"mods":["BaseMod","DeckTracker","Minty Spire (QoL Compilation)","Relic Stats"],"gold_per_floor":[115,132,148,166,185,185,196,215,215,250,266,280,306,317,317,416,416,428,39,39,39,53,81,81,91,114,114,114,146,146,210,210,314,314,334,349,364,48,60,60,95,95,95,111,146,146,18,32,32,32,32,32,13,45,45,45],"floor_reached":55,"language":"ENG","playtime":5959,"items_purged":["Pain"],"score":970,"play_id":"ec75eb7d-549f-4e42-acb8-89700d1ebdc6","local_time":"20210124171219","is_ascension_mode":true,"campfire_choices":[{"floor":6,"key":"RECALL"},{"data":"Armaments","floor":15,"key":"SMITH"},{"floor":24,"key":"REST"},{"floor":27,"key":"REST"},{"data":"True Grit","floor":30,"key":"SMITH"},{"data":"Barricade","floor":32,"key":"SMITH"},{"floor":40,"key":"REST"},{"floor":42,"key":"REST"},{"floor":46,"key":"REST"},{"floor":49,"key":"REST"},{"data":"Impervious","floor":52,"key":"SMITH"}],"circlet_count":0,"master_deck":["Strike_R+1","Strike_R+1","Strike_R+1","Strike_R+1","Strike_R+1","Defend_R+1","Defend_R+1","Defend_R+1","Defend_R+1","Bash","Anger","Anger","Twin Strike","Thunderclap","Dual Wield","Armaments+1","Impervious+1","Headbutt","Anger","Combust","True Grit+1","Barricade+1","Flex+1","Flex","Writhe","Rupture","Blood for Blood","Sentinel+1","Flex","Armaments+1","Juggernaut+1","Dual Wield+1","Perfected Strike+1","Entrench+1","Mayhem+1","Demon Form+1","Blood for Blood+1","Entrench+1","Flex+1","Metallicize+1","Inflame+1","Parasite","Shrug It Off","Warcry","Ghostly Armor+1"],"relics":["Burning Blood","Lizard Tail","Mercury Hourglass","Odd Mushroom","SacredBark","Mango","Matryoshka","WarpedTongs","Pear","Centennial Puzzle","Frozen Egg 2","Runic Cube","Bag of Preparation","Paper Frog","The Courier","Bird Faced Urn","Orichalcum"],"acts_visited":["Exordium","TheCity","TheBeyond","TheEnding"],"potions_floor_usage":[8,10,13,13,14,22,23,25,31,33,37,39,44,48,50,55],"damage_taken":[{"damage":1,"enemies":"Cultist","floor":1,"turns":3},{"damage":0,"enemies":"Small Slimes","floor":2,"turns":3},{"damage":2,"enemies":"Jaw Worm","floor":3,"turns":3},{"damage":9,"enemies":"Red Slaver","floor":4,"turns":3},{"damage":12,"enemies":"Looter","floor":5,"turns":3},{"damage":6,"enemies":"Exordium Wildlife","floor":7,"turns":3},{"damage":0,"enemies":"Exordium Thugs","floor":8,"turns":3},{"damage":26,"enemies":"3 Sentries","floor":10,"turns":6},{"damage":0,"enemies":"Large Slime","floor":11,"turns":4},{"damage":7,"enemies":"2 Fungi Beasts","floor":12,"turns":3},{"damage":9,"enemies":"The Mushroom Lair","floor":13,"turns":3},{"damage":6,"enemies":"Looter","floor":14,"turns":3},{"damage":19,"enemies":"Slime Boss","floor":16,"turns":8},{"damage":27,"enemies":"Spheric Guardian","floor":18,"turns":5},{"damage":15,"enemies":"Chosen","floor":22,"turns":5},{"damage":53,"enemies":"Book of Stabbing","floor":23,"turns":4},{"damage":14,"enemies":"Snecko","floor":25,"turns":6},{"damage":7,"enemies":"Gremlin Leader","floor":29,"turns":5},{"damage":17,"enemies":"3 Cultists","floor":31,"turns":4},{"damage":57,"enemies":"Automaton","floor":33,"turns":11},{"damage":11,"enemies":"3 Shapes","floor":35,"turns":3},{"damage":31,"enemies":"Orb Walker","floor":36,"turns":3},{"damage":0,"enemies":"Sphere and 2 Shapes","floor":37,"turns":1},{"damage":33,"enemies":"4 Shapes","floor":39,"turns":4},{"damage":66,"enemies":"Reptomancer","floor":41,"turns":9},{"damage":24,"enemies":"Maw","floor":44,"turns":9},{"damage":61,"enemies":"Nemesis","floor":45,"turns":9},{"damage":70,"enemies":"Writhing Mass","floor":48,"turns":11},{"damage":122,"enemies":"Donu and Deca","floor":50,"turns":8},{"damage":134,"enemies":"Shield and Spear","floor":54,"turns":6},{"damage":79,"enemies":"The Heart","floor":55,"turns":5}],"seed_played":"493149383518310856","potions_obtained":[{"floor":5,"key":"LiquidMemories"},{"floor":8,"key":"DistilledChaos"},{"floor":10,"key":"BlessingOfTheForge"},{"floor":12,"key":"Energy Potion"},{"floor":13,"key":"Weak Potion"},{"floor":22,"key":"LiquidBronze"},{"floor":23,"key":"SpeedPotion"},{"floor":29,"key":"ColorlessPotion"},{"floor":31,"key":"SneckoOil"},{"floor":35,"key":"FairyPotion"},{"floor":36,"key":"AttackPotion"},{"floor":39,"key":"Fruit Juice"},{"floor":41,"key":"LiquidMemories"},{"floor":48,"key":"Swift Potion"},{"floor":54,"key":"Strength Potion"}],"is_trial":false,"path_per_floor":["M","M","M","M","M","R","M","M","T","E","M","M","?","M","R","B",null,"M","$","?","?","M","E","R","M","T","R","?","E","R","M","R","B",null,"M","M","M","$","M","R","E","R","T","M","E","R","$","M","R","B",null,"R","$","E","B"],"character_chosen":"IRONCLAD","items_purchased":["Flex","EssenceOfSteel","Mango","Mayhem+1","Demon Form+1","Inflame+1","BloodPotion","Warcry"],"campfire_rested":6,"item_purchase_floors":[19,19,19,38,38,47,47,53],"current_hp_per_floor":[77,83,87,84,78,78,78,84,84,64,70,69,66,66,66,53,96,75,89,89,89,80,43,79,71,71,107,107,106,106,95,95,44,120,115,90,96,96,79,118,58,97,97,79,24,63,63,65,104,87,130,130,130,8,0,0],"gold":45,"neow_bonus":"TWENTY_PERCENT_HP_BONUS","is_daily":false,"chose_seed":false,"campfire_upgraded":4,"win_rate":0.0,"timestamp":1611526339,"path_taken":["M","M","M","M","M","R","M","M","T","E","?","M","?","M","R","BOSS","M","$","?","?","?","E","R","M","T","R","?","E","R","M","R","BOSS","M","M","M","$","M","R","E","R","T","M","E","R","$","M","R","BOSS","R","$","E","BOSS"],"items_purchased_type":["Card","Potion","Relic","Card","Card","Card","Potion","Card"],"build_version":"2020-12-22","purchased_purges":1,"victory":false,"max_hp_per_floor":[96,96,96,96,96,96,96,96,96,96,96,96,96,96,96,96,96,96,110,110,110,110,120,120,120,120,120,120,120,120,120,120,120,120,120,120,120,120,130,130,130,130,130,130,130,130,130,130,130,130,130,130,130,130,130,130],"relic_stats":{"Lizard Tail":65,"Centennial Puzzle":[39],"counters":[31,155],"Bird Faced Urn":[44],"Bag of Preparation":[12],"Orichalcum":[6],"obtain_stats":[{"Pear":23,"SacredBark":17,"Mango":19,"The Courier":43,"Bag of Preparation":41,"Odd Mushroom":13,"Frozen Egg 2":29,"Orichalcum":54,"Burning Blood":0,"Mercury Hourglass":10,"WarpedTongs":21,"Lizard Tail":9,"Centennial Puzzle":26,"Matryoshka":20,"Bird Faced Urn":45,"Runic Cube":34,"Paper Frog":43},{"Pear":16,"SacredBark":13,"Mango":14,"The Courier":25,"Bag of Preparation":25,"Odd Mushroom":11,"Frozen Egg 2":18,"Orichalcum":30,"Burning Blood":0,"Mercury Hourglass":8,"WarpedTongs":14,"Lizard Tail":7,"Centennial Puzzle":17,"Matryoshka":14,"Bird Faced Urn":27,"Runic Cube":20,"Paper Frog":25},{"Pear":62,"SacredBark":48,"Mango":53,"The Courier":108,"Bag of Preparation":108,"Odd Mushroom":37,"Frozen Egg 2":73,"Orichalcum":150,"Burning Blood":0,"Mercury Hourglass":27,"WarpedTongs":53,"Lizard Tail":21,"Centennial Puzzle":68,"Matryoshka":53,"Bird Faced Urn":125,"Runic Cube":88,"Paper Frog":108}],"Burning Blood":180,"Mercury Hourglass":[486],"WarpedTongs":[92],"Runic Cube":[111]},"card_choices":[{"not_picked":["Heavy Blade","Feel No Pain"],"picked":"Anger","floor":1},{"not_picked":["Sever Soul","Pummel"],"picked":"Anger","floor":2},{"not_picked":["Body Slam","Perfected Strike"],"picked":"Twin Strike","floor":3},{"not_picked":["Perfected Strike","Clothesline","Sword Boomerang"],"picked":"SKIP","floor":4},{"not_picked":["Combust","Perfected Strike"],"picked":"Thunderclap","floor":5},{"not_picked":["Perfected Strike","Sword Boomerang"],"picked":"Dual Wield","floor":7},{"not_picked":["Warcry","True Grit"],"picked":"Armaments","floor":8},{"not_picked":["Combust","Clash"],"picked":"Impervious","floor":10},{"not_picked":["Rupture","Carnage"],"picked":"Headbutt","floor":11},{"not_picked":["Searing Blow","Iron Wave"],"picked":"Anger","floor":12},{"not_picked":["Body Slam","Havoc"],"picked":"Combust","floor":13},{"not_picked":["Havoc","Uppercut"],"picked":"True Grit","floor":14},{"not_picked":["Juggernaut","Feed"],"picked":"Barricade","floor":16},{"not_picked":["Iron Wave","Shrug It Off"],"picked":"Flex+1","floor":18},{"not_picked":["Heavy Blade","Warcry"],"picked":"Rupture","floor":22},{"not_picked":["Cleave","Dark Embrace"],"picked":"Blood for Blood","floor":23},{"not_picked":["Headbutt","Clothesline"],"picked":"Sentinel+1","floor":25},{"not_picked":["Wild Strike","Sentinel"],"picked":"Flex","floor":29},{"not_picked":["Rage","Double Tap"],"picked":"Armaments+1","floor":31},{"not_picked":["Exhume","Double Tap"],"picked":"Juggernaut+1","floor":33},{"not_picked":["Feel No Pain+1","Clothesline+1"],"picked":"Dual Wield+1","floor":35},{"not_picked":["Shrug It Off","Armaments"],"picked":"Perfected Strike+1","floor":36},{"not_picked":["Wild Strike+1","True Grit"],"picked":"Entrench+1","floor":37},{"not_picked":["Perfected Strike+1","Reckless Charge+1"],"picked":"Blood for Blood+1","floor":39},{"not_picked":["Sever Soul","Evolve+1"],"picked":"Entrench+1","floor":41},{"not_picked":["Dark Embrace+1","Hemokinesis+1"],"picked":"Flex+1","floor":44},{"not_picked":["Intimidate","Whirlwind"],"picked":"Metallicize+1","floor":45},{"not_picked":["Heavy Blade","Warcry+1"],"picked":"Shrug It Off","floor":48},{"not_picked":["Armaments","Intimidate+1"],"picked":"Ghostly Armor+1","floor":54}],"player_experience":1261961,"relics_obtained":[{"floor":9,"key":"Lizard Tail"},{"floor":10,"key":"Mercury Hourglass"},{"floor":13,"key":"Odd Mushroom"},{"floor":23,"key":"Pear"},{"floor":26,"key":"Centennial Puzzle"},{"floor":29,"key":"Frozen Egg 2"},{"floor":41,"key":"Bag of Preparation"},{"floor":43,"key":"Paper Frog"},{"floor":43,"key":"The Courier"},{"floor":45,"key":"Bird Faced Urn"},{"floor":54,"key":"Orichalcum"}],"event_choices":[{"damage_healed":0,"gold_gain":0,"player_choice":"Fought Mushrooms","damage_taken":0,"max_hp_gain":0,"max_hp_loss":0,"event_name":"Mushrooms","floor":13,"gold_loss":0},{"damage_healed":0,"gold_gain":0,"player_choice":"Opened","damage_taken":0,"relics_obtained":["Matryoshka"],"max_hp_gain":0,"max_hp_loss":0,"event_name":"The Mausoleum","floor":20,"gold_loss":0,"cards_obtained":["Writhe"]},{"damage_healed":0,"gold_gain":0,"player_choice":"Rummage","damage_taken":0,"relics_obtained":["WarpedTongs"],"max_hp_gain":0,"max_hp_loss":0,"event_name":"Accursed Blacksmith","floor":21,"gold_loss":0,"cards_obtained":["Pain"]},{"damage_healed":0,"gold_gain":0,"player_choice":"Simplicity","damage_taken":0,"max_hp_gain":0,"max_hp_loss":0,"event_name":"Back to Basics","floor":28,"gold_loss":0,"cards_upgraded":["Strike_R","Strike_R","Strike_R","Strike_R","Strike_R","Defend_R","Defend_R","Defend_R","Defend_R"]}],"is_beta":false,"boss_relics":[{"not_picked":["Philosopher\u0027s Stone","Velvet Choker"],"picked":"SacredBark"},{"not_picked":["Runic Pyramid","Runic Dome"],"picked":"Runic Cube"}],"items_purged_floors":[47],"is_endless":false,"potions_floor_spawned":[5,8,10,12,13,22,23,29,31,35,36,39,41,48,54],"killed_by":"The Heart","ascension_level":4}}