{"host":"qgrlfjrqk9z96gfi","time":1611529181,"event":{"mods":["BaseMod","Block Reminder","Colored Map","Custom Start","DeckTracker","Minty Spire (QoL Compilation)"],"gold_per_floor":[119,394,407,422,422,448,448,478,560,560,588,42,42,55,55,133,133,147,159,209,226,226,226,226],"floor_reached":23,"language":"ENG","playtime":758,"items_purged":["Strike_G"],"score":518,"play_id":"e98e0b2b-488e-49d1-b2a6-866bd18652b4","local_time":"20210124125941","is_ascension_mode":true,"campfire_choices":[{"data":"Noxious Fumes","floor":7,"key":"SMITH"},{"floor":10,"key":"REST"},{"data":"Neutralize","floor":15,"key":"SMITH"}],"circlet_count":0,"master_deck":["AscendersBane","Strike_G","Strike_G","Defend_G","Defend_G","Defend_G","Defend_G","Survivor","Neutralize+1","Backstab","Noxious Fumes+1","Dagger Spray","Masterful Stab","Predator","Expertise+1","Backflip+1","Footwork","Blade Dance+1","Envenom","Deadly Poison+1","A Thousand Cuts+1","Acrobatics+1","Skewer"],"relics":["Ring of the Snake","NeowsBlessing","Bird Faced Urn","Happy Flower","Toxic Egg 2","Oddly Smooth Stone","Lee\u0027s Waffle","Vajra","Astrolabe"],"acts_visited":["Exordium","TheCity"],"potions_floor_usage":[6,6,8,11,21,23,23],"damage_taken":[{"damage":0.0,"enemies":"Jaw Worm","floor":1.0,"turns":1.0},{"damage":0.0,"enemies":"Cultist","floor":3.0,"turns":1.0},{"damage":0.0,"enemies":"2 Louse","floor":4.0,"turns":1.0},{"damage":29,"enemies":"Lagavulin","floor":6,"turns":6},{"damage":17,"enemies":"3 Sentries","floor":8,"turns":8},{"damage":22,"enemies":"Lagavulin","floor":11,"turns":5},{"damage":10,"enemies":"Exordium Thugs","floor":14,"turns":4},{"damage":0,"enemies":"The Guardian","floor":16,"turns":12},{"damage":11,"enemies":"Shell Parasite","floor":18,"turns":5},{"damage":16,"enemies":"2 Thieves","floor":19,"turns":4},{"damage":14,"enemies":"Snecko","floor":21,"turns":4},{"damage":38,"enemies":"Book of Stabbing","floor":23,"turns":6}],"seed_played":"4564447710224117350","potions_obtained":[{"floor":1.0,"key":"SteroidPotion"},{"floor":3.0,"key":"Fire Potion"},{"floor":6,"key":"BlessingOfTheForge"},{"floor":8,"key":"Poison Potion"},{"floor":19,"key":"CunningPotion"},{"floor":21,"key":"Dexterity Potion"}],"is_trial":false,"path_per_floor":["M","?","M","M","?","E","R","E","T","R","E","$","?","M","R","B",null,"M","M","?","M","?","E"],"character_chosen":"THE_SILENT","items_purchased":["Backflip+1","Footwork","Lee\u0027s Waffle","Vajra"],"campfire_rested":1,"item_purchase_floors":[12,12,12,12],"current_hp_per_floor":[59,59,59,59,59,30,30,15,15,34,14,73,73,63,63,67,72,64,52,52,42,30,0,0],"gold":226,"neow_bonus":"THREE_ENEMY_KILL","is_daily":false,"chose_seed":false,"campfire_upgraded":2,"win_rate":0.0,"timestamp":1611529181,"path_taken":["M","?","?","M","?","E","R","E","T","R","E","$","?","M","R","BOSS","M","M","?","M","?","E"],"items_purchased_type":["Card","Card","Relic","Relic"],"build_version":"2020-12-22","purchased_purges":1,"victory":false,"max_hp_per_floor":[66,66,66,66,66,66,66,66,66,66,66,73,73,73,73,73,73,73,73,73,73,73,73,73],"card_choices":[{"not_picked":["Tactician","Concentrate"],"picked":"Backstab","floor":1.0},{"not_picked":["Expertise","Distraction"],"picked":"Noxious Fumes","floor":3.0},{"not_picked":["Backflip","Prepared"],"picked":"Dagger Spray","floor":4.0},{"not_picked":["Setup","Night Terror"],"picked":"Masterful Stab","floor":6},{"not_picked":["Sucker Punch","Infinite Blades"],"picked":"Predator","floor":8},{"not_picked":["Dagger Throw","Flying Knee"],"picked":"Expertise+1","floor":11},{"not_picked":["Outmaneuver+1","Sucker Punch"],"picked":"Blade Dance+1","floor":14},{"not_picked":["After Image","Tools of the Trade"],"picked":"Envenom","floor":16},{"not_picked":["Bane","Heel Hook"],"picked":"Skewer","floor":18},{"not_picked":["Dagger Throw+1","Bane","Slice"],"picked":"SKIP","floor":19},{"not_picked":["Slice","Dagger Throw","Riddle With Holes"],"picked":"SKIP","floor":21}],"player_experience":1054761,"relics_obtained":[{"floor":6,"key":"Bird Faced Urn"},{"floor":8,"key":"Happy Flower"},{"floor":9,"key":"Toxic Egg 2"},{"floor":11,"key":"Oddly Smooth Stone"}],"event_choices":[{"damage_healed":0.0,"max_hp_gain":0.0,"max_hp_loss":0.0,"gold_gain":275.0,"event_name":"Golden Shrine","player_choice":"Desecrate","floor":2.0,"gold_loss":0.0,"damage_taken":0.0,"cards_obtained":["Regret"]},{"cards_removed":["Regret"],"damage_healed":0,"gold_gain":0,"player_choice":"Forget","damage_taken":0,"max_hp_gain":0,"max_hp_loss":0,"event_name":"Living Wall","floor":5,"gold_loss":0},{"damage_healed":0,"gold_gain":0,"player_choice":"Ignored","damage_taken":0,"max_hp_gain":0,"max_hp_loss":0,"event_name":"Liars Game","floor":13,"gold_loss":0},{"damage_healed":0,"gold_gain":50,"player_choice":"Stole From Cult","damage_taken":0,"max_hp_gain":0,"max_hp_loss":0,"event_name":"Nest","floor":20,"gold_loss":0},{"damage_healed":0,"gold_gain":0,"player_choice":"POTION ","damage_taken":12,"max_hp_gain":0,"max_hp_loss":0,"event_name":"Knowing Skull","floor":22,"potions_obtained":["GamblersBrew"],"gold_loss":0,"cards_obtained":[]}],"is_beta":false,"boss_relics":[{"not_picked":["Fusion Hammer","SlaversCollar"],"picked":"Astrolabe"}],"items_purged_floors":[12],"is_endless":false,"potions_floor_spawned":[1,3,6,8,19,21],"killed_by":"Book of Stabbing","ascension_level":20}}