{"host":"w5vfr18i2ft1pzo2","time":1611473844,"event":{"mods":["AchievementEnabler","Act Like it!","Aspiration","BaseMod","Better Debug","Better Third Choice","BetterRewards","Colored Map","Colored Powertips","Conspire","Curses Come First","DNKmod","Defuse TimeMaze Blight","Dota2Spire","Elementarium","Energized Spire","Evolution","Force Act Four","Fox Events","Friendly Minions","Gensokyo","GifTheSpireLib","Gold Saver","Halation","Hallownest","Hubris","Hyrulean Relics","Infinite Spire","Jedi Mod","Marisa????????","Minty Spire (QoL Compilation)","MostiFishMod","Poor People Problems","Prisma Mod","Reimu??????","Relic Filter Mod","Reliquary","Remilia??????","Replay The Spire","RumiaBox-????????","SacredBarkPlus","Shop Mod","Small Relic Pack","Spicy Shops","Spikes Relics","Spire Arcade","StS++","StSLib","Stuff the Spire","SuperFastMode","Synergy Search","The Animator","The Blue Laboratory","The Servant 0.9.4","Trackpad","Treasure Hunter","Uncapped","Wandering Minibosses","Yakumo Yukari mod","noobMod","vexMod","??????REMEMod"],"gold_per_floor":[787,800,653,667,343,343,326,641,641,641,876,891,891,910,910,1006,1006,1019,1019,1030,1050,1090,1115,1115,1158,1181,1191,1191,1191,1191,1201,1201,1331,1331,1346,1321,1321,1321,1337,1392,1411,1411,1420,1473,1530,1550,1550,1568,1568,1598,1598,1598,1775,1824,1854],"floor_reached":56,"language":"ENG","playtime":2799,"items_purged":["Defend_Lin:ReiMu","Defend_Lin:ReiMu","Writhe"],"score":1658,"play_id":"e27a802b-29ab-4690-a041-1a9256bba5f4","local_time":"20210124153724","is_ascension_mode":false,"campfire_choices":[{"floor":6,"key":"RECALL"},{"data":"FoulBorder2:ReiMu","floor":10,"key":"SMITH"},{"data":"Revelation:ReiMu","floor":13,"key":"SMITH"},{"data":"AirManeuver:ReiMu","floor":15,"key":"SMITH"},{"data":"Revelation:ReiMu","floor":24,"key":"SMITH"},{"data":"FantasyBorder:ReiMu","floor":30,"key":"SMITH"},{"data":"Strike_Lin:ReiMu","floor":32,"key":"PURGE"},{"data":"CleanRite:ReiMu","floor":42,"key":"SMITH"},{"data":"TH:DeckOfManyThings","floor":47,"key":"SMITH"},{"data":"Strike_Lin:ReiMu","floor":49,"key":"PURGE"},{"floor":52,"key":"REST"}],"circlet_count":0,"master_deck":["Strike_Lin:ReiMu+1","Strike_Lin:ReiMu","Defend_Lin:ReiMu+1","Defend_Lin:ReiMu","NB:ReiMu","Stagnation:ReiMu","UpKicking:ReiMu","OrbThrow:ReiMu","MikOfLucky:ReiMu","SpreadBorder2:ReiMu","FoulBorder2:ReiMu+1","WonderfulDomain:ReiMu","TH:TreasureMap","TH:DeckOfManyThings+1","Revelation:ReiMu+1","YinYangSign:ReiMu","AirManeuver:ReiMu+1","Sign:ReiMu","TH:DeckOfManyThings","CardOfSanctity:ReiMu","Crusade:ReiMu+1","ReplayTheSpireMod:??????????????????????","UniversalSpiritual:ReiMu","LearningPray:ReiMu","Revelation:ReiMu+1","Intuition:ReiMu","FantasyBorder:ReiMu+1","SafetyPray:ReiMu","SealNeedle:ReiMu","CleanRite:ReiMu+1","Dreaming:ReiMu","TH:DeckOfManyThings","RainPray2:ReiMu+1","PassingAway:ReiMu+1","TH:DeckOfManyThings","FantasyMoon:ReiMu","TakeOff:ReiMu+1","KyokaiOfKami:ReiMu","ManaGlint:ReiMu","StuffTheSpire:Vigor","REME_FirmDetermination","TH:ArmorSpikes","Conquer:ReiMu"],"relics":["FlyPower:ReiMu","EVO:Axolotl","DaveBox","ice","REME_ComplimentaryCards","EGODaCapo","StSpp:JackpotMachine","DiscerningMonocle","hubris:SlimyHat","HaiYi:Twilight","SynthV:TestCard","NeowsBlessing","Dota2Spire:HandOfMidas","Dota2Spire:PowerTreads","Gensokyo:SongOfSouls","BirthdayGift-Tetrahedron","reliquary:TuningFork","reliquary:Bookmark","Replay:Baseball","CosmicIsotope","halation:PinkSoulGem","Bag of Marbles","reliquary:RosewoodLute","Dota2Spire:Satanic","StuffTheSpire:Saxophone","reliquary:SharkskinSheath","CeramicFish","infinitespire:FocusingShard","trackpad:SappingStone","ReplayTheSpireMod:Lightbulb","Dota2Spire:PhaseBoots","Mercury Hourglass","ReplayTheSpireMod:CursedCoin","Simple Rune","hubris:PeanutButter","ScarletDevilRocket","ReplayFunnel"],"acts_visited":["Gensokyo:Gensokyo","Gensokyo:Gensokyoer","Gensokyo:Gensokyoest","TheEnding"],"potions_floor_usage":[7,22,22],"damage_taken":[{"damage":0,"enemies":"Gensokyo:Gryphon","floor":1,"turns":1},{"damage":0,"enemies":"Gensokyo:2_Kodama","floor":2,"turns":1},{"damage":0,"enemies":"Gensokyo:3_Fairies","floor":4,"turns":1},{"damage":2,"enemies":"Gensokyo:VengefulSpirit","floor":7,"turns":6},{"damage":15,"enemies":"Gensokyo:Python_and_Kodama","floor":8,"turns":9},{"damage":0,"enemies":"Gensokyo:Aya","floor":11,"turns":10},{"damage":6,"enemies":"Gensokyo:Gryphon_and_Rabbit","floor":12,"turns":12},{"damage":6,"enemies":"Gensokyo:2_Rabbits","floor":14,"turns":5},{"damage":11,"enemies":"Gensokyo:Kokoro","floor":16,"turns":14},{"damage":5,"enemies":"Gensokyo:AngelMirror","floor":18,"turns":1},{"damage":1,"enemies":"Gensokyo:CosmicMonolith","floor":20,"turns":3},{"damage":1,"enemies":"Gensokyo:Swordslinger","floor":21,"turns":3},{"damage":4,"enemies":"Gensokyo:Wraith","floor":22,"turns":5},{"damage":0,"enemies":"Gensokyo:Tenshi","floor":23,"turns":1},{"damage":0,"enemies":"Gensokyo:Monolith_and_Dog","floor":25,"turns":1},{"damage":0,"enemies":"Gensokyo:Chomper_and_Gloop","floor":27,"turns":1},{"damage":2,"enemies":"Gensokyo:Mirror_and_Dog","floor":31,"turns":2},{"damage":8,"enemies":"Gensokyo:Eternal_Rivals","floor":33,"turns":5},{"damage":2,"enemies":"Gensokyo:AncientGuardian","floor":35,"turns":2},{"damage":0,"enemies":"Gensokyo:3_Bats","floor":39,"turns":1},{"damage":5,"enemies":"Gensokyo:Kasen","floor":40,"turns":5},{"damage":0,"enemies":"Gensokyo:AtlasGolem","floor":41,"turns":2},{"damage":4,"enemies":"Gensokyo:Rafflesia","floor":44,"turns":3},{"damage":9,"enemies":"Nightmare","floor":45,"turns":7},{"damage":2,"enemies":"Gensokyo:Dusk_and_Dawn","floor":46,"turns":2},{"damage":13,"enemies":"Gensokyo:Yuyuko","floor":50,"turns":4},{"damage":0,"enemies":"Shield and Spear","floor":54,"turns":2},{"damage":0,"enemies":"The Heart","floor":55,"turns":6}],"seed_played":"-3974787135946958882","potions_obtained":[{"floor":4,"key":"blueLaboratory:BottledHope"},{"floor":8,"key":"BottledKami:ReiMu"},{"floor":11,"key":"blueLaboratory:HorrorPotion"},{"floor":12,"key":"blueLaboratory:FrostheartPotion"},{"floor":23,"key":"Dota2Spire:Clarity"},{"floor":27,"key":"blueLaboratory:HummingbirdPotion"},{"floor":33,"key":"Swift Potion"},{"floor":35,"key":"jedi:holywater"},{"floor":39,"key":"blueLaboratory:HorrorPotion"}],"is_trial":false,"path_per_floor":["M","M","$","M","COS","R","M","M","T","R","E","M","R","M","R","B",null,"M","?","M","M","M","E","R","M","T","M","?","$","R","M","R_BF","B",null,"M","?","?","$","M","E","M","R","T","M","NM","M","R","$","R_BF","B",null,"R","$","E","B",null],"character_chosen":"REIMU","items_purchased":["MikOfLucky:ReiMu","BirthdayGift-Tetrahedron","reliquary:TuningFork","reliquary:Bookmark","Replay:Baseball","Bag of Marbles","reliquary:RosewoodLute","Dota2Spire:Satanic","StuffTheSpire:Saxophone","trackpad:SappingStone","ReplayTheSpireMod:Lightbulb","Dota2Spire:PhaseBoots","Mercury Hourglass","KyokaiOfKami:ReiMu","ManaGlint:ReiMu","ReplayTheSpireMod:CursedCoin","Simple Rune","hubris:PeanutButter","ScarletDevilRocket","REME_FirmDetermination"],"campfire_rested":1,"item_purchase_floors":[3,29,29,29,29,38,38,38,38,48,48,48,48,48,48,53,53,53,53,53],"current_hp_per_floor":[65,65,65,65,65,65,63,48,48,48,48,42,42,36,36,25,65,60,44,43,42,38,38,38,38,38,38,38,38,38,36,36,28,65,63,63,63,63,63,58,58,58,58,54,45,43,43,43,43,43,65,65,65,65,65],"gold":1854,"neow_bonus":"THREE_ENEMY_KILL","is_daily":false,"chose_seed":false,"campfire_upgraded":7,"win_rate":0.0,"timestamp":1611473844,"path_taken":["M","M","?","M","COS","R","M","M","T","R","E","M","R","M","R","BOSS","M","?","M","M","M","E","R","M","T","M","?","$","R","?","R_BF","BOSS","M","?","?","?","M","E","M","R","T","M","NM","M","R","$","R_BF","BOSS","R","$","E","BOSS"],"items_purchased_type":["Card","Relic","Relic","Relic","Relic","Relic","Relic","Relic","Relic","Relic","Relic","Relic","Relic","Card","Card","Relic","Relic","Relic","Relic","Card"],"build_version":"2020-12-22","purchased_purges":3,"victory":true,"max_hp_per_floor":[65,65,65,65,65,65,65,65,65,65,65,65,65,65,65,65,65,65,65,65,65,65,65,65,65,65,65,65,65,65,65,65,65,65,65,65,65,65,65,65,65,65,65,65,65,65,65,65,65,65,65,65,65,65,65],"card_choices":[{"not_picked":["TightArray:ReiMu","CollectionFlower2:ReiMu"],"picked":"UpKicking:ReiMu","floor":1},{"not_picked":["Meditation:ReiMu","PhosphorusFlame:ReiMu","Mountainwind:ReiMu","AlertArray:ReiMu"],"picked":"OrbThrow:ReiMu","floor":2},{"not_picked":["CareerPray:ReiMu","EmergencyTakeOff:ReiMu","CollectionFlower2:ReiMu","TightArray:ReiMu"],"picked":"SpreadBorder2:ReiMu","floor":4},{"not_picked":["CollectionFlower2:ReiMu","ManaGlint:ReiMu"],"picked":"FoulBorder2:ReiMu","floor":7},{"not_picked":["TightArray:ReiMu","Enchanting:ReiMu"],"picked":"WonderfulDomain:ReiMu","floor":8},{"not_picked":["TH:Mimic"],"picked":"TH:TreasureMap","floor":9},{"not_picked":["TH:CopperCoins"],"picked":"TH:DeckOfManyThings","floor":11},{"not_picked":["PhosphorusFlame:ReiMu","SubAcupoint:ReiMu"],"picked":"Revelation:ReiMu","floor":11},{"not_picked":["OrbThrow:ReiMu","SpiritualOutbreak2:ReiMu"],"picked":"YinYangSign:ReiMu","floor":12},{"not_picked":["ManaGlint:ReiMu","CareerPray:ReiMu"],"picked":"AirManeuver:ReiMu","floor":14},{"not_picked":["TH:ElvenBoots"],"picked":"TH:DeckOfManyThings","floor":16},{"not_picked":["YinYang:ReiMu","Determination:ReiMu"],"picked":"CardOfSanctity:ReiMu","floor":16},{"not_picked":["InherentArray:ReiMu","Enchanting:ReiMu+1"],"picked":"Crusade:ReiMu+1","floor":18},{"not_picked":["infinitespire:FutureSight","hubris:InfiniteBlow+4198"],"picked":"ReplayTheSpireMod:??????????????????????","floor":19},{"not_picked":["AirStrike:ReiMu","FoulBorder2:ReiMu+1"],"picked":"UniversalSpiritual:ReiMu","floor":20},{"not_picked":["SpringWay:ReiMu+1","DoubleButterfly:ReiMu+1"],"picked":"LearningPray:ReiMu","floor":21},{"not_picked":["Amulet:ReiMu","Conquer:ReiMu"],"picked":"Revelation:ReiMu","floor":22},{"not_picked":["Enchanting:ReiMu","PrepareRite:ReiMu+1","ForcedLanding:ReiMu","EmergencyTakeOff:ReiMu"],"picked":"Intuition:ReiMu","floor":23},{"not_picked":["TH:BikiniMail","TH:ElvenBoots","TH:EnergyPotion","TH:TreasureMap"],"picked":"SKIP","floor":23},{"not_picked":["DoubleButterfly:ReiMu","TightArray:ReiMu+1","SubAcupoint:ReiMu","Meditation:ReiMu+1"],"picked":"FantasyBorder:ReiMu","floor":25},{"not_picked":["TH:TreasureMap","TH:ElvenBoots","TH:PixieDust","TH:EnergyPotion"],"picked":"SKIP","floor":26},{"not_picked":["AlertArray:ReiMu","WonderfulDomain:ReiMu","SpringWay:ReiMu+1","SubcavityInstant:ReiMu"],"picked":"SafetyPray:ReiMu","floor":27},{"not_picked":["EmergencyTakeOff:ReiMu","DoubleButterfly:ReiMu","Amulet:ReiMu","OrbThrow:ReiMu+1"],"picked":"SealNeedle:ReiMu","floor":31},{"not_picked":["KyokaiOfKami:ReiMu","DependentForm:ReiMu","SubcavityFantasy:ReiMu","Authority:ReiMu"],"picked":"CleanRite:ReiMu","floor":33},{"not_picked":["CareerPray:ReiMu","Intuition:ReiMu+1","Meditation:ReiMu","AirStrike:ReiMu","SpiritualOutbreak2:ReiMu"],"picked":"SKIP","floor":35},{"not_picked":["Conquer:ReiMu+1","AlertArray:ReiMu","MountainWay:ReiMu+1","ManaGlint:ReiMu"],"picked":"Dreaming:ReiMu","floor":39},{"not_picked":["TH:ArmorSpikes","TH:Mimic","TH:CopperCoins"],"picked":"TH:DeckOfManyThings","floor":40},{"not_picked":["FineLineFantasy:ReiMu","Meditation:ReiMu+1","SubcavityInstant:ReiMu","AlertArray:ReiMu"],"picked":"RainPray2:ReiMu+1","floor":40},{"not_picked":["UniversalSpiritual:ReiMu+1","TightArray:ReiMu+1","SpringWay:ReiMu+1","WonderfulDomain:ReiMu+1"],"picked":"PassingAway:ReiMu+1","floor":41},{"not_picked":["TH:ArmorSpikes","TH:CopperCoins","TH:PixieDust"],"picked":"TH:DeckOfManyThings","floor":43},{"not_picked":["BarrageOfMoneybags:ReiMu","PayForSelf:ReiMu+1","OrbThrow:ReiMu+1","Conquer:ReiMu+1"],"picked":"FantasyMoon:ReiMu","floor":44},{"not_picked":["TH:ArmorSpikes","TH:CursedSword","TH:EnergyPotion","TH:DeckOfManyThings"],"picked":"SKIP","floor":45},{"not_picked":["Intuition:ReiMu+1","EmergencyTakeOff:ReiMu+1","InherentArray:ReiMu+1","FantasyBorder:ReiMu+1","LearningPray:ReiMu"],"picked":"SKIP","floor":45},{"not_picked":["Meditation:ReiMu","ForcedLanding:ReiMu","Gathering:ReiMu+1","AirStrike:ReiMu+1"],"picked":"TakeOff:ReiMu+1","floor":46},{"not_picked":["TH:PixieDust","TH:ElvenBoots","TH:Mimic"],"picked":"TH:ArmorSpikes","floor":54},{"not_picked":["SpiritualOutbreak2:ReiMu+1","RainPray2:ReiMu","YinYang:ReiMu","Amulet:ReiMu"],"picked":"Conquer:ReiMu","floor":54}],"player_experience":479955,"relics_obtained":[{"floor":1,"key":"SynthV:TestCard"},{"floor":11,"key":"hubris:SlimyHat"},{"floor":22,"key":"SynthV:TestCard"},{"floor":22,"key":"NeowsBlessing"},{"floor":23,"key":"Dota2Spire:HandOfMidas"},{"floor":26,"key":"Dota2Spire:PowerTreads"},{"floor":40,"key":"reliquary:SharkskinSheath"},{"floor":43,"key":"CeramicFish"},{"floor":45,"key":"infinitespire:FocusingShard"},{"floor":54,"key":"ReplayFunnel"}],"event_choices":[],"is_beta":false,"boss_relics":[{"not_picked":["SlaversCollar","halation:PlatinumPhoenix"],"picked":"HaiYi:Twilight"},{"not_picked":["jedi:hotpepper","aspiration:DefectSkillbook"],"picked":"CosmicIsotope"}],"items_purged_floors":[3,38,53],"is_endless":false,"potions_floor_spawned":[4,8,11,12,20,23,27,33,35,39,45,46],"ascension_level":0}}