{"host":"pf9sh7nh6rpu9sau","time":1611519726,"event":{"mods":["2.2 Compatiblity","BaseMod","BetterRewards","Clockwork Mod","Downfall","Hermit","Mad Scientist","Minty Spire (QoL Compilation)","Permanent Neow","Quick Restart","Somnambulant","StSLib","The Clintock","The Cursed","The Disciple","The Hierophant","The Necromancer","The Runesmith"],"gold_per_floor":[99,112,132,151,251,276,303,313,326,41,52,37,37,64,76,181,181,81,101,101,186,237,272,325,356,367,367,367,72,84,84,84,84],"floor_reached":31,"language":"ENG","playtime":2080,"items_purged":["downfall:Aged","Pain"],"score":310,"play_id":"e739699e-6e6e-45e8-95e9-6844920a58ae","local_time":"20210124152206","is_ascension_mode":false,"campfire_choices":[{"data":"bronze:Replicate","floor":1.0,"key":"SMITH"},{"floor":13.0,"key":"REST"},{"data":"bronze:Verify","floor":18.0,"key":"SMITH"}],"circlet_count":0,"master_deck":["bronze:Strike+1","bronze:Strike","bronze:Defend","bronze:Defend","bronze:Defend","bronze:Defend","bronze:Replicate+1","bronze:Goto","bronze:Overheat+1","bronze:Optimize","bronze:HyperBeam","bronze:CleanCode","bronze:DigitalCarnage+1","bronze:Backtrace","bronze:MaxOutput","bronze:Verify+1","bronze:Invalidate","bronze:Shell","bronze:FindAndReplace","Injury","bronze:OilSpill","bronze:DarkDash","bronze:Verify+1","bronze:NullPointer","bronze:BronzeArmor+1"],"relics":["Cursed Key","Toy Ornithopter","Whetstone","Orichalcum","Du-Vu Doll","Snecko Eye","downfall:HeartBlessingGreen","Art of War","PreservedInsect","Bottled Tornado","MutagenicStrength","HandDrill"],"acts_visited":["Exordium","TheCity"],"potions_floor_usage":[29],"damage_taken":[{"damage":1.0,"enemies":"Jaw Worm","floor":2.0,"turns":3.0},{"damage":0.0,"enemies":"Small Slimes","floor":3.0,"turns":2.0},{"damage":0.0,"enemies":"2 Louse","floor":4.0,"turns":2.0},{"damage":32.0,"enemies":"downfall:Heads","floor":5.0,"turns":5.0},{"damage":8.0,"enemies":"3 Sentries","floor":6.0,"turns":4.0},{"damage":9.0,"enemies":"Blue Slaver","floor":8.0,"turns":3.0},{"damage":11.0,"enemies":"Lots of Slimes","floor":9.0,"turns":4.0},{"damage":5.0,"enemies":"downfall:FleeingMerchant","floor":10.0,"turns":4.0},{"damage":8.0,"enemies":"2 Fungi Beasts","floor":11.0,"turns":3.0},{"damage":5.0,"enemies":"downfall:FleeingMerchant","floor":12.0,"turns":4.0},{"damage":0.0,"enemies":"Gremlin Nob","floor":14.0,"turns":1.0},{"damage":5.0,"enemies":"Gremlin Gang","floor":15.0,"turns":5.0},{"damage":15.0,"enemies":"IC_STATUS_ARCHETYPE","floor":16.0,"turns":5.0},{"damage":4.0,"enemies":"Chosen","floor":19.0,"turns":3.0},{"damage":26.0,"enemies":"Slavers","floor":23.0,"turns":2.0},{"damage":17.0,"enemies":"Book of Stabbing","floor":25.0,"turns":3.0},{"damage":3,"enemies":"Spheric Guardian","floor":26,"turns":2},{"damage":7,"enemies":"downfall:FleeingMerchant","floor":29,"turns":4},{"damage":8,"enemies":"Snake Plant","floor":30,"turns":3},{"damage":6,"enemies":"3 Cultists","floor":31,"turns":2}],"seed_played":"2024226785356652360","potions_obtained":[{"floor":3.0,"key":"Energy Potion"},{"floor":5.0,"key":"EntropicBrew"},{"floor":6.0,"key":"PowerPotion"},{"floor":11.0,"key":"LiquidMemories"},{"floor":14.0,"key":"SkillPotion"},{"floor":15.0,"key":"Dexterity Potion"},{"floor":19.0,"key":"champ:CounterPotion"},{"floor":20.0,"key":"CultistPotion"},{"floor":23.0,"key":"AttackPotion"},{"floor":26,"key":"LiquidMemories"}],"is_trial":false,"path_per_floor":["R","M","M","M","?","E","T","M","M","$","M","$","R","E","M","B",null,"R","M","?","?","T","E","T","E","M","?","?","$","M","M"],"character_chosen":"THE_AUTOMATON","items_purchased":["Orichalcum","FearPotion","bronze:NullPointer","HandDrill"],"campfire_rested":1,"item_purchase_floors":[10,10,29,29],"current_hp_per_floor":[70,69,69,69,37,29,29,25,14,14,6,6,27,32,32,27,70,70,66,66,52,52,31,31,19,16,16,16,14,6,0,0,0],"gold":84,"neow_bonus":"BOSS_RELIC","is_daily":false,"chose_seed":false,"campfire_upgraded":2,"win_rate":0.0,"timestamp":1611519726,"path_taken":["R","M","M","M","?","E","T","M","M","$","M","$","R","E","M","BOSS","R","M","?","?","?","E","T","E","?","?","?","$","M","?"],"items_purchased_type":["Relic","Potion","Card","Relic"],"build_version":"2020-12-22","purchased_purges":2,"victory":false,"max_hp_per_floor":[70,70,70,70,70,70,70,70,70,70,70,70,70,70,70,70,70,70,70,70,70,70,70,70,70,70,70,70,70,70,70,70,70],"card_choices":[{"not_picked":["bronze:Iterate","bronze:CutThrough"],"picked":"bronze:Overheat","floor":2.0},{"not_picked":["bronze:FineTuning","bronze:Deprecate"],"picked":"bronze:Optimize","floor":3.0},{"not_picked":["bronze:Backtrace","bronze:Deprecate"],"picked":"bronze:HyperBeam","floor":4.0},{"not_picked":["bronze:Overheat","bronze:GetLatest"],"picked":"bronze:DigitalCarnage","floor":5.0},{"not_picked":["bronze:DarkDash","bronze:WildBeam"],"picked":"bronze:Backtrace","floor":6.0},{"not_picked":["bronze:WhirlingStrike","bronze:FollowUp","bronze:Branch"],"picked":"SKIP","floor":8.0},{"not_picked":["bronze:Deprecate","bronze:Fortify"],"picked":"bronze:MaxOutput","floor":9.0},{"not_picked":["bronze:TinkerersToolbox","bronze:CloningBeam"],"picked":"bronze:Verify","floor":10.0},{"not_picked":["bronze:DelayedGuard","bronze:DigitalCarnage","bronze:BitShift"],"picked":"SKIP","floor":11.0},{"not_picked":["bronze:WhirlingStrike","bronze:ForLoop"],"picked":"bronze:Invalidate","floor":12.0},{"not_picked":["bronze:Turbo","bronze:DelayedSlice"],"picked":"bronze:Shell","floor":14.0},{"not_picked":["bronze:Boost","bronze:Separator","bronze:InfiniteBeams"],"picked":"SKIP","floor":15.0},{"not_picked":["bronze:AlphaBuild","bronze:Library"],"picked":"bronze:FindAndReplace","floor":16.0},{"not_picked":["bronze:Turbo","bronze:WhirlingStrike","bronze:ForLoop+1"],"picked":"SKIP","floor":19.0},{"not_picked":["bronze:Safeguard+1","bronze:MaxOutput+1","bronze:Constructor"],"picked":"SKIP","floor":23.0},{"not_picked":["bronze:FineTuning+1","bronze:WhirlingStrike"],"picked":"bronze:OilSpill","floor":25},{"not_picked":["bronze:FineTuning","bronze:DigitalCarnage"],"picked":"bronze:DarkDash","floor":26},{"not_picked":["bronze:ForLoop","bronze:NullPointer","bronze:Virus"],"picked":"SKIP","floor":29},{"not_picked":["bronze:Deprecate","bronze:Invalidate"],"picked":"bronze:BronzeArmor+1","floor":30}],"player_experience":824680,"relics_obtained":[{"floor":6.0,"key":"Toy Ornithopter"},{"floor":7.0,"key":"Whetstone"},{"floor":14.0,"key":"Du-Vu Doll"},{"floor":23.0,"key":"Art of War"},{"floor":24.0,"key":"PreservedInsect"},{"floor":25,"key":"Bottled Tornado"}],"event_choices":[{"damage_healed":0,"gold_gain":0,"player_choice":"Inject Mutagens","damage_taken":0,"relics_obtained":["MutagenicStrength"],"max_hp_gain":0,"max_hp_loss":0,"event_name":"Drug Dealer","floor":27,"gold_loss":0}],"is_beta":false,"boss_relics":[{"not_picked":["Empty Cage","Astrolabe"],"picked":"Snecko Eye"}],"items_purged_floors":[10,29],"is_endless":false,"potions_floor_spawned":[3,5,6,11,14,15,19,23,26],"killed_by":"3 Cultists","ascension_level":0}}