{"host":"ga4s3hj9m6nkn6gp","time":1611518258,"event":{"mods":["AchievementEnabler","BaseMod","Bestiary","Colored Powertips","Highlight Path","Minty Spire (QoL Compilation)","Relic Stats","everything is the same but u backflip on backflip"],"gold_per_floor":[109,109,109,127,127,157,168,187,187,218,218,218,247,264,264,341,341,354,368,368,382,382,382],"floor_reached":22,"language":"ENG","playtime":1050,"items_purged":[],"score":462,"play_id":"9dec9b5e-8d78-4c25-8d07-0e7e0721989d","local_time":"20210124205738","is_ascension_mode":true,"campfire_choices":[{"data":"Phantasmal Killer","floor":12,"key":"SMITH"},{"data":"Blade Dance","floor":15,"key":"SMITH"}],"circlet_count":0,"master_deck":["AscendersBane","Strike_G","Strike_G","Strike_G","Defend_G","Defend_G","Defend_G","Defend_G","Defend_G","Survivor","Neutralize","Backstab","Phantasmal Killer+1","Dagger Throw","All Out Attack","Blade Dance+1","Tools of the Trade","Accuracy","Night Terror","Slice","PiercingWail"],"relics":["Ring of the Snake","NeowsBlessing","MealTicket","Paper Crane","Ornamental Fan","Tingsha","WristBlade"],"acts_visited":["Exordium","TheCity"],"potions_floor_usage":[8,10,10,10,10,10,16,21,21],"damage_taken":[{"damage":0,"enemies":"Small Slimes","floor":1,"turns":1},{"damage":0,"enemies":"Jaw Worm","floor":4,"turns":1},{"damage":0,"enemies":"Gremlin Nob","floor":6,"turns":1},{"damage":6,"enemies":"2 Louse","floor":7,"turns":2},{"damage":0,"enemies":"Gremlin Gang","floor":8,"turns":2},{"damage":5,"enemies":"Lagavulin","floor":10,"turns":4},{"damage":22,"enemies":"Gremlin Nob","floor":13,"turns":4},{"damage":4,"enemies":"Exordium Thugs","floor":14,"turns":3},{"damage":12,"enemies":"Slime Boss","floor":16,"turns":7},{"damage":0,"enemies":"Chosen","floor":18,"turns":3},{"damage":0,"enemies":"2 Thieves","floor":19,"turns":4},{"damage":73,"enemies":"Snecko","floor":21,"turns":9},{"damage":7,"enemies":"Masked Bandits","floor":22,"turns":2}],"seed_played":"7549843085774759990","potions_obtained":[{"floor":1,"key":"AttackPotion"},{"floor":8,"key":"EntropicBrew"},{"floor":10,"key":"Energy Potion"},{"floor":14,"key":"Fire Potion"},{"floor":19,"key":"Regen Potion"}],"is_trial":false,"path_per_floor":["M","?","?","M","$","E","M","M","T","E","?","R","E","M","R","B",null,"M","M","$","M","?"],"character_chosen":"THE_SILENT","items_purchased":[],"campfire_rested":0,"item_purchase_floors":[],"current_hp_per_floor":[59,64,64,64,64,64,58,58,58,53,53,53,31,27,27,15,57,57,57,71,3,0,0],"gold":382,"neow_bonus":"THREE_ENEMY_KILL","is_daily":false,"chose_seed":false,"campfire_upgraded":2,"win_rate":0.0,"timestamp":1611518258,"path_taken":["M","?","?","M","?","E","M","?","T","E","?","R","E","M","R","BOSS","M","?","$","M","?"],"items_purchased_type":[],"build_version":"2020-12-22","purchased_purges":0,"victory":false,"max_hp_per_floor":[66,71,71,71,71,71,71,71,71,71,71,71,71,71,71,71,71,71,71,71,71,71,71],"relic_stats":{"counters":[13,43],"Ornamental Fan":[60],"MealTicket":14,"Tingsha":[80],"obtain_stats":[{"NeowsBlessing":0,"WristBlade":17,"Ornamental Fan":10,"MealTicket":6,"Tingsha":13,"Paper Crane":9,"Ring of the Snake":0},{"NeowsBlessing":0,"WristBlade":9,"Ornamental Fan":6,"MealTicket":3,"Tingsha":7,"Paper Crane":5,"Ring of the Snake":0},{"NeowsBlessing":0,"WristBlade":25,"Ornamental Fan":11,"MealTicket":3,"Tingsha":15,"Paper Crane":7,"Ring of the Snake":0}],"Ring of the Snake":[26]},"card_choices":[{"not_picked":["Flying Knee","Underhanded Strike"],"picked":"Backstab","floor":1},{"not_picked":["Dodge and Roll","Cloak And Dagger"],"picked":"Dagger Throw","floor":4},{"not_picked":["Distraction","Slice"],"picked":"All Out Attack","floor":6},{"not_picked":["Distraction","Backflip"],"picked":"Blade Dance","floor":7},{"not_picked":["Tactician","Dodge and Roll","Dagger Throw"],"picked":"SKIP","floor":8},{"not_picked":["Flechettes","PiercingWail"],"picked":"Tools of the Trade","floor":10},{"not_picked":["Cloak And Dagger","Backstab","Flying Knee"],"picked":"SKIP","floor":13},{"not_picked":["Endless Agony","Noxious Fumes"],"picked":"Accuracy","floor":14},{"not_picked":["Envenom","Unload"],"picked":"Night Terror","floor":16},{"not_picked":["Deadly Poison","Crippling Poison"],"picked":"Slice","floor":18},{"not_picked":["Dodge and Roll","Deadly Poison+1"],"picked":"PiercingWail","floor":19},{"not_picked":["Acrobatics","Dash","Outmaneuver"],"picked":"SKIP","floor":21}],"player_experience":681577,"relics_obtained":[{"floor":6,"key":"MealTicket"},{"floor":9,"key":"Paper Crane"},{"floor":10,"key":"Ornamental Fan"},{"floor":13,"key":"Tingsha"}],"event_choices":[{"damage_healed":0,"gold_gain":0,"player_choice":"Donut","damage_taken":0,"max_hp_gain":5,"max_hp_loss":0,"event_name":"Big Fish","floor":2,"gold_loss":0},{"damage_healed":0,"gold_gain":0,"cards_transformed":["Strike_G"],"player_choice":"Change","damage_taken":0,"max_hp_gain":0,"max_hp_loss":0,"event_name":"Living Wall","floor":3,"gold_loss":0,"cards_obtained":["Phantasmal Killer"]},{"cards_removed":["Strike_G"],"damage_healed":0,"gold_gain":0,"player_choice":"Purged","damage_taken":0,"max_hp_gain":0,"max_hp_loss":0,"event_name":"Purifier","floor":11,"gold_loss":0},{"damage_healed":0,"gold_gain":0,"player_choice":"Fought Bandits","damage_taken":0,"max_hp_gain":0,"max_hp_loss":0,"event_name":"Masked Bandits","floor":22,"gold_loss":0}],"is_beta":false,"boss_relics":[{"not_picked":["Cursed Key","SacredBark"],"picked":"WristBlade"}],"items_purged_floors":[],"is_endless":false,"potions_floor_spawned":[1,8,10,14,19],"killed_by":"Masked Bandits","ascension_level":20}}