{"host":"cgwysqtmt736mr58","time":1611508062,"event":{"mods":["2.2 Compatiblity","Aspiration","BaseMod","Beaked The Cultist","Colored Map","Colored Powertips","Downfall","Googly Eyes","Halation","Hermit","Hubris","Infinite Spire","Lobotomy","LobotomyExtend","Marisa????????","Minty Spire (QoL Compilation)","Relic Stats","Replay The Spire","Shade Mod","StSLib","The Bug Knight","The Construct","The Cursed","The Disciple","The Exalted","The Jungle","The Necromancer","The Runesmith","The Servant 0.9.4","The Wild Card","Waifu the Spire","Yuri Mod","[IsaacMod]????"],"gold_per_floor":[99,99,111,130,140,77,100,114,132,132,68,68,88,133,144,244,244,244,257,275,292,292,292,292,304,404,304,314,333,333,333,350,447,447,447,467,481,481,481,495,495,495,577,592,612,631,631,646,489,489,508,508,508],"floor_reached":54,"language":"ENG","playtime":2863,"items_purged":["TheCursedMod:Dregs"],"score":789,"play_id":"3dad6085-42a4-4a70-b0b2-4835463531c1","local_time":"20210125040742","is_ascension_mode":false,"campfire_choices":[{"floor":10,"key":"REST"},{"data":"DoctorFetus","floor":12,"key":"SMITH"},{"data":"Shade:Coordination","floor":12,"key":"SMITH"},{"floor":18,"key":"RECALL"},{"data":"Shade:GreaterAnimation","floor":27,"key":"SMITH"},{"data":"Shade:Bonestorm","floor":27,"key":"SMITH"},{"data":"Shade:Putrefaction","floor":35,"key":"SMITH"},{"floor":42,"key":"REST"},{"floor":47,"key":"REST"}],"circlet_count":0,"master_deck":["Shade:Strike_Shade","Shade:Strike_Shade","Shade:Strike_Shade","Shade:Strike_Shade","Shade:Defend_Shade","Shade:Defend_Shade","Shade:Defend_Shade","Shade:Defend_Shade","Shade:AnimateDead","Shade:CarefulCut","DoctorFetus+1","CurseOfTheBell","CurseOfTheBell","Shade:GreaterAnimation+1","Shade:Asphyxiate","Shade:FreshBones+1","Shade:FleshToFlesh+1","Shade:Coordination+1","Shade:Frenzy+1","Shade:FleshOffering+1","Shade:PotionOfRestlessness","Shade:Bonestorm","Shade:WallOfFlesh+1","Shade:Bonestorm+1","Shade:BoneShards","Shade:SoulPierce","Shade:FeralStrike","Shade:Bonestorm+1","Shade:Bonestorm","Shade:FleshLikeOak+1","Shade:SkeletonArmy+1","Shade:GraveStillness+1","Shade:SkeletonArmy+1","Shade:Putrefaction+1","Shade:FreshBones+1","Shade:WallOfFlesh+1","Shade:CommandSoldier+1","Shade:Bite_Shade","Shade:Trample+1","Shade:Brains+1","Shade:CallWraith+1","Shade:PoundOfFlesh+1"],"relics":["Shade:YorickPolishedSkull","HushsDoor","YumHeart","Replay:Rubber Ducky","Toxic Egg 2","halation:PenCase","LetterFromLob","Void","halation:PinkSoulGem","halation:Diary","hubris:TinFlute","downfall:HeartBlessingRed","hubris:Backtick","Bottled Tornado","halation:BottledLove","halation:PapillonHeart"],"acts_visited":["Exordium","TheCity","TheBeyond"],"potions_floor_usage":[15,21,25,33,40,45,52],"damage_taken":[{"damage":0.0,"enemies":"Small Slimes","floor":3.0,"turns":3.0},{"damage":0.0,"enemies":"Cultist","floor":4.0,"turns":2.0},{"damage":7,"enemies":"Jaw Worm","floor":5,"turns":3},{"damage":0,"enemies":"downfall:FleeingMerchant","floor":6,"turns":4},{"damage":9,"enemies":"3 Louse","floor":8,"turns":3},{"damage":6,"enemies":"Gremlin Gang","floor":9,"turns":3},{"damage":0,"enemies":"downfall:FleeingMerchant","floor":11,"turns":4},{"damage":0,"enemies":"Red Slaver","floor":13,"turns":2},{"damage":0,"enemies":"Lots of Slimes","floor":15,"turns":2},{"damage":2,"enemies":"IC_STATUS_ARCHETYPE","floor":16,"turns":7},{"damage":5,"enemies":"Spheric Guardian","floor":19,"turns":4},{"damage":9,"enemies":"3 Cultists","floor":20,"turns":4},{"damage":2,"enemies":"Snecko","floor":21,"turns":6},{"damage":25,"enemies":"Shelled Parasite and Fungi","floor":25,"turns":6},{"damage":0,"enemies":"Centurion and Healer","floor":28,"turns":4},{"damage":6,"enemies":"Cultist and Chosen","floor":29,"turns":4},{"damage":5,"enemies":"Snake Plant","floor":32,"turns":4},{"damage":37,"enemies":"Automaton","floor":33,"turns":11},{"damage":0,"enemies":"Orb Walker","floor":36,"turns":4},{"damage":27,"enemies":"3 Darklings","floor":37,"turns":4},{"damage":24,"enemies":"Jaw Worm Horde","floor":40,"turns":4},{"damage":7,"enemies":"Transient","floor":44,"turns":5},{"damage":26,"enemies":"Jaw Worm Horde","floor":45,"turns":3},{"damage":5,"enemies":"Maw","floor":46,"turns":7},{"damage":15,"enemies":"HollowMod:SlobberingHusk","floor":48,"turns":2},{"damage":0,"enemies":"downfall:FleeingMerchant","floor":49,"turns":4},{"damage":1,"enemies":"Writhing Mass","floor":51,"turns":5},{"damage":25,"enemies":"SI_POISON_ARCHETYPE","floor":52,"turns":9}],"seed_played":"-5920465638020583565","potions_obtained":[{"floor":4,"key":"BlessingOfTheForge"},{"floor":8,"key":"SkillPotion"},{"floor":9,"key":"Explosive Potion"},{"floor":16,"key":"ColorlessPotion"},{"floor":25,"key":"Death Potion"},{"floor":28,"key":"Block Potion"},{"floor":33,"key":"FearPotion"},{"floor":40,"key":"champ:CounterPotion"},{"floor":46,"key":"Swift Potion"}],"is_trial":false,"path_per_floor":["R_BF","?","M","M","M","$","T","M","M","R","$","R","M","T","M","B",null,"R_BF","M","M","M","?","AVR","T","M","?","R","M","M","$","?","M","B",null,"R_BF","M","M","PTL","PTL","M","?","R","T","M","M","M","R","M","$","?","M","B",null,null],"character_chosen":"SHADE","items_purchased":["Shade:Frenzy+1","Shade:WallOfFlesh+1","Shade:CallWraith+1"],"campfire_rested":3,"item_purchase_floors":[6,11,49],"current_hp_per_floor":[71,71,71,71,64,64,64,55,49,70,70,70,70,70,70,68,71,71,66,57,55,55,55,55,55,55,55,55,49,49,49,44,32,71,71,71,44,44,44,20,45,66,66,59,35,30,51,36,61,61,60,35,35],"gold":508,"neow_bonus":"TEN_PERCENT_HP_BONUS","is_daily":false,"chose_seed":false,"campfire_upgraded":5,"win_rate":0.0,"timestamp":1611508062,"path_taken":["R_BF","?","M","?","?","?","T","M","M","R","?","R","?","?","M","BOSS","R_BF","M","M","M","?","AVR","T","M","?","R","?","M","?","?","M","BOSS","R_BF","M","M","PTL","PTL","M","?","R","T","M","M","?","R","M","$","?","M","BOSS"],"items_purchased_type":["Card","Card","Card"],"build_version":"2020-12-22","purchased_purges":1,"victory":true,"max_hp_per_floor":[71,71,71,71,71,71,71,71,71,71,71,71,71,71,71,71,71,71,71,71,71,71,71,71,71,71,71,71,71,71,71,71,71,71,71,71,71,71,71,71,71,71,71,71,71,71,71,71,71,67,67,67,67],"relic_stats":{"counters":[28,118],"obtain_stats":[{"KeepersGift":0,"halation:Diary":23,"Regal Pillow":14,"halation:PapillonHeart":50,"downfall:HeartBlessingRed":27,"Shade:YorickSkull":0,"halation:BottledLove":43,"Shade:YorickPolishedSkull":17,"Bottled Tornado":34,"Replay:Rubber Ducky":1,"YumHeart":0,"hubris:Backtick":34,"halation:PenCase":1,"LetterFromLob":3,"downfall:ExtraCursedBell":1,"Toxic Egg 2":1,"Void":7,"HushsDoor":0,"halation:PinkSoulGem":22,"hubris:TinFlute":24},{"KeepersGift":0,"halation:Diary":13,"Regal Pillow":8,"halation:PapillonHeart":26,"downfall:HeartBlessingRed":14,"Shade:YorickSkull":0,"halation:BottledLove":21,"Shade:YorickPolishedSkull":10,"Bottled Tornado":18,"Replay:Rubber Ducky":0,"YumHeart":0,"hubris:Backtick":18,"halation:PenCase":0,"LetterFromLob":1,"downfall:ExtraCursedBell":0,"Toxic Egg 2":0,"Void":4,"HushsDoor":0,"halation:PinkSoulGem":13,"hubris:TinFlute":13},{"KeepersGift":0,"halation:Diary":46,"Regal Pillow":24,"halation:PapillonHeart":104,"downfall:HeartBlessingRed":51,"Shade:YorickSkull":0,"halation:BottledLove":83,"Shade:YorickPolishedSkull":33,"Bottled Tornado":72,"Replay:Rubber Ducky":0,"YumHeart":0,"hubris:Backtick":72,"halation:PenCase":0,"LetterFromLob":3,"downfall:ExtraCursedBell":0,"Toxic Egg 2":0,"Void":12,"HushsDoor":0,"halation:PinkSoulGem":46,"hubris:TinFlute":46}]},"card_choices":[{"not_picked":[],"picked":"DoctorFetus","floor":0.0},{"not_picked":["Shade:Haruspicy+1","Shade:ScuttlingHand"],"picked":"Shade:Asphyxiate","floor":3.0},{"not_picked":["Shade:Bonestorm","Shade:FuneraryJewels+1"],"picked":"Shade:FreshBones+1","floor":4},{"not_picked":["Shade:CloudOfShrapnel","Shade:PressTheAttack"],"picked":"Shade:FleshToFlesh+1","floor":5},{"not_picked":["Shade:SkeletonHug","Shade:PressTheAttack"],"picked":"Shade:Coordination","floor":6},{"not_picked":["Shade:AblativeArmor+1","Shade:GreyBargain+1"],"picked":"Shade:FleshOffering+1","floor":8},{"not_picked":["Shade:FleshOffering+1","Shade:CoffinDance"],"picked":"Shade:PotionOfRestlessness","floor":9},{"not_picked":["Shade:SanguineRitual+1","Shade:SoulToxin+1"],"picked":"Shade:Bonestorm","floor":11},{"not_picked":["Shade:GreyBargain+1","Shade:FuneraryArmor+1"],"picked":"Shade:Bonestorm","floor":13},{"not_picked":["Shade:Haruspicy+1","Shade:FuneraryJewels+1"],"picked":"Shade:BoneShards","floor":15},{"not_picked":["Shade:LastGasp+1","Shade:LoseControl+1"],"picked":"Shade:SoulPierce","floor":16},{"not_picked":["Shade:ClawBack+1","Shade:FleshToFlesh+1"],"picked":"Shade:FeralStrike","floor":19},{"not_picked":["Shade:FreshBones+1","Shade:BoneShards"],"picked":"Shade:Bonestorm+1","floor":20},{"not_picked":["Shade:FuneraryArmor+1","Shade:GreyBargain+1"],"picked":"Shade:Bonestorm","floor":21},{"not_picked":["Shade:FuneraryJewels+1","Shade:PotionOfRestlessness+1"],"picked":"Shade:FleshLikeOak+1","floor":25},{"not_picked":["Shade:LastGasp+1","Shade:Haruspicy+1"],"picked":"Shade:SkeletonArmy+1","floor":28},{"not_picked":["Shade:LyeBath+1","Shade:Bonestorm"],"picked":"Shade:GraveStillness+1","floor":29},{"not_picked":["Shade:ExtraLimbs+1","Shade:FeralStrike"],"picked":"Shade:SkeletonArmy+1","floor":32},{"not_picked":["Shade:DarkOfNight+1","Shade:Consume"],"picked":"Shade:Putrefaction","floor":33},{"not_picked":["Shade:ExtraLimbs+1","Shade:Premonition+1"],"picked":"Shade:FreshBones+1","floor":36},{"not_picked":["Shade:Frenzy+1","Shade:GraveStillness+1"],"picked":"Shade:WallOfFlesh+1","floor":37},{"not_picked":["Shade:GoDigging+1","Shade:Bite_Shade+1"],"picked":"Shade:CommandSoldier+1","floor":40},{"not_picked":["Shade:FuneraryJewels+1","Shade:AblativeArmor+1"],"picked":"Shade:Bite_Shade","floor":44},{"not_picked":["Shade:GoDigging+1","Shade:FeralStrike+1"],"picked":"Shade:Trample+1","floor":45},{"not_picked":["Shade:CoffinDance+1","Shade:SkeletonArmy+1"],"picked":"Shade:Brains+1","floor":46},{"not_picked":["Shade:GreyBargain+1","Shade:Bonestorm","Shade:Asphyxiate"],"picked":"SKIP","floor":48},{"not_picked":["Shade:TouchOfTheGrave+1","Shade:PotionOfRestlessness","Shade:RitualOffering+1"],"picked":"SKIP","floor":49},{"not_picked":["Shade:FleshToFlesh+1","Shade:GreyBargain+1"],"picked":"Shade:PoundOfFlesh+1","floor":51}],"player_experience":1028901,"relics_obtained":[{"floor":1.0,"key":"Replay:Rubber Ducky"},{"floor":1.0,"key":"Toxic Egg 2"},{"floor":1.0,"key":"halation:PenCase"},{"floor":3.0,"key":"LetterFromLob"},{"floor":7,"key":"Void"},{"floor":14,"key":"Regal Pillow"},{"floor":24,"key":"hubris:TinFlute"},{"floor":43,"key":"halation:BottledLove"}],"event_choices":[],"is_beta":false,"boss_relics":[{"not_picked":["Replay:Drink Me","aspiration:SecretTechniqueScroll"],"picked":"Shade:YorickPolishedSkull"},{"not_picked":[]},{"not_picked":["aspiration:RunicSpoon","SlaversCollar"],"picked":"hubris:Backtick"},{"not_picked":[]}],"items_purged_floors":[49],"is_endless":false,"potions_floor_spawned":[4,8,9,13,16,20,25,28,33,37,40,46,51],"ascension_level":0}}