{"host":"j4g6ia6asvpyu2b0","time":1611513639,"event":{"mods":["BaseMod","Colored Map","Minty Spire (QoL Compilation)","Permanent Neow","Quick Restart","Relic Stats","StSLib","Unceasing Turn Reminder"],"gold_per_floor":[12,31,42,42,58,90,165,165,189,189,189],"floor_reached":10,"language":"ENG","playtime":197,"items_purged":[],"score":129,"play_id":"fece87e3-15d1-4f8d-b02c-30f26676c5d9","local_time":"20210124114039","is_ascension_mode":true,"campfire_choices":[{"floor":8,"key":"REST"}],"circlet_count":0,"master_deck":["AscendersBane","Strike_B","Strike_B","Strike_B","Strike_B","Defend_B","Defend_B","Defend_B","Defend_B","Zap","Dualcast","Biased Cognition+1","Double Energy","Melter","Ball Lightning","Static Discharge","Static Discharge"],"relics":["Cracked Core","Potion Belt","CeramicFish"],"acts_visited":["Exordium"],"potions_floor_usage":[6,10],"damage_taken":[{"damage":4,"enemies":"Small Slimes","floor":1,"turns":3},{"damage":7,"enemies":"Jaw Worm","floor":2,"turns":3},{"damage":6,"enemies":"Cultist","floor":3,"turns":3},{"damage":1,"enemies":"Looter","floor":5,"turns":2},{"damage":20,"enemies":"Lagavulin","floor":6,"turns":5},{"damage":36,"enemies":"Gremlin Nob","floor":10,"turns":3}],"seed_played":"-3828125223422166514","potions_obtained":[{"floor":1,"key":"AttackPotion"},{"floor":2,"key":"DistilledChaos"}],"is_trial":false,"path_per_floor":["M","M","M","?","M","E","?","R","T","E"],"character_chosen":"DEFECT","items_purchased":[],"campfire_rested":1,"item_purchase_floors":[],"current_hp_per_floor":[60,53,47,47,46,26,15,36,36,0,0],"gold":189,"neow_bonus":"THREE_RARE_CARDS","is_daily":false,"chose_seed":false,"campfire_upgraded":0,"win_rate":0.0,"timestamp":1611513639,"path_taken":["M","M","M","?","M","E","?","R","T","E"],"items_purchased_type":[],"build_version":"2020-12-22","purchased_purges":0,"victory":false,"max_hp_per_floor":[71,71,71,71,71,71,71,71,71,71,71],"relic_stats":{"counters":[6,19],"CeramicFish":0,"obtain_stats":[{"Potion Belt":6,"CeramicFish":9,"Cracked Core":0},{"Potion Belt":5,"CeramicFish":5,"Cracked Core":0},{"Potion Belt":16,"CeramicFish":16,"Cracked Core":0}]},"card_choices":[{"not_picked":["Hyperbeam","Core Surge"],"picked":"Biased Cognition","floor":0},{"not_picked":["FTL","Hologram"],"picked":"Double Energy","floor":1},{"not_picked":["Leap","Coolheaded"],"picked":"Melter","floor":2},{"not_picked":["Storm","Coolheaded"],"picked":"Ball Lightning","floor":3},{"not_picked":["Gash","Streamline"],"picked":"Static Discharge","floor":5},{"not_picked":["Hyperbeam","Conserve Battery"],"picked":"Static Discharge","floor":6}],"player_experience":988256,"relics_obtained":[{"floor":6,"key":"Potion Belt"},{"floor":9,"key":"CeramicFish"}],"event_choices":[{"damage_healed":0,"gold_gain":0,"player_choice":"Grow","damage_taken":0,"max_hp_gain":0,"max_hp_loss":0,"event_name":"Living Wall","floor":4,"gold_loss":0,"cards_upgraded":["Biased Cognition"]},{"damage_healed":0,"gold_gain":75,"player_choice":"Gather Gold","damage_taken":11,"max_hp_gain":0,"max_hp_loss":0,"event_name":"World of Goop","floor":7,"gold_loss":0}],"is_beta":false,"boss_relics":[],"items_purged_floors":[],"is_endless":false,"potions_floor_spawned":[1,2,5],"killed_by":"Gremlin Nob","ascension_level":18}}