{"host":"1rf9pknejqhzkc4o","time":1611510616,"event":{"mods":["A Penny For Your Troubles","Aspiration","BaseMod","Better Altar","Better Match","Better Note","Better Sensory Stone","Better Skull","Better Third Choice","Colored Map","Colored Powertips","Communication Mod","Conspire","Displayed Cursed Tome","Energized Spire","Hubris","Infinite Spire","Ironclad Rager","Minty Spire (QoL Compilation)","Quick Restart","RNG Fix","Rare Cards Sparkle","Relic Stats","Reliquary","Replay The Spire","Retaliation","Spicy Shops","StS++","StSLib","The Blue Laboratory","Trackpad"],"gold_per_floor":[20,20,20,34,51,51,70,70,70,99,115,187,187,205,205,308,308,328,345,4,4,4],"floor_reached":21,"language":"ENG","playtime":687,"items_purged":[],"score":171,"play_id":"562f72f2-39e4-4ac3-bd00-5c58e5ed6068","local_time":"20210124205016","is_ascension_mode":false,"campfire_choices":[{"floor":6.0,"key":"REST"},{"floor":8.0,"key":"REST"},{"data":"Eruption","floor":13.0,"key":"SMITH"},{"data":"FlurryOfBlows","floor":15.0,"key":"SMITH"}],"circlet_count":0,"master_deck":["Eruption+1","Vigilance","FollowUp","FollowUp","FollowUp","FollowUp","ThirdEye","ThirdEye","ThirdEye","ThirdEye","Protect","FollowUp","PathToVictory","Halt","ICR:Serenity","FlurryOfBlows+1","FollowUp","DevaForm","Vengeance+1","Halt+1","ReplayTheSpireMod:Brewmster"],"relics":["PureWater","trackpad:WondrousWand","Odd Mushroom","Pear","Philosopher\u0027s Stone","Gremlin Food"],"acts_visited":["Exordium","TheCity"],"potions_floor_usage":[16,16,16,19],"damage_taken":[{"damage":4.0,"enemies":"conspire:RoseBush","floor":1.0,"turns":2.0},{"damage":6.0,"enemies":"Small Slimes","floor":4.0,"turns":2.0},{"damage":0.0,"enemies":"Cultist","floor":5.0,"turns":2.0},{"damage":14.0,"enemies":"Exordium Wildlife","floor":7.0,"turns":3.0},{"damage":3.0,"enemies":"The Mushroom Lair","floor":10.0,"turns":4.0},{"damage":0.0,"enemies":"3 Louse","floor":11.0,"turns":3.0},{"damage":0.0,"enemies":"Blue Slaver","floor":14.0,"turns":3.0},{"damage":39,"enemies":"Hexaghost","floor":16,"turns":6},{"damage":2,"enemies":"Spheric Guardian","floor":18,"turns":5},{"damage":32,"enemies":"Shell Parasite","floor":19,"turns":4},{"damage":49,"enemies":"Centurion and Healer","floor":21,"turns":3}],"seed_played":"-6155071286995662181","potions_obtained":[{"floor":1.0,"key":"blueLaboratory:PressurePotion"},{"floor":4.0,"key":"blueLaboratory:NullPotion"},{"floor":5.0,"key":"Energy Potion"},{"floor":10.0,"key":"blueLaboratory:BubblePotion"},{"floor":16,"key":"blueLaboratory:FruitPunch"}],"is_trial":false,"path_per_floor":["M","$","?","M","M","R","M","R","T","?","M","T","R","M","R","B",null,"M","M","$","M"],"character_chosen":"WATCHER","items_purchased":["Gremlin Food","ReplayTheSpireMod:Brewmster"],"campfire_rested":2,"item_purchase_floors":[20,20],"current_hp_per_floor":[43,43,43,37,37,56,42,61,61,58,58,68,68,68,68,29,75,73,43,43,0,0],"gold":4,"neow_bonus":"WATCHER_SHAOLIN","is_daily":false,"chose_seed":false,"campfire_upgraded":2,"win_rate":0.0,"timestamp":1611510616,"path_taken":["M","$","?","?","M","R","M","R","T","?","M","?","R","M","R","BOSS","M","?","?","M"],"items_purchased_type":["Relic","Card"],"build_version":"2020-12-22","purchased_purges":0,"victory":false,"max_hp_per_floor":[65,65,65,65,65,65,65,65,65,65,65,75,75,75,75,75,75,75,77,77,77,77],"relic_stats":{"counters":[11,37],"obtain_stats":[{"Gremlin Food":20,"Pear":12,"Philosopher\u0027s Stone":17,"trackpad:WondrousWand":9,"PureWater":0,"Odd Mushroom":10},{"Gremlin Food":10,"Pear":6,"Philosopher\u0027s Stone":8,"trackpad:WondrousWand":4,"PureWater":0,"Odd Mushroom":5},{"Gremlin Food":34,"Pear":16,"Philosopher\u0027s Stone":25,"trackpad:WondrousWand":9,"PureWater":0,"Odd Mushroom":13}]},"card_choices":[{"not_picked":["TalkToTheHand","Replay:AtTheReady"],"picked":"Protect","floor":1.0},{"not_picked":["Replay:AtTheReady","CutThroughFate"],"picked":"FollowUp","floor":4.0},{"not_picked":["ClearTheMind","ConjureBlade"],"picked":"PathToVictory","floor":5.0},{"not_picked":["Replay:ManipulateFuture","FlyingSleeves"],"picked":"Halt","floor":7.0},{"not_picked":["ClearTheMind","SashWhip"],"picked":"ICR:Serenity","floor":10.0},{"not_picked":["Replay:BluntJabs","SashWhip"],"picked":"FlurryOfBlows","floor":11.0},{"not_picked":["Conclude","ReachHeaven"],"picked":"FollowUp","floor":14.0},{"not_picked":["StSpp:VitalPoint","Replay:LoomingThreat"],"picked":"DevaForm","floor":16},{"not_picked":["StSpp:Chanting","Fasting2"],"picked":"Vengeance+1","floor":18},{"not_picked":["Meditate","BowlingBash"],"picked":"Halt+1","floor":19}],"player_experience":145561,"relics_obtained":[{"floor":9.0,"key":"trackpad:WondrousWand"},{"floor":10.0,"key":"Odd Mushroom"},{"floor":12.0,"key":"Pear"}],"event_choices":[{"cards_removed":["infinitespire:Pacifist"],"damage_healed":0.0,"max_hp_gain":0.0,"max_hp_loss":0.0,"gold_gain":0.0,"event_name":"Fountain of Cleansing","player_choice":"Removed Curses","floor":3.0,"gold_loss":0.0,"damage_taken":0.0},{"damage_healed":0.0,"max_hp_gain":0.0,"max_hp_loss":0.0,"gold_gain":0.0,"event_name":"Mushrooms","player_choice":"Fought Mushrooms","floor":10.0,"gold_loss":0.0,"damage_taken":0.0}],"is_beta":false,"boss_relics":[{"not_picked":["Ectoplasm","hubris:RunicObelisk"],"picked":"Philosopher\u0027s Stone"}],"items_purged_floors":[],"is_endless":false,"potions_floor_spawned":[1,4,5,10,16],"killed_by":"Centurion and Healer","ascension_level":0}}