{"host":"nx6t4q2fc0vdue7l","time":1611485542,"event":{"mods":["2.2 Compatiblity","BaseMod","Minty Spire (QoL Compilation)"],"gold_per_floor":[116,136,56,73,73,73,107,125,125,125,125,125,125,150,150,150,150],"floor_reached":16,"language":"ENG","playtime":1959,"items_purged":[],"score":115,"play_id":"5d3a5d97-98c0-4e24-9d88-c8278dd19d6d","local_time":"20210124115222","is_ascension_mode":true,"campfire_choices":[{"data":"Footwork","floor":6.0,"key":"SMITH"},{"floor":10.0,"key":"REST"},{"data":"Neutralize","floor":13.0,"key":"SMITH"},{"floor":15,"key":"REST"}],"circlet_count":0,"master_deck":["Strike_G","Strike_G","Strike_G","Strike_G","Defend_G","Defend_G","Defend_G","Defend_G","Defend_G","Survivor","Neutralize+1","Deadly Poison","Deflect","Footwork+1","Distraction+1","Venomology"],"relics":["Ring of the Snake","Ginger","The Specimen","Golden Idol"],"acts_visited":[],"potions_floor_usage":[16,16],"damage_taken":[{"damage":6.0,"enemies":"Jaw Worm","floor":1.0,"turns":7.0},{"damage":12.0,"enemies":"Small Slimes","floor":2.0,"turns":5.0},{"damage":0.0,"enemies":"2 Louse","floor":4.0,"turns":3.0},{"damage":45.0,"enemies":"Lagavulin","floor":7.0,"turns":11.0},{"damage":0.0,"enemies":"Exordium Thugs","floor":8.0,"turns":7.0},{"damage":7,"enemies":"Exordium Wildlife","floor":14,"turns":8},{"damage":47,"enemies":"The Guardian","floor":16,"turns":10}],"seed_played":"-1530724287858993881","potions_obtained":[{"floor":1.0,"key":"Ancient Potion"},{"floor":7.0,"key":"Dexterity Potion"},{"floor":14,"key":"ColorlessPotion"}],"is_trial":false,"path_per_floor":["M","M","$","M","?","R","E","M","T","R","?","?","R","M","R","B"],"character_chosen":"THE_SILENT","items_purchased":["Footwork"],"campfire_rested":2,"item_purchase_floors":[3],"current_hp_per_floor":[64,52,52,52,57,57,12,12,12,34,34,34,34,27,47,0,0],"gold":150,"neow_bonus":"REMOVE_CARD","is_daily":false,"chose_seed":false,"campfire_upgraded":2,"win_rate":0.0,"timestamp":1611485542,"path_taken":["M","M","$","M","?","R","E","M","T","R","?","?","R","M","R","BOSS"],"items_purchased_type":["Card"],"build_version":"2020-12-22","purchased_purges":0,"victory":false,"max_hp_per_floor":[70,70,70,70,75,75,75,75,75,75,75,69,69,69,69,69,69],"card_choices":[{"not_picked":["Deflect","PiercingWail"],"picked":"Deadly Poison","floor":1.0},{"not_picked":["Riddle With Holes","Leg Sweep"],"picked":"Deflect","floor":2.0},{"not_picked":["Bane","Sucker Punch"],"picked":"Distraction","floor":4.0},{"not_picked":["Dagger Throw","Deflect","Dodge and Roll"],"picked":"SKIP","floor":7.0},{"not_picked":["Dagger Throw","Heel Hook","Accuracy"],"picked":"SKIP","floor":8.0},{"not_picked":["Slice","Outmaneuver"],"picked":"Venomology","floor":14}],"player_experience":316768,"relics_obtained":[{"floor":7.0,"key":"Ginger"},{"floor":9.0,"key":"The Specimen"}],"event_choices":[{"damage_healed":0.0,"max_hp_gain":5.0,"max_hp_loss":0.0,"gold_gain":0.0,"event_name":"Big Fish","player_choice":"Donut","floor":5.0,"gold_loss":0.0,"damage_taken":0.0},{"damage_healed":0.0,"max_hp_gain":0.0,"max_hp_loss":0.0,"gold_gain":0.0,"event_name":"Living Wall","player_choice":"Grow","floor":11.0,"gold_loss":0.0,"damage_taken":0.0,"cards_upgraded":["Distraction"]},{"damage_healed":0.0,"max_hp_gain":0.0,"max_hp_loss":6.0,"gold_gain":0.0,"event_name":"Golden Idol","player_choice":"Lose Max HP","floor":12.0,"gold_loss":0.0,"damage_taken":0.0,"relics_obtained":["Golden Idol"]}],"is_beta":false,"boss_relics":[],"items_purged_floors":[],"is_endless":false,"potions_floor_spawned":[1,7,14],"killed_by":"The Guardian","ascension_level":3}}