{"host":"skx52d3x4g37h2em","time":1611447739,"event":{"mods":["Act Like it!","BaseMod","Colored Map","Downfall","Highlight Path","Minty Spire (QoL Compilation)","Quick Restart","Relic Sorter","Replay The Spire","StSLib"],"gold_per_floor":[99,109,127,139,49,60,60,90,90,123,138,154,154,171,189,285,285,285,303,303,9,24,44,44,44,44,73,73,89,16,16,26,124,124,124,138,149,149,161,172,172,31,57,72,96,96,107,124,144,144],"floor_reached":51,"language":"ENG","playtime":3974,"items_purged":["Guardian:Defend_Guardian","Guardian:Strike_Guardian"],"score":769,"play_id":"2aec3b3c-719b-4f06-8324-a750b91fbb99","local_time":"20210124032219","is_ascension_mode":false,"campfire_choices":[{"data":"Guardian:TwinSlam","floor":1,"key":"SMITH"},{"data":"Guardian:DonusPower","floor":9,"key":"SMITH"},{"floor":13,"key":"REST"},{"data":"Guardian:ConstructionForm","floor":18,"key":"SMITH"},{"data":"Guardian:Suspension","floor":25,"key":"SMITH"},{"floor":28,"key":"REST"},{"floor":35,"key":"RECALL"},{"floor":46,"key":"REST"}],"circlet_count":0,"master_deck":["Guardian:Strike_Guardian","Guardian:Strike_Guardian","Guardian:Defend_Guardian","Guardian:Defend_Guardian","Guardian:Defend_Guardian","Guardian:CurlUp","Guardian:TwinSlam+1","Guardian:ShieldCharger","Guardian:StasisField","Guardian:ChargeCore","Guardian:ShieldCharger","Guardian:DonusPower+1","Guardian:ConstructionForm+1","Guardian:TemporalStrike","Guardian:FloatingOrbs+1","Guardian:TimeSifter","Guardian:RevengeProtocol","Guardian:Suspension+1","Guardian:TemporalShield","Guardian:StasisField","Guardian:BodySlam","Guardian:PolyBeam","Guardian:FloatingOrbs+1"],"relics":["Honey Jar","Lizard Tail","StoneCalendar","The Courier","Empty Cage","Ornamental Fan","Replay:Bottled Snecko","Regal Pillow","Painkiller Herb","Guardian:BottledStasis","Frozen Egg 2","Happy Flower"],"acts_visited":["Exordium","TheCity","TheBeyond"],"potions_floor_usage":[27,27,33,38,50,50],"damage_taken":[{"damage":1,"enemies":"Cultist","floor":2,"turns":3},{"damage":0,"enemies":"Small Slimes","floor":3,"turns":2},{"damage":6,"enemies":"Jaw Worm","floor":4,"turns":3},{"damage":3,"enemies":"downfall:FleeingMerchant","floor":5,"turns":4},{"damage":4,"enemies":"Exordium Thugs","floor":6,"turns":6},{"damage":16,"enemies":"3 Sentries","floor":8,"turns":8},{"damage":20,"enemies":"Gremlin Nob","floor":10,"turns":4},{"damage":9,"enemies":"3 Louse","floor":11,"turns":4},{"damage":4,"enemies":"Exordium Wildlife","floor":12,"turns":5},{"damage":6,"enemies":"2 Fungi Beasts","floor":14,"turns":4},{"damage":0,"enemies":"Blue Slaver","floor":15,"turns":4},{"damage":0,"enemies":"DF_ARCHETYPE_STREAMLINE","floor":16,"turns":11},{"damage":30,"enemies":"3 Byrds","floor":19,"turns":6},{"damage":3,"enemies":"downfall:FleeingMerchant","floor":21,"turns":4},{"damage":17,"enemies":"Snake Plant","floor":22,"turns":6},{"damage":5,"enemies":"Cultist and Chosen","floor":23,"turns":7},{"damage":10,"enemies":"Slavers","floor":27,"turns":6},{"damage":0,"enemies":"Snecko","floor":29,"turns":4},{"damage":15,"enemies":"downfall:FleeingMerchant","floor":30,"turns":4},{"damage":7,"enemies":"Sentry and Sphere","floor":32,"turns":6},{"damage":4,"enemies":"SI_MIRROR_ARCHETYPE","floor":33,"turns":8},{"damage":11,"enemies":"3 Shapes","floor":36,"turns":4},{"damage":15,"enemies":"Orb Walker","floor":37,"turns":4},{"damage":0,"enemies":"Writhing Mass","floor":38,"turns":1},{"damage":0,"enemies":"Spire Growth","floor":39,"turns":5},{"damage":12,"enemies":"4 Shapes","floor":40,"turns":5},{"damage":13,"enemies":"downfall:FleeingMerchant","floor":42,"turns":4},{"damage":0,"enemies":"Giant Head","floor":43,"turns":7},{"damage":21,"enemies":"Jaw Worm Horde","floor":44,"turns":4},{"damage":4,"enemies":"Spire Growth","floor":47,"turns":5},{"damage":0,"enemies":"Maw","floor":48,"turns":6},{"damage":0,"enemies":"Transient","floor":49,"turns":5},{"damage":4,"enemies":"IC_BLOCK_ARCHETYPE","floor":50,"turns":14}],"seed_played":"-9195041405982981543","potions_obtained":[{"floor":3,"key":"Toxic Potion"},{"floor":4,"key":"Guardian:StasisDiscoveryPotion"},{"floor":8,"key":"SmokeBomb"},{"floor":12,"key":"champ:CounterPotion"},{"floor":14,"key":"Regen Potion"},{"floor":23,"key":"Guardian:AcceleratePotion"},{"floor":29,"key":"LifebloodPotion"},{"floor":32,"key":"bronze:BurnAndBuffPotion"},{"floor":37,"key":"Ancient Potion"},{"floor":44,"key":"SkillPotion"},{"floor":48,"key":"Energy Potion"}],"is_trial":false,"path_per_floor":["R","M","M","M","$","M","T","E","R","E","M","M","R","M","M","B",null,"R","M","?","$","M","M","T","R","?","E","R","M","$","?","M","B",null,"T","?","?","?","?","?","T","T","E","?","?","T","?","?","?","B",null],"character_chosen":"GUARDIAN","items_purchased":["Ornamental Fan","Guardian:BodySlam","Guardian:BottledStasis"],"campfire_rested":3,"item_purchase_floors":[21,30,42],"current_hp_per_floor":[80,79,79,73,70,66,66,50,50,30,21,17,41,35,35,35,80,80,50,50,47,30,25,25,25,25,30,69,69,54,54,47,43,80,80,69,54,54,54,42,42,29,29,8,8,47,43,43,43,39],"gold":144,"neow_bonus":"BOSS_RELIC","is_daily":false,"chose_seed":false,"campfire_upgraded":4,"win_rate":0.0,"timestamp":1611447739,"path_taken":["R","M","M","M","$","M","T","E","R","E","?","M","R","M","M","BOSS","R","M","?","$","M","?","T","R","?","E","R","M","?","?","M","BOSS","T","?","?","?","?","?","T","T","E","?","?","T","?","?","?","BOSS"],"items_purchased_type":["Relic","Card","Relic"],"build_version":"2020-12-22","purchased_purges":2,"victory":true,"max_hp_per_floor":[80,80,80,80,80,80,80,80,80,80,80,80,80,80,80,80,80,80,80,80,80,80,80,80,80,80,80,80,80,80,80,80,80,80,80,80,80,80,80,80,80,80,80,80,80,80,80,80,80,80],"card_choices":[{"not_picked":["Guardian:Gem_Cyan","Guardian:Reroute","Guardian:Gem_Green"],"picked":"Guardian:CrystalBeam","floor":2},{"not_picked":["Guardian:Gem_Green","Guardian:Emergency","Guardian:WalkerClaw"],"picked":"Guardian:ShieldCharger","floor":3},{"not_picked":["Guardian:BodySlam","Guardian:TemporalStrike","Guardian:Gem_Green"],"picked":"Guardian:StasisField","floor":4},{"not_picked":["Guardian:Preprogram","Guardian:CrystalBeam","Guardian:SpikerProtocol"],"picked":"Guardian:ChargeCore","floor":5},{"not_picked":["Guardian:PiercingHide","Guardian:ArmoredProtocol","Guardian:SpikerProtocol"],"picked":"Guardian:ShieldCharger","floor":6},{"not_picked":["Guardian:TimeBomb","Guardian:BronzeOrb","Guardian:Recover"],"picked":"Guardian:DonusPower","floor":8},{"not_picked":["Guardian:RefractedBeam","Guardian:Gem_Crimson","Guardian:EvasiveProtocol"],"picked":"Guardian:ConstructionForm","floor":10},{"not_picked":["Guardian:TemporalShield","Guardian:Suspension","Guardian:BodySlam"],"picked":"Guardian:TemporalStrike","floor":11},{"not_picked":["Guardian:Incinerate","Guardian:Gem_Lightblue","Guardian:ShieldCharger"],"picked":"Guardian:FloatingOrbs","floor":12},{"not_picked":["Guardian:BronzeArmor","Guardian:Gem_Purple","Guardian:CrystalBeam"],"picked":"Guardian:Gem_White","floor":14},{"not_picked":["Guardian:WalkerClaw","Guardian:Gem_Lightblue","Guardian:ShieldCharger"],"picked":"Guardian:TimeSifter","floor":15},{"not_picked":["Guardian:HyperBeam_Guardian","Guardian:StasisField","Guardian:SphericShield"],"picked":"Guardian:RevengeProtocol","floor":16},{"not_picked":["Guardian:RollAttack+1","Guardian:Gem_Green","Guardian:Gem_Cyan"],"picked":"Guardian:Suspension","floor":19},{"not_picked":["Guardian:WalkerClaw","Guardian:AncientConstruct","Guardian:Repulse+1"],"picked":"Guardian:Gem_Red","floor":21},{"not_picked":["Guardian:ShieldCharger+1","Guardian:Recover","Guardian:Gem_Red"],"picked":"Guardian:Gem_Yellow","floor":22},{"not_picked":["Guardian:TemporalShield","Guardian:ChargeCore","Guardian:BronzeArmor+1","Guardian:TemporalStrike"],"picked":"SKIP","floor":23},{"not_picked":["Guardian:PrismaticBarrier","Guardian:PrimingBeam+1","Guardian:ChargeCore","Guardian:Emergency"],"picked":"SKIP","floor":27},{"not_picked":["Guardian:GuardianWhirl","Guardian:HyperBeam_Guardian","Guardian:VentSteam"],"picked":"Guardian:TemporalShield","floor":29},{"not_picked":["Guardian:PiercingHide+1","Guardian:Gem_Cyan","Guardian:RollAttack"],"picked":"Guardian:StasisField","floor":30},{"not_picked":["Guardian:TimeBomb","Guardian:Gem_Cyan","Guardian:PrismaticBeam","Guardian:PrimingBeam"],"picked":"SKIP","floor":32},{"not_picked":["Guardian:VentSteam","Guardian:PiercingHide+1","Guardian:RollAttack"],"picked":"Guardian:PolyBeam","floor":36},{"not_picked":["Guardian:PrismaticBeam+1","Guardian:Suspension+1","Guardian:Reroute+1","Guardian:PiercingHide+1"],"picked":"SKIP","floor":37},{"not_picked":["Guardian:PrimingBeam","Guardian:TemporalShield","Guardian:CrystalBeam","Guardian:Gem_Red"],"picked":"SKIP","floor":39},{"not_picked":["Guardian:PrimingBeam","Guardian:PolyBeam","Guardian:ChargeCore+1","Guardian:Planning+1"],"picked":"SKIP","floor":40},{"not_picked":["Guardian:BodySlam","Guardian:AncientConstruct","Guardian:PiercingHide+1","Guardian:TemporalStrike+1"],"picked":"SKIP","floor":42},{"not_picked":["Guardian:Gem_Yellow","Guardian:Gem_Red","Guardian:EvasiveProtocol+1","Guardian:Planning"],"picked":"SKIP","floor":43},{"not_picked":["Guardian:Incinerate+1","Guardian:PolyBeam+1","Guardian:PiercingHide+1","Guardian:ShieldCharger+1"],"picked":"SKIP","floor":44},{"not_picked":["Guardian:DonusPower+1","Guardian:Reroute+1","Guardian:Gem_White"],"picked":"Guardian:FloatingOrbs+1","floor":47},{"not_picked":["Guardian:Gem_Fragmented","Guardian:Planning","Guardian:Gem_Red","Guardian:Gem_Crimson"],"picked":"SKIP","floor":48},{"not_picked":["Guardian:EvasiveProtocol+1","Guardian:ArmoredProtocol+1","Guardian:PrimingBeam+1","Guardian:BaubleBeam"],"picked":"SKIP","floor":49}],"player_experience":143389,"relics_obtained":[{"floor":7,"key":"Lizard Tail"},{"floor":8,"key":"StoneCalendar"},{"floor":10,"key":"The Courier"},{"floor":24,"key":"Replay:Bottled Snecko"},{"floor":27,"key":"Regal Pillow"},{"floor":43,"key":"Frozen Egg 2"},{"floor":45,"key":"Happy Flower"}],"event_choices":[{"damage_healed":0,"gold_gain":0,"player_choice":"Got Potions","damage_taken":0,"max_hp_gain":0,"max_hp_loss":0,"event_name":"Lab","floor":26,"gold_loss":0}],"is_beta":false,"boss_relics":[{"not_picked":["Snecko Eye","Busted Crown"],"picked":"Empty Cage"},{"not_picked":["Runic Pyramid","Kintsugi"],"picked":"Painkiller Herb"}],"items_purged_floors":[5,21],"is_endless":false,"potions_floor_spawned":[3,4,8,12,14,23,29,32,37,38,44,48],"ascension_level":0}}