{"host":"g2yp6paluzgljz05","time":1611469881,"event":{"mods":["BaseMod","Bestiary","Colored Powertips","DeckTracker","Highlight Path","Minty Spire (QoL Compilation)","Quick Restart"],"gold_per_floor":[112,112,112,130,148,148,179,190,190,115,115,115],"floor_reached":11,"language":"ENG","playtime":779,"items_purged":["Regret"],"score":77,"play_id":"5c6d6327-0e4a-4ee9-9091-5b3c0e571545","local_time":"20210124173121","is_ascension_mode":true,"campfire_choices":[{"data":"Choke","floor":6,"key":"SMITH"}],"circlet_count":0,"master_deck":["Strike_G","Strike_G","Strike_G","Strike_G","Strike_G","Defend_G","Defend_G","Defend_G","Defend_G","Defend_G","Survivor","Neutralize","Bullet Time","Choke+1","Prepared","Adrenaline","Acrobatics"],"relics":["Ring of the Snake","White Beast Statue","Question Card","Bronze Scales","Ancient Tea Set"],"acts_visited":["Exordium"],"potions_floor_usage":[7,8,8],"damage_taken":[{"damage":8,"enemies":"Jaw Worm","floor":1,"turns":5},{"damage":0,"enemies":"2 Louse","floor":4,"turns":2},{"damage":0,"enemies":"Small Slimes","floor":5,"turns":3},{"damage":32,"enemies":"3 Sentries","floor":7,"turns":11},{"damage":15,"enemies":"Exordium Thugs","floor":8,"turns":3},{"damage":21,"enemies":"Lagavulin","floor":11,"turns":5}],"seed_played":"-1160811903893738366","potions_obtained":[{"floor":1,"key":"SpeedPotion"},{"floor":4,"key":"AttackPotion"},{"floor":5,"key":"DistilledChaos"},{"floor":7,"key":"Regen Potion"},{"floor":8,"key":"Weak Potion"}],"is_trial":false,"path_per_floor":["M","?","T","M","M","R","E","M","T","$","E"],"character_chosen":"THE_SILENT","items_purchased":[],"campfire_rested":0,"item_purchase_floors":[],"current_hp_per_floor":[55,55,55,55,55,55,23,13,13,13,0,0],"gold":115,"neow_bonus":"THREE_RARE_CARDS","is_daily":false,"chose_seed":false,"campfire_upgraded":1,"win_rate":0.0,"timestamp":1611469881,"path_taken":["M","?","?","M","M","R","E","?","T","$","E"],"items_purchased_type":[],"build_version":"2020-12-22","purchased_purges":1,"victory":false,"max_hp_per_floor":[63,63,63,63,63,63,63,63,63,63,63,63],"card_choices":[{"not_picked":["Wraith Form v2","Malaise"],"picked":"Bullet Time","floor":0},{"not_picked":["Poisoned Stab","Dodge and Roll"],"picked":"Choke","floor":1},{"not_picked":["Heel Hook","Choke","Blade Dance"],"picked":"Prepared","floor":4},{"not_picked":["Flying Knee","Finisher","Caltrops","PiercingWail"],"picked":"SKIP","floor":5},{"not_picked":["Die Die Die","Underhanded Strike","Infinite Blades"],"picked":"Adrenaline","floor":7},{"not_picked":["Deflect","Dagger Throw","Reflex"],"picked":"Acrobatics","floor":8}],"player_experience":246113,"relics_obtained":[{"floor":3,"key":"Question Card"},{"floor":7,"key":"Bronze Scales"},{"floor":9,"key":"Ancient Tea Set"}],"event_choices":[{"damage_healed":0,"gold_gain":0,"player_choice":"Box","damage_taken":0,"relics_obtained":["White Beast Statue"],"max_hp_gain":0,"max_hp_loss":0,"event_name":"Big Fish","floor":2,"gold_loss":0,"cards_obtained":["Regret"]}],"is_beta":false,"boss_relics":[],"items_purged_floors":[10],"is_endless":false,"potions_floor_spawned":[1,4,5,7,8],"killed_by":"Lagavulin","ascension_level":1}}