{"host":"KYO","time":1611456763,"event":{"mods":["ATMod(°¢èªMod)","BaseMod","Minty Spire (QoL Compilation)","Permanent Neow","Replay The Spire","Shop Mod","StSLib","SuperFastMode","TestMod","[IsaacMod]ÒÔÈö¼âËþ","¡¾ÒÅÎï¿¨ÅÆ¡¿REMEMod"],"gold_per_floor":[112,112,124,138,156,486,533,533,533,533,553,586,250,260,260,332,332,349,349,363,87,487,518,567,593,617,632,644,679,378,409,409,488,488,501,501,515,525,437,463,480,513,513,540,554,570,596,611,611,611,611,611,611,19,48,48],"floor_reached":57,"language":"ZHS","playtime":3298,"items_purged":["Regret","Strike_B","CommonCold"],"score":2686,"play_id":"b5de2d21-d714-4663-9588-e52364144bd2","local_time":"20210124105243","is_ascension_mode":true,"campfire_choices":[{"floor":8.0,"key":"REST"},{"data":"testmod-Reverberation","floor":10.0,"key":"SMITH"},{"data":"Barrage","floor":15.0,"key":"SMITH"},{"data":"Dualcast","floor":32.0,"key":"SMITH"},{"floor":49,"key":"RECALL"},{"floor":53,"key":"REST"}],"circlet_count":0,"master_deck":["AscendersBane","Defend_B+1","Defend_B+1","Zap+1","Dualcast+1","AT_FamilyPortrait+1","testmod-Reverberation+1","Barrage+1","Chill+1","Coolheaded+1","ReplayTheSpireMod:Calculation Training+1","Conserve Battery+1","Time Bomb+1","BasicCrystalCard+1","Loop+1","Bandage Up+1","Capacitor+1","BasicCrystalCard+1","Panic Button+1","Electrodynamics+1","Panic Button+1","White Noise+1","Panic Button+1","Storm+1","AT_StudyProgram+1","Defragment+1","Glacier+1","Mirror Shield+1","Pulse+1","Seek+1","Coolheaded+1","Multi-Cast+1","Fan+1","AT_ThunderBolt+1","ReplayTheSpireMod:GoodbyeWorld+1","AT_DarkMatter+1","Rainbow+1","Crystallizer+1","AT_EMC2+1","REME_FirmDetermination+1","Recycle+1"],"relics":["Cracked Core","HushsDoor","REME_ComplimentaryCards","testmod-TestBox","PillsDrop","testmod-Nine","testmod-IndustrialRevolution","Prayer Wheel","DataDisk","TheBean","Toxic Egg 2","REME_PuzzleBoxRelic","REME_LimitBreaker","MerchantsRug","testmod-BloodSacrificeSpiritualization","Frozen Egg 2","Bottled Lightning","Red Mask","Toy Ornithopter","PreservedInsect","Pet Ghost","Ornamental Fan","AT_ImmortalShieldbow","testmod-OneHitWonder","The Courier","BelialBook","AT_ArchangelStaff","ReplayTheSpireMod:CursedCoin","Sundial","testmod-TurbochargingSystem","Boot","Vajra","Mummified Hand","TheBible"],"acts_visited":["Exordium","TheCity","TheBeyond","TheEnding"],"potions_floor_usage":[56],"damage_taken":[{"damage":4.0,"enemies":"Jaw Worm","floor":1.0,"turns":4.0},{"damage":17.0,"enemies":"2 Louse","floor":3.0,"turns":3.0},{"damage":6.0,"enemies":"Cultist","floor":4.0,"turns":3.0},{"damage":0.0,"enemies":"Gremlin Gang","floor":5.0,"turns":1.0},{"damage":40.0,"enemies":"3 Sentries","floor":6.0,"turns":5.0},{"damage":0.0,"enemies":"Blue Slaver","floor":7.0,"turns":2.0},{"damage":0.0,"enemies":"Large Slime","floor":11.0,"turns":1.0},{"damage":6.0,"enemies":"Lagavulin","floor":12.0,"turns":5.0},{"damage":0.0,"enemies":"Looter","floor":14.0,"turns":1.0},{"damage":13.0,"enemies":"Hexaghost","floor":16.0,"turns":6.0},{"damage":3.0,"enemies":"Chosen","floor":18.0,"turns":3.0},{"damage":16.0,"enemies":"2 Thieves","floor":20.0,"turns":3.0},{"damage":29.0,"enemies":"REME_1_Revenger","floor":23.0,"turns":3.0},{"damage":3.0,"enemies":"Sentry and Sphere","floor":24.0,"turns":2.0},{"damage":18.0,"enemies":"Book of Stabbing","floor":25.0,"turns":5.0},{"damage":3.0,"enemies":"Centurion and Healer","floor":27.0,"turns":4.0},{"damage":3.0,"enemies":"Cultist and Chosen","floor":28.0,"turns":3.0},{"damage":3.0,"enemies":"Masked Bandits","floor":29.0,"turns":2.0},{"damage":3.0,"enemies":"Slavers","floor":31.0,"turns":2.0},{"damage":14.0,"enemies":"Collector","floor":33.0,"turns":11.0},{"damage":2.0,"enemies":"3 Shapes","floor":35.0,"turns":1.0},{"damage":3.0,"enemies":"3 Darklings","floor":37.0,"turns":2.0},{"damage":6.0,"enemies":"Writhing Mass","floor":38.0,"turns":5.0},{"damage":1.0,"enemies":"Giant Head","floor":40.0,"turns":5.0},{"damage":1.0,"enemies":"Jaw Worm Horde","floor":41.0,"turns":1.0},{"damage":0.0,"enemies":"Nemesis","floor":42.0,"turns":3.0},{"damage":0.0,"enemies":"R_Hoarder","floor":44.0,"turns":3.0},{"damage":0.0,"enemies":"Maw","floor":45.0,"turns":4.0},{"damage":0.0,"enemies":"Spire Growth","floor":46.0,"turns":3.0},{"damage":0,"enemies":"Sphere and 2 Shapes","floor":48,"turns":1},{"damage":3,"enemies":"Donu and Deca","floor":50,"turns":4},{"damage":3,"enemies":"Replay:Hell Engine","floor":51,"turns":6},{"damage":3,"enemies":"Shield and Spear","floor":55,"turns":3},{"damage":7,"enemies":"The Heart","floor":56,"turns":5}],"seed_played":"3510299483396564371","potions_obtained":[{"floor":4.0,"key":"Swift Potion"},{"floor":5.0,"key":"Dexterity Potion"},{"floor":6.0,"key":"REME_GoldPotion"},{"floor":6.0,"key":"Swift Potion"},{"floor":14.0,"key":"SkillPotion"},{"floor":18.0,"key":"Elixir"},{"floor":25.0,"key":"CultistPotion"},{"floor":28.0,"key":"Elixir"},{"floor":29.0,"key":"Doom Potion"},{"floor":33.0,"key":"Strength Potion"},{"floor":35.0,"key":"Swift Potion"},{"floor":40.0,"key":"DistilledChaos"},{"floor":48,"key":"Block Potion"}],"is_trial":false,"path_per_floor":["M","?","M","M","M","E","M","R","T","R","M","E","$","M","R","B",null,"M","?","M","$","?","E","M","E","T","M","M","?","$","E","R","B",null,"M","?","M","M","$","E","M","E","T","E","M","M","T","M","R","B","B",null,"R","$","E","B",null],"character_chosen":"DEFECT","items_purchased":["MerchantsRug","Bandage Up+1","Capacitor","BargainBundle","REME_GoldPotion","Fire Potion","Adrenaline Potion","Storm","Bomb","Guide Book","Toy Ornithopter","Pet Ghost","REME_FirmDetermination+1","ReplayTheSpireMod:CursedCoin","Sundial","testmod-TurbochargingSystem","Boot","Vajra","Mummified Hand"],"campfire_rested":2,"item_purchase_floors":[13,13,13,21,21,21,21,21,21,30,30,39,54,54,54,54,54,54,54],"current_hp_per_floor":[60,60,48,42,42,2,2,12,12,12,12,6,21,37,37,24,35,38,38,28,39,39,10,18,6,6,9,12,15,30,33,33,25,25,25,25,15,11,16,16,15,15,15,18,18,19,19,22,22,19,12,13,13,13,11,9],"gold":48,"neow_bonus":"REMOVE_TWO","is_daily":false,"chose_seed":false,"campfire_upgraded":3,"win_rate":0.0,"timestamp":1611456763,"path_taken":["M","?","M","?","M","E","M","R","T","R","?","E","$","M","R","BOSS","M","?","M","$","?","E","M","E","T","M","M","?","$","E","R","BOSS","M","?","?","M","?","E","?","E","T","E","M","M","?","M","R","BOSS","BOSS","R","$","E","BOSS"],"items_purchased_type":["Relic","Card","Card","Relic","Potion","Potion","Potion","Card","Card","Relic","Relic","Relic","Card","Relic","Relic","Relic","Relic","Relic","Relic"],"build_version":"2020-12-18","purchased_purges":3,"victory":true,"max_hp_per_floor":[64,64,64,59,54,36,36,36,36,36,36,36,36,39,39,39,39,39,39,39,39,39,39,39,39,39,39,39,34,34,34,34,25,25,25,25,16,16,16,16,16,16,16,19,19,19,19,22,22,22,13,13,13,13,13,13],"card_choices":[{"not_picked":[],"picked":"SuicideKing","floor":0.0},{"not_picked":["REME_DataAnalysis","AT_HeatAcrobatics"],"picked":"Bomb","floor":1.0},{"not_picked":["Streamline","Compile Driver"],"picked":"Barrage","floor":3.0},{"not_picked":["Sweeping Beam","Fusion","Hologram"],"picked":"SKIP","floor":4.0},{"not_picked":["Rebound","Consume"],"picked":"ReplayTheSpireMod:Fabricate Wheel","floor":5.0},{"not_picked":["Heatsinks","Beam Cell"],"picked":"Chill+1","floor":6.0},{"not_picked":["Leap+1","Steam+1"],"picked":"Coolheaded+1","floor":6.0},{"not_picked":["Amplify+1","Compile Driver"],"picked":"ReplayTheSpireMod:Calculation Training+1","floor":6.0},{"not_picked":["Fan+1","Lockon"],"picked":"Conserve Battery+1","floor":7.0},{"not_picked":["Redo+1","Conserve Battery+1"],"picked":"Time Bomb+1","floor":7.0},{"not_picked":["Barrage","Rebound"],"picked":"BasicCrystalCard+1","floor":11.0},{"not_picked":["Compile Driver","Gash"],"picked":"Loop","floor":11.0},{"not_picked":["Barrage","Rebound","Steam+1"],"picked":"SKIP","floor":12.0},{"not_picked":["Barrage","Sweeping Beam"],"picked":"BasicCrystalCard+1","floor":14.0},{"not_picked":["Conserve Battery+1","AT_WarpDrive+1"],"picked":"Panic Button+1","floor":14.0},{"not_picked":["Meteor Strike","Creative AI"],"picked":"Electrodynamics","floor":16.0},{"not_picked":["Conserve Battery+1","Compile Driver"],"picked":"Panic Button+1","floor":18.0},{"not_picked":["Hologram+1","Stack+1"],"picked":"White Noise+1","floor":18.0},{"not_picked":["Creative AI","Rebound"],"picked":"Panic Button+1","floor":20.0},{"not_picked":["Beam Cell","Sweeping Beam","Hologram+1"],"picked":"SKIP","floor":20.0},{"not_picked":["Rip and Tear+1","Beam Cell+1"],"picked":"AT_StudyProgram","floor":23.0},{"not_picked":["Conserve Battery+1","Beam Cell"],"picked":"Defragment","floor":24.0},{"not_picked":["ReplayTheSpireMod:Calculation Training+1","AT_HeatAcrobatics+1","AT_DarkMatter+1"],"picked":"SKIP","floor":24.0},{"not_picked":["ReplayTheSpireMod:Reroute Power+1","ReplayTheSpireMod:GoodbyeWorld+1","Steam+1"],"picked":"SKIP","floor":25.0},{"not_picked":["Fan+1","Beam Cell"],"picked":"Glacier+1","floor":27.0},{"not_picked":["Go for the Eyes","Skim+1"],"picked":"Mirror Shield+1","floor":27.0},{"not_picked":["Stack+1","Cold Snap","Compile Driver+1"],"picked":"SKIP","floor":28.0},{"not_picked":["Time Bomb+1","Streamline","Tempest+1"],"picked":"SKIP","floor":28.0},{"not_picked":["Redo+1","Beam Cell"],"picked":"Pulse+1","floor":31.0},{"not_picked":["ReplayRNGCard+1","Mirror Shield+1"],"picked":"Seek+1","floor":33.0},{"not_picked":["Redo+1","Go for the Eyes+1"],"picked":"Coolheaded+1","floor":35.0},{"not_picked":["AT_StudyProgram+1","Rebound+1","Ball Lightning"],"picked":"SKIP","floor":35.0},{"not_picked":["AT_HeatAcrobatics+1","Sweeping Beam"],"picked":"Multi-Cast+1","floor":37.0},{"not_picked":["Turbo+1","Beam Cell","Gash"],"picked":"SKIP","floor":37.0},{"not_picked":["Compile Driver","FTL"],"picked":"Fan+1","floor":38.0},{"not_picked":["AT_HeatAcrobatics+1","Doom and Gloom+1"],"picked":"AT_ThunderBolt+1","floor":38.0},{"not_picked":["Hologram+1","Hello World+1"],"picked":"ReplayTheSpireMod:GoodbyeWorld+1","floor":40.0},{"not_picked":["Steam+1","Barrage+1","Coolheaded+1"],"picked":"SKIP","floor":41.0},{"not_picked":["Coolheaded+1","Streamline","Redo+1"],"picked":"SKIP","floor":41.0},{"not_picked":["ReplayTheSpireMod:Reroute Power+1","Rebound+1"],"picked":"AT_DarkMatter+1","floor":42.0},{"not_picked":["Cold Snap","AT_HeatAcrobatics+1"],"picked":"Rainbow+1","floor":44.0},{"not_picked":["Consume+1","Genetic Algorithm+1"],"picked":"Crystallizer+1","floor":45.0},{"not_picked":["Genetic Algorithm+1","Rebound","Self Repair+1"],"picked":"SKIP","floor":45.0},{"not_picked":["Redo+1","BasicCrystalCard+1","Genetic Algorithm+1"],"picked":"SKIP","floor":46.0},{"not_picked":["Stack+1","Leap+1","Sweeping Beam+1"],"picked":"SKIP","floor":46.0},{"not_picked":["Rebound+1","Streamline"],"picked":"AT_EMC2+1","floor":48},{"not_picked":["Rip and Tear","Ball Lightning","Turbo+1"],"picked":"SKIP","floor":48},{"not_picked":["Ball Lightning+1","ReplaySolidLightProjector+1"],"picked":"Recycle+1","floor":55}],"player_experience":665409,"relics_obtained":[{"floor":6.0,"key":"Akabeko"},{"floor":6.0,"key":"DataDisk"},{"floor":6.0,"key":"TheBean"},{"floor":6.0,"key":"Toxic Egg 2"},{"floor":6.0,"key":"Replay:Bottled Eggs"},{"floor":6.0,"key":"REME_PuzzleBoxRelic"},{"floor":6.0,"key":"MealTicket"},{"floor":9.0,"key":"Matryoshka"},{"floor":12.0,"key":"REME_LimitBreaker"},{"floor":23.0,"key":"Potion Belt"},{"floor":25.0,"key":"Frozen Egg 2"},{"floor":26.0,"key":"Bottled Lightning"},{"floor":29.0,"key":"Red Mask"},{"floor":31.0,"key":"PreservedInsect"},{"floor":40.0,"key":"Ornamental Fan"},{"floor":42.0,"key":"AT_ImmortalShieldbow"},{"floor":43.0,"key":"testmod-OneHitWonder"},{"floor":43.0,"key":"The Courier"},{"floor":44.0,"key":"BelialBook"},{"floor":47.0,"key":"AT_ArchangelStaff"},{"floor":55,"key":"TheBible"}],"event_choices":[{"damage_healed":0.0,"max_hp_gain":0.0,"max_hp_loss":0.0,"gold_gain":0.0,"event_name":"Big Fish","player_choice":"Box","floor":2.0,"gold_loss":0.0,"damage_taken":0.0,"relics_obtained":["testmod-IndustrialRevolution"],"cards_obtained":["Regret"]},{"damage_healed":0.0,"max_hp_gain":0.0,"max_hp_loss":0.0,"gold_gain":0.0,"event_name":"The Mausoleum","player_choice":"Ignored","floor":19.0,"gold_loss":0.0,"damage_taken":0.0},{"damage_healed":0.0,"max_hp_gain":0.0,"max_hp_loss":0.0,"gold_gain":400.0,"event_name":"¶÷ÂåË¹µÄÅÌ×Ó","player_choice":"Sell","floor":22.0,"relics_lost":["AT_ATBox"],"gold_loss":0.0,"damage_taken":0.0},{"damage_healed":0.0,"max_hp_gain":0.0,"max_hp_loss":0.0,"gold_gain":0.0,"event_name":"Masked Bandits","player_choice":"Fought Bandits","floor":29.0,"gold_loss":0.0,"damage_taken":0.0},{"cards_removed":["Defend_B"],"damage_healed":0.0,"max_hp_gain":0.0,"max_hp_loss":0.0,"gold_gain":0.0,"event_name":"Falling","player_choice":"Removed Skill","floor":36.0,"gold_loss":0.0,"damage_taken":0.0}],"is_beta":true,"boss_relics":[{"not_picked":["Ectoplasm","SlaversCollar"],"picked":"testmod-BloodSacrificeSpiritualization"},{"not_picked":[]},{"not_picked":["testmod-IncinerationGenerator","testmod-Fanaticism"],"picked":"Empty Cage"},{"not_picked":[]}],"items_purged_floors":[21,30,54],"is_endless":false,"potions_floor_spawned":[4,5,6,14,18,25,28,29,33,35,40,46,48],"ascension_level":20}}