{"host":"njb27ds59h4j3ikk","time":1611517053,"event":{"mods":["AchievementEnabler","BaseMod","Better Altar","Better Match","Better Note","Better Sensory Stone","Better Skull","Better Third Choice","BetterRewards","Downfall","Hermit","Hubris","Minty Spire (QoL Compilation)","Permanent Neow","Quarter Circle Forward PUNCH!","Quick Restart","Rare Cards Sparkle","Shop Mod","StSLib","Trackpad","Transform Curses"],"gold_per_floor":[114,214,231,231,166,201,101,145,192,117,133,152,191,210,210,304,304,320,68,93,118,118,118,158,158,184,184,202,44,80,96,96,192,192,215,115,133,133,149,184,184,217,217,217,258,89,89,128,128,128,128,128,128,11,38,38],"floor_reached":57,"language":"ENG","playtime":2198,"items_purged":["Normality","hubris:Sloth","downfall:Haunted"],"score":3977,"play_id":"853e69c6-3ae1-4dab-96e0-0466d239bf26","local_time":"20210124143733","is_ascension_mode":true,"campfire_choices":[{"data":"Cleave","floor":15.0,"key":"SMITH"},{"data":"hubris:EnhanceAbility","floor":23.0,"key":"SMITH"},{"data":"Die Die Die","floor":25.0,"key":"SMITH"},{"data":"Bash","floor":32.0,"key":"SMITH"},{"floor":41.0,"key":"RECALL"},{"data":"Strike_R","floor":47.0,"key":"SMITH"},{"data":"Defend_R","floor":49.0,"key":"SMITH"},{"floor":53,"key":"REST"}],"circlet_count":0,"master_deck":["AscendersBane","Strike_R+1","Strike_R+1","Strike_R+1","Strike_R+1","Defend_R+1","Defend_R+1","Bash+1","Dramatic Entrance+1","Pommel Strike+1","Twin Strike+1","Good Instincts+1","Cleave+1","Power Through+1","downfall:Icky","Offering+1","Injury","Shockwave+1","Immolate+1","Fire Breathing+1","hubris:EnhanceAbility+1","Disarm+1","Die Die Die+1","Pummel+1","Offering+1","Writhe","Intimidate+1","Pommel Strike+1","hubris:EnhanceAbility+1"],"relics":["Burning Blood","hubris:GlazedTorus","Singing Bowl","Anchor","MerchantsRug","hubris:OldNail","Bird Faced Urn","trackpad:BiPhaseBiplane","MealTicket","qcfpunch:Fighting_Gloves","Darkstone Periapt","hubris:SlimyHat","hubris:MysteriousPyramids","Happy Flower","qcfpunch:Red_Beret","trackpad:DemonHeart","qcfpunch:Red_Headband","Lantern","Oddly Smooth Stone","FossilizedHelix","champ:Barbells","Smiling Mask","Mark of Pain","qcfpunch:Necklace_of_Skulls","Mercury Hourglass","hubris:SphereOfDissonance","Medical Kit","Bronze Scales","DollysMirror","trackpad:AdjectivePendant","hubris:DisguiseKit"],"acts_visited":["Exordium","TheCity","TheBeyond","TheEnding"],"potions_floor_usage":[56],"damage_taken":[{"damage":0.0,"enemies":"2 Louse","floor":1.0,"turns":2.0},{"damage":0.0,"enemies":"Jaw Worm","floor":3.0,"turns":2.0},{"damage":30.0,"enemies":"Gremlin Nob","floor":6.0,"turns":4.0},{"damage":26.0,"enemies":"Lagavulin","floor":8.0,"turns":4.0},{"damage":0.0,"enemies":"Cultist","floor":11.0,"turns":2.0},{"damage":0.0,"enemies":"3 Louse","floor":12.0,"turns":2.0},{"damage":6.0,"enemies":"Gremlin Nob","floor":13.0,"turns":3.0},{"damage":4.0,"enemies":"Red Slaver","floor":14.0,"turns":2.0},{"damage":72.0,"enemies":"Hexaghost","floor":16.0,"turns":8.0},{"damage":6.0,"enemies":"Shell Parasite","floor":18.0,"turns":1.0},{"damage":6.0,"enemies":"2 Thieves","floor":20.0,"turns":1.0},{"damage":0.0,"enemies":"Centurion and Healer","floor":21.0,"turns":2.0},{"damage":14.0,"enemies":"Book of Stabbing","floor":24.0,"turns":3.0},{"damage":0.0,"enemies":"Snake Plant","floor":28.0,"turns":3.0},{"damage":0.0,"enemies":"Slavers","floor":30.0,"turns":2.0},{"damage":6.0,"enemies":"Sentry and Sphere","floor":31.0,"turns":3.0},{"damage":3.0,"enemies":"Automaton","floor":33.0,"turns":6.0},{"damage":0.0,"enemies":"Orb Walker","floor":35.0,"turns":2.0},{"damage":0.0,"enemies":"3 Shapes","floor":37.0,"turns":1.0},{"damage":0.0,"enemies":"Transient","floor":39.0,"turns":6.0},{"damage":0.0,"enemies":"Reptomancer","floor":40.0,"turns":2.0},{"damage":0.0,"enemies":"Nemesis","floor":42.0,"turns":3.0},{"damage":0.0,"enemies":"Reptomancer","floor":45.0,"turns":1.0},{"damage":0.0,"enemies":"Nemesis","floor":48.0,"turns":1.0},{"damage":6,"enemies":"Awakened One","floor":50,"turns":5},{"damage":18,"enemies":"Time Eater","floor":51,"turns":4},{"damage":0,"enemies":"Shield and Spear","floor":55,"turns":2},{"damage":56,"enemies":"The Heart","floor":56,"turns":7}],"seed_played":"8311110841620754926","potions_obtained":[{"floor":1.0,"key":"SpeedPotion"},{"floor":3.0,"key":"LiquidMemories"},{"floor":12.0,"key":"Weak Potion"},{"floor":16.0,"key":"DuplicationPotion"},{"floor":18.0,"key":"hexamod:SoulburnPotion"},{"floor":28.0,"key":"AttackPotion"},{"floor":40.0,"key":"BloodPotion"}],"is_trial":false,"path_per_floor":["M","?","M","?","$","E","$","E","T","?","M","M","E","M","R","B",null,"M","$","M","M","?","R","E","R","T","T","M","$","E","M","R","B",null,"M","NS","M","?","M","E","R","E","T","?","E","$","R","E","R","B","B",null,"R","$","E","B",null],"character_chosen":"IRONCLAD","items_purchased":["Dramatic Entrance","Singing Bowl","Anchor","Pommel Strike","Twin Strike","MerchantsRug","Good Instincts","Whetstone","hubris:OldNail","Cleave","trackpad:BiPhaseBiplane","MealTicket","Fire Breathing","hubris:EnhanceAbility","champ:Barbells","Medical Kit","DollysMirror","trackpad:AdjectivePendant"],"campfire_rested":1,"item_purchase_floors":[0,0,0,0,0,0,0,0,0,0,0,0,19,19,29,46,54,54],"current_hp_per_floor":[74,109,112,118,118,96,111,93,93,93,101,109,111,113,113,47,108,110,125,127,132,132,132,128,128,128,128,134,134,136,138,138,138,138,140,140,142,148,150,150,150,150,150,150,152,152,152,154,154,154,142,151,154,154,156,106],"gold":38,"neow_bonus":"","is_daily":false,"chose_seed":false,"campfire_upgraded":6,"win_rate":0.0,"timestamp":1611517053,"path_taken":["M","?","M","?","$","E","$","E","T","?","?","M","E","M","R","BOSS","M","?","M","?","?","R","E","R","T","?","M","$","E","?","R","BOSS","M","NS","M","?","M","E","R","E","T","?","E","$","R","E","R","BOSS","BOSS","R","$","E","BOSS"],"items_purchased_type":["Card","Relic","Relic","Card","Card","Relic","Card","Relic","Relic","Card","Relic","Relic","Card","Card","Relic","Relic","Relic","Relic"],"build_version":"2020-12-22","purchased_purges":3,"victory":true,"max_hp_per_floor":[75,110,112,118,118,120,120,122,122,122,124,126,128,128,128,128,128,130,130,132,132,132,132,134,134,134,134,134,134,136,138,138,138,138,140,140,142,148,150,150,150,150,150,150,152,152,152,154,154,154,154,154,154,154,156,156],"card_choices":[{"not_picked":["Flex","Searing Blow"],"picked":"Power Through","floor":1.0},{"not_picked":["Sword Boomerang","Armaments","Perfected Strike"],"picked":"Singing Bowl","floor":3.0},{"not_picked":["Flame Barrier","True Grit","Power Through"],"picked":"Singing Bowl","floor":6.0},{"not_picked":["Whirlwind","Cleave","hubris:ReadiedAction"],"picked":"Singing Bowl","floor":8.0},{"not_picked":["Feel No Pain","Flex","Twin Strike"],"picked":"Singing Bowl","floor":11.0},{"not_picked":["Flex","Bloodletting","Intimidate"],"picked":"Singing Bowl","floor":12.0},{"not_picked":["Intimidate","Demon Form","Anger"],"picked":"Singing Bowl","floor":13.0},{"not_picked":["Twin Strike","Clash"],"picked":"Shockwave","floor":14.0},{"not_picked":["Bludgeon","Impervious"],"picked":"Immolate","floor":16.0},{"not_picked":["Pommel Strike","Rage","Cleave"],"picked":"Singing Bowl","floor":18.0},{"not_picked":["Pommel Strike","Whirlwind","Armaments"],"picked":"Singing Bowl","floor":20.0},{"not_picked":["Burning Pact","Sever Soul"],"picked":"Disarm+1","floor":21.0},{"not_picked":["Havoc","Iron Wave","Infernal Blade"],"picked":"Singing Bowl","floor":24.0},{"not_picked":["Warcry","Pommel Strike"],"picked":"Pummel","floor":28.0},{"not_picked":["Clothesline+1","Perfected Strike","Searing Blow"],"picked":"Singing Bowl","floor":30.0},{"not_picked":["Anger","Warcry","Havoc+1"],"picked":"Singing Bowl","floor":31.0},{"not_picked":["Barricade","Fiend Fire"],"picked":"Offering","floor":33.0},{"not_picked":["Flame Barrier","Reckless Charge","Heavy Blade"],"picked":"Singing Bowl","floor":35.0},{"not_picked":["Anger","Thunderclap","Warcry"],"picked":"Singing Bowl","floor":37.0},{"not_picked":["Flame Barrier","Metallicize","Cleave"],"picked":"Singing Bowl","floor":39.0},{"not_picked":["Bludgeon","Dual Wield"],"picked":"Intimidate+1","floor":40.0},{"not_picked":["Twin Strike","Thunderclap"],"picked":"Pommel Strike+1","floor":42.0},{"not_picked":["Second Wind","Battle Trance+1","Evolve"],"picked":"Singing Bowl","floor":45.0},{"not_picked":["Twin Strike","Warcry+1","True Grit"],"picked":"Singing Bowl","floor":48.0},{"not_picked":["Evolve","Clothesline+1","Metallicize"],"picked":"Singing Bowl","floor":55}],"player_experience":1303641,"relics_obtained":[{"floor":6.0,"key":"hubris:SlimyHat"},{"floor":8.0,"key":"hubris:MysteriousPyramids"},{"floor":9.0,"key":"Happy Flower"},{"floor":13.0,"key":"qcfpunch:Red_Beret"},{"floor":18.0,"key":"qcfpunch:Red_Headband"},{"floor":24.0,"key":"Lantern"},{"floor":26.0,"key":"Oddly Smooth Stone"},{"floor":27.0,"key":"FossilizedHelix"},{"floor":30.0,"key":"Smiling Mask"},{"floor":37.0,"key":"qcfpunch:Necklace_of_Skulls"},{"floor":40.0,"key":"WingedGreaves"},{"floor":42.0,"key":"Mercury Hourglass"},{"floor":45.0,"key":"hubris:SphereOfDissonance"},{"floor":48.0,"key":"Bronze Scales"},{"floor":55,"key":"hubris:DisguiseKit"}],"event_choices":[{"damage_healed":0.0,"max_hp_gain":0.0,"max_hp_loss":0.0,"gold_gain":0.0,"event_name":"Golden Idol","player_choice":"Take Wound","floor":4.0,"gold_loss":0.0,"damage_taken":0.0,"relics_obtained":["Golden Idol"],"cards_obtained":["Injury"]},{"cards_removed":["downfall:Haunted"],"damage_healed":0.0,"max_hp_gain":0.0,"max_hp_loss":0.0,"gold_gain":0.0,"event_name":"The Cleric","player_choice":"Card Removal","floor":10.0,"gold_loss":75.0,"damage_taken":0.0},{"cards_removed":["Immolate"],"damage_healed":0.0,"max_hp_gain":0.0,"max_hp_loss":0.0,"gold_gain":0.0,"event_name":"betterNote:BetterNote","player_choice":"Take \u0026 Give","floor":22.0,"gold_loss":0.0,"damage_taken":0.0,"cards_obtained":["Die Die Die"]},{"damage_healed":28.0,"max_hp_gain":0.0,"max_hp_loss":0.0,"gold_gain":0.0,"event_name":"Winding Halls","player_choice":"Writhe","floor":38.0,"gold_loss":0.0,"damage_taken":0.0,"cards_obtained":["Writhe"]},{"cards_removed":["Defend_R"],"damage_healed":0.0,"max_hp_gain":0.0,"max_hp_loss":0.0,"gold_gain":0.0,"event_name":"Falling","player_choice":"Removed Skill","floor":44.0,"gold_loss":0.0,"damage_taken":0.0}],"is_beta":false,"boss_relics":[{"not_picked":["Runic Dome","bronze:MakeshiftBattery"],"picked":"trackpad:DemonHeart"},{"not_picked":["Sozu","hubris:GrandSneckoEye"],"picked":"Mark of Pain"}],"items_purged_floors":[5,7,54],"is_endless":false,"potions_floor_spawned":[1,3,12,16,18,28,30,40,42,55],"ascension_level":20}}