{"host":"359hz4210ybch7ku","time":1611464957,"event":{"mods":["BaseMod","Block Reminder","Colored Map","Colored Powertips","Highlight Path","Minty Spire (QoL Compilation)","Slay the Relics Exporter","StSLib"],"gold_per_floor":[209,225,35,35,52,87,87,147,172,205,215,215,35,55,55,157,157,207,218,272,49,79,79,79,91,152,199,269,313,325,1,1,104,154,190,412,39,39,57,57,75,75,75,15,15,65,165,182,182,182],"floor_reached":51,"language":"ENG","playtime":5135,"items_purged":["Defend_R","Defend_R","Strike_R"],"score":848,"play_id":"999484e4-86e2-4a7f-bebd-9b749170b32d","local_time":"20210123210917","is_ascension_mode":true,"campfire_choices":[{"data":"Offering","floor":7,"key":"SMITH"},{"data":"Rage","floor":12,"key":"SMITH"},{"data":"Entrench","floor":15,"key":"SMITH"},{"data":"Warcry","floor":23,"key":"SMITH"},{"data":"Intimidate","floor":25,"key":"SMITH"},{"data":"Dual Wield","floor":30,"key":"SMITH"},{"data":"Flash of Steel","floor":32,"key":"SMITH"},{"data":"Warcry","floor":40,"key":"SMITH"},{"data":"Clash","floor":42,"key":"SMITH"},{"data":"Clash","floor":45,"key":"SMITH"},{"data":"Clash","floor":49,"key":"SMITH"}],"circlet_count":0,"master_deck":["Strike_R+1","Strike_R+1","Strike_R+1","Strike_R","Defend_R","Defend_R","Bash","Shrug It Off","Rage+1","Headbutt","Offering+1","Clash+1","Clash+1","Clash+1","Entrench+1","HandOfGreed","Intimidate+1","Feed","Flash of Steel+1","Dual Wield+1","Shrug It Off+1","Impervious","Warcry+1","Spot Weakness","Pommel Strike+1"],"relics":["Burning Blood","Membership Card","Lantern","The Courier","Bag of Marbles","Shuriken","Busted Crown","Red Mask","Strange Spoon","Nunchaku","MawBank","Boot","Akabeko","Lee\u0027s Waffle","Molten Egg 2","Incense Burner","Tiny House","Juzu Bracelet","Unceasing Top","Eternal Feather","Happy Flower","Bottled Flame","Medical Kit","Omamori"],"acts_visited":["Exordium","TheCity","TheBeyond"],"potions_floor_usage":[16,29,35,50],"damage_taken":[{"damage":5,"enemies":"Jaw Worm","floor":1,"turns":4},{"damage":2,"enemies":"Small Slimes","floor":2,"turns":5},{"damage":7,"enemies":"2 Louse","floor":5,"turns":2},{"damage":27,"enemies":"3 Sentries","floor":6,"turns":9},{"damage":16,"enemies":"Gremlin Nob","floor":8,"turns":3},{"damage":13,"enemies":"Lagavulin","floor":10,"turns":6},{"damage":8,"enemies":"Blue Slaver","floor":11,"turns":2},{"damage":6,"enemies":"Looter","floor":14,"turns":1},{"damage":6,"enemies":"Hexaghost","floor":16,"turns":7},{"damage":6,"enemies":"3 Byrds","floor":18,"turns":5},{"damage":0,"enemies":"Shell Parasite","floor":19,"turns":4},{"damage":0,"enemies":"Masked Bandits","floor":20,"turns":3},{"damage":6,"enemies":"Chosen and Byrds","floor":22,"turns":2},{"damage":21,"enemies":"Snecko","floor":27,"turns":5},{"damage":13,"enemies":"Cultist and Chosen","floor":28,"turns":5},{"damage":10,"enemies":"Snake Plant","floor":29,"turns":2},{"damage":6,"enemies":"Collector","floor":33,"turns":3},{"damage":10,"enemies":"3 Darklings","floor":35,"turns":6},{"damage":6,"enemies":"Orb Walker","floor":39,"turns":2},{"damage":1,"enemies":"3 Darklings","floor":41,"turns":1},{"damage":6,"enemies":"Reptomancer","floor":46,"turns":3},{"damage":13,"enemies":"Transient","floor":48,"turns":5},{"damage":58,"enemies":"Time Eater","floor":50,"turns":7}],"seed_played":"-6997343064422547670","potions_obtained":[{"floor":6,"key":"DuplicationPotion"},{"floor":8,"key":"Swift Potion"},{"floor":16,"key":"LiquidBronze"},{"floor":19,"key":"LiquidMemories"},{"floor":29,"key":"SkillPotion"},{"floor":33,"key":"HeartOfIron"},{"floor":46,"key":"DuplicationPotion"}],"is_trial":false,"path_per_floor":["M","M","$","?","M","E","R","?","T","E","M","R","$","M","R","B",null,"M","M","?","$","M","R","?","R","T","M","M","M","R","$","R","B",null,"M","?","$","?","M","R","M","R","T","$","R","E","?","M","R","B",null],"character_chosen":"IRONCLAD","items_purchased":["Membership Card","FairyPotion","Entrench","HandOfGreed","Warcry","Strange Spoon","Nunchaku","Flash of Steel","Akabeko","Lee\u0027s Waffle","Molten Egg 2","Incense Burner","Juzu Bracelet","Unceasing Top","Eternal Feather","Happy Flower","Spot Weakness","Medical Kit"],"campfire_rested":0,"item_purchase_floors":[3,13,13,13,21,21,21,21,31,31,31,31,37,37,37,37,37,44],"current_hp_per_floor":[80,80,80,64,63,42,42,32,32,25,23,23,23,23,23,23,80,80,80,80,80,83,83,83,83,83,68,61,57,57,90,90,90,95,91,91,91,91,94,98,98,98,98,98,98,98,98,91,98,46],"gold":182,"neow_bonus":"HUNDRED_GOLD","is_daily":false,"chose_seed":false,"campfire_upgraded":11,"win_rate":0.0,"timestamp":1611464957,"path_taken":["M","M","$","?","M","E","R","?","T","E","M","R","$","M","R","BOSS","M","M","?","$","M","R","?","R","T","M","M","M","R","$","R","BOSS","M","?","$","?","M","R","M","R","T","$","R","E","?","M","R","BOSS"],"items_purchased_type":["Relic","Potion","Card","Card","Card","Relic","Relic","Card","Relic","Relic","Relic","Relic","Relic","Relic","Relic","Relic","Card","Relic"],"build_version":"2020-12-22","purchased_purges":3,"victory":true,"max_hp_per_floor":[80,80,80,80,80,80,80,80,80,80,80,80,80,80,80,80,80,80,80,80,80,83,83,83,83,83,83,83,83,83,90,90,90,95,95,95,95,95,98,98,98,98,98,98,98,98,98,98,98,98],"card_choices":[{"not_picked":["Iron Wave","Power Through"],"picked":"Shrug It Off","floor":1},{"not_picked":["Heavy Blade","Shrug It Off"],"picked":"Rage","floor":2},{"not_picked":["True Grit","Heavy Blade"],"picked":"Headbutt","floor":5},{"not_picked":["Blood for Blood","Shrug It Off"],"picked":"Offering","floor":6},{"not_picked":["Shrug It Off","Cleave"],"picked":"Clash","floor":8},{"not_picked":["Cleave","Juggernaut"],"picked":"Clash","floor":10},{"not_picked":["Clothesline","Body Slam"],"picked":"Clash","floor":11},{"not_picked":["Flex","Heavy Blade"],"picked":"Intimidate","floor":14},{"not_picked":["Offering","Fiend Fire"],"picked":"Feed","floor":16},{"not_picked":["Headbutt"],"picked":"SKIP","floor":18},{"not_picked":["Perfected Strike"],"picked":"SKIP","floor":19},{"not_picked":["Rupture"],"picked":"SKIP","floor":22},{"not_picked":[],"picked":"Dual Wield","floor":27},{"not_picked":["Flex"],"picked":"SKIP","floor":28},{"not_picked":[],"picked":"Shrug It Off+1","floor":29},{"not_picked":[],"picked":"Impervious","floor":33},{"not_picked":[],"picked":"Warcry","floor":34},{"not_picked":["Clothesline+1"],"picked":"SKIP","floor":35},{"not_picked":["Metallicize+1"],"picked":"SKIP","floor":39},{"not_picked":[],"picked":"Pommel Strike+1","floor":41},{"not_picked":["Clothesline+1"],"picked":"SKIP","floor":46},{"not_picked":["Flex"],"picked":"SKIP","floor":48}],"player_experience":264954,"relics_obtained":[{"floor":6,"key":"Lantern"},{"floor":8,"key":"The Courier"},{"floor":9,"key":"Bag of Marbles"},{"floor":10,"key":"Shuriken"},{"floor":20,"key":"Red Mask"},{"floor":26,"key":"Boot"},{"floor":43,"key":"Bottled Flame"},{"floor":46,"key":"Omamori"}],"event_choices":[{"damage_healed":0,"gold_gain":0,"player_choice":"Entered Light","damage_taken":16,"max_hp_gain":0,"max_hp_loss":0,"event_name":"Shining Light","floor":4,"gold_loss":0,"cards_upgraded":["Strike_R","Strike_R"]},{"damage_healed":0,"gold_gain":0,"player_choice":"Searched \u00271\u0027 times","damage_taken":0,"max_hp_gain":0,"max_hp_loss":0,"event_name":"Dead Adventurer","floor":8,"gold_loss":0},{"damage_healed":0,"gold_gain":0,"player_choice":"Fought Bandits","damage_taken":0,"max_hp_gain":0,"max_hp_loss":0,"event_name":"Masked Bandits","floor":20,"gold_loss":0},{"damage_healed":0,"gold_gain":0,"player_choice":"Opened","damage_taken":0,"relics_obtained":["MawBank"],"max_hp_gain":0,"max_hp_loss":0,"event_name":"The Mausoleum","floor":24,"gold_loss":0},{"damage_healed":0,"gold_gain":222,"player_choice":"Wore Mask","damage_taken":0,"max_hp_gain":0,"max_hp_loss":0,"event_name":"Tomb of Lord Red Mask","floor":36,"gold_loss":0},{"cards_removed":["Warcry"],"damage_healed":0,"gold_gain":0,"player_choice":"Removed Skill","damage_taken":0,"max_hp_gain":0,"max_hp_loss":0,"event_name":"Falling","floor":38,"gold_loss":0},{"damage_healed":0,"gold_gain":100,"player_choice":"Pray","damage_taken":0,"max_hp_gain":0,"max_hp_loss":0,"event_name":"Golden Shrine","floor":47,"gold_loss":0}],"is_beta":false,"boss_relics":[{"not_picked":["Mark of Pain","Velvet Choker"],"picked":"Busted Crown"},{"not_picked":["Black Blood","Black Star"],"picked":"Tiny House"}],"items_purged_floors":[3,13,21],"is_endless":false,"potions_floor_spawned":[6,8,14,16,19,20,29,33,46,48],"ascension_level":1}}