{"host":"swphzoo6hmc78epl","time":1611446756,"event":{"mods":["BaseMod","Highlight Path","Minty Spire (QoL Compilation)","Quick Restart"],"gold_per_floor":[359,378,394,252,321,0,0,16,42,57,70,81,100,120,120,221,221,231,246,246,22,42,42,42,42,42],"floor_reached":25,"language":"ENG","playtime":949,"items_purged":["Strike_P","Strike_P","Strike_P"],"score":249,"play_id":"3177ce12-437c-4d5d-bb80-d142773dd70c","local_time":"20210123190556","is_ascension_mode":true,"campfire_choices":[{"data":"LikeWater","floor":7,"key":"SMITH"},{"data":"Alpha","floor":15,"key":"SMITH"},{"floor":24,"key":"REST"}],"circlet_count":0,"master_deck":["Strike_P","Defend_P","Defend_P","Defend_P","Defend_P","Eruption","Vigilance","Conclude","CarveReality","FlyingSleeves","MasterReality","LikeWater+1","JustLucky","FollowUp","SashWhip","Weave","Alpha+1","DeusExMachina","ThirdEye+1","Evaluate+1","Transmutation","Nirvana","Shame"],"relics":["PureWater","Chemical X","Omamori","Calling Bell","Boot","Pantograph","Unceasing Top","Smiling Mask","Bag of Preparation"],"acts_visited":["Exordium","TheCity"],"potions_floor_usage":[8,14,16,18,19],"damage_taken":[{"damage":3,"enemies":"Jaw Worm","floor":1,"turns":5},{"damage":0,"enemies":"2 Louse","floor":2,"turns":1},{"damage":0,"enemies":"Cultist","floor":3,"turns":2},{"damage":7,"enemies":"Exordium Thugs","floor":8,"turns":3},{"damage":0,"enemies":"Large Slime","floor":10,"turns":3},{"damage":1,"enemies":"Blue Slaver","floor":11,"turns":4},{"damage":5,"enemies":"Looter","floor":12,"turns":3},{"damage":5,"enemies":"2 Fungi Beasts","floor":13,"turns":3},{"damage":3,"enemies":"Gremlin Gang","floor":14,"turns":2},{"damage":32,"enemies":"The Guardian","floor":16,"turns":7},{"damage":12,"enemies":"Spheric Guardian","floor":18,"turns":5},{"damage":11,"enemies":"3 Byrds","floor":19,"turns":3},{"damage":26,"enemies":"Snake Plant","floor":22,"turns":4},{"damage":24,"enemies":"Shelled Parasite and Fungi","floor":25,"turns":2}],"seed_played":"-5385744376618377957","potions_obtained":[{"floor":1,"key":"LiquidBronze"},{"floor":2,"key":"Block Potion"},{"floor":8,"key":"StancePotion"},{"floor":12,"key":"Fire Potion"},{"floor":14,"key":"Dexterity Potion"}],"is_trial":false,"path_per_floor":["M","M","M","$","?","$","R","M","T","M","M","M","M","M","R","B",null,"M","M","?","$","M","?","R","M"],"character_chosen":"WATCHER","items_purchased":["MasterReality","Chemical X","LikeWater","Transmutation"],"campfire_rested":1,"item_purchase_floors":[4,6,6,21],"current_hp_per_floor":[62,62,62,62,62,62,62,55,55,55,54,49,44,41,41,9,51,39,28,28,28,2,2,21,0,0],"gold":42,"neow_bonus":"TWO_FIFTY_GOLD","is_daily":false,"chose_seed":false,"campfire_upgraded":2,"win_rate":0.0,"timestamp":1611446756,"path_taken":["M","M","M","$","?","$","R","M","T","M","M","M","M","M","R","BOSS","M","M","?","$","M","?","R","M"],"items_purchased_type":["Card","Relic","Card","Card"],"build_version":"2020-12-22","purchased_purges":3,"victory":false,"max_hp_per_floor":[65,65,65,65,65,65,65,65,65,65,65,65,65,65,65,65,65,65,65,65,65,65,65,65,65,65],"card_choices":[{"not_picked":["Fasting2","SandsOfTime"],"picked":"Conclude","floor":1},{"not_picked":["PathToVictory","EmptyFist"],"picked":"CarveReality","floor":2},{"not_picked":["CarveReality","JustLucky"],"picked":"FlyingSleeves","floor":3},{"not_picked":["FlyingSleeves","Vengeance"],"picked":"JustLucky","floor":8},{"not_picked":["WaveOfTheHand","PathToVictory"],"picked":"FollowUp","floor":10},{"not_picked":["SandsOfTime","PathToVictory","EmptyFist"],"picked":"SKIP","floor":11},{"not_picked":["Prostrate","ThirdEye"],"picked":"SashWhip","floor":12},{"not_picked":["FollowUp","ClearTheMind"],"picked":"Weave","floor":13},{"not_picked":["EmptyFist","BowlingBash"],"picked":"Alpha","floor":14},{"not_picked":["Devotion","Vault"],"picked":"DeusExMachina","floor":16},{"not_picked":["ReachHeaven","PathToVictory"],"picked":"ThirdEye+1","floor":18},{"not_picked":["ClearTheMind+1","Brilliance"],"picked":"Evaluate+1","floor":19},{"not_picked":["EmptyFist+1","CrushJoints"],"picked":"Nirvana","floor":22}],"player_experience":815701,"relics_obtained":[{"floor":9,"key":"Omamori"},{"floor":17,"key":"Boot"},{"floor":17,"key":"Pantograph"},{"floor":17,"key":"Unceasing Top"}],"event_choices":[{"damage_healed":0,"gold_gain":69,"player_choice":"Gained Gold","damage_taken":0,"max_hp_gain":0,"max_hp_loss":0,"event_name":"Golden Wing","floor":5,"gold_loss":0},{"damage_healed":0,"gold_gain":0,"player_choice":"Opened","damage_taken":0,"relics_obtained":["Smiling Mask"],"max_hp_gain":0,"max_hp_loss":0,"event_name":"The Mausoleum","floor":20,"gold_loss":0,"cards_obtained":["Writhe"]},{"damage_healed":0,"gold_gain":0,"player_choice":"Stole Relic","damage_taken":0,"relics_obtained":["Bag of Preparation"],"max_hp_gain":0,"max_hp_loss":0,"event_name":"Addict","floor":23,"gold_loss":0,"cards_obtained":["Shame"]}],"is_beta":false,"boss_relics":[{"not_picked":["Runic Pyramid","VioletLotus"],"picked":"Calling Bell"}],"items_purged_floors":[4,6,21],"is_endless":false,"potions_floor_spawned":[1,2,8,12,14],"killed_by":"Shelled Parasite and Fungi","ascension_level":5}}