{"host":"minbhrtlkaoly5f0","time":1611531406,"event":{"mods":["Act Like it!","BaseMod","Colored Map","Minty Spire (QoL Compilation)","Quick Restart","StSLib"],"gold_per_floor":[119,132,145,145,145,145,159,159,159,32,32,49,76,89,89,190,190,201,101,111,111,130,130,130],"floor_reached":23,"language":"ZHS","playtime":814,"items_purged":["Defend_R","Perfected Strike"],"score":243,"play_id":"224ac54a-b143-4065-9f42-a828a67eea9c","local_time":"20210125073646","is_ascension_mode":false,"campfire_choices":[{"data":"Feed","floor":6.0,"key":"SMITH"},{"data":"Perfected Strike","floor":8.0,"key":"SMITH"},{"floor":15.0,"key":"REST"}],"circlet_count":0,"master_deck":["Strike_R","Strike_R","Strike_R","Strike_R","Strike_R+1","Defend_R+1","Defend_R","Feed+1","Perfected Strike+1","Dark Embrace","True Grit","Demon Form","Feel No Pain","Heavy Blade","Warcry+1"],"relics":["Burning Blood","Incense Burner","Peace Pipe","Charon\u0027s Ashes","Empty Cage"],"acts_visited":["Exordium","TheCity"],"potions_floor_usage":[23,23],"damage_taken":[{"damage":6.0,"enemies":"Jaw Worm","floor":1.0,"turns":3.0},{"damage":10.0,"enemies":"Small Slimes","floor":2.0,"turns":10.0},{"damage":6.0,"enemies":"Cultist","floor":3.0,"turns":4.0},{"damage":7.0,"enemies":"Blue Slaver","floor":7.0,"turns":2.0},{"damage":10.0,"enemies":"Looter","floor":12.0,"turns":2.0},{"damage":31.0,"enemies":"Lagavulin","floor":13.0,"turns":5.0},{"damage":0.0,"enemies":"Large Slime","floor":14.0,"turns":4.0},{"damage":37.0,"enemies":"The Guardian","floor":16.0,"turns":14.0},{"damage":44.0,"enemies":"3 Byrds","floor":18.0,"turns":7.0},{"damage":30.0,"enemies":"Spheric Guardian","floor":20.0,"turns":4.0},{"damage":48.0,"enemies":"Snake Plant","floor":22.0,"turns":5.0},{"damage":31,"enemies":"Book of Stabbing","floor":23,"turns":4}],"seed_played":"-6222783607920681761","potions_obtained":[{"floor":1.0,"key":"HeartOfIron"},{"floor":14.0,"key":"EssenceOfSteel"},{"floor":16.0,"key":"BloodPotion"},{"floor":18.0,"key":"SneckoOil"},{"floor":22.0,"key":"ColorlessPotion"}],"is_trial":false,"path_per_floor":["M","M","M","?","?","R","M","R","T","$","?","M","E","M","R","B",null,"M","$","M","$","M","E"],"character_chosen":"IRONCLAD","items_purchased":["Perfected Strike"],"campfire_rested":1,"item_purchase_floors":[10],"current_hp_per_floor":[59,58,61,43,72,72,75,75,75,75,42,42,17,27,57,30,105,92,92,72,72,30,0,0],"gold":130,"neow_bonus":"THREE_RARE_CARDS","is_daily":false,"chose_seed":false,"campfire_upgraded":2,"win_rate":0.0,"timestamp":1611531406,"path_taken":["M","M","M","?","?","R","M","R","T","$","?","M","E","M","R","BOSS","M","$","M","$","M","E"],"items_purchased_type":["Card"],"build_version":"2020-12-22","purchased_purges":2,"victory":false,"max_hp_per_floor":[83,86,89,89,89,89,93,93,93,93,93,97,97,101,101,105,105,109,109,113,113,113,113,113],"card_choices":[{"not_picked":["Double Tap","Impervious"],"picked":"Feed","floor":0.0},{"not_picked":["Rampage","True Grit","Twin Strike"],"picked":"SKIP","floor":1.0},{"not_picked":["Reckless Charge","Clothesline"],"picked":"Perfected Strike","floor":2.0},{"not_picked":["Dropkick","Clothesline","Intimidate"],"picked":"SKIP","floor":3.0},{"not_picked":["Reckless Charge","Power Through","Second Wind"],"picked":"SKIP","floor":7.0},{"not_picked":["Armaments","Body Slam","Combust"],"picked":"SKIP","floor":12.0},{"not_picked":["Offering","Juggernaut"],"picked":"Dark Embrace","floor":13.0},{"not_picked":["Heavy Blade","Headbutt"],"picked":"True Grit","floor":14.0},{"not_picked":["Limit Break","Offering"],"picked":"Demon Form","floor":16.0},{"not_picked":["Rage","Body Slam"],"picked":"Feel No Pain","floor":18.0},{"not_picked":["Seeing Red","Iron Wave"],"picked":"Heavy Blade","floor":20.0},{"not_picked":["True Grit","Clothesline"],"picked":"Warcry+1","floor":22.0}],"player_experience":28895,"relics_obtained":[{"floor":9.0,"key":"Incense Burner"},{"floor":13.0,"key":"Charon\u0027s Ashes"}],"event_choices":[{"damage_healed":0.0,"max_hp_gain":0.0,"max_hp_loss":0.0,"gold_gain":0.0,"event_name":"Shining Light","player_choice":"Entered Light","floor":4.0,"gold_loss":0.0,"damage_taken":18.0,"cards_upgraded":["Defend_R","Strike_R"]},{"damage_healed":29.0,"max_hp_gain":0.0,"max_hp_loss":0.0,"gold_gain":0.0,"event_name":"Big Fish","player_choice":"Banana","floor":5.0,"gold_loss":0.0,"damage_taken":0.0},{"damage_healed":0.0,"max_hp_gain":0.0,"max_hp_loss":0.0,"gold_gain":0.0,"event_name":"Scrap Ooze","player_choice":"Success","floor":11.0,"gold_loss":0.0,"damage_taken":33.0,"relics_obtained":["Peace Pipe"]}],"is_beta":false,"boss_relics":[{"not_picked":["Runic Cube","Ectoplasm"],"picked":"Empty Cage"}],"items_purged_floors":[10,19],"is_endless":false,"potions_floor_spawned":[1,14,16,18,22],"killed_by":"Book of Stabbing","ascension_level":0}}