{"host":"5uvzo7moqy5vd63g","time":1611453848,"event":{"mods":["Aspiration","BaseMod","Conspire","Curses Come First","Dio Mod","Downfall","Hermit","Hubris","Jedi Mod","Mimic Mod","Minty Spire (QoL Compilation)","Replay The Spire","StSLib","Wandering Minibosses"],"gold_per_floor":[157,173,184,201,201,376,376,276,286,306,331,331,5,17,33,33,33,33],"floor_reached":16,"language":"ENG","playtime":1002,"items_purged":[],"score":129,"play_id":"4bfe4023-779b-4b0a-b652-4e3e86f80fb6","local_time":"20210123210408","is_ascension_mode":false,"campfire_choices":[{"data":"Doubt","floor":8,"key":"PURGE"},{"floor":12,"key":"RECALL"}],"circlet_count":0,"master_deck":["bronze:Strike","bronze:Strike","bronze:Strike","bronze:Strike","bronze:Defend","bronze:Defend","bronze:Defend","bronze:Defend","bronze:Replicate","bronze:Goto","bronze:ItsAFeature","bronze:Safeguard","bronze:Flail","bronze:Iterate","bronze:OilSpill","bronze:BurnOut","bronze:Invalidate","bronze:Optimize","bronze:Repair","bronze:DarkDash","bronze:OilSpill"],"relics":["bronze:BronzeCore","Peace Pipe","downfall:HeartBlessingBlue","Bottled Lightning","OrangePellets"],"acts_visited":["Exordium"],"potions_floor_usage":[13,15,16,16],"damage_taken":[{"damage":5,"enemies":"Small Slimes","floor":2,"turns":4},{"damage":4,"enemies":"2 Louse","floor":3,"turns":3},{"damage":0,"enemies":"Jaw Worm","floor":4,"turns":4},{"damage":9,"enemies":"3 Louse","floor":9,"turns":3},{"damage":0,"enemies":"Exordium Thugs","floor":10,"turns":5},{"damage":14,"enemies":"3 Sentries","floor":11,"turns":7},{"damage":1,"enemies":"downfall:FleeingMerchant","floor":13,"turns":4},{"damage":0,"enemies":"Exordium Wildlife","floor":14,"turns":3},{"damage":1,"enemies":"Large Slime","floor":15,"turns":5},{"damage":44,"enemies":"WA_ARCHETYPE_RETAIN","floor":16,"turns":8}],"seed_played":"-6913197193864549141","potions_obtained":[{"floor":2,"key":"Guardian:BlockOnCardUsePotion"},{"floor":11,"key":"bronze:BuildAFunctionPotion"},{"floor":14,"key":"Energy Potion"},{"floor":15,"key":"sneckomod:MuddlingPotion"}],"is_trial":false,"path_per_floor":["R","M","M","M","?","?","T","R","M","M","E","R","$","M","M","B"],"character_chosen":"THE_AUTOMATON","items_purchased":["OrangePellets","bronze:Optimize","bronze:Repair"],"campfire_rested":0,"item_purchase_floors":[13,13,13],"current_hp_per_floor":[77,72,68,68,50,50,50,60,51,51,37,37,36,36,42,0,0,0],"gold":33,"neow_bonus":"TEN_PERCENT_HP_BONUS","is_daily":false,"chose_seed":false,"campfire_upgraded":0,"win_rate":0.0,"timestamp":1611453848,"path_taken":["R","M","M","M","?","?","T","R","M","M","E","R","$","?","M","BOSS"],"items_purchased_type":["Relic","Card","Card"],"build_version":"2020-12-22","purchased_purges":0,"victory":false,"max_hp_per_floor":[77,77,77,77,77,77,77,87,87,87,87,87,87,87,87,87,87,87],"card_choices":[{"not_picked":["bronze:BitShift","bronze:Frontload"],"picked":"bronze:ItsAFeature","floor":2},{"not_picked":["bronze:Branch","bronze:BitShift"],"picked":"bronze:Safeguard","floor":3},{"not_picked":["bronze:WildBeam","bronze:FineTuning"],"picked":"bronze:Flail","floor":4},{"not_picked":["bronze:BuggyMess","bronze:Invalidate"],"picked":"bronze:Iterate","floor":9},{"not_picked":["bronze:Invalidate","bronze:BugBarrage"],"picked":"bronze:OilSpill","floor":10},{"not_picked":["bronze:Fortify","bronze:Overheat"],"picked":"bronze:BurnOut","floor":11},{"not_picked":["bronze:ChildClass","bronze:Allocate"],"picked":"bronze:Invalidate","floor":13},{"not_picked":["bronze:InfiniteBeams","bronze:Turbo"],"picked":"bronze:DarkDash","floor":14},{"not_picked":["bronze:BitShift","bronze:Separator"],"picked":"bronze:OilSpill","floor":15}],"player_experience":610018,"relics_obtained":[{"floor":11,"key":"Bottled Lightning"}],"event_choices":[{"damage_healed":0,"gold_gain":0,"player_choice":"Success","damage_taken":18,"relics_obtained":["Peace Pipe"],"max_hp_gain":0,"max_hp_loss":0,"event_name":"Scrap Ooze","floor":5,"gold_loss":0}],"is_beta":false,"boss_relics":[],"items_purged_floors":[],"is_endless":false,"potions_floor_spawned":[2,11,14,15],"killed_by":"WA_ARCHETYPE_RETAIN","ascension_level":0}}