{"host":"6xsbn6ynqlzwllfm","time":1611500295,"event":{"mods":["2.2 Compatiblity","BaseMod","Bestiary","Colored Map","Colored Powertips","Curses Come First","Highlight Path","Keyboard Shortcuts","Minty Spire (QoL Compilation)","Quick Restart","Relic Stats","Slay the Relics Exporter","StSLib","SuperFastMode"],"gold_per_floor":[113,70,88,88,103,131,131,149,149,181,181,181,181],"floor_reached":12,"language":"ENG","playtime":909,"items_purged":[],"score":176,"play_id":"44543e0a-88d2-483c-ac41-59e041ff8156","local_time":"20210124095815","is_ascension_mode":true,"campfire_choices":[{"floor":7,"key":"REST"}],"circlet_count":0,"master_deck":["AscendersBane","Strike_R","Strike_R","Strike_R","Strike_R","Strike_R","Defend_R","Defend_R","Defend_R","Defend_R","Bash","Fire Breathing","Rampage","Headbutt","Pommel Strike","Seeing Red","Corruption","Rupture"],"relics":["SacredBark","Nunchaku","Pen Nib","Mummified Hand"],"acts_visited":["Exordium"],"potions_floor_usage":[6,8,12,12],"damage_taken":[{"damage":6,"enemies":"Small Slimes","floor":1,"turns":3},{"damage":7,"enemies":"Cultist","floor":3,"turns":4},{"damage":7,"enemies":"2 Louse","floor":5,"turns":2},{"damage":33,"enemies":"Gremlin Nob","floor":6,"turns":4},{"damage":5,"enemies":"Gremlin Gang","floor":8,"turns":4},{"damage":20,"enemies":"3 Sentries","floor":10,"turns":6},{"damage":12,"enemies":"Gremlin Nob","floor":12,"turns":3}],"seed_played":"-1250397126335937589","potions_obtained":[{"floor":1,"key":"PowerPotion"},{"floor":6,"key":"AttackPotion"},{"floor":11,"key":"Energy Potion"},{"floor":11,"key":"Block Potion"}],"is_trial":false,"path_per_floor":["M","$","M","?","M","E","R","M","T","E","?","E"],"character_chosen":"IRONCLAD","items_purchased":["Rampage"],"campfire_rested":1,"item_purchase_floors":[2],"current_hp_per_floor":[62,62,55,55,48,15,37,32,32,12,12,0,0],"gold":181,"neow_bonus":"BOSS_RELIC","is_daily":false,"chose_seed":false,"campfire_upgraded":0,"win_rate":0.0,"timestamp":1611500295,"path_taken":["M","$","M","?","M","E","R","?","T","E","?","E"],"items_purchased_type":["Card"],"build_version":"2020-12-22","purchased_purges":0,"victory":false,"max_hp_per_floor":[75,75,75,75,75,75,75,75,75,75,75,75,75],"relic_stats":{"Nunchaku":[2],"counters":[7,26],"Mummified Hand":[4],"Pen Nib":[1],"obtain_stats":[{"Nunchaku":6,"Mummified Hand":10,"SacredBark":0,"Pen Nib":9,"Burning Blood":0},{"Nunchaku":4,"Mummified Hand":6,"SacredBark":0,"Pen Nib":5,"Burning Blood":0},{"Nunchaku":13,"Mummified Hand":23,"SacredBark":0,"Pen Nib":17,"Burning Blood":0}]},"card_choices":[{"not_picked":["Burning Pact","Sword Boomerang"],"picked":"Fire Breathing","floor":1},{"not_picked":["Metallicize","Blood for Blood"],"picked":"Headbutt","floor":3},{"not_picked":["Perfected Strike","Body Slam"],"picked":"Pommel Strike","floor":5},{"not_picked":["Dropkick","Twin Strike"],"picked":"Seeing Red","floor":6},{"not_picked":["True Grit","Dark Embrace"],"picked":"Corruption","floor":8},{"not_picked":["Pommel Strike","Cleave"],"picked":"Rupture","floor":10}],"player_experience":1094022,"relics_obtained":[{"floor":6,"key":"Nunchaku"},{"floor":9,"key":"Pen Nib"},{"floor":10,"key":"Mummified Hand"}],"event_choices":[{"damage_healed":0,"gold_gain":0,"player_choice":"0 cards matched","damage_taken":0,"max_hp_gain":0,"max_hp_loss":0,"event_name":"Match and Keep!","floor":4,"gold_loss":0,"cards_obtained":[]},{"damage_healed":0,"gold_gain":0,"player_choice":"Got Potions","damage_taken":0,"max_hp_gain":0,"max_hp_loss":0,"event_name":"Lab","floor":11,"gold_loss":0}],"is_beta":false,"boss_relics":[],"items_purged_floors":[],"is_endless":false,"potions_floor_spawned":[1,6],"killed_by":"Gremlin Nob","ascension_level":20}}