{"host":"y3h3n3f7seyagppx","time":1611517807,"event":{"mods":["AlwaysNeverKeys","BaseMod","Better Vampires","Colored Powertips","DeckTracker","Emptier Cage","Minty Spire (QoL Compilation)","Permanent Neow","Quick Restart","Rare Cards Sparkle","Relic Sorter","Relic Stats","StSLib","Transform Curses"],"gold_per_floor":[13,25,25,36,47,47,78,78,78,103,103,103,129,12,12,88,88,106,120,132,144,158,185,185,218,244,276,296,246,258,291,291,364,364,381,397,452,229,179,204,204,235,235,267,592,607,607,607,607,607,607,607,607,149,184,184],"floor_reached":57,"language":"ENG","playtime":11214,"items_purged":["Strike_G","Slice","Masterful Stab","Flying Knee","Dagger Spray+1"],"score":3451,"play_id":"5f2ecc90-8477-409c-afd6-135ec79e90c4","local_time":"20210124145007","is_ascension_mode":true,"campfire_choices":[{"data":"Quick Slash","floor":6.0,"key":"SMITH"},{"data":"Dagger Spray","floor":8.0,"key":"SMITH"},{"data":"Neutralize","floor":12.0,"key":"SMITH"},{"data":"Wraith Form v2","floor":15.0,"key":"SMITH"},{"data":"Bullet Time","floor":24,"key":"SMITH"},{"data":"Night Terror","floor":32,"key":"SMITH"},{"data":"Well Laid Plans","floor":41,"key":"SMITH"},{"data":"Burst","floor":47,"key":"SMITH"},{"data":"Backflip","floor":49,"key":"SMITH"},{"data":"Survivor","floor":53,"key":"SMITH"}],"circlet_count":0,"master_deck":["AscendersBane","Survivor+1","Neutralize+1","Quick Slash+1","Backflip+1","Wraith Form v2+1","Noxious Fumes","Bullet Time+1","Deadly Poison","Leg Sweep","Reflex","Flying Knee","Night Terror+1","Noxious Fumes","Catalyst+1","Corpse Explosion","Adrenaline","Prepared+1","Adrenaline","Well Laid Plans+1","Burst+1","Calculated Gamble"],"relics":["Ring of the Snake","StoneCalendar","Bag of Preparation","MealTicket","PreservedInsect","Pen Nib","Pandora\u0027s Box","Blue Candle","Oddly Smooth Stone","Regal Pillow","Smiling Mask","Ancient Tea Set","SlaversCollar","Prayer Wheel","Anchor","FossilizedHelix","Tough Bandages","Tingsha","Shuriken","Old Coin","Membership Card","Akabeko","Orichalcum","Letter Opener"],"acts_visited":["Exordium","TheCity","TheBeyond","TheEnding"],"potions_floor_usage":[18,42,56,56],"damage_taken":[{"damage":1.0,"enemies":"Cultist","floor":1.0,"turns":4.0},{"damage":0.0,"enemies":"2 Louse","floor":2.0,"turns":2.0},{"damage":0.0,"enemies":"Jaw Worm","floor":4.0,"turns":3.0},{"damage":3.0,"enemies":"Large Slime","floor":5.0,"turns":7.0},{"damage":26.0,"enemies":"Gremlin Nob","floor":7.0,"turns":4.0},{"damage":20.0,"enemies":"Lagavulin","floor":10.0,"turns":10.0},{"damage":0.0,"enemies":"Gremlin Nob","floor":13.0,"turns":2.0},{"damage":12.0,"enemies":"The Guardian","floor":16.0,"turns":13.0},{"damage":0,"enemies":"2 Thieves","floor":18,"turns":4},{"damage":0,"enemies":"Spheric Guardian","floor":19,"turns":3},{"damage":3,"enemies":"Snake Plant","floor":20,"turns":5},{"damage":16,"enemies":"Shelled Parasite and Fungi","floor":21,"turns":7},{"damage":1,"enemies":"Centurion and Healer","floor":22,"turns":6},{"damage":0,"enemies":"Gremlin Leader","floor":23,"turns":5},{"damage":6,"enemies":"Book of Stabbing","floor":25,"turns":5},{"damage":0,"enemies":"Slavers","floor":27,"turns":2},{"damage":0,"enemies":"Snecko","floor":28,"turns":3},{"damage":0,"enemies":"3 Cultists","floor":30,"turns":2},{"damage":0,"enemies":"Book of Stabbing","floor":31,"turns":4},{"damage":5,"enemies":"Champ","floor":33,"turns":13},{"damage":0,"enemies":"3 Shapes","floor":35,"turns":2},{"damage":2,"enemies":"Orb Walker","floor":36,"turns":4},{"damage":0,"enemies":"2 Orb Walkers","floor":37,"turns":2},{"damage":0,"enemies":"Giant Head","floor":40,"turns":2},{"damage":0,"enemies":"Nemesis","floor":42,"turns":3},{"damage":0,"enemies":"Giant Head","floor":44,"turns":2},{"damage":0,"enemies":"Mind Bloom Boss Battle","floor":45,"turns":4},{"damage":0,"enemies":"Sphere and 2 Shapes","floor":46,"turns":4},{"damage":0,"enemies":"Awakened One","floor":50,"turns":15},{"damage":0,"enemies":"Time Eater","floor":51,"turns":2},{"damage":0,"enemies":"Shield and Spear","floor":55,"turns":2},{"damage":13,"enemies":"The Heart","floor":56,"turns":5}],"seed_played":"-9059051537182284099","potions_obtained":[{"floor":7.0,"key":"SpeedPotion"},{"floor":10.0,"key":"EssenceOfSteel"},{"floor":13.0,"key":"DuplicationPotion"},{"floor":18,"key":"Weak Potion"},{"floor":20,"key":"GamblersBrew"}],"is_trial":false,"path_per_floor":["M","M","T","M","M","R","E","R","T","E","?","R","E","$","R","B",null,"M","M","M","M","M","E","R","E","T","E","M","$","M","E","R","B",null,"M","M","?","$","$","E","R","E","T","E","?","M","R","?","R","B","B",null,"R","$","E","B",null],"character_chosen":"THE_SILENT","items_purchased":["Noxious Fumes","Anchor","Membership Card","Akabeko","Orichalcum","EntropicBrew","Calculated Gamble"],"campfire_rested":0,"item_purchase_floors":[14,38,54,54,54,54,54],"current_hp_per_floor":[58,58,58,58,55,55,29,29,29,9,66,66,66,66,66,54,63,63,63,60,44,43,43,43,37,37,37,37,52,52,52,52,47,61,61,59,59,66,66,66,66,66,66,66,66,66,66,66,66,66,66,66,66,66,66,53],"gold":184,"neow_bonus":"REMOVE_TWO","is_daily":false,"chose_seed":false,"campfire_upgraded":10,"win_rate":0.0,"timestamp":1611517807,"path_taken":["M","M","?","M","?","R","E","R","T","E","?","R","E","?","R","BOSS","M","M","M","M","M","E","R","E","T","E","M","$","M","E","R","BOSS","M","M","?","?","$","E","R","E","T","E","?","M","R","?","R","BOSS","BOSS","R","$","E","BOSS"],"items_purchased_type":["Card","Relic","Relic","Relic","Relic","Potion","Card"],"build_version":"2020-12-22","purchased_purges":5,"victory":true,"max_hp_per_floor":[66,66,66,66,66,66,66,66,66,66,66,66,66,66,66,66,66,66,66,66,66,66,66,66,66,66,66,66,66,66,66,66,66,66,66,66,66,66,66,66,66,66,66,66,66,66,66,66,66,66,66,66,66,66,66,66],"relic_stats":{"Regal Pillow":0,"counters":[32,151],"Blue Candle":[0],"StoneCalendar":[236],"Tingsha":[72],"PreservedInsect":578,"Pen Nib":[19],"Bag of Preparation":[54],"Letter Opener":[15],"Orichalcum":[30],"Smiling Mask":263,"Tough Bandages":[81],"Shuriken":[4],"MealTicket":22,"Pandora\u0027s Box":["Deadly Poison","Slice","Leg Sweep","Reflex","Flying Knee","Masterful Stab","Night Terror"],"Prayer Wheel":1,"obtain_stats":[{"Regal Pillow":26,"Blue Candle":23,"Oddly Smooth Stone":25,"StoneCalendar":3,"Tingsha":43,"PreservedInsect":10,"Pen Nib":13,"Bag of Preparation":7,"Letter Opener":55,"Orichalcum":54,"Smiling Mask":27,"Ancient Tea Set":31,"Akabeko":54,"Old Coin":45,"SlaversCollar":34,"Anchor":38,"Tough Bandages":42,"Shuriken":44,"MealTicket":9,"Pandora\u0027s Box":17,"Prayer Wheel":37,"Membership Card":54,"FossilizedHelix":40,"Ring of the Snake":0},{"Regal Pillow":15,"Blue Candle":14,"Oddly Smooth Stone":15,"StoneCalendar":2,"Tingsha":25,"PreservedInsect":6,"Pen Nib":7,"Bag of Preparation":5,"Letter Opener":31,"Orichalcum":30,"Smiling Mask":16,"Ancient Tea Set":19,"Akabeko":30,"Old Coin":27,"SlaversCollar":20,"Anchor":23,"Tough Bandages":25,"Shuriken":26,"MealTicket":5,"Pandora\u0027s Box":8,"Prayer Wheel":23,"Membership Card":30,"FossilizedHelix":24,"Ring of the Snake":0},{"Regal Pillow":80,"Blue Candle":75,"Oddly Smooth Stone":80,"StoneCalendar":6,"Tingsha":117,"PreservedInsect":30,"Pen Nib":32,"Bag of Preparation":20,"Letter Opener":146,"Orichalcum":144,"Smiling Mask":82,"Ancient Tea Set":91,"Akabeko":144,"Old Coin":123,"SlaversCollar":104,"Anchor":112,"Tough Bandages":117,"Shuriken":119,"MealTicket":20,"Pandora\u0027s Box":45,"Prayer Wheel":112,"Membership Card":144,"FossilizedHelix":114,"Ring of the Snake":0}],"Ring of the Snake":[64]},"card_choices":[{"not_picked":["Backflip","Calculated Gamble"],"picked":"Quick Slash","floor":1.0},{"not_picked":["PiercingWail","Sucker Punch"],"picked":"Backstab","floor":2.0},{"not_picked":["Choke","Escape Plan"],"picked":"Backflip","floor":4.0},{"not_picked":["Deadly Poison","Choke"],"picked":"Flying Knee","floor":5.0},{"not_picked":["Dodge and Roll","Deflect"],"picked":"Dagger Spray","floor":7.0},{"not_picked":["Blade Dance","Crippling Poison","Tactician"],"picked":"SKIP","floor":10.0},{"not_picked":["Slice","Flechettes"],"picked":"Wraith Form v2","floor":13.0},{"not_picked":["Tools of the Trade","Die Die Die"],"picked":"Bullet Time","floor":16.0},{"not_picked":["Well Laid Plans","Dodge and Roll","Prepared"],"picked":"SKIP","floor":18},{"not_picked":["Bouncing Flask","Dagger Spray","Masterful Stab+1"],"picked":"SKIP","floor":19},{"not_picked":["Deflect","Acrobatics","Terror"],"picked":"SKIP","floor":20},{"not_picked":["Deflect","Acrobatics","Terror"],"picked":"SKIP","floor":20},{"not_picked":["PiercingWail+1","Dagger Throw+1"],"picked":"Noxious Fumes","floor":21},{"not_picked":["PiercingWail","Backflip"],"picked":"Catalyst+1","floor":22},{"not_picked":["Quick Slash","Expertise"],"picked":"Corpse Explosion","floor":23},{"not_picked":["Outmaneuver","Sucker Punch","Deflect"],"picked":"SKIP","floor":25},{"not_picked":["Dodge and Roll","Concentrate","Footwork"],"picked":"SKIP","floor":27},{"not_picked":["Deadly Poison","Dagger Throw","Bane"],"picked":"SKIP","floor":28},{"not_picked":["Dagger Spray","Sucker Punch"],"picked":"Adrenaline","floor":30},{"not_picked":["Terror+1","Acrobatics"],"picked":"Prepared+1","floor":31},{"not_picked":["Unload","Phantasmal Killer"],"picked":"Adrenaline","floor":33},{"not_picked":["PiercingWail","Infinite Blades+1","Tactician"],"picked":"SKIP","floor":35},{"not_picked":["Underhanded Strike+1","Poisoned Stab"],"picked":"Well Laid Plans","floor":36},{"not_picked":["Bane","Sucker Punch","Dash+1"],"picked":"SKIP","floor":40},{"not_picked":["Heel Hook+1","Expertise"],"picked":"Burst","floor":42},{"not_picked":["Reflex+1","Dash+1","Phantasmal Killer"],"picked":"SKIP","floor":44},{"not_picked":["Prepared","Poisoned Stab","Sucker Punch"],"picked":"SKIP","floor":46},{"not_picked":["Slice+1","Skewer","Poisoned Stab"],"picked":"SKIP","floor":46},{"not_picked":["Dodge and Roll+1","Cloak And Dagger","Blade Dance"],"picked":"SKIP","floor":55}],"player_experience":21538829,"relics_obtained":[{"floor":3.0,"key":"StoneCalendar"},{"floor":7.0,"key":"Bag of Preparation"},{"floor":9.0,"key":"MealTicket"},{"floor":10.0,"key":"PreservedInsect"},{"floor":13.0,"key":"Pen Nib"},{"floor":23,"key":"Blue Candle"},{"floor":25,"key":"Oddly Smooth Stone"},{"floor":26,"key":"Regal Pillow"},{"floor":27,"key":"Smiling Mask"},{"floor":31,"key":"Ancient Tea Set"},{"floor":37,"key":"Prayer Wheel"},{"floor":40,"key":"FossilizedHelix"},{"floor":42,"key":"Tough Bandages"},{"floor":43,"key":"Tingsha"},{"floor":44,"key":"Shuriken"},{"floor":45,"key":"Old Coin"},{"floor":55,"key":"Letter Opener"}],"event_choices":[{"cards_removed":["Backstab"],"damage_healed":57.0,"max_hp_gain":0.0,"max_hp_loss":0.0,"gold_gain":0.0,"event_name":"Bonfire Elementals","player_choice":"Offered Uncommon","floor":11.0,"gold_loss":0.0,"damage_taken":0.0},{"damage_healed":0,"gold_gain":0,"player_choice":"Fight","damage_taken":0,"max_hp_gain":0,"max_hp_loss":0,"event_name":"Mysterious Sphere","floor":37,"gold_loss":0},{"damage_healed":0,"gold_gain":0,"player_choice":"Fight","damage_taken":0,"max_hp_gain":0,"max_hp_loss":0,"event_name":"MindBloom","floor":45,"gold_loss":0},{"damage_healed":0,"gold_gain":0,"player_choice":"Ignored","damage_taken":0,"max_hp_gain":0,"max_hp_loss":0,"event_name":"Tomb of Lord Red Mask","floor":48,"gold_loss":0}],"is_beta":false,"boss_relics":[{"not_picked":["Coffee Dripper","Ectoplasm"],"picked":"Pandora\u0027s Box"},{"not_picked":["Philosopher\u0027s Stone","Cursed Key"],"picked":"SlaversCollar"}],"items_purged_floors":[14,29,38,39,54],"is_endless":false,"potions_floor_spawned":[7,10,13,18,20,23,28,31,33,35,40],"ascension_level":20}}