{"host":"dowi7cgbhepuzvpj","time":1611447068,"event":{"mods":["AchievementEnabler","BaseMod","Keyboard Shortcuts","Minty Spire (QoL Compilation)","Permanent Neow","Quick Restart","StSLib","SuperFastMode"],"gold_per_floor":[118,43,43,60,74,108,108,142,142,42,42,70,86,86,86,187,187,203,24,39,57,57,57,30,46,70,70,70,89,105,119,119,119,119],"floor_reached":33,"language":"KOR","playtime":728,"items_purged":["Strike_R","Clumsy","Perfected Strike"],"score":398,"play_id":"6d7dca50-e13c-4106-8877-cb2946adfda4","local_time":"20210124091108","is_ascension_mode":true,"campfire_choices":[{"data":"Armaments","floor":7,"key":"SMITH"},{"data":"Immolate","floor":11,"key":"SMITH"},{"data":"Twin Strike","floor":15,"key":"SMITH"},{"data":"Ghostly Armor","floor":23,"key":"SMITH"},{"data":"Evolve","floor":27,"key":"SMITH"},{"floor":32,"key":"REST"}],"circlet_count":0,"master_deck":["Bash","Limit Break","Carnage+1","Twin Strike+1","Armaments+1","Immolate+1","Power Through","Offering","Anger","Limit Break","Infernal Blade","Immolate","Battle Trance","Hemokinesis","Evolve+1","Iron Wave","Shrug It Off","Flame Barrier+1","Ghostly Armor+1","Flex","Inflame+1","Armaments+1","Inflame","Shrug It Off","Sword Boomerang+1"],"relics":["Burning Blood","Strawberry","Pear","Blue Candle","Odd Mushroom","Pandora\u0027s Box","Molten Egg 2","Happy Flower"],"acts_visited":["Exordium","TheCity"],"potions_floor_usage":[13,16,33],"damage_taken":[{"damage":7,"enemies":"Small Slimes","floor":1,"turns":6},{"damage":5,"enemies":"2 Louse","floor":4,"turns":2},{"damage":0,"enemies":"Cultist","floor":5,"turns":2},{"damage":32,"enemies":"Gremlin Nob","floor":6,"turns":4},{"damage":22,"enemies":"3 Sentries","floor":8,"turns":8},{"damage":0,"enemies":"The Mushroom Lair","floor":12,"turns":2},{"damage":1,"enemies":"Blue Slaver","floor":13,"turns":3},{"damage":90,"enemies":"Hexaghost","floor":16,"turns":10},{"damage":18,"enemies":"Chosen","floor":18,"turns":2},{"damage":21,"enemies":"3 Byrds","floor":20,"turns":3},{"damage":29,"enemies":"Centurion and Healer","floor":21,"turns":7},{"damage":2,"enemies":"3 Cultists","floor":25,"turns":2},{"damage":20,"enemies":"Snake Plant","floor":29,"turns":3},{"damage":8,"enemies":"Snecko","floor":30,"turns":2},{"damage":10,"enemies":"3 Cultists","floor":31,"turns":4},{"damage":44,"enemies":"Collector","floor":33,"turns":5}],"seed_played":"-4612923458388838247","potions_obtained":[{"floor":1,"key":"Swift Potion"},{"floor":4,"key":"SmokeBomb"},{"floor":6,"key":"Block Potion"},{"floor":20,"key":"FearPotion"},{"floor":25,"key":"SkillPotion"}],"is_trial":false,"path_per_floor":["M","$","?","M","M","E","R","E","T","$","R","?","M","?","R","B",null,"M","$","M","M","T","R","$","M","T","R","?","M","M","M","R","B"],"character_chosen":"IRONCLAD","items_purchased":["Shrug It Off","Flex"],"campfire_rested":1,"item_purchase_floors":[19,24],"current_hp_per_floor":[71,71,55,56,62,43,43,37,37,37,37,43,48,97,97,13,76,64,64,49,26,26,26,26,30,30,30,30,16,14,10,39,0,0],"gold":119,"neow_bonus":"THREE_RARE_CARDS","is_daily":false,"chose_seed":false,"campfire_upgraded":5,"win_rate":0.0,"timestamp":1611447068,"path_taken":["M","$","?","M","M","E","R","E","T","$","R","?","M","?","R","BOSS","M","$","M","M","?","R","$","M","T","R","?","?","?","?","R","BOSS"],"items_purchased_type":["Card","Card"],"build_version":"2020-12-22","purchased_purges":3,"victory":false,"max_hp_per_floor":[80,80,80,80,80,87,87,97,97,97,97,97,97,97,97,97,97,97,97,97,97,97,97,97,97,97,97,97,97,97,97,97,97,97],"card_choices":[{"not_picked":["Demon Form","Exhume"],"picked":"Limit Break","floor":0},{"not_picked":["Pommel Strike","Body Slam"],"picked":"Carnage","floor":1},{"not_picked":["Hemokinesis","Entrench"],"picked":"Twin Strike","floor":4},{"not_picked":["Dropkick","Corruption"],"picked":"Armaments","floor":5},{"not_picked":["Cleave","Clothesline","Clash"],"picked":"SKIP","floor":6},{"not_picked":["Perfected Strike","Whirlwind"],"picked":"Immolate","floor":8},{"not_picked":["Twin Strike","Dark Embrace"],"picked":"Power Through","floor":12},{"not_picked":["Whirlwind","Heavy Blade","Warcry"],"picked":"SKIP","floor":13},{"not_picked":["Exhume","Fiend Fire"],"picked":"Offering","floor":16},{"not_picked":["Clash","Warcry"],"picked":"Iron Wave","floor":18},{"not_picked":["Searing Blow","Carnage"],"picked":"Flame Barrier+1","floor":20},{"not_picked":["Battle Trance","Body Slam"],"picked":"Ghostly Armor","floor":21},{"not_picked":["Anger+1","Heavy Blade+1"],"picked":"Inflame+1","floor":25},{"not_picked":["Havoc","Armaments+1"],"picked":"Inflame","floor":29},{"not_picked":["Shockwave","Twin Strike+1"],"picked":"Shrug It Off","floor":30},{"not_picked":["Seeing Red","Uppercut+1"],"picked":"Sword Boomerang+1","floor":31}],"player_experience":848153,"relics_obtained":[{"floor":6,"key":"Strawberry"},{"floor":8,"key":"Pear"},{"floor":9,"key":"Blue Candle"},{"floor":12,"key":"Odd Mushroom"},{"floor":22,"key":"Molten Egg 2"},{"floor":26,"key":"Happy Flower"}],"event_choices":[{"damage_healed":0,"gold_gain":0,"player_choice":"Entered Light","damage_taken":16,"max_hp_gain":0,"max_hp_loss":0,"event_name":"Shining Light","floor":3,"gold_loss":0,"cards_upgraded":["Defend_R","Carnage"]},{"damage_healed":0,"gold_gain":0,"player_choice":"Fought Mushrooms","damage_taken":0,"max_hp_gain":0,"max_hp_loss":0,"event_name":"Mushrooms","floor":12,"gold_loss":0},{"damage_healed":49,"gold_gain":0,"player_choice":"Full Heal","damage_taken":0,"max_hp_gain":0,"max_hp_loss":0,"event_name":"Wheel of Change","floor":14,"gold_loss":0},{"damage_healed":0,"gold_gain":0,"player_choice":"Copied","damage_taken":0,"max_hp_gain":0,"max_hp_loss":0,"event_name":"Duplicator","floor":28,"gold_loss":0,"cards_obtained":["Armaments"]}],"is_beta":false,"boss_relics":[{"not_picked":["Runic Pyramid","Black Blood"],"picked":"Pandora\u0027s Box"}],"items_purged_floors":[2,10,19],"is_endless":false,"potions_floor_spawned":[1,4,6,20,25],"killed_by":"Collector","ascension_level":9}}