{"host":"177c0bxbteywy4xy","time":1611485888,"event":{"mods":["Act Like it!","Arknights The Spire","BaseMod","Colored Powertips","Friendly Minions","Koishi","Lobotomy","LobotomyExtend","Minty Spire (QoL Compilation)","Quick Restart","Relic Stats","Remilia（蕾米莉亚）","SOS（斯巴达之子）","StSLib","Td1madao Mod","The Administrix","The Animator","Waifu the Spire","Yakumo Yukari mod"],"gold_per_floor":[109,109,124,124,137,137,153,184,207,97,117,173,34,53,53,148,148,166,185,185,106,118,118,131,149,169,185,185,185,216,216,216,227,242,262,294,314,314,409,409],"floor_reached":18,"language":"ZHS","playtime":2370,"items_purged":["ats:Strike C","ats:Strike V"],"score":254,"play_id":"eec8eff6-b1ed-4e5f-86e8-ba9a6291a260","local_time":"20210124185808","is_ascension_mode":false,"campfire_choices":[{"data":"ats:Blood Oath","floor":6.0,"key":"SMITH"},{"data":"ats:Flexible Camouflage","floor":15.0,"key":"SMITH"},{"data":"ats:Composite Medical Shells","floor":23,"key":"SMITH"},{"data":"ats:Soul Rend","floor":6,"key":"SMITH"},{"data":"ats:Demon Strength","floor":8,"key":"SMITH"},{"data":"ats:Shadow Assault","floor":15,"key":"SMITH"}],"circlet_count":0,"master_deck":["ats:Strike G","ats:Armor Crushing Shot","ats:Defend","ats:Defend","ats:Emotion Absorption","ats:Soul Rend","ats:Blood Oath+1","ats:Flexible Camouflage+1","ats:Powerful Strike","ats:Consecutive Shot Auto","ats:Thermite Blade","ats:Ignite","ats:Red Shift","ats:Soul Rend+1","ats:Closed Bolt Burst Fire","ats:Composite Medical Shells+1","ats:Healing Strengthening","ats:Demon Strength+1","ats:Curse Doll","ats:Blood Oath","ats:Shadow Assault+1"],"relics":["ats:Sanity","ats:Originium","ats:Berate","Boot","ats:Spiritual Recovery","Empty Cage","LetterFromLob","Pantograph","Potion Belt"],"acts_visited":["Exordium","TheCity"],"potions_floor_usage":[],"damage_taken":[{"damage":5.0,"enemies":"Cultist","floor":1.0,"turns":4.0},{"damage":7.0,"enemies":"2 Louse","floor":3.0,"turns":4.0},{"damage":6.0,"enemies":"Jaw Worm","floor":5.0,"turns":4.0},{"damage":20.0,"enemies":"Large Slime","floor":7.0,"turns":10.0},{"damage":40.0,"enemies":"Lagavulin","floor":8.0,"turns":7.0},{"damage":1.0,"enemies":"Exordium Thugs","floor":11.0,"turns":3.0},{"damage":26.0,"enemies":"3 Sentries","floor":12.0,"turns":6.0},{"damage":9.0,"enemies":"2 Fungi Beasts","floor":14.0,"turns":2.0},{"damage":43.0,"enemies":"The Guardian","floor":16.0,"turns":7.0},{"damage":22,"enemies":"Shell Parasite","floor":18,"turns":4},{"damage":10,"enemies":"Chosen","floor":19,"turns":3},{"damage":54,"enemies":"Shelled Parasite and Fungi","floor":22,"turns":5},{"damage":0,"enemies":"Cultist","floor":1,"turns":2},{"damage":7,"enemies":"Small Slimes","floor":2,"turns":3},{"damage":8,"enemies":"2 Louse","floor":3,"turns":3},{"damage":11,"enemies":"Exordium Wildlife","floor":4,"turns":3},{"damage":23,"enemies":"3 Sentries","floor":7,"turns":4},{"damage":13,"enemies":"Exordium Thugs","floor":10,"turns":2},{"damage":0,"enemies":"Large Slime","floor":11,"turns":2},{"damage":10,"enemies":"Looter","floor":12,"turns":2},{"damage":18,"enemies":"Lagavulin","floor":13,"turns":5},{"damage":20,"enemies":"3 Louse","floor":14,"turns":3},{"damage":54,"enemies":"Hexaghost","floor":16,"turns":6}],"seed_played":"7735704910364511956","potions_obtained":[{"floor":3.0,"key":"ColorlessPotion"},{"floor":7.0,"key":"Strength Potion"},{"floor":14.0,"key":"DuplicationPotion"},{"floor":19,"key":"ColorlessPotion"},{"floor":14,"key":"SkillPotion"}],"is_trial":false,"path_per_floor":["M","?","M","?","M","R","M","E","T","$","M","?","$","M","R","B",null,"M","M","?","$","M","R","M","M","M","M","M","$","R","E","R","T","M","M","M","E","M","R","B",null,null],"character_chosen":"DOCTOR_CLASS","items_purchased":["ats:Thermite Blade","ats:Red Shift","ats:Healing Strengthening"],"campfire_rested":0,"item_purchase_floors":[10,13,21],"current_hp_per_floor":[68,61,66,71,77,77,74,62,62,62,67,64,64,60,60,62,77,66,77,77,77,60,60,77,76,72,71,71,71,66,66,66,58,66,58,59,55,55,72,72],"gold":409,"neow_bonus":"ONE_RANDOM_RARE_CARD","is_daily":false,"chose_seed":false,"campfire_upgraded":6,"win_rate":0.0,"timestamp":1611485888,"path_taken":["M","?","M","?","M","R","M","E","T","?","M","?","$","M","R","BOSS","M","M","?","$","M","R","M","M","M","M","M","$","R","E","R","T","M","M","M","E","M","R","BOSS"],"items_purchased_type":["Card","Card","Card"],"build_version":"2020-12-22","purchased_purges":2,"victory":true,"max_hp_per_floor":[72,72,72,77,77,77,77,77,77,77,77,77,77,77,77,77,77,77,77,77,77,77,77,77,77,77,77,77,77,77,77,77,77,77,77,77,77,77,77,77],"relic_stats":{"counters":[23,94],"Pantograph":22,"Boot":[14],"obtain_stats":[{"ats:Spiritual Recovery":12,"Potion Belt":13,"ats:Originium":8,"ats:Berate":8,"Pantograph":7,"LetterFromLob":1,"ats:Sanity":0,"Boot":9,"Empty Cage":17},{"ats:Spiritual Recovery":7,"Potion Belt":21,"ats:Originium":5,"ats:Berate":5,"Pantograph":17,"LetterFromLob":1,"ats:Sanity":0,"Boot":5,"Empty Cage":9},{"ats:Spiritual Recovery":38,"Potion Belt":85,"ats:Originium":29,"ats:Berate":29,"Pantograph":74,"LetterFromLob":4,"ats:Sanity":0,"Boot":29,"Empty Cage":47}]},"card_choices":[{"not_picked":["ats:Healing Drone","ats:Consecutive Shot Auto"],"picked":"ats:Blood Oath","floor":1.0},{"not_picked":["ats:Guard Mode","ats:Powerful Strike","ats:Rapid Magazine"],"picked":"SKIP","floor":3.0},{"not_picked":["ats:Shell Defense","ats:Composite Medical Shells"],"picked":"ats:Flexible Camouflage","floor":5.0},{"not_picked":["ats:Consecutive Shot Auto","ats:Soul Absorption"],"picked":"ats:Powerful Strike","floor":7.0},{"not_picked":["ats:Wolf Pack","ats:Charging Defense"],"picked":"ats:Consecutive Shot Auto","floor":8.0},{"not_picked":["ats:Explosion Area Strengthen","ats:Shell Defense","ats:Assault Order"],"picked":"SKIP","floor":11.0},{"not_picked":["ats:Blood Oath","ats:Assault Order"],"picked":"ats:Ignite","floor":12.0},{"not_picked":["ats:Shell Defense","ats:Explosion Area Strengthen","ats:Powerful Strike"],"picked":"SKIP","floor":14.0},{"not_picked":["ats:Echo Reverb","ats:Volcano"],"picked":"ats:Soul Rend","floor":16.0},{"not_picked":["ats:Ignite","ats:Blood Oath"],"picked":"ats:Closed Bolt Burst Fire","floor":18},{"not_picked":["ats:Powerful Strike","ats:Revitalization"],"picked":"ats:Composite Medical Shells","floor":19},{"not_picked":["ats:Burning Ground","ats:Shell Defense","ats:Very Hot Blade"],"picked":"SKIP","floor":22},{"not_picked":["ats:Closed Bolt Burst Fire","ats:Curse Doll","ats:Apocalypse"],"picked":"SKIP","floor":1},{"not_picked":["ats:Dogmatic Field","ats:Ignite","ats:Absolute Focus"],"picked":"SKIP","floor":2},{"not_picked":["ats:Poison Spread","ats:Absolute Focus"],"picked":"ats:Demon Strength","floor":3},{"not_picked":["ats:Poison Spread","ats:Curse Doll","ats:Powerful Strike"],"picked":"SKIP","floor":4},{"not_picked":["ats:Charging Defense","ats:Soul Absorption"],"picked":"ats:Curse Doll","floor":7},{"not_picked":["ats:Rat Pack","ats:Explosion Area Strengthen"],"picked":"ats:Blood Oath","floor":10},{"not_picked":["ats:Very Hot Blade","ats:LN2 Cannon","ats:Powerful Strike"],"picked":"SKIP","floor":11},{"not_picked":["ats:Guard Mode","ats:Support Order","ats:Very Hot Blade"],"picked":"SKIP","floor":12},{"not_picked":["ats:Support Order","ats:Blood Oath"],"picked":"ats:Shadow Assault","floor":13},{"not_picked":["ats:Spore Proliferation","ats:Leaping Hammer","ats:Explosion Area Strengthen"],"picked":"SKIP","floor":14}],"player_experience":183503,"relics_obtained":[{"floor":1.0,"key":"LetterFromLob"},{"floor":8.0,"key":"ats:Originium"},{"floor":8.0,"key":"ats:Berate"},{"floor":9.0,"key":"Boot"},{"floor":12.0,"key":"ats:Spiritual Recovery"},{"floor":1,"key":"LetterFromLob"},{"floor":7,"key":"ats:Originium"},{"floor":7,"key":"Pantograph"},{"floor":13,"key":"ats:Originium"},{"floor":13,"key":"Potion Belt"}],"event_choices":[{"cards_removed":["ats:Strike S"],"damage_healed":0.0,"max_hp_gain":0.0,"max_hp_loss":0.0,"gold_gain":0.0,"event_name":"Golden Wing","player_choice":"Card Removal","floor":2.0,"gold_loss":0.0,"damage_taken":7.0},{"damage_healed":0.0,"max_hp_gain":5.0,"max_hp_loss":0.0,"gold_gain":0.0,"event_name":"Big Fish","player_choice":"Donut","floor":4.0,"gold_loss":0.0,"damage_taken":0.0},{"damage_healed":0.0,"max_hp_gain":0.0,"max_hp_loss":0.0,"gold_gain":30.0,"event_name":"Dead Adventurer","player_choice":"Searched \u00272\u0027 times","floor":12.0,"gold_loss":0.0,"damage_taken":0.0}],"is_beta":false,"boss_relics":[{"not_picked":["Astrolabe","SlaversCollar"],"picked":"Empty Cage"}],"items_purged_floors":[10,13],"is_endless":false,"potions_floor_spawned":[3,7,14,19,3,10,14],"ascension_level":0}}