{"host":"uv5ws9rdk87e8i5k","time":1611466665,"event":{"mods":["AchievementEnabler","BaseMod","Colored Map","Minty Spire (QoL Compilation)","StSLib","SuperFastMode"],"gold_per_floor":[14,28,46,56,73,100,100,129,156,182,197,197,207,220,220,220,220],"floor_reached":16,"language":"ENG","playtime":366,"items_purged":[],"score":164,"play_id":"7f3cc82e-264b-4553-87b7-e527327dcb96","local_time":"20210123233745","is_ascension_mode":true,"campfire_choices":[{"data":"Spot Weakness","floor":7.0,"key":"SMITH"},{"data":"Inflame","floor":12.0,"key":"SMITH"},{"data":"Sword Boomerang","floor":15.0,"key":"SMITH"}],"circlet_count":0,"master_deck":["Strike_R","Strike_R","Strike_R","Strike_R","Defend_R","Defend_R","Defend_R","Bash","Dropkick","Thunderclap","Headbutt","Anger","Cleave","Spot Weakness+1","Sword Boomerang+1","Inflame+1","Warcry","Sword Boomerang"],"relics":["Burning Blood","Art of War","Pear","Bronze Scales","Boot"],"acts_visited":["Exordium"],"potions_floor_usage":[],"damage_taken":[{"damage":1.0,"enemies":"Cultist","floor":1.0,"turns":3.0},{"damage":3.0,"enemies":"2 Louse","floor":2.0,"turns":3.0},{"damage":9.0,"enemies":"Jaw Worm","floor":3.0,"turns":3.0},{"damage":12.0,"enemies":"Looter","floor":4.0,"turns":3.0},{"damage":6.0,"enemies":"Blue Slaver","floor":5.0,"turns":3.0},{"damage":23.0,"enemies":"Lagavulin","floor":6.0,"turns":6.0},{"damage":4.0,"enemies":"Gremlin Nob","floor":8.0,"turns":3.0},{"damage":30.0,"enemies":"3 Sentries","floor":10.0,"turns":4.0},{"damage":1.0,"enemies":"2 Fungi Beasts","floor":11.0,"turns":2.0},{"damage":8.0,"enemies":"Gremlin Gang","floor":13.0,"turns":4.0},{"damage":6.0,"enemies":"Looter","floor":14.0,"turns":2.0},{"damage":30,"enemies":"The Guardian","floor":16,"turns":7}],"seed_played":"-786255794203925045","potions_obtained":[{"floor":1.0,"key":"HeartOfIron"},{"floor":3.0,"key":"Block Potion"},{"floor":4.0,"key":"FearPotion"},{"floor":10.0,"key":"EssenceOfSteel"}],"is_trial":false,"path_per_floor":["M","M","M","M","M","E","R","E","T","E","M","R","M","M","R","B"],"character_chosen":"IRONCLAD","items_purchased":[],"campfire_rested":0,"item_purchase_floors":[],"current_hp_per_floor":[77,80,77,71,71,54,54,66,66,42,47,47,45,45,45,15,15],"gold":220,"neow_bonus":"REMOVE_TWO","is_daily":false,"chose_seed":false,"campfire_upgraded":3,"win_rate":0.0,"timestamp":1611466665,"path_taken":["M","M","M","M","M","E","R","E","T","E","?","R","M","?","R","BOSS"],"items_purchased_type":[],"build_version":"2020-12-22","purchased_purges":0,"victory":false,"max_hp_per_floor":[80,80,80,80,80,80,80,90,90,90,90,90,90,90,90,90,90],"card_choices":[{"not_picked":["Rage","Reckless Charge"],"picked":"Dropkick","floor":1.0},{"not_picked":["Bloodletting","Blood for Blood"],"picked":"Thunderclap","floor":2.0},{"not_picked":["Clothesline","Body Slam"],"picked":"Headbutt","floor":3.0},{"not_picked":["Warcry","Bloodletting"],"picked":"Anger","floor":4.0},{"not_picked":["Clothesline","Brutality"],"picked":"Cleave","floor":5.0},{"not_picked":["Hemokinesis","Heavy Blade"],"picked":"Spot Weakness","floor":6.0},{"not_picked":["Metallicize","Sentinel"],"picked":"Sword Boomerang","floor":8.0},{"not_picked":["Battle Trance","Havoc"],"picked":"Inflame","floor":10.0},{"not_picked":["Thunderclap","Flex"],"picked":"Warcry","floor":11.0},{"not_picked":["Dark Embrace","Uppercut"],"picked":"Sword Boomerang","floor":13.0},{"not_picked":["Entrench","Clash","Clothesline"],"picked":"SKIP","floor":14.0}],"player_experience":221419,"relics_obtained":[{"floor":6.0,"key":"Art of War"},{"floor":8.0,"key":"Pear"},{"floor":9.0,"key":"Bronze Scales"},{"floor":10.0,"key":"Boot"}],"event_choices":[],"is_beta":false,"boss_relics":[],"items_purged_floors":[],"is_endless":false,"potions_floor_spawned":[1,3,4,10],"killed_by":"The Guardian","ascension_level":6}}