{"host":"2se5dq1do2gp0x9k","time":1611460657,"event":{"mods":["AchievementEnabler","BaseMod","Block Reminder","Colored Map","Colored Powertips","Minty Spire (QoL Compilation)","Relic Stats","StSLib","SuperFastMode"],"gold_per_floor":[112,112,122,122,46,46,89,89,89,124,144,158,158,183,183,183,183],"floor_reached":16,"language":"ENG","playtime":283,"items_purged":[],"score":270,"play_id":"2ff3733e-1880-44b0-8c5f-9f80a81ba30d","local_time":"20210123195737","is_ascension_mode":true,"campfire_choices":[{"data":"Catalyst","floor":6.0,"key":"SMITH"},{"data":"Malaise","floor":13.0,"key":"SMITH"},{"floor":15.0,"key":"REST"}],"circlet_count":0,"master_deck":["AscendersBane","Strike_G","Strike_G","Strike_G","Strike_G","Defend_G","Defend_G","Defend_G","Defend_G","Defend_G","Survivor","Neutralize","Catalyst+1","Deadly Poison","Bouncing Flask","Flying Knee","Malaise+1","Backflip","Poisoned Stab","Blur"],"relics":["Ring of the Snake","NeowsBlessing","Golden Idol","Incense Burner","Prayer Wheel"],"acts_visited":["Exordium"],"potions_floor_usage":[16],"damage_taken":[{"damage":0.0,"enemies":"2 Louse","floor":1.0,"turns":1.0},{"damage":0.0,"enemies":"Small Slimes","floor":3.0,"turns":1.0},{"damage":0.0,"enemies":"Lagavulin","floor":7.0,"turns":1.0},{"damage":36.0,"enemies":"Gremlin Nob","floor":10.0,"turns":4.0},{"damage":0.0,"enemies":"Cultist","floor":11.0,"turns":2.0},{"damage":6.0,"enemies":"3 Louse","floor":12.0,"turns":5.0},{"damage":11.0,"enemies":"Blue Slaver","floor":14.0,"turns":4.0},{"damage":27,"enemies":"The Guardian","floor":16,"turns":2}],"seed_played":"-7230180813806647299","potions_obtained":[{"floor":7.0,"key":"BlessingOfTheForge"},{"floor":10.0,"key":"LiquidBronze"}],"is_trial":false,"path_per_floor":["M","?","M","?","$","R","E","?","T","E","M","M","R","M","R","B"],"character_chosen":"THE_SILENT","items_purchased":["Bouncing Flask"],"campfire_rested":1,"item_purchase_floors":[5],"current_hp_per_floor":[59,52,52,52,52,52,52,60,60,24,24,18,18,7,25,0,0],"gold":183,"neow_bonus":"THREE_ENEMY_KILL","is_daily":false,"chose_seed":false,"campfire_upgraded":2,"win_rate":0.0,"timestamp":1611460657,"path_taken":["M","?","M","?","$","R","E","?","T","E","M","?","R","M","R","BOSS"],"items_purchased_type":["Card"],"build_version":"2020-12-22","purchased_purges":0,"victory":false,"max_hp_per_floor":[66,66,66,60,60,60,60,60,60,60,60,60,60,60,60,60,60],"relic_stats":{"counters":[8,20],"Golden Idol":28,"Prayer Wheel":3,"obtain_stats":[{"NeowsBlessing":0,"Golden Idol":4,"Prayer Wheel":10,"Incense Burner":7,"Ring of the Snake":0},{"NeowsBlessing":0,"Golden Idol":2,"Prayer Wheel":4,"Incense Burner":3,"Ring of the Snake":0},{"NeowsBlessing":0,"Golden Idol":2,"Prayer Wheel":7,"Incense Burner":3,"Ring of the Snake":0}],"Ring of the Snake":[16]},"card_choices":[{"not_picked":["Sucker Punch","Underhanded Strike"],"picked":"Catalyst","floor":1.0},{"not_picked":["Poisoned Stab","Slice"],"picked":"Deadly Poison","floor":3.0},{"not_picked":["Escape Plan","Skewer"],"picked":"Flying Knee","floor":7.0},{"not_picked":["Finisher","Dagger Throw"],"picked":"Malaise","floor":10.0},{"not_picked":["Flying Knee","Outmaneuver"],"picked":"Backflip","floor":11.0},{"not_picked":["Dagger Spray","Blade Dance","Caltrops"],"picked":"SKIP","floor":11.0},{"not_picked":["Outmaneuver","Cloak And Dagger"],"picked":"Poisoned Stab","floor":12.0},{"not_picked":["Choke","Endless Agony","Outmaneuver"],"picked":"SKIP","floor":12.0},{"not_picked":["Quick Slash","Terror"],"picked":"Blur","floor":14.0},{"not_picked":["Concentrate","Poisoned Stab","Heel Hook"],"picked":"SKIP","floor":14.0}],"player_experience":3943620,"relics_obtained":[{"floor":7.0,"key":"Incense Burner"},{"floor":10.0,"key":"Prayer Wheel"}],"event_choices":[{"cards_removed":["Strike_G"],"damage_healed":0.0,"max_hp_gain":0.0,"max_hp_loss":0.0,"gold_gain":0.0,"event_name":"Golden Wing","player_choice":"Card Removal","floor":2.0,"gold_loss":0.0,"damage_taken":7.0},{"damage_healed":0.0,"max_hp_gain":0.0,"max_hp_loss":6.0,"gold_gain":0.0,"event_name":"Golden Idol","player_choice":"Lose Max HP","floor":4.0,"gold_loss":0.0,"damage_taken":0.0,"relics_obtained":["Golden Idol"]},{"damage_healed":8.0,"max_hp_gain":0.0,"max_hp_loss":0.0,"gold_gain":0.0,"event_name":"Wheel of Change","player_choice":"Full Heal","floor":8.0,"gold_loss":0.0,"damage_taken":0.0}],"is_beta":false,"boss_relics":[],"items_purged_floors":[],"is_endless":false,"potions_floor_spawned":[7,10,11,12],"killed_by":"The Guardian","ascension_level":20}}