{"host":"kubkimaky0n54ws8","time":1611492233,"event":{"mods":["BaseMod","Marisa£®ÏF”Í°°ƒß¿Ì…≥£©","Minty Spire (QoL Compilation)","Quick Restart","Reimu£®≤©¿ˆ¡È√Œ£©","Remilia£®¿Ÿ√◊¿Ú—«£©","StSLib","The Cursed","The Senshi","The Servant 0.9.4"],"gold_per_floor":[112,127,77,77,77,77,103,116,116,116,76,101,112,112,112,213,213,224,44,44,44,58,58,86,97,97,97,110,110,128,228,228,325,325,338,349,349,399,411,460,460,487,510,510,521,541,624,5,5,57],"floor_reached":51,"language":"ZHS","playtime":6104,"items_purged":[],"score":858,"play_id":"7670d8f6-1392-404a-aff9-c809f7699c90","local_time":"20210124204353","is_ascension_mode":false,"campfire_choices":[{"data":"UnstableBomb","floor":6.0,"key":"SMITH"},{"floor":10.0,"key":"REST"},{"floor":15.0,"key":"REST"},{"data":"TreasureHunter","floor":23.0,"key":"SMITH"},{"data":"PulseMagic","floor":29.0,"key":"SMITH"},{"data":"FairyDestructionRay","floor":32.0,"key":"SMITH"},{"data":"LuminesStrike","floor":41.0,"key":"SMITH"},{"data":"DC","floor":49,"key":"SMITH"}],"circlet_count":0,"master_deck":["Strike_MRS+1","Strike_MRS","Strike_MRS","Strike_MRS","Defend_MRS","Defend_MRS","MasterSpark","UpSweep","ShootingEcho","SuperPerseids","NonDirectionalLaser","UnstableBomb+1","GrandCross","DC+1","DarkSpark","ShootingEcho+1","TreasureHunter+1","OneTimeOff+1","LuminesStrike+1","PulseMagic+1","MysteriousBeam","GasGiant+1","Gluttony_TH","MeteoricShower+1","FairyDestructionRay+1","GravityBeat","MaximisePower","GravityBeat+1","SporeBomb+1","UnstableBomb+1","Robbery+1","WitchLeyline+1","GalacticHalo+1","Jack Of All Trades","Enlightenment","Metamorphosis","6A+1","EventHorizon+1","SuperPerseids+1","Madness","Panache","AsteroidBelt","MysteriousBeam"],"relics":["MiniHakkero","Letter Opener","Blue Candle","Vajra","PaintedHorse:ReiMu","Blood Vial","Black Star","Lee\u0027s Waffle","HornCleat","Gremlin Horn","Nunchaku","Singing Bowl","SproutingBranch","Pear","SlaversCollar","CaptainsWheel","TungstenRod","AntiCross","Mercury Hourglass","theSenshi:SailorFukuRelic","ScarletDevilRocket","Pen Nib","Anchor","RuthlessExorcism:ReiMu","Incense Burner","Bottled Lightning"],"acts_visited":["Exordium","TheCity","TheBeyond"],"potions_floor_usage":[],"damage_taken":[{"damage":1.0,"enemies":"Cultist","floor":1.0,"turns":3.0},{"damage":6.0,"enemies":"Jaw Worm","floor":2.0,"turns":3.0},{"damage":26.0,"enemies":"Lagavulin","floor":7.0,"turns":5.0},{"damage":2.0,"enemies":"Small Slimes","floor":8.0,"turns":2.0},{"damage":0.0,"enemies":"Gremlin Nob","floor":12.0,"turns":2.0},{"damage":2.0,"enemies":"Blue Slaver","floor":13.0,"turns":2.0},{"damage":55.0,"enemies":"Hexaghost","floor":16.0,"turns":6.0},{"damage":5.0,"enemies":"Chosen","floor":18.0,"turns":3.0},{"damage":20.0,"enemies":"Shell Parasite","floor":22.0,"turns":3.0},{"damage":9.0,"enemies":"Gremlin Leader","floor":24.0,"turns":3.0},{"damage":0.0,"enemies":"3 Cultists","floor":25.0,"turns":2.0},{"damage":0.0,"enemies":"Sentry and Sphere","floor":28.0,"turns":3.0},{"damage":0.0,"enemies":"Snecko","floor":30.0,"turns":3.0},{"damage":13.0,"enemies":"Colosseum Slavers","floor":31.0,"turns":2.0},{"damage":0.0,"enemies":"Colosseum Nobs","floor":31.0,"turns":2.0},{"damage":60.0,"enemies":"Collector","floor":33.0,"turns":8.0},{"damage":15.0,"enemies":"Orb Walker","floor":35.0,"turns":2.0},{"damage":0.0,"enemies":"3 Shapes","floor":36.0,"turns":1.0},{"damage":0.0,"enemies":"Mind Bloom Boss Battle","floor":38.0,"turns":3.0},{"damage":0.0,"enemies":"Writhing Mass","floor":39.0,"turns":4.0},{"damage":11.0,"enemies":"Reptomancer","floor":40.0,"turns":3.0},{"damage":30.0,"enemies":"Nemesis","floor":42.0,"turns":3.0},{"damage":0,"enemies":"Spire Growth","floor":45,"turns":2},{"damage":0,"enemies":"Sphere and 2 Shapes","floor":46,"turns":1},{"damage":3,"enemies":"2 Orb Walkers","floor":47,"turns":3},{"damage":15,"enemies":"Time Eater","floor":50,"turns":3}],"seed_played":"5246436601450280079","potions_obtained":[{"floor":1.0,"key":"ShroomBrew"},{"floor":2.0,"key":"Block Potion"},{"floor":7.0,"key":"Fruit Juice"},{"floor":16.0,"key":"Weak Potion"},{"floor":24.0,"key":"SpeedPotion"},{"floor":28.0,"key":"LiquidMemories"},{"floor":35.0,"key":"SkillPotion"},{"floor":47,"key":"BottledSpark"}],"is_trial":false,"path_per_floor":["M","M","?","?","?","R","E","M","T","R","?","E","M","?","R","B",null,"M","$","?","?","M","R","E","M","T","?","M","R","M","?","R","B",null,"M","M","?","?","M","E","R","E","T","?","M","M","?","$","R","B",null],"character_chosen":"MARISA","items_purchased":["Lee\u0027s Waffle","LuminesStrike","Bottled Lightning","Madness","Panache","AsteroidBelt","MysteriousBeam"],"campfire_rested":2,"item_purchase_floors":[19,19,48,48,48,48,48],"current_hp_per_floor":[74,68,68,56,56,56,30,28,28,57,57,57,57,41,65,12,80,75,87,87,87,67,67,60,62,62,77,79,79,81,82,82,39,112,97,99,99,110,112,101,101,82,82,73,80,82,90,90,90,86],"gold":57,"neow_bonus":"THREE_CARDS","is_daily":false,"chose_seed":false,"campfire_upgraded":6,"win_rate":0.0,"timestamp":1611492233,"path_taken":["M","M","?","?","?","R","E","M","T","R","?","E","?","?","R","BOSS","M","$","?","?","?","R","E","M","T","?","M","R","M","?","R","BOSS","M","M","?","?","M","E","R","E","T","?","M","M","?","$","R","BOSS"],"items_purchased_type":["Relic","Card","Relic","Card","Card","Card","Card"],"build_version":"2020-12-22","purchased_purges":0,"victory":true,"max_hp_per_floor":[75,75,75,75,75,75,75,75,75,80,80,80,80,80,80,80,80,80,87,87,87,87,87,87,87,87,102,102,102,102,112,112,112,112,112,112,112,112,112,112,112,112,112,112,112,112,112,112,112,112],"card_choices":[{"not_picked":["6A","NonDirectionalLaser"],"picked":"ShootingEcho","floor":0.0},{"not_picked":["MagicChant","WitchLeyline"],"picked":"SuperPerseids","floor":1.0},{"not_picked":["EnergyRecoil","PowerUp"],"picked":"NonDirectionalLaser","floor":2.0},{"not_picked":["MilkyWay","Orbital"],"picked":"GrandCross","floor":7.0},{"not_picked":["GalacticHalo","DarkSpark"],"picked":"DC","floor":8.0},{"not_picked":["DragonMeteor","ChargeUpSpray"],"picked":"DarkSpark","floor":12.0},{"not_picked":["DragonMeteor","DarkSpark"],"picked":"ShootingEcho","floor":13.0},{"not_picked":["CasketOfStar","UltimateShortwave"],"picked":"TreasureHunter","floor":16.0},{"not_picked":["6A","RefractionSpark+1"],"picked":"OneTimeOff+1","floor":18.0},{"not_picked":["GrandCross","NonDirectionalLaser+1"],"picked":"MysteriousBeam","floor":22.0},{"not_picked":["StarBarrage","IllusionStar"],"picked":"GasGiant+1","floor":24.0},{"not_picked":["DoubleSpark","UnstableBomb"],"picked":"Occultation+1","floor":25.0},{"not_picked":["MachineGunSpark","SuperNova"],"picked":"MeteoricShower+1","floor":28.0},{"not_picked":["ShootTheMoon","WitchOfGreed"],"picked":"FairyDestructionRay","floor":30.0},{"not_picked":["NonDirectionalLaser+1","6A"],"picked":"GravityBeat","floor":31.0},{"not_picked":["BinaryStars","FinalSpark"],"picked":"MaximisePower","floor":33.0},{"not_picked":["ShootTheMoon","ShootingEcho+1"],"picked":"GravityBeat+1","floor":35.0},{"not_picked":["UnstableBomb","PowerUp"],"picked":"SporeBomb+1","floor":36.0},{"not_picked":["LuminesStrike","Acceleration"],"picked":"UnstableBomb+1","floor":38.0},{"not_picked":["ShootTheMoon","WitchLeyline"],"picked":"Robbery+1","floor":39.0},{"not_picked":["EscapeVelocity","WitchOfGreed+1"],"picked":"WitchLeyline+1","floor":40.0},{"not_picked":["ManaConvection+1","MysteriousBeam+1"],"picked":"GalacticHalo+1","floor":42.0},{"not_picked":["Thinking Ahead","Bandage Up"],"picked":"Jack Of All Trades","floor":44.0},{"not_picked":["Purity","HandOfGreed"],"picked":"Enlightenment","floor":44.0},{"not_picked":["Violence","Bandage Up"],"picked":"Metamorphosis","floor":44.0},{"not_picked":["Robbery+1","GalacticHalo+1"],"picked":"6A+1","floor":45},{"not_picked":["WitchOfGreed","SporeBomb+1"],"picked":"EventHorizon+1","floor":46},{"not_picked":["Acceleration","MysteriousBeam"],"picked":"SuperPerseids+1","floor":47}],"player_experience":503174,"relics_obtained":[{"floor":7.0,"key":"Blue Candle"},{"floor":9.0,"key":"Vajra"},{"floor":12.0,"key":"Blood Vial"},{"floor":24.0,"key":"HornCleat"},{"floor":24.0,"key":"Gremlin Horn"},{"floor":24.0,"key":"Nunchaku"},{"floor":26.0,"key":"Singing Bowl"},{"floor":31.0,"key":"SproutingBranch"},{"floor":31.0,"key":"Pear"},{"floor":38.0,"key":"CaptainsWheel"},{"floor":38.0,"key":"TungstenRod"},{"floor":40.0,"key":"AntiCross"},{"floor":40.0,"key":"Mercury Hourglass"},{"floor":40.0,"key":"theSenshi:SailorFukuRelic"},{"floor":42.0,"key":"ScarletDevilRocket"},{"floor":42.0,"key":"Pen Nib"},{"floor":42.0,"key":"Anchor"},{"floor":43.0,"key":"RuthlessExorcism:ReiMu"},{"floor":47,"key":"Incense Burner"}],"event_choices":[{"cards_removed":["Defend_MRS"],"damage_healed":0.0,"max_hp_gain":0.0,"max_hp_loss":0.0,"gold_gain":0.0,"event_name":"The Cleric","player_choice":"Card Removal","floor":3.0,"gold_loss":50.0,"damage_taken":0.0},{"damage_healed":0.0,"max_hp_gain":0.0,"max_hp_loss":0.0,"gold_gain":0.0,"event_name":"Scrap Ooze","player_choice":"Success","floor":4.0,"gold_loss":0.0,"damage_taken":12.0,"relics_obtained":["Letter Opener"]},{"damage_healed":0.0,"max_hp_gain":0.0,"max_hp_loss":0.0,"gold_gain":0.0,"cards_transformed":["Defend_MRS"],"event_name":"Living Wall","player_choice":"Change","floor":5.0,"gold_loss":0.0,"damage_taken":0.0,"cards_obtained":["UnstableBomb"]},{"damage_healed":0.0,"max_hp_gain":0.0,"max_hp_loss":0.0,"gold_gain":0.0,"event_name":"yidonshenshe","player_choice":"»˚«Æ","floor":11.0,"gold_loss":40.0,"damage_taken":0.0,"relics_obtained":["PaintedHorse:ReiMu"]},{"damage_healed":0.0,"max_hp_gain":0.0,"max_hp_loss":0.0,"gold_gain":0.0,"event_name":"Shining Light","player_choice":"Entered Light","floor":14.0,"gold_loss":0.0,"damage_taken":16.0,"cards_upgraded":["Strike_MRS","ShootingEcho"]},{"damage_healed":0.0,"max_hp_gain":0.0,"max_hp_loss":0.0,"gold_gain":0.0,"event_name":"The Library","player_choice":"Read","floor":20.0,"gold_loss":0.0,"damage_taken":0.0,"cards_obtained":["PulseMagic"]},{"damage_healed":0.0,"max_hp_gain":0.0,"max_hp_loss":0.0,"gold_gain":0.0,"event_name":"NoteForYourself","player_choice":"Ignored","floor":21.0,"gold_loss":0.0,"damage_taken":0.0},{"damage_healed":0.0,"max_hp_gain":0.0,"max_hp_loss":0.0,"gold_gain":0.0,"event_name":"Colosseum","player_choice":"Fight","floor":31.0,"gold_loss":0.0,"damage_taken":0.0},{"damage_healed":0.0,"max_hp_gain":0.0,"max_hp_loss":0.0,"gold_gain":0.0,"event_name":"Colosseum","player_choice":"Fought Nobs","floor":31.0,"gold_loss":0.0,"damage_taken":0.0},{"cards_removed":["Occultation"],"damage_healed":0.0,"max_hp_gain":0.0,"max_hp_loss":0.0,"gold_gain":0.0,"event_name":"Falling","player_choice":"Removed Skill","floor":37.0,"gold_loss":0.0,"damage_taken":0.0},{"damage_healed":0.0,"max_hp_gain":0.0,"max_hp_loss":0.0,"gold_gain":0.0,"event_name":"MindBloom","player_choice":"Fight","floor":38.0,"gold_loss":0.0,"damage_taken":0.0},{"damage_healed":0.0,"max_hp_gain":0.0,"max_hp_loss":0.0,"gold_gain":0.0,"event_name":"SensoryStone","player_choice":"Memory 3","floor":44.0,"gold_loss":0.0,"damage_taken":10.0},{"damage_healed":0,"gold_gain":0,"player_choice":"Fight","damage_taken":0,"max_hp_gain":0,"max_hp_loss":0,"event_name":"Mysterious Sphere","floor":47,"gold_loss":0}],"is_beta":false,"boss_relics":[{"not_picked":["Velvet Choker","Snecko Eye"],"picked":"Black Star"},{"not_picked":["Pandora\u0027s Box","Tiny House"],"picked":"SlaversCollar"}],"items_purged_floors":[],"is_endless":false,"potions_floor_spawned":[1,2,7,16,24,28,31,35,40,46,47],"ascension_level":0}}