{"host":"sw6p9u0oh417cx03","time":1611469129,"event":{"mods":["AchievementEnabler","Act Like it!","BaseMod","CapriCore","DeckTracker","Highlight Path","Minty Spire (QoL Compilation)","Quick Restart","StSLib"],"gold_per_floor":[19,19,30,30,30,65,65,65,92,92,115,131,131,149,149,244,244,268,193,193,207,207,246,271,304,331,331,347,247,281,306,306,395,395,420,433,433,197,197,197,228,243,243,279,129,129,129,143,143,143,143,143,143,186,186],"floor_reached":56,"language":"ZHS","playtime":2249,"items_purged":["Strike_R","Writhe","Defend_R","Defend_R"],"score":2367,"play_id":"ed7dc4d7-f81f-4d67-a4b0-16d61958d59f","local_time":"20210124141849","is_ascension_mode":true,"campfire_choices":[{"data":"Whirlwind","floor":7.0,"key":"SMITH"},{"floor":10.0,"key":"REST"},{"data":"Spot Weakness","floor":13.0,"key":"SMITH"},{"data":"Offering","floor":15.0,"key":"SMITH"},{"data":"Limit Break","floor":27.0,"key":"SMITH"},{"floor":32.0,"key":"RECALL"},{"data":"Finesse","floor":40.0,"key":"SMITH"},{"data":"Burning Pact","floor":46.0,"key":"SMITH"},{"data":"Bloodletting","floor":49.0,"key":"SMITH"},{"data":"Reaper","floor":52.0,"key":"SMITH"}],"circlet_count":0,"master_deck":["AscendersBane","Defend_R","Bash+1","Spot Weakness+1","Whirlwind+1","Offering+1","Limit Break+1","Shrug It Off+1","Limit Break","Reaper+1","Bloodletting+1","Inflame+1","Burning Pact+1","Flash of Steel+1","Finesse+1"],"relics":["Burning Blood","Art of War","Bag of Marbles","Golden Idol","Vajra","Calling Bell","Red Skull","Mummified Hand","Charon\u0027s Ashes","FossilizedHelix","Anchor","Orichalcum","Champion Belt","Empty Cage","Omamori","Whetstone","Self Forming Clay","Gremlin Horn"],"acts_visited":["Exordium","TheCity","TheBeyond","TheEnding"],"potions_floor_usage":[],"damage_taken":[{"damage":7.0,"enemies":"Jaw Worm","floor":1.0,"turns":3.0},{"damage":12.0,"enemies":"Cultist","floor":3.0,"turns":4.0},{"damage":50.0,"enemies":"Lagavulin","floor":6.0,"turns":7.0},{"damage":6.0,"enemies":"Small Slimes","floor":11.0,"turns":2.0},{"damage":6.0,"enemies":"Exordium Wildlife","floor":12.0,"turns":1.0},{"damage":6.0,"enemies":"Blue Slaver","floor":14.0,"turns":1.0},{"damage":9.0,"enemies":"The Guardian","floor":16.0,"turns":9.0},{"damage":30.0,"enemies":"2 Thieves","floor":18.0,"turns":3.0},{"damage":0.0,"enemies":"Spheric Guardian","floor":21.0,"turns":3.0},{"damage":24.0,"enemies":"Gremlin Leader","floor":23.0,"turns":4.0},{"damage":0.0,"enemies":"Snake Plant","floor":24.0,"turns":1.0},{"damage":3.0,"enemies":"Book of Stabbing","floor":25.0,"turns":2.0},{"damage":0.0,"enemies":"Centurion and Healer","floor":28.0,"turns":2.0},{"damage":27.0,"enemies":"Gremlin Leader","floor":30.0,"turns":4.0},{"damage":19.0,"enemies":"Snecko","floor":31.0,"turns":5.0},{"damage":62.0,"enemies":"Champ","floor":33.0,"turns":7.0},{"damage":6.0,"enemies":"Orb Walker","floor":35.0,"turns":3.0},{"damage":36.0,"enemies":"3 Darklings","floor":36.0,"turns":3.0},{"damage":12.0,"enemies":"Reptomancer","floor":41.0,"turns":3.0},{"damage":0.0,"enemies":"Jaw Worm Horde","floor":42.0,"turns":1.0},{"damage":19.0,"enemies":"Nemesis","floor":44.0,"turns":3.0},{"damage":0.0,"enemies":"Sphere and 2 Shapes","floor":48.0,"turns":2.0},{"damage":6.0,"enemies":"Awakened One","floor":50.0,"turns":3.0},{"damage":6.0,"enemies":"Shield and Spear","floor":54.0,"turns":1.0},{"damage":40,"enemies":"The Heart","floor":55,"turns":5}],"seed_played":"-6366039648913038992","potions_obtained":[{"floor":1.0,"key":"Fruit Juice"},{"floor":6.0,"key":"FairyPotion"},{"floor":11.0,"key":"HeartOfIron"},{"floor":16.0,"key":"Strength Potion"},{"floor":28.0,"key":"SteroidPotion"}],"is_trial":false,"path_per_floor":["M","?","M","?","$","E","R","?","T","R","M","M","R","M","R","B",null,"M","$","?","M","?","E","M","E","T","R","M","$","E","M","R","B",null,"M","M","?","$","?","R","E","M","T","E","$","R","$","M","R","B",null,"R","$","E","B",null],"character_chosen":"IRONCLAD","items_purchased":["FairyPotion"],"campfire_rested":1,"item_purchase_floors":[38],"current_hp_per_floor":[67,67,61,54,54,10,10,10,10,30,30,30,30,30,30,27,58,34,34,34,40,40,68,68,68,68,68,68,68,68,68,68,66,68,68,68,68,68,63,63,68,68,68,68,68,68,68,68,68,68,68,68,68,68,68],"gold":186,"neow_bonus":"TRANSFORM_TWO_CARDS","is_daily":false,"chose_seed":false,"campfire_upgraded":8,"win_rate":0.0,"timestamp":1611469129,"path_taken":["M","?","?","?","?","E","R","?","T","R","M","M","R","M","R","BOSS","M","$","?","M","?","E","?","E","T","R","M","$","E","M","R","BOSS","M","M","?","$","?","R","E","?","T","E","?","R","?","M","R","BOSS","R","$","E","BOSS"],"items_purchased_type":["Potion"],"build_version":"2020-12-22","purchased_purges":4,"victory":true,"max_hp_per_floor":[75,75,75,75,75,75,75,68,68,68,68,68,68,68,68,68,68,68,68,68,68,68,68,68,68,68,68,68,68,68,68,68,68,68,68,68,68,68,68,68,68,68,68,68,68,68,68,68,68,68,68,68,68,68,68],"card_choices":[{"not_picked":["Iron Wave","Sentinel"],"picked":"Whirlwind","floor":1.0},{"not_picked":["Sever Soul","Infernal Blade","Cleave"],"picked":"SKIP","floor":3.0},{"not_picked":["Shrug It Off","Carnage"],"picked":"Offering","floor":6.0},{"not_picked":["Spot Weakness","Headbutt","Entrench"],"picked":"SKIP","floor":11.0},{"not_picked":["Reckless Charge","Sword Boomerang","Iron Wave"],"picked":"SKIP","floor":12.0},{"not_picked":["True Grit","Havoc"],"picked":"Disarm","floor":14.0},{"not_picked":["Demon Form","Impervious"],"picked":"Limit Break","floor":16.0},{"not_picked":["Iron Wave+1","Body Slam"],"picked":"Shrug It Off+1","floor":18.0},{"not_picked":["Ghostly Armor+1","Body Slam","Reckless Charge"],"picked":"SKIP","floor":21.0},{"not_picked":["Sword Boomerang","Perfected Strike+1"],"picked":"Bloodletting","floor":23.0},{"not_picked":["Perfected Strike","Anger","Power Through+1"],"picked":"SKIP","floor":24.0},{"not_picked":["Clash","Sword Boomerang"],"picked":"Inflame+1","floor":25.0},{"not_picked":["Iron Wave","Flame Barrier","Rampage"],"picked":"SKIP","floor":28.0},{"not_picked":["Rage","Clash","Reckless Charge"],"picked":"SKIP","floor":30.0},{"not_picked":["Flex","Clothesline","Inflame+1"],"picked":"SKIP","floor":31.0},{"not_picked":["Hemokinesis","Perfected Strike"],"picked":"Burning Pact","floor":35.0},{"not_picked":["Combust","Wild Strike+1","Clothesline+1"],"picked":"SKIP","floor":36.0},{"not_picked":["Good Instincts","Enlightenment"],"picked":"Flash of Steel","floor":39.0},{"not_picked":["The Bomb","Swift Strike"],"picked":"Finesse","floor":39.0},{"not_picked":["Impervious","Feel No Pain","Battle Trance"],"picked":"SKIP","floor":41.0},{"not_picked":["Second Wind","Perfected Strike","Body Slam"],"picked":"SKIP","floor":42.0},{"not_picked":["Wild Strike","Whirlwind","Clothesline"],"picked":"SKIP","floor":44.0},{"not_picked":["Bloodletting","Flex","Armaments+1"],"picked":"SKIP","floor":48.0},{"not_picked":["Clash+1","Heavy Blade+1","Juggernaut"],"picked":"SKIP","floor":54.0}],"player_experience":335524,"relics_obtained":[{"floor":6.0,"key":"Bag of Marbles"},{"floor":9.0,"key":"Vajra"},{"floor":17.0,"key":"Red Skull"},{"floor":17.0,"key":"Mummified Hand"},{"floor":17.0,"key":"Charon\u0027s Ashes"},{"floor":23.0,"key":"Anchor"},{"floor":25.0,"key":"Orichalcum"},{"floor":30.0,"key":"Champion Belt"},{"floor":41.0,"key":"Omamori"},{"floor":43.0,"key":"Whetstone"},{"floor":44.0,"key":"Self Forming Clay"},{"floor":54.0,"key":"Gremlin Horn"}],"event_choices":[{"damage_healed":0.0,"max_hp_gain":0.0,"max_hp_loss":0.0,"gold_gain":0.0,"event_name":"WeMeetAgain","player_choice":"Gave Potion","floor":2.0,"gold_loss":0.0,"damage_taken":0.0,"relics_obtained":["Art of War"]},{"cards_removed":["Strike_R"],"damage_healed":0.0,"max_hp_gain":0.0,"max_hp_loss":0.0,"gold_gain":0.0,"event_name":"Golden Wing","player_choice":"Card Removal","floor":4.0,"gold_loss":0.0,"damage_taken":7.0},{"damage_healed":0.0,"max_hp_gain":0.0,"max_hp_loss":7.0,"gold_gain":0.0,"event_name":"Golden Idol","player_choice":"Lose Max HP","floor":8.0,"gold_loss":0.0,"damage_taken":0.0,"relics_obtained":["Golden Idol"]},{"damage_healed":0.0,"max_hp_gain":0.0,"max_hp_loss":0.0,"gold_gain":0.0,"event_name":"The Mausoleum","player_choice":"Opened","floor":20.0,"gold_loss":0.0,"damage_taken":0.0,"relics_obtained":["FossilizedHelix"],"cards_obtained":["Writhe"]},{"damage_healed":0.0,"max_hp_gain":0.0,"max_hp_loss":0.0,"gold_gain":0.0,"cards_transformed":["Dropkick","Disarm"],"event_name":"Drug Dealer","player_choice":"Became Test Subject","floor":22.0,"gold_loss":0.0,"damage_taken":0.0,"cards_obtained":["Limit Break","Reaper"]},{"damage_healed":0.0,"max_hp_gain":0.0,"max_hp_loss":0.0,"gold_gain":0.0,"event_name":"Tomb of Lord Red Mask","player_choice":"Ignored","floor":37.0,"gold_loss":0.0,"damage_taken":0.0},{"damage_healed":0.0,"max_hp_gain":0.0,"max_hp_loss":0.0,"gold_gain":0.0,"event_name":"SensoryStone","player_choice":"Memory 2","floor":39.0,"gold_loss":0.0,"damage_taken":5.0}],"is_beta":false,"boss_relics":[{"not_picked":["SlaversCollar","Velvet Choker"],"picked":"Calling Bell"},{"not_picked":["SacredBark","Fusion Hammer"],"picked":"Empty Cage"}],"items_purged_floors":[19,29,38,45],"is_endless":false,"potions_floor_spawned":[1,6,11,16,21,23,28,30,33,41,48,54],"ascension_level":18}}