{"host":"0cm5wy4nhuju7tij","time":1611458589,"event":{"mods":["100% Spire Juice","2.2 Compatiblity","AchievementEnabler","Aspiration","BaseMod","Better Third Choice","BetterRewards","CCEM","CapriCore","Colored Powertips","Curses Come First","Custom Start","Displayed Cursed Tome","Downfall","Energized Spire","Evolution","Filter the Spire","Highlight Path","Jess\u0027s Bottle","Minty Spire (QoL Compilation)","Permanent Neow","Poor People Problems","Relic Stats","Shop Mod","Spicy Shops","StSLib","The Cursed","The Dragonkin","The Juggle"],"gold_per_floor":[114,129,129,146,146,146,180,180,203,213,213,0,16,42,54,168,180,203,227,239,270,297,309,339,379,391,403,125,138,157,167,167,266,266,283,297,312,331,32,63,63,93,93,53,85,85,98,98,98,98,98,98,62,87,87,87],"floor_reached":55,"language":"ENG","playtime":4154,"items_purged":["Normality"],"score":1274,"play_id":"0a5deece-4753-4d3c-98c4-ab3fae6f0952","local_time":"20210123222309","is_ascension_mode":true,"campfire_choices":[{"data":"TheCursedMod:ParallelWorld","floor":6,"key":"SMITH"},{"data":"TheCursedMod:HellfireBreathing","floor":8,"key":"SMITH"},{"data":"TheCursedMod:HellfireBreathing","floor":15,"key":"SMITH"},{"data":"TheCursedMod:NeowsMight","floor":23,"key":"SMITH"},{"data":"TheCursedMod:Grudge","floor":27,"key":"SMITH"},{"data":"TheCursedMod:CircleOfCorruption","floor":32,"key":"SMITH"},{"floor":41,"key":"RECALL"},{"data":"TheCursedMod:CursedRelics","floor":46,"key":"SMITH"},{"data":"TheCursedMod:CircleOfAbyss","floor":49,"key":"SMITH"},{"data":"TheCursedMod:CursedSpellbook","floor":52,"key":"SMITH"}],"circlet_count":0,"master_deck":["TheCursedMod:CleanUpWorkshop+1","TheCursedMod:CursedAmulet","TheCursedMod:HellfireBreathing+1","TheCursedMod:HellfireBreathing+1","TheCursedMod:SpitefulPlan","TheCursedMod:LuckyCharm+1","TheCursedMod:CursedSpellbook+1","TheCursedMod:NeowsMight+1","TheCursedMod:ParallelWorld+1","TheCursedMod:CircleOfAmplification","TheCursedMod:ShockAndAwe+1","TheCursedMod:Stigma","TheCursedMod:Grudge+1","Injury","TheCursedMod:DoubleShield","TheCursedMod:CircleOfCorruption+1","TheCursedMod:CursedArmor","TheCursedMod:EmpowerCircles+1","TheCursedMod:SurpriseAttack","TheCursedMod:CollectTribute+1","TheCursedMod:VoidForm+1","TheCursedMod:TacticalStrike+1","TheCursedMod:Obscuration","TheCursedMod:Stretching+1","TheCursedMod:CircleOfCorruption","TheCursedMod:CircleOfAmplification+1","TheCursedMod:FleshFromBone","TheCursedMod:Hemoplague+1","TheCursedMod:WearCloak+1","TheCursedMod:CircleOfAbyss+1","TheCursedMod:RapidMovement+1","TheCursedMod:Grudge+1","TheCursedMod:SoulReap+1","TheCursedMod:SurpriseAttack+1","TheCursedMod:CursedRelics+1","TheCursedMod:SpitefulPray+1","TheCursedMod:EmpowerCircles+1","TheCursedMod:Evocation+1"],"relics":["TheCursedMod:BlackMagicAdvanced","EVO:Axolotl","Frozen Egg 2","CCEMRelics:SpiritsEdge","Pocketwatch","CCEMRelics:Barrel","Bag of Marbles","FossilizedHelix","MawBank","TheCursedMod:OminousMark","Tiny Chest","TheAbacus","CCEMRelics:Pendulum","TheCursedMod:FourLeafCloverCharm","aspiration:Lifesprig","aspiration:Nostalgia","hexamod:SpiritBrand","Shuriken","Bronze Scales","Ornamental Fan","StrikeDummy","CCEMRelics:JestersCrown"],"acts_visited":["Exordium","TheCity","TheBeyond","TheEnding"],"potions_floor_usage":[55],"damage_taken":[{"damage":0,"enemies":"Jaw Worm","floor":1,"turns":2},{"damage":0,"enemies":"Small Slimes","floor":2,"turns":3},{"damage":0,"enemies":"2 Louse","floor":4,"turns":2},{"damage":6,"enemies":"Gremlin Nob","floor":7,"turns":3},{"damage":1,"enemies":"Red Slaver","floor":10,"turns":2},{"damage":0,"enemies":"2 Fungi Beasts","floor":13,"turns":3},{"damage":0,"enemies":"3 Sentries","floor":14,"turns":5},{"damage":0,"enemies":"Slime Boss","floor":16,"turns":4},{"damage":0,"enemies":"2 Thieves","floor":18,"turns":3},{"damage":6,"enemies":"Chosen","floor":19,"turns":2},{"damage":9,"enemies":"Centurion and Healer","floor":21,"turns":5},{"damage":0,"enemies":"Snecko","floor":22,"turns":2},{"damage":1,"enemies":"Shelled Parasite and Fungi","floor":24,"turns":2},{"damage":4,"enemies":"Slavers","floor":25,"turns":2},{"damage":0,"enemies":"Centurion and Healer","floor":29,"turns":4},{"damage":0,"enemies":"Chosen and Byrds","floor":30,"turns":3},{"damage":0,"enemies":"Snecko","floor":31,"turns":3},{"damage":14,"enemies":"Champ","floor":33,"turns":8},{"damage":21,"enemies":"3 Darklings","floor":35,"turns":2},{"damage":0,"enemies":"Orb Walker","floor":36,"turns":2},{"damage":11,"enemies":"4 Shapes","floor":37,"turns":6},{"damage":0,"enemies":"3 Darklings","floor":38,"turns":4},{"damage":2,"enemies":"Reptomancer","floor":40,"turns":6},{"damage":0,"enemies":"Giant Head","floor":42,"turns":5},{"damage":0,"enemies":"Nemesis","floor":45,"turns":7},{"damage":9,"enemies":"Writhing Mass","floor":47,"turns":2},{"damage":0,"enemies":"Donu and Deca","floor":50,"turns":4},{"damage":32,"enemies":"Shield and Spear","floor":54,"turns":6},{"damage":72,"enemies":"The Heart","floor":55,"turns":3}],"seed_played":"38494840603360895","potions_obtained":[{"floor":2,"key":"bronze:BurnAndBuffPotion"},{"floor":10,"key":"SkillPotion"},{"floor":16,"key":"Ancient Potion"},{"floor":40,"key":"AttackPotion"},{"floor":47,"key":"Fire Potion"}],"is_trial":false,"path_per_floor":["M","M","?","M","?","R","E","R","T","M","?","$","M","E","R","B",null,"M","M","?","M","M","R","M","E","T","R","$","M","M","M","R","B",null,"M","M","M","M","$","E","R","E","T","?","E","R","M","?","R","B",null,"R","$","E","B"],"character_chosen":"THE_CURSED","items_purchased":["TheCursedMod:EmpowerCircles+1","FossilizedHelix","TheCursedMod:Hemoplague+1","TheAbacus","CCEMRelics:Pendulum","aspiration:Lifesprig","aspiration:Nostalgia","TheCursedMod:EmpowerCircles+1"],"campfire_rested":0,"item_purchase_floors":[12,12,28,28,28,39,39,53],"current_hp_per_floor":[75,75,75,75,54,54,48,48,48,47,32,32,40,48,48,48,75,75,69,75,66,66,66,65,61,61,61,61,61,61,61,61,47,75,54,54,43,45,45,65,65,75,75,75,75,75,66,66,66,75,75,75,75,72,0,0],"gold":87,"neow_bonus":"ONE_RANDOM_RARE_CARD","is_daily":false,"chose_seed":false,"campfire_upgraded":9,"win_rate":0.0,"timestamp":1611458589,"path_taken":["M","M","?","M","?","R","E","R","T","M","?","$","M","E","R","BOSS","M","M","?","?","M","R","M","E","T","R","$","M","M","M","R","BOSS","M","M","M","M","$","E","R","E","T","?","E","R","?","?","R","BOSS","R","$","E","BOSS"],"items_purchased_type":["Card","Relic","Card","Relic","Relic","Relic","Relic","Card"],"build_version":"2020-12-22","purchased_purges":1,"victory":false,"max_hp_per_floor":[75,75,75,75,75,75,75,75,75,75,75,75,75,75,75,75,75,75,75,75,75,75,75,75,75,75,75,75,75,75,75,75,75,75,75,75,75,75,75,75,75,75,75,75,75,75,75,75,75,75,75,75,75,75,75,75],"relic_stats":{"TheAbacus":[60],"counters":[29,100],"Shuriken":[4],"Ornamental Fan":[12],"Bronze Scales":[56],"Tiny Chest":0,"MawBank":168,"obtain_stats":[{"CCEMRelics:Barrel":7,"TheCursedMod:FourLeafCloverCharm":34,"aspiration:Lifesprig":39,"TheCursedMod:BlackMagicAdvanced":0,"aspiration:Nostalgia":39,"CCEMRelics:Pendulum":28,"EVO:Axolotl":0,"Frozen Egg 2":3,"MawBank":14,"CCEMRelics:SpiritsEdge":5,"TheAbacus":28,"TheCursedMod:OminousMark":17,"Shuriken":40,"Ornamental Fan":43,"Bronze Scales":42,"Tiny Chest":25,"Bag of Marbles":9,"StrikeDummy":45,"FossilizedHelix":12,"hexamod:SpiritBrand":39,"CCEMRelics:JestersCrown":54,"Pocketwatch":5},{"CCEMRelics:Barrel":4,"TheCursedMod:FourLeafCloverCharm":18,"aspiration:Lifesprig":22,"TheCursedMod:BlackMagicAdvanced":0,"aspiration:Nostalgia":22,"CCEMRelics:Pendulum":14,"EVO:Axolotl":0,"Frozen Egg 2":2,"MawBank":7,"CCEMRelics:SpiritsEdge":3,"TheAbacus":14,"TheCursedMod:OminousMark":8,"Shuriken":23,"Ornamental Fan":24,"Bronze Scales":24,"Tiny Chest":14,"Bag of Marbles":4,"StrikeDummy":25,"FossilizedHelix":5,"hexamod:SpiritBrand":22,"CCEMRelics:JestersCrown":28,"Pocketwatch":3},{"CCEMRelics:Barrel":9,"TheCursedMod:FourLeafCloverCharm":54,"aspiration:Lifesprig":67,"TheCursedMod:BlackMagicAdvanced":0,"aspiration:Nostalgia":67,"CCEMRelics:Pendulum":38,"EVO:Axolotl":0,"Frozen Egg 2":5,"MawBank":18,"CCEMRelics:SpiritsEdge":6,"TheAbacus":38,"TheCursedMod:OminousMark":22,"Shuriken":73,"Ornamental Fan":78,"Bronze Scales":78,"Tiny Chest":38,"Bag of Marbles":9,"StrikeDummy":85,"FossilizedHelix":11,"hexamod:SpiritBrand":67,"CCEMRelics:JestersCrown":97,"Pocketwatch":6}],"Pocketwatch":[20]},"card_choices":[{"not_picked":["TheCursedMod:BlessingInDisguise","TheCursedMod:SpreadPlague"],"picked":"TheCursedMod:Stigma","floor":1},{"not_picked":["TheCursedMod:AbyssShockwave","TheCursedMod:RapidMovement"],"picked":"TheCursedMod:Grudge","floor":2},{"not_picked":["TheCursedMod:SpitefulStrike","TheCursedMod:CursedAmulet"],"picked":"TheCursedMod:DoubleShield","floor":4},{"not_picked":["TheCursedMod:TacticalStrike","TheCursedMod:AbyssShockwave"],"picked":"TheCursedMod:CircleOfCorruption","floor":7},{"not_picked":["TheCursedMod:Wield","TheCursedMod:EmpowerCircles+1"],"picked":"TheCursedMod:CursedArmor","floor":10},{"not_picked":["TheCursedMod:AshesToAshes","TheCursedMod:DoubleShield"],"picked":"TheCursedMod:SurpriseAttack","floor":13},{"not_picked":["TheCursedMod:FuryStrike","TheCursedMod:CircleOfAmplification"],"picked":"TheCursedMod:CollectTribute+1","floor":14},{"not_picked":["TheCursedMod:NeowsMight","TheCursedMod:ParallelWorld"],"picked":"TheCursedMod:VoidForm+1","floor":16},{"not_picked":["TheCursedMod:FleshFromBone","TheCursedMod:CircleOfCorruption"],"picked":"TheCursedMod:TacticalStrike+1","floor":18},{"not_picked":["TheCursedMod:Torture","TheCursedMod:RavingStaff"],"picked":"TheCursedMod:Obscuration","floor":19},{"not_picked":["TheCursedMod:CursedBlade","TheCursedMod:CursedMace"],"picked":"TheCursedMod:Stretching","floor":21},{"not_picked":["TheCursedMod:BloodBarrier","TheCursedMod:CursedMace"],"picked":"TheCursedMod:CircleOfCorruption","floor":22},{"not_picked":["TheCursedMod:DoubleShield","TheCursedMod:CircleOfAbyss"],"picked":"TheCursedMod:CircleOfAmplification+1","floor":24},{"not_picked":["TheCursedMod:Torture","TheCursedMod:TacticalStrike+1"],"picked":"TheCursedMod:FleshFromBone","floor":25},{"not_picked":["TheCursedMod:CursedStaff","TheCursedMod:SpitefulStrike"],"picked":"TheCursedMod:WearCloak+1","floor":29},{"not_picked":["TheCursedMod:TacticalStrike+1","TheCursedMod:Obscuration"],"picked":"TheCursedMod:CircleOfFlame","floor":30},{"not_picked":["TheCursedMod:SmokeScreen","TheCursedMod:FleshFromBone","TheCursedMod:RapidMovement"],"picked":"SKIP","floor":31},{"not_picked":["TheCursedMod:Neurasthenia","TheCursedMod:VoidForm+1"],"picked":"TheCursedMod:CircleOfAbyss","floor":33},{"not_picked":["TheCursedMod:Obscuration","TheCursedMod:FleshFromBone"],"picked":"TheCursedMod:RapidMovement+1","floor":35},{"not_picked":["TheCursedMod:Torture","TheCursedMod:SmokeScreen+1"],"picked":"TheCursedMod:Grudge+1","floor":36},{"not_picked":["TheCursedMod:ForbiddenAlchemy","TheCursedMod:TacticalStrike+1"],"picked":"TheCursedMod:SoulReap+1","floor":37},{"not_picked":["TheCursedMod:CursedArmor","TheCursedMod:CursedAmulet","TheCursedMod:RapidMovement+1"],"picked":"SKIP","floor":38},{"not_picked":["TheCursedMod:CursedStaff+1","TheCursedMod:CursedShiv+1"],"picked":"TheCursedMod:SurpriseAttack+1","floor":40},{"not_picked":["TheCursedMod:Obscuration","TheCursedMod:CursedShiv+1"],"picked":"TheCursedMod:CursedRelics","floor":42},{"not_picked":["TheCursedMod:SaltUponWound","TheCursedMod:CursedSpellbook","TheCursedMod:Wield"],"picked":"SKIP","floor":45},{"not_picked":["TheCursedMod:Stigma","TheCursedMod:SpitefulStrike+1"],"picked":"TheCursedMod:SpitefulPray+1","floor":47},{"not_picked":["TheCursedMod:SoulCrush","TheCursedMod:SmokeScreen"],"picked":"TheCursedMod:Evocation+1","floor":54}],"player_experience":258986,"relics_obtained":[{"floor":7,"key":"CCEMRelics:Barrel"},{"floor":9,"key":"Bag of Marbles"},{"floor":14,"key":"MawBank"},{"floor":25,"key":"Tiny Chest"},{"floor":40,"key":"Shuriken"},{"floor":42,"key":"Bronze Scales"},{"floor":43,"key":"Ornamental Fan"},{"floor":45,"key":"StrikeDummy"},{"floor":54,"key":"CCEMRelics:JestersCrown"}],"event_choices":[{"damage_healed":0,"gold_gain":1,"player_choice":"Relic Relic ","damage_taken":21,"max_hp_gain":0,"max_hp_loss":0,"event_name":"betterThird:BetterScrap","floor":5,"gold_loss":0,"cards_obtained":["Swivel"]},{"damage_healed":47,"gold_gain":0,"player_choice":"Upgrade","damage_taken":15,"max_hp_gain":0,"max_hp_loss":75,"event_name":"betterThird:BetterShining","floor":11,"gold_loss":0,"cards_upgraded":["TheCursedMod:ShockAndAwe","TheCursedMod:CleanUpWorkshop"]},{"damage_healed":0,"gold_gain":0,"player_choice":"Upgraded Two","damage_taken":0,"max_hp_gain":0,"max_hp_loss":0,"event_name":"Designer","floor":44,"gold_loss":40,"cards_upgraded":["TheCursedMod:Stretching","TheCursedMod:LuckyCharm"]},{"cards_removed":["TheCursedMod:CircleOfFlame"],"damage_healed":0,"gold_gain":0,"player_choice":"Removed Skill","damage_taken":0,"max_hp_gain":0,"max_hp_loss":0,"event_name":"Falling","floor":48,"gold_loss":0}],"is_beta":false,"boss_relics":[{"not_picked":["energizedSpire:HugeHouse","aspiration:IroncladSkillbook"],"picked":"TheCursedMod:OminousMark"},{"not_picked":["jessBottle:WaterBottleRelic","Busted Crown"],"picked":"TheCursedMod:FourLeafCloverCharm"}],"items_purged_floors":[28],"is_endless":false,"potions_floor_spawned":[2,4,10,16,18,22,29,31,33,35,40,47,54],"killed_by":"The Heart","ascension_level":4}}