{"host":"zrerxgu8lagrk16e","time":1611503667,"event":{"mods":["AchievementEnabler","BaseMod","Better Altar","Better Match","Better Note","Better Sensory Stone","Better Skull","Better Third Choice","Colored Map","Colored Powertips","Minty Spire (QoL Compilation)","Permanent Neow","Quick Restart","Relic Stats","StSLib","slay the spire mod where everything is the same but ironclad has a cowboy hat"],"gold_per_floor":[114,130,11,23,23,53,69,100,100,100,119,119,145,165,165,263,263,281,291,46,145,70,101,101,132,157,188,205,240,340,350,350,455,455,467,467,485,500,500,530,530,530,530,111,111,111,111,124,124,124,124,124,85,119,119,119],"floor_reached":55,"language":"ENG","playtime":2622,"items_purged":["Strike_P"],"score":1081,"play_id":"cf37064e-a1ae-4c3d-b054-13d42c4c8f89","local_time":"20210124105427","is_ascension_mode":true,"campfire_choices":[{"floor":10.0,"key":"REST"},{"data":"1","floor":15.0,"key":"LIFT"},{"data":"2","floor":24.0,"key":"LIFT"},{"data":"3","floor":32.0,"key":"LIFT"},{"floor":41.0,"key":"RECALL"},{"data":"Ragnarok","floor":46.0,"key":"SMITH"},{"data":"Establishment","floor":49.0,"key":"SMITH"},{"data":"Devotion","floor":52.0,"key":"SMITH"}],"circlet_count":0,"master_deck":["Strike_P","Strike_P","Strike_P","Defend_P","Defend_P","Defend_P","Defend_P","Eruption","Vigilance","FearNoEvil","ReachHeaven","WreathOfFlame","Consecrate","ReachHeaven","CarveReality","Crescendo","Ragnarok+1","ClearTheMind","WreathOfFlame","Omniscience","Indignation","Wallop","Vault","Enlightenment","Devotion+1","Worship+1","ReachHeaven","Protect","WheelKick","Establishment+1","WreathOfFlame","DevaForm","Protect+1","Worship+1","TalkToTheHand","Transmutation","Discovery","Crescendo","WindmillStrike","Wallop"],"relics":["PureWater","Girya","Gambling Chip","Happy Flower","Eternal Feather","FaceOfCleric","Calipers","Snecko Eye","Dream Catcher","Omamori","Bag of Marbles","Tiny Chest","Question Card","Dead Branch","Letter Opener","Cursed Key","CaptainsWheel","Torii","Juzu Bracelet","Bag of Preparation"],"acts_visited":["Exordium","TheCity","TheBeyond","TheEnding"],"potions_floor_usage":[],"damage_taken":[{"damage":0.0,"enemies":"Cultist","floor":1.0,"turns":2.0},{"damage":10.0,"enemies":"Jaw Worm","floor":2.0,"turns":4.0},{"damage":0.0,"enemies":"2 Louse","floor":4.0,"turns":3.0},{"damage":31.0,"enemies":"Gremlin Nob","floor":6.0,"turns":4.0},{"damage":8.0,"enemies":"Blue Slaver","floor":7.0,"turns":3.0},{"damage":12.0,"enemies":"3 Sentries","floor":8.0,"turns":4.0},{"damage":4.0,"enemies":"3 Louse","floor":11.0,"turns":3.0},{"damage":0.0,"enemies":"Gremlin Nob","floor":13.0,"turns":2.0},{"damage":0.0,"enemies":"Large Slime","floor":14.0,"turns":3.0},{"damage":41.0,"enemies":"The Guardian","floor":16.0,"turns":7.0},{"damage":0.0,"enemies":"Spheric Guardian","floor":18.0,"turns":1.0},{"damage":0.0,"enemies":"Shell Parasite","floor":19.0,"turns":1.0},{"damage":0.0,"enemies":"Book of Stabbing","floor":23.0,"turns":1.0},{"damage":0.0,"enemies":"Gremlin Leader","floor":25.0,"turns":3.0},{"damage":0.0,"enemies":"Slavers","floor":27.0,"turns":1.0},{"damage":0.0,"enemies":"Centurion and Healer","floor":28.0,"turns":3.0},{"damage":12.0,"enemies":"Book of Stabbing","floor":29.0,"turns":4.0},{"damage":0.0,"enemies":"Colosseum Slavers","floor":30.0,"turns":1.0},{"damage":0.0,"enemies":"Colosseum Nobs","floor":30.0,"turns":3.0},{"damage":0.0,"enemies":"3 Cultists","floor":31.0,"turns":1.0},{"damage":0.0,"enemies":"Collector","floor":33.0,"turns":2.0},{"damage":0.0,"enemies":"Orb Walker","floor":35.0,"turns":1.0},{"damage":0.0,"enemies":"3 Darklings","floor":37.0,"turns":1.0},{"damage":0.0,"enemies":"Jaw Worm Horde","floor":38.0,"turns":1.0},{"damage":0.0,"enemies":"Giant Head","floor":40.0,"turns":5.0},{"damage":15.0,"enemies":"Writhing Mass","floor":48.0,"turns":3.0},{"damage":1.0,"enemies":"Donu and Deca","floor":50.0,"turns":2.0},{"damage":20.0,"enemies":"Shield and Spear","floor":54.0,"turns":4.0},{"damage":65,"enemies":"The Heart","floor":55,"turns":2}],"seed_played":"-5250884919158138068","potions_obtained":[{"floor":1.0,"key":"Strength Potion"},{"floor":8.0,"key":"FearPotion"},{"floor":11.0,"key":"StancePotion"},{"floor":13.0,"key":"SkillPotion"},{"floor":14.0,"key":"Fire Potion"},{"floor":18.0,"key":"Energy Potion"},{"floor":27.0,"key":"PowerPotion"},{"floor":37.0,"key":"AttackPotion"},{"floor":40.0,"key":"EntropicBrew"},{"floor":48.0,"key":"AttackPotion"}],"is_trial":false,"path_per_floor":["M","M","$","M","$","E","M","E","T","R","M","?","E","M","R","B",null,"M","M","$","?","$","E","R","E","T","E","M","E","?","M","R","B",null,"M","?","M","M","T","E","R","?","T","$","?","R","?","M","R","B",null,"R","$","E","B"],"character_chosen":"WATCHER","items_purchased":["WreathOfFlame","Consecrate","Vault","Enlightenment","Juzu Bracelet","Transmutation","Discovery","WindmillStrike"],"campfire_rested":1,"item_purchase_floors":[3,3,20,20,44,44,44,53],"current_hp_per_floor":[65,55,55,55,55,24,16,4,4,32,28,28,29,30,42,2,68,69,70,70,70,70,71,71,72,72,73,74,63,65,66,78,79,79,80,64,65,66,66,67,83,79,79,79,79,79,79,65,80,80,81,81,81,62,0,0],"gold":119,"neow_bonus":"ONE_RARE_RELIC","is_daily":false,"chose_seed":false,"campfire_upgraded":3,"win_rate":0.0,"timestamp":1611503667,"path_taken":["M","M","$","M","$","E","M","E","T","R","M","?","E","M","R","BOSS","M","M","?","?","?","E","R","E","T","E","?","E","?","M","R","BOSS","M","?","M","M","?","E","R","?","T","$","?","R","?","M","R","BOSS","R","$","E","BOSS"],"items_purchased_type":["Card","Card","Card","Card","Relic","Card","Card","Card"],"build_version":"2020-12-22","purchased_purges":1,"victory":false,"max_hp_per_floor":[65,65,65,65,65,65,65,65,65,65,65,65,66,67,67,68,68,69,70,70,70,70,71,71,72,72,73,74,75,77,78,78,79,79,80,80,81,82,82,83,83,79,79,79,79,79,79,80,80,81,81,81,81,82,82,82],"relic_stats":{"Happy Flower":[18],"Torii":4,"counters":[29,75],"Dead Branch":[42],"Eternal Feather":64,"Juzu Bracelet":1,"Bag of Preparation":[2],"Letter Opener":[111],"Question Card":9,"Cursed Key":2,"Dream Catcher":0,"FaceOfCleric":21,"Gambling Chip":[75],"Snecko Eye":[82,100,73,88],"Tiny Chest":1,"obtain_stats":[{"Girya":0,"Calipers":13,"Happy Flower":8,"Torii":43,"Dead Branch":30,"Eternal Feather":9,"Omamori":25,"Juzu Bracelet":44,"Bag of Preparation":54,"Letter Opener":30,"Question Card":29,"Cursed Key":34,"Dream Catcher":23,"CaptainsWheel":40,"FaceOfCleric":12,"Gambling Chip":6,"Snecko Eye":17,"Tiny Chest":27,"Bag of Marbles":26,"PureWater":0},{"Girya":0,"Calipers":8,"Happy Flower":6,"Torii":25,"Dead Branch":19,"Eternal Feather":6,"Omamori":14,"Juzu Bracelet":25,"Bag of Preparation":28,"Letter Opener":19,"Question Card":17,"Cursed Key":21,"Dream Catcher":13,"CaptainsWheel":25,"FaceOfCleric":7,"Gambling Chip":4,"Snecko Eye":10,"Tiny Chest":15,"Bag of Marbles":14,"PureWater":0},{"Girya":0,"Calipers":25,"Happy Flower":20,"Torii":64,"Dead Branch":53,"Eternal Feather":20,"Omamori":41,"Juzu Bracelet":64,"Bag of Preparation":73,"Letter Opener":53,"Question Card":49,"Cursed Key":56,"Dream Catcher":38,"CaptainsWheel":64,"FaceOfCleric":23,"Gambling Chip":13,"Snecko Eye":35,"Tiny Chest":42,"Bag of Marbles":41,"PureWater":0}]},"card_choices":[{"not_picked":["CrushJoints","Nirvana"],"picked":"FearNoEvil","floor":1.0},{"not_picked":["SashWhip","Collect"],"picked":"ReachHeaven","floor":2.0},{"not_picked":["EmptyBody","WaveOfTheHand"],"picked":"ReachHeaven","floor":4.0},{"not_picked":["Fasting2","EmptyFist"],"picked":"CarveReality","floor":6.0},{"not_picked":["EmptyFist","Sanctity"],"picked":"Crescendo","floor":7.0},{"not_picked":["Collect","CrushJoints"],"picked":"Ragnarok","floor":8.0},{"not_picked":["FearNoEvil","Vengeance"],"picked":"ClearTheMind","floor":11.0},{"not_picked":["Fasting2","WreathOfFlame"],"picked":"SandsOfTime","floor":13.0},{"not_picked":["FollowUp","SashWhip"],"picked":"WreathOfFlame","floor":14.0},{"not_picked":["Wish","Alpha"],"picked":"Omniscience","floor":16.0},{"not_picked":["Collect","CutThroughFate+1"],"picked":"Indignation","floor":18.0},{"not_picked":["InnerPeace","FollowUp"],"picked":"Wallop","floor":19.0},{"not_picked":["CrushJoints","FearNoEvil"],"picked":"Devotion","floor":23.0},{"not_picked":["WreathOfFlame","Perseverance+1"],"picked":"Worship+1","floor":25.0},{"not_picked":["BowlingBash","EmptyMind","Indignation"],"picked":"SKIP","floor":27.0},{"not_picked":["Evaluate+1","Prostrate"],"picked":"ReachHeaven","floor":28.0},{"not_picked":["JustLucky","Vengeance","FollowUp"],"picked":"SKIP","floor":29.0},{"not_picked":["EmptyMind","CutThroughFate","Evaluate"],"picked":"Protect","floor":30.0},{"not_picked":["LikeWater","CrushJoints","EmptyMind+1"],"picked":"WheelKick","floor":31.0},{"not_picked":["ConjureBlade","DeusExMachina","SpiritShield"],"picked":"Establishment","floor":33.0},{"not_picked":["Halt","FlurryOfBlows","Protect+1"],"picked":"WreathOfFlame","floor":35.0},{"not_picked":["ReachHeaven","Scrawl","ThirdEye"],"picked":"Protect+1","floor":37.0},{"not_picked":["BowlingBash","CarveReality","FlurryOfBlows"],"picked":"Worship+1","floor":38.0},{"not_picked":["CrushJoints","EmptyFist+1","Protect"],"picked":"TalkToTheHand","floor":40.0},{"not_picked":["Consecrate+1","EmptyFist+1","CutThroughFate+1"],"picked":"Crescendo","floor":48.0},{"not_picked":["EmptyFist+1","Scrawl","BowlingBash"],"picked":"Wallop","floor":54.0}],"player_experience":159212,"relics_obtained":[{"floor":6.0,"key":"Gambling Chip"},{"floor":8.0,"key":"Happy Flower"},{"floor":9.0,"key":"Eternal Feather"},{"floor":13.0,"key":"Calipers"},{"floor":23.0,"key":"Dream Catcher"},{"floor":25.0,"key":"Omamori"},{"floor":26.0,"key":"Bag of Marbles"},{"floor":27.0,"key":"Tiny Chest"},{"floor":29.0,"key":"Question Card"},{"floor":30.0,"key":"Dead Branch"},{"floor":30.0,"key":"Letter Opener"},{"floor":40.0,"key":"CaptainsWheel"},{"floor":43.0,"key":"Torii"},{"floor":54.0,"key":"Bag of Preparation"}],"event_choices":[{"damage_healed":0.0,"max_hp_gain":0.0,"max_hp_loss":0.0,"gold_gain":0.0,"event_name":"FaceTrader","player_choice":"Trade","floor":12.0,"gold_loss":0.0,"damage_taken":0.0,"relics_obtained":["FaceOfCleric"]},{"damage_healed":0.0,"max_hp_gain":0.0,"max_hp_loss":0.0,"gold_gain":99.0,"event_name":"betterThird:BetterNest","player_choice":"Steal","floor":21.0,"gold_loss":0.0,"damage_taken":0.0},{"damage_healed":0.0,"max_hp_gain":0.0,"max_hp_loss":0.0,"gold_gain":0.0,"event_name":"Colosseum","player_choice":"Fight","floor":30.0,"gold_loss":0.0,"damage_taken":0.0},{"damage_healed":0.0,"max_hp_gain":0.0,"max_hp_loss":0.0,"gold_gain":0.0,"event_name":"Colosseum","player_choice":"Fought Nobs","floor":30.0,"gold_loss":0.0,"damage_taken":0.0},{"damage_healed":0.0,"max_hp_gain":0.0,"max_hp_loss":16.0,"gold_gain":3.0,"event_name":"betterStone:BetterStone","player_choice":"2","floor":36.0,"gold_loss":0.0,"damage_taken":0.0},{"damage_healed":0.0,"max_hp_gain":0.0,"max_hp_loss":4.0,"gold_gain":0.0,"event_name":"Winding Halls","player_choice":"Max HP","floor":42.0,"gold_loss":0.0,"damage_taken":0.0},{"cards_removed":["SandsOfTime"],"damage_healed":0.0,"max_hp_gain":0.0,"max_hp_loss":0.0,"gold_gain":0.0,"event_name":"Falling","player_choice":"Removed Attack","floor":45.0,"gold_loss":0.0,"damage_taken":0.0},{"damage_healed":0.0,"max_hp_gain":0.0,"max_hp_loss":0.0,"gold_gain":0.0,"event_name":"Tomb of Lord Red Mask","player_choice":"Ignored","floor":47.0,"gold_loss":0.0,"damage_taken":0.0}],"is_beta":false,"boss_relics":[{"not_picked":["Runic Dome","Fusion Hammer"],"picked":"Snecko Eye"},{"not_picked":["Pandora\u0027s Box","Tiny House"],"picked":"Cursed Key"}],"items_purged_floors":[22],"is_endless":false,"potions_floor_spawned":[1,8,11,13,14,18,27,30,30,31,37,40,48],"killed_by":"The Heart","ascension_level":3}}