{"host":"zrwwt1jjq0fpdjej","time":1611488719,"event":{"mods":["AchievementEnabler","BaseMod","Colored Map","Minty Spire (QoL Compilation)","StSLib","SuperFastMode"],"gold_per_floor":[118,133,58,58,58,96,115,133,133,133,133,133],"floor_reached":11,"language":"KOR","playtime":402,"items_purged":["Strike_R"],"score":147,"play_id":"71f907b5-e50c-49ed-8109-d12785515301","local_time":"20210124204519","is_ascension_mode":true,"campfire_choices":[],"circlet_count":0,"master_deck":["AscendersBane","Strike_R","Strike_R","Strike_R","Strike_R","Defend_R","Defend_R","Defend_R","Defend_R","Bash","Body Slam","Armaments","Flame Barrier"],"relics":["Burning Blood","NeowsBlessing","Pantograph","Golden Idol","Torii","Toxic Egg 2"],"acts_visited":["Exordium"],"potions_floor_usage":[11],"damage_taken":[{"damage":0,"enemies":"Jaw Worm","floor":1,"turns":1},{"damage":0,"enemies":"2 Louse","floor":2,"turns":1},{"damage":0,"enemies":"3 Sentries","floor":6,"turns":2},{"damage":1,"enemies":"Small Slimes","floor":7,"turns":4},{"damage":12,"enemies":"2 Fungi Beasts","floor":8,"turns":4},{"damage":50,"enemies":"Lagavulin","floor":11,"turns":16}],"seed_played":"-3038464834039199618","potions_obtained":[{"floor":6,"key":"Dexterity Potion"}],"is_trial":false,"path_per_floor":["M","M","$","?","?","E","M","M","T","?","E"],"character_chosen":"IRONCLAD","items_purchased":[],"campfire_rested":0,"item_purchase_floors":[],"current_hp_per_floor":[78,80,80,62,42,48,53,47,47,52,2,2],"gold":133,"neow_bonus":"THREE_ENEMY_KILL","is_daily":false,"chose_seed":false,"campfire_upgraded":0,"win_rate":0.0,"timestamp":1611488719,"path_taken":["M","M","$","?","?","E","M","?","T","?","E"],"items_purchased_type":[],"build_version":"2020-12-22","purchased_purges":1,"victory":false,"max_hp_per_floor":[80,80,80,80,80,80,80,80,80,85,85,85],"card_choices":[{"not_picked":["Uppercut","Sword Boomerang"],"picked":"Body Slam","floor":1},{"not_picked":["Perfected Strike","Rampage","Rupture"],"picked":"SKIP","floor":2},{"not_picked":["Rage","Anger","Sever Soul"],"picked":"SKIP","floor":6},{"not_picked":["Hemokinesis","Sword Boomerang"],"picked":"Armaments","floor":7},{"not_picked":["Flex","Sword Boomerang"],"picked":"Flame Barrier","floor":8}],"player_experience":213705,"relics_obtained":[{"floor":6,"key":"Torii"},{"floor":9,"key":"Toxic Egg 2"}],"event_choices":[{"damage_healed":0,"gold_gain":0,"player_choice":"Success","damage_taken":18,"relics_obtained":["Pantograph"],"max_hp_gain":0,"max_hp_loss":0,"event_name":"Scrap Ooze","floor":4,"gold_loss":0},{"damage_healed":0,"gold_gain":0,"player_choice":"Take Damage","damage_taken":20,"relics_obtained":["Golden Idol"],"max_hp_gain":0,"max_hp_loss":0,"event_name":"Golden Idol","floor":5,"gold_loss":0},{"damage_healed":0,"gold_gain":0,"player_choice":"Donut","damage_taken":0,"max_hp_gain":5,"max_hp_loss":0,"event_name":"Big Fish","floor":10,"gold_loss":0}],"is_beta":false,"boss_relics":[],"items_purged_floors":[3],"is_endless":false,"potions_floor_spawned":[6],"killed_by":"Lagavulin","ascension_level":10}}