{"host":"otf1z5955ddlv5pq","time":1611476304,"event":{"mods":["BaseMod","Better Altar","Better Match","Better Note","Better Sensory Stone","Better Skull","Better Third Choice","Colored Map","Colored Powertips","Downfall","Minty Spire (QoL Compilation)","Rare Cards Sparkle","StSLib","Synergy Search"],"gold_per_floor":[116,116,116,137,87,87,123,123,123,21,21,60,60,80,80,80,80],"floor_reached":16,"language":"ENG","playtime":1147,"items_purged":["Defend_G"],"score":111,"play_id":"66d99e6e-d598-45c3-9bbb-1d3eef4cd529","local_time":"20210124001824","is_ascension_mode":true,"campfire_choices":[{"floor":8,"key":"REST"},{"floor":13,"key":"REST"},{"floor":15,"key":"REST"}],"circlet_count":0,"master_deck":["Strike_G","Strike_G","Strike_G","Defend_G","Defend_G","Defend_G","Defend_G","Survivor","Neutralize","Riddle With Holes","Cloak And Dagger","Blade Dance","Backstab","Cloak And Dagger","Slice"],"relics":["Ring of the Snake","Golden Idol","Bottled Flame","Juzu Bracelet","HornCleat"],"acts_visited":["Exordium"],"potions_floor_usage":[],"damage_taken":[{"damage":0,"enemies":"Cultist","floor":1,"turns":3},{"damage":0,"enemies":"2 Louse","floor":4,"turns":2},{"damage":30,"enemies":"Gremlin Nob","floor":7,"turns":5},{"damage":27,"enemies":"Lagavulin","floor":12,"turns":8},{"damage":0,"enemies":"Small Slimes","floor":14,"turns":2},{"damage":76,"enemies":"Slime Boss","floor":16,"turns":12}],"seed_played":"-8916614756848848984","potions_obtained":[],"is_trial":false,"path_per_floor":["M","?","?","M","?","?","E","R","T","$","$","E","R","M","R","B"],"character_chosen":"THE_SILENT","items_purchased":["Cloak And Dagger"],"campfire_rested":3,"item_purchase_floors":[10],"current_hp_per_floor":[70,65,70,70,70,63,33,54,54,54,54,27,48,48,69,0,0],"gold":80,"neow_bonus":"THREE_CARDS","is_daily":false,"chose_seed":false,"campfire_upgraded":0,"win_rate":0.0,"timestamp":1611476304,"path_taken":["M","?","?","M","?","?","E","R","T","?","$","E","R","M","R","BOSS"],"items_purchased_type":["Card"],"build_version":"2020-12-22","purchased_purges":1,"victory":false,"max_hp_per_floor":[70,65,70,70,70,70,70,70,70,70,70,70,70,70,70,70,70],"card_choices":[{"not_picked":["Deflect","Prepared"],"picked":"Riddle With Holes","floor":0},{"not_picked":["Dagger Throw","Deflect"],"picked":"Cloak And Dagger","floor":1},{"not_picked":["Deadly Poison","Flying Knee"],"picked":"Blade Dance","floor":4},{"not_picked":["Deadly Poison","Tactician"],"picked":"Backstab","floor":7},{"not_picked":["Doppelganger","Poisoned Stab"],"picked":"Slice","floor":12},{"not_picked":["Predator","Prepared","Cloak And Dagger"],"picked":"SKIP","floor":14}],"player_experience":1192425,"relics_obtained":[{"floor":7,"key":"Bottled Flame"},{"floor":9,"key":"Juzu Bracelet"},{"floor":12,"key":"HornCleat"}],"event_choices":[{"damage_healed":0,"gold_gain":0,"player_choice":"Lose Max HP","damage_taken":0,"relics_obtained":["Golden Idol"],"max_hp_gain":0,"max_hp_loss":5,"event_name":"Golden Idol","floor":2,"gold_loss":0},{"damage_healed":0,"gold_gain":0,"player_choice":"Donut","damage_taken":0,"max_hp_gain":5,"max_hp_loss":0,"event_name":"Big Fish","floor":3,"gold_loss":0},{"cards_removed":["Strike_G"],"damage_healed":0,"gold_gain":0,"player_choice":"Card Removal","damage_taken":0,"max_hp_gain":0,"max_hp_loss":0,"event_name":"The Cleric","floor":5,"gold_loss":50},{"cards_removed":["Strike_G"],"damage_healed":0,"gold_gain":0,"player_choice":"Card Removal","damage_taken":7,"max_hp_gain":0,"max_hp_loss":0,"event_name":"Golden Wing","floor":6,"gold_loss":0}],"is_beta":false,"boss_relics":[],"items_purged_floors":[10],"is_endless":false,"potions_floor_spawned":[],"killed_by":"Slime Boss","ascension_level":1}}