{"host":"kvo7eymyd21g9abd","time":1611447794,"event":{"mods":["AchievementEnabler","BaseMod","Bestiary","Colored Map","Minty Spire (QoL Compilation)","StSLib"],"gold_per_floor":[114,114,94,111,126,126,139,139,139,173,131,131,131,83,83,186,186,166,181,181,181,181],"floor_reached":21,"language":"ENG","playtime":692,"items_purged":[],"score":221,"play_id":"c941fa50-4b78-4126-b847-71db2a337dac","local_time":"20210123192314","is_ascension_mode":true,"campfire_choices":[{"floor":6.0,"key":"RECALL"},{"floor":8.0,"key":"REST"},{"floor":15.0,"key":"REST"}],"circlet_count":0,"master_deck":["Strike_B","Strike_B","Strike_B","Strike_B","Defend_B","Defend_B","Defend_B","Defend_B","Zap","Dualcast","Doom and Gloom","Leap","Conserve Battery","Conserve Battery","Defragment","Redo","Buffer","Sweeping Beam","Cold Snap","Normality"],"relics":["Cracked Core","NeowsBlessing","Kunai","Art of War","InkBottle","Cursed Key"],"acts_visited":["Exordium","TheCity"],"potions_floor_usage":[],"damage_taken":[{"damage":0.0,"enemies":"Jaw Worm","floor":1.0,"turns":1.0},{"damage":0.0,"enemies":"2 Louse","floor":4.0,"turns":1.0},{"damage":0.0,"enemies":"Cultist","floor":5.0,"turns":1.0},{"damage":15.0,"enemies":"Exordium Wildlife","floor":7.0,"turns":4.0},{"damage":46.0,"enemies":"Lagavulin","floor":10.0,"turns":8.0},{"damage":29.0,"enemies":"The Guardian","floor":16.0,"turns":9.0},{"damage":15,"enemies":"2 Thieves","floor":18,"turns":4},{"damage":19,"enemies":"Shell Parasite","floor":19,"turns":11},{"damage":28,"enemies":"Shelled Parasite and Fungi","floor":21,"turns":5}],"seed_played":"-1468631476040291027","potions_obtained":[{"floor":1.0,"key":"EssenceOfSteel"},{"floor":3.0,"key":"Energy Potion"},{"floor":10.0,"key":"SkillPotion"},{"floor":16.0,"key":"FocusPotion"},{"floor":18,"key":"PowerPotion"}],"is_trial":false,"path_per_floor":["M","?","?","M","M","R","M","R","T","E","?","?","?","$","R","B",null,"M","M","T","M"],"character_chosen":"DEFECT","items_purchased":["Redo"],"campfire_rested":2,"item_purchase_floors":[14],"current_hp_per_floor":[75,50,50,50,50,50,35,57,57,11,11,11,11,11,33,4,57,42,23,23,0,0],"gold":181,"neow_bonus":"THREE_ENEMY_KILL","is_daily":false,"chose_seed":false,"campfire_upgraded":0,"win_rate":0.0,"timestamp":1611447794,"path_taken":["M","?","?","?","M","R","M","R","T","E","?","?","?","$","R","BOSS","M","M","?","?"],"items_purchased_type":["Card"],"build_version":"2020-12-22","purchased_purges":0,"victory":false,"max_hp_per_floor":[75,75,75,75,75,75,75,75,75,75,75,75,75,75,75,75,75,75,75,75,75,75],"card_choices":[{"not_picked":["Recycle","Barrage"],"picked":"Doom and Gloom","floor":1.0},{"not_picked":["Ball Lightning","Consume"],"picked":"Leap","floor":4.0},{"not_picked":["Go for the Eyes","Tempest"],"picked":"Conserve Battery","floor":5.0},{"not_picked":["Ball Lightning","Meteor Strike","Steam"],"picked":"SKIP","floor":7.0},{"not_picked":["Barrage","Turbo"],"picked":"Conserve Battery","floor":10.0},{"not_picked":["Hyperbeam","Amplify"],"picked":"Buffer","floor":16.0},{"not_picked":["Scrape","Compile Driver"],"picked":"Sweeping Beam","floor":18},{"not_picked":["Ball Lightning+1","Auto Shields"],"picked":"Cold Snap","floor":19}],"player_experience":420228,"relics_obtained":[{"floor":9.0,"key":"Art of War"},{"floor":10.0,"key":"InkBottle"}],"event_choices":[{"damage_healed":0.0,"max_hp_gain":0.0,"max_hp_loss":0.0,"gold_gain":0.0,"event_name":"Scrap Ooze","player_choice":"Success","floor":2.0,"gold_loss":0.0,"damage_taken":25.0,"relics_obtained":["Kunai"]},{"damage_healed":0.0,"max_hp_gain":0.0,"max_hp_loss":0.0,"gold_gain":0.0,"event_name":"The Woman in Blue","player_choice":"Bought 1 Potion","floor":3.0,"gold_loss":0.0,"damage_taken":0.0},{"damage_healed":0.0,"max_hp_gain":0.0,"max_hp_loss":0.0,"gold_gain":0.0,"event_name":"World of Goop","player_choice":"Left Gold","floor":11.0,"gold_loss":42.0,"damage_taken":0.0},{"damage_healed":0.0,"max_hp_gain":0.0,"max_hp_loss":0.0,"gold_gain":0.0,"event_name":"Dead Adventurer","player_choice":"Searched \u00271\u0027 times","floor":12.0,"gold_loss":0.0,"damage_taken":0.0},{"damage_healed":0.0,"max_hp_gain":0.0,"max_hp_loss":0.0,"gold_gain":0.0,"event_name":"Match and Keep!","player_choice":"1 cards matched","floor":13.0,"gold_loss":0.0,"damage_taken":0.0,"cards_obtained":["Defragment"]}],"is_beta":false,"boss_relics":[{"not_picked":["Empty Cage","Velvet Choker"],"picked":"Cursed Key"}],"items_purged_floors":[],"is_endless":false,"potions_floor_spawned":[1,10,16,18],"killed_by":"Shelled Parasite and Fungi","ascension_level":5}}