{"host":"hk3n60c9tb8azi3z","time":1611460724,"event":{"mods":["AchievementEnabler","BaseMod","Minty Spire (QoL Compilation)","Relic Sorter","Relic Stats"],"gold_per_floor":[119,194,28,38,38,38,64,74,74,74,102,102,102,102,102,195,195,216,216,229,16,16,16],"floor_reached":22,"language":"ENG","playtime":1216,"items_purged":[],"score":380,"play_id":"e9c1a5b2-b12a-40e0-a197-e10a256c97bd","local_time":"20210124045844","is_ascension_mode":true,"campfire_choices":[{"floor":6,"key":"REST"},{"floor":10,"key":"REST"},{"floor":13,"key":"REST"},{"data":"Beam Cell","floor":15,"key":"SMITH"}],"circlet_count":0,"master_deck":["AscendersBane","Strike_B","Strike_B","Strike_B","Strike_B","Defend_B","Defend_B","Defend_B","Defend_B","Zap","Dualcast","Dramatic Entrance","Go for the Eyes","Beam Cell+1","Echo Form","Gash","Loop","Buffer","White Noise","Gash+1","Apotheosis","Steam"],"relics":["Cracked Core","ClockworkSouvenir","StrikeDummy","Toy Ornithopter","Boot","Pocketwatch","Bloody Idol","Inserter"],"acts_visited":["Exordium","TheCity"],"potions_floor_usage":[7,11,22],"damage_taken":[{"damage":8,"enemies":"2 Louse","floor":1,"turns":2},{"damage":4,"enemies":"Jaw Worm","floor":4,"turns":3},{"damage":25,"enemies":"Gremlin Nob","floor":7,"turns":4},{"damage":0,"enemies":"Small Slimes","floor":8,"turns":2},{"damage":25,"enemies":"Lagavulin","floor":11,"turns":6},{"damage":33,"enemies":"Hexaghost","floor":16,"turns":9},{"damage":40,"enemies":"3 Byrds","floor":18,"turns":5},{"damage":11,"enemies":"Spheric Guardian","floor":20,"turns":4},{"damage":37,"enemies":"Snake Plant","floor":22,"turns":4}],"seed_played":"8901590615934661007","potions_obtained":[{"floor":1,"key":"FocusPotion"},{"floor":7,"key":"Strength Potion"},{"floor":11,"key":"EssenceOfDarkness"},{"floor":20,"key":"FairyPotion"}],"is_trial":false,"path_per_floor":["M","?","$","M","?","R","E","M","T","R","E","?","R","?","R","B",null,"M","?","M","$","M"],"character_chosen":"DEFECT","items_purchased":["ClockworkSouvenir","Apotheosis","Steam"],"campfire_rested":3,"item_purchase_floors":[3,21,21],"current_hp_per_floor":[56,45,45,41,23,44,19,19,19,40,20,20,39,60,60,27,55,15,15,9,9,0,0],"gold":16,"neow_bonus":"RANDOM_COLORLESS","is_daily":false,"chose_seed":false,"campfire_upgraded":1,"win_rate":0.0,"timestamp":1611460724,"path_taken":["M","?","$","M","?","R","E","M","T","R","E","?","R","?","R","BOSS","M","?","M","$","M"],"items_purchased_type":["Relic","Card","Card"],"build_version":"2020-12-22","purchased_purges":0,"victory":false,"max_hp_per_floor":[71,71,71,71,71,71,71,71,71,71,71,64,64,64,64,64,64,64,64,64,64,64,64],"relic_stats":{"Inserter":[6],"counters":[9,39],"Bloody Idol":5,"Boot":[40],"obtain_stats":[{"Inserter":17,"Golden Idol":12,"Bloody Idol":19,"Cracked Core":0,"StrikeDummy":5,"Boot":9,"Toy Ornithopter":7,"ClockworkSouvenir":3,"Pocketwatch":11},{"Inserter":6,"Golden Idol":5,"Bloody Idol":7,"Cracked Core":0,"StrikeDummy":2,"Boot":4,"Toy Ornithopter":3,"ClockworkSouvenir":1,"Pocketwatch":5},{"Inserter":26,"Golden Idol":17,"Bloody Idol":31,"Cracked Core":0,"StrikeDummy":5,"Boot":11,"Toy Ornithopter":9,"ClockworkSouvenir":2,"Pocketwatch":17}],"Toy Ornithopter":10,"Pocketwatch":[15]},"card_choices":[{"not_picked":["Impatience","Madness"],"picked":"Dramatic Entrance","floor":0},{"not_picked":["Redo","Sweeping Beam"],"picked":"Go for the Eyes","floor":1},{"not_picked":["Double Energy","Barrage"],"picked":"Beam Cell","floor":4},{"not_picked":["Steam","Blizzard"],"picked":"Echo Form","floor":7},{"not_picked":["Stack","Steam"],"picked":"Gash","floor":8},{"not_picked":["Redo","Tempest"],"picked":"Loop","floor":11},{"not_picked":["Amplify","Multi-Cast"],"picked":"Buffer","floor":16},{"not_picked":["Rebound","Turbo"],"picked":"White Noise","floor":18},{"not_picked":["Double Energy+1","Rip and Tear+1"],"picked":"Gash+1","floor":20}],"player_experience":1593228,"relics_obtained":[{"floor":7,"key":"Toy Ornithopter"},{"floor":9,"key":"Boot"},{"floor":11,"key":"Pocketwatch"}],"event_choices":[{"damage_healed":0,"gold_gain":75,"player_choice":"Gather Gold","damage_taken":11,"max_hp_gain":0,"max_hp_loss":0,"event_name":"World of Goop","floor":2,"gold_loss":0},{"damage_healed":0,"gold_gain":0,"player_choice":"Success","damage_taken":18,"relics_obtained":["StrikeDummy"],"max_hp_gain":0,"max_hp_loss":0,"event_name":"Scrap Ooze","floor":5,"gold_loss":0},{"damage_healed":0,"gold_gain":0,"player_choice":"Lose Max HP","damage_taken":0,"relics_obtained":["Golden Idol"],"max_hp_gain":0,"max_hp_loss":7,"event_name":"Golden Idol","floor":12,"gold_loss":0},{"damage_healed":21,"gold_gain":0,"player_choice":"Banana","damage_taken":0,"max_hp_gain":0,"max_hp_loss":0,"event_name":"Big Fish","floor":14,"gold_loss":0},{"damage_healed":0,"gold_gain":0,"player_choice":"Gave Idol","damage_taken":0,"relics_obtained":["Bloody Idol"],"max_hp_gain":0,"max_hp_loss":0,"event_name":"Forgotten Altar","floor":19,"relics_lost":["Golden Idol"],"gold_loss":0}],"is_beta":false,"boss_relics":[{"not_picked":["Velvet Choker","Ectoplasm"],"picked":"Inserter"}],"items_purged_floors":[],"is_endless":false,"potions_floor_spawned":[1,7,11,20],"killed_by":"Snake Plant","ascension_level":20}}