{"host":"ayu32rudboxboqpk","time":1611495549,"event":{"mods":["BaseMod","Colored Powertips","Downfall","Hermit","Marisa????????","Minty Spire (QoL Compilation)","Replay The Spire","StSLib","The Animator","The Cursed","The Servant 0.9.4"],"gold_per_floor":[111,111,111,142,159,200,200,234,258,273,273,296,296,318,318,433,433,450,450,450,375,290,290,290],"floor_reached":23,"language":"SPA","playtime":1166,"items_purged":[],"score":207,"play_id":"6d8289a0-c8fc-424c-80e3-c6f66a37914c","local_time":"20210124143909","is_ascension_mode":true,"campfire_choices":[{"floor":7,"key":"REST"},{"floor":11,"key":"REST"},{"data":"animator:NarberalGamma","floor":13,"key":"SMITH"},{"data":"animator:Berserker","floor":15,"key":"SMITH"}],"circlet_count":0,"master_deck":["animator:Strike_Overlord","animator:Defend_Overlord","animator:Strike","animator:Strike","animator:Strike","animator:Defend","animator:Defend","animator:Cocytus+1","animator:Demiurge","Pot Of Greed","animator:EmiyaShirou","animator:ElricEdward","Pot Of Greed","animator:Gluttony","animator:Evileye","animator:Archer","animator:NarberalGamma+1","animator:Berserker+1","animator:AcuraAkari","animator:Envy","animator:EmiyaShirou"],"relics":["animator:LivingPicture","animator:TheMissingPiece","Grinning Jar","ReplayTheSpireMod:TigerMarble","Orichalcum","Pantograph","Blue Doll","Odd Mushroom","animator:HolyGrailRelic","Juzu Bracelet","Pet Ghost"],"acts_visited":["Exordium","TheCity"],"potions_floor_usage":[8,12,16,23],"damage_taken":[{"damage":6,"enemies":"2 Louse","floor":1,"turns":2},{"damage":6,"enemies":"Jaw Worm","floor":4,"turns":3},{"damage":2,"enemies":"Cultist","floor":5,"turns":4},{"damage":22,"enemies":"Lagavulin","floor":6,"turns":9},{"damage":9,"enemies":"Replay:BlueRogue","floor":8,"turns":7},{"damage":0,"enemies":"Looter","floor":10,"turns":4},{"damage":13,"enemies":"The Mushroom Lair","floor":12,"turns":4},{"damage":7,"enemies":"Large Slime","floor":14,"turns":4},{"damage":39,"enemies":"Slime Boss","floor":16,"turns":13},{"damage":26,"enemies":"Spheric Guardian","floor":18,"turns":6},{"damage":88,"enemies":"Gremlin Leader","floor":23,"turns":6}],"seed_played":"-2397332319381265705","potions_obtained":[{"floor":1,"key":"BlessingOfTheForge"},{"floor":4,"key":"SpeedPotion"},{"floor":8,"key":"Block Potion"},{"floor":12,"key":"PowerPotion"},{"floor":18,"key":"LiquidBronze"}],"is_trial":false,"path_per_floor":["M","?","T","M","M","E","R","E","T","M","R","?","R","M","R","B",null,"M","?","T","?","?","E"],"character_chosen":"THE_ANIMATOR","items_purchased":[],"campfire_rested":2,"item_purchase_floors":[],"current_hp_per_floor":[60,60,60,54,53,34,54,45,45,46,66,55,55,52,52,33,76,52,78,78,78,78,0,0],"gold":290,"neow_bonus":"RANDOM_COMMON_RELIC","is_daily":false,"chose_seed":false,"campfire_upgraded":2,"win_rate":0.0,"timestamp":1611495549,"path_taken":["M","?","?","M","M","E","R","E","T","?","R","?","R","M","R","BOSS","M","?","?","?","?","E"],"items_purchased_type":[],"build_version":"2020-12-22","purchased_purges":0,"victory":false,"max_hp_per_floor":[66,66,66,66,67,67,67,67,67,68,68,68,68,68,68,68,76,78,78,78,78,78,78,78],"card_choices":[{"not_picked":["animator:DwarfShaman","animator:AcuraTooru"],"picked":"animator:EmiyaShirou","floor":1},{"not_picked":["animator:Archer","animator:Guy"],"picked":"animator:ElricEdward","floor":4},{"not_picked":["animator:YaoHaDucy","animator:Illya"],"picked":"animator:Gluttony","floor":5},{"not_picked":["animator:PandorasActor","animator:Demiurge"],"picked":"animator:Evileye","floor":6},{"not_picked":["animator:CowGirl","animator:EmiyaShirou"],"picked":"animator:Archer","floor":8},{"not_picked":["animator:Assassin","animator:Fredrika"],"picked":"animator:NarberalGamma","floor":10},{"not_picked":["animator:ElricEdward","animator:GuildGirl"],"picked":"animator:Berserker","floor":12},{"not_picked":["animator:Darkness","animator:Witch"],"picked":"animator:AcuraAkari","floor":14},{"not_picked":["animator:SwordMaiden","animator:Greed"],"picked":"animator:Envy","floor":16},{"not_picked":["animator:Alexander","animator:Illya"],"picked":"animator:EmiyaShirou","floor":18}],"player_experience":364091,"relics_obtained":[{"floor":3,"key":"ReplayTheSpireMod:TigerMarble"},{"floor":6,"key":"Orichalcum"},{"floor":8,"key":"Pantograph"},{"floor":9,"key":"Blue Doll"},{"floor":12,"key":"Odd Mushroom"},{"floor":20,"key":"Juzu Bracelet"}],"event_choices":[{"damage_healed":0,"gold_gain":0,"player_choice":"Fought Mushrooms","damage_taken":0,"max_hp_gain":0,"max_hp_loss":0,"event_name":"Mushrooms","floor":12,"gold_loss":0},{"damage_healed":26,"gold_gain":0,"player_choice":"Heal","damage_taken":0,"max_hp_gain":0,"max_hp_loss":0,"event_name":"The Library","floor":19,"gold_loss":0},{"cards_removed":["animator:Defend"],"damage_healed":0,"gold_gain":0,"player_choice":"Gave Gold","damage_taken":0,"max_hp_gain":0,"max_hp_loss":0,"event_name":"Beggar","floor":21,"gold_loss":75},{"damage_healed":0,"gold_gain":0,"player_choice":"Obtained Relic","damage_taken":0,"relics_obtained":["Pet Ghost"],"max_hp_gain":0,"max_hp_loss":0,"event_name":"Addict","floor":22,"gold_loss":85}],"is_beta":false,"boss_relics":[{"not_picked":["SlaversCollar","SacredBark"],"picked":"animator:HolyGrailRelic"}],"items_purged_floors":[],"is_endless":false,"potions_floor_spawned":[1,4,8,12,18],"killed_by":"Gremlin Leader","ascension_level":1}}