{"host":"xu4bnwtq7hv5gr1m","time":1611470264,"event":{"mods":["Act Like it!","Aspiration","BaseMod","Conspire","Gensokyo","Hallownest","Hubris","Marked Mod","Minty Spire (QoL Compilation)","Pale of the Ancients","Replay The Spire","StSLib","vexMod","¡¾ÒÅÎï¿¨ÅÆ¡¿REMEMod"],"gold_per_floor":[119,119,119,138,138,138,155,180,255,255,284,284,302,81,81,186,186,196,196,196,237,54,86,86,86,86,98,332,347,347,382,382,484,484,504,115,129,144,84,115,115,142,142,168,168,200,69,95,95,95,112,126,140,90,90,107,107,39,39,39],"floor_reached":61,"language":"ZHS","playtime":2064,"items_purged":["Defend_P","CarveReality","DeceiveReality"],"score":1966,"play_id":"fce737b5-1939-4470-b775-ec2c30ad7d3e","local_time":"20210124143743","is_ascension_mode":true,"campfire_choices":[{"data":"FollowUp","floor":6.0,"key":"SMITH"},{"data":"WheelKick","floor":12.0,"key":"SMITH"},{"floor":15.0,"key":"DIG"},{"floor":24.0,"key":"REST"},{"floor":32.0,"key":"REST"},{"data":"Gensokyo:MissMary","floor":41,"key":"SMITH"},{"data":"REME_CRH","floor":49,"key":"SMITH"},{"data":"Pray","floor":55,"key":"SMITH"},{"floor":57,"key":"RECALL"}],"circlet_count":0,"master_deck":["Eruption+1","Vigilance","Corpse Explosion+1","WheelKick+1","Ragnarok+1","Clumsy","LikeWater+1","MasterReality+1","ClearTheMind+1","FlurryOfBlows","Pray+1","TalkToTheHand+1","Wireheading+1","Gensokyo:MissMary+1","REME_CRH+1","Tantrum+1","SpiritShield+1","EmptyFist+1","Devotion+1","Worship+1","Gensokyo:CustomPotion","DeusExMachina","ThirdEye+1","Study+1","ThirdEye+1","Devotion+1","TalkToTheHand+1","Adaptation+1"],"relics":["PureWater","REME_ComplimentaryCards","Gensokyo:LunaticRedEyes","Gensokyo:CelestialsFlawlessClothing","Frozen Egg 2","Gensokyo:NagashiBinaDoll","HornCleat","Bag of Marbles","MealTicket","hubris:TerracottaHorce","Unceasing Top","Guide Book","Matryoshka","Lantern","Strawberry","Smiling Mask","Astrolabe","aspiration:HummingbirdHeart","conspire:Dentures","Replay:Bottled Steam","Ancient Tea Set","Pondfish Scales","hubris:SlimyHat","aspiration:VileToxins","ReplayFunnel","paleoftheancients:Timepiece","paleoftheancients:KeyRelic","Anchor","Gremlin Horn","paleoftheancients:SoulOfTheShapes","paleoftheancients:SoulOfTheThorton"],"acts_visited":["Gensokyo:Gensokyo","Gensokyo:Gensokyoer","Gensokyo:Gensokyoest","paleoftheancients:PaleOfTheAncients"],"potions_floor_usage":[42,50,50,60,60],"damage_taken":[{"damage":0.0,"enemies":"Gensokyo:Gryphon","floor":1.0,"turns":2.0},{"damage":0.0,"enemies":"Gensokyo:2_Kodama","floor":4.0,"turns":2.0},{"damage":0.0,"enemies":"Gensokyo:Python","floor":7.0,"turns":2.0},{"damage":5.0,"enemies":"Gensokyo:Aya","floor":8.0,"turns":3.0},{"damage":0.0,"enemies":"Gensokyo:Mamizou","floor":11.0,"turns":5.0},{"damage":0.0,"enemies":"Gensokyo:VengefulSpirit","floor":13.0,"turns":2.0},{"damage":5.0,"enemies":"Gensokyo:Yukari","floor":16.0,"turns":7.0},{"damage":0.0,"enemies":"Gensokyo:Chomper","floor":18.0,"turns":2.0},{"damage":9.0,"enemies":"conspire:MimicChest","floor":21.0,"turns":5.0},{"damage":34.0,"enemies":"Gensokyo:Koishi","floor":23.0,"turns":3.0},{"damage":11.0,"enemies":"Gensokyo:AngelMirror","floor":27.0,"turns":2.0},{"damage":23.0,"enemies":"Gensokyo:Tenshi","floor":28.0,"turns":4.0},{"damage":0.0,"enemies":"Gensokyo:Slime_Group","floor":29.0,"turns":2.0},{"damage":12.0,"enemies":"Gensokyo:Reisen","floor":31.0,"turns":5.0},{"damage":24.0,"enemies":"Gensokyo:Kaguya","floor":33.0,"turns":10.0},{"damage":0,"enemies":"Gensokyo:3_Bats","floor":35,"turns":1},{"damage":0,"enemies":"Gensokyo:3_Boulders","floor":37,"turns":1},{"damage":0,"enemies":"Gensokyo:Dusk_and_Dawn","floor":38,"turns":2},{"damage":8,"enemies":"Gensokyo:Kasen","floor":40,"turns":5},{"damage":0,"enemies":"Gensokyo:Doremy","floor":42,"turns":4},{"damage":0,"enemies":"Gensokyo:Marisa","floor":44,"turns":3},{"damage":10,"enemies":"Gensokyo:Doremy","floor":46,"turns":4},{"damage":0,"enemies":"Gensokyo:Marisa","floor":48,"turns":3},{"damage":0,"enemies":"Gensokyo:Scarlet_Devils","floor":50,"turns":5},{"damage":0,"enemies":"Gensokyo:Scarlet_Devils","floor":51,"turns":3},{"damage":4,"enemies":"Gensokyo:Scarlet_Devils","floor":52,"turns":5},{"damage":0,"enemies":"paleoftheancients:Thorton1","floor":53,"turns":2},{"damage":0,"enemies":"paleoftheancients:Thorton1","floor":56,"turns":4},{"damage":28,"enemies":"paleoftheancients:N","floor":60,"turns":4}],"seed_played":"-7958889622075871386","potions_obtained":[{"floor":1.0,"key":"PowerPotion"},{"floor":7.0,"key":"GamblersBrew"},{"floor":28.0,"key":"Swift Potion"},{"floor":31.0,"key":"AttackPotion"},{"floor":35,"key":"EntropicBrew"},{"floor":38,"key":"LiquidBronze"},{"floor":46,"key":"ColorlessPotion"}],"is_trial":false,"path_per_floor":["M","?","?","M","?","R","M","E","T","?","E","R","M","$","R","B",null,"M","?","?","?","COS","E","R","?","T","M","E","M","?","E","R","B",null,"M","$","M","M","?","E","R","E","T","E","?","E","$","E","R","B","M","M","M","$","R","M","R","$","?","B",null],"character_chosen":"WATCHER","items_purchased":["Bag of Marbles","aspiration:HummingbirdHeart","Devotion+1","Study+1","Adaptation+1"],"campfire_rested":2,"item_purchase_floors":[14,36,36,47,58],"current_hp_per_floor":[72,72,54,54,26,26,26,23,23,25,25,25,27,27,27,24,66,68,68,68,59,59,25,49,57,57,46,30,30,30,18,42,18,65,65,80,80,80,80,72,72,72,72,72,80,70,81,81,81,81,81,79,80,81,81,81,81,81,81,67],"gold":39,"neow_bonus":"UPGRADE_CARD","is_daily":false,"chose_seed":false,"campfire_upgraded":5,"win_rate":0.0,"timestamp":1611470263,"path_taken":["M","?","?","M","?","R","M","E","T","?","E","R","?","$","R","BOSS","M","?","?","?","COS","E","R","?","T","?","E","M","?","E","R","BOSS","M","$","M","M","?","E","R","E","T","E","?","E","$","E","R","BOSS","M","M","?","$","R","M","R","$","?","BOSS"],"items_purchased_type":["Relic","Relic","Card","Card","Card"],"build_version":"2020-12-22","purchased_purges":3,"victory":true,"max_hp_per_floor":[72,72,72,72,72,72,72,74,74,76,76,76,78,78,78,80,80,82,82,82,82,82,82,82,82,82,82,89,89,81,81,81,81,81,81,81,81,81,81,81,81,81,81,81,81,81,81,81,81,81,81,81,81,81,81,81,81,81,81,81],"card_choices":[{"not_picked":["Crescendo","Prostrate","MarkedMod:FirstStrike"],"picked":"SKIP","floor":1.0},{"not_picked":["Crescendo","Prostrate","MarkedMod:FirstStrike"],"picked":"SKIP","floor":1.0},{"not_picked":["MarkedMod:GracefulMovements","Replay:AtTheReady"],"picked":"FollowUp","floor":4.0},{"not_picked":["EmptyFist","ClearTheMind"],"picked":"WheelKick","floor":7.0},{"not_picked":["Replay:Cycle","EmptyFist"],"picked":"Ragnarok","floor":8.0},{"not_picked":["FollowUp","MarkedMod:GracefulMovements+1","Worship"],"picked":"SKIP","floor":11.0},{"not_picked":["FlurryOfBlows","Prostrate"],"picked":"LikeWater+1","floor":13.0},{"not_picked":["Scrawl","Replay:LoomingThreat+1"],"picked":"MasterReality+1","floor":16.0},{"not_picked":["MarkedMod:GentlePulse","Protect"],"picked":"ClearTheMind+1","floor":18.0},{"not_picked":["EmptyBody+1","WindmillStrike"],"picked":"FlurryOfBlows","floor":21.0},{"not_picked":["REME_EmptyShield","Consecrate"],"picked":"Pray","floor":23.0},{"not_picked":["REME_Repentance","EmptyFist"],"picked":"TalkToTheHand+1","floor":27.0},{"not_picked":["SandsOfTime","MentalFortress+1"],"picked":"Wireheading+1","floor":28.0},{"not_picked":["FlurryOfBlows","MarkedMod:FirstStrike+1","Consecrate"],"picked":"SKIP","floor":29.0},{"not_picked":["Gensokyo:MonkeysPaw","Gensokyo:TekeTeke"],"picked":"Gensokyo:MissMary","floor":30.0},{"not_picked":["Consecrate","Evaluate"],"picked":"DeceiveReality","floor":31.0},{"not_picked":["MasterReality+1","Replay:AllIn"],"picked":"REME_CRH","floor":33.0},{"not_picked":["PathToVictory","Replay:AtTheReady"],"picked":"CarveReality","floor":35},{"not_picked":["Prostrate","Swivel"],"picked":"BattleHymn+1","floor":37},{"not_picked":["Evaluate","Crescendo"],"picked":"Worship+1","floor":38},{"not_picked":["FlyingSleeves","MarkedMod:GentlePulse","Tantrum"],"picked":"SKIP","floor":40},{"not_picked":["Evaluate+1","Halt"],"picked":"DeusExMachina","floor":42},{"not_picked":["Replay:Vibes","MarkedMod:Acupuncture"],"picked":"Replay:Cycle+1","floor":44},{"not_picked":["ForeignInfluence","Consecrate"],"picked":"ThirdEye+1","floor":46},{"not_picked":["Crescendo+1","SashWhip"],"picked":"ThirdEye+1","floor":48},{"not_picked":["REME_Repentance+1","Replay:AtTheReady+1","CutThroughFate+1"],"picked":"SKIP","floor":51},{"not_picked":["Worship","BowlingBash+1"],"picked":"Devotion+1","floor":52},{"not_picked":["Replay:DivineShield","Replay:ManipulateFuture+1"],"picked":"TalkToTheHand+1","floor":53},{"not_picked":["FlurryOfBlows","Consecrate+1","ConjureBlade"],"picked":"SKIP","floor":56}],"player_experience":741272,"relics_obtained":[{"floor":8.0,"key":"vexMod:CardConverter"},{"floor":9.0,"key":"Frozen Egg 2"},{"floor":11.0,"key":"HornCleat"},{"floor":15.0,"key":"MealTicket"},{"floor":21.0,"key":"Unceasing Top"},{"floor":23.0,"key":"Matryoshka"},{"floor":26.0,"key":"Lantern"},{"floor":28.0,"key":"Strawberry"},{"floor":31.0,"key":"Smiling Mask"},{"floor":40,"key":"conspire:Dentures"},{"floor":42,"key":"Replay:Bottled Steam"},{"floor":43,"key":"Ancient Tea Set"},{"floor":43,"key":"Pondfish Scales"},{"floor":44,"key":"hubris:SlimyHat"},{"floor":46,"key":"aspiration:VileToxins"},{"floor":48,"key":"ReplayFunnel"},{"floor":52,"key":"paleoftheancients:SoulOfTheShapes"},{"floor":53,"key":"paleoftheancients:SoulOfTheThorton"}],"event_choices":[],"is_beta":false,"boss_relics":[{"not_picked":["Calling Bell","Runic Dome"],"picked":"hubris:TerracottaHorce"},{"not_picked":["Honey Jar","conspire:RoyalGoblet"],"picked":"Astrolabe"}],"items_purged_floors":[14,47,54],"is_endless":false,"potions_floor_spawned":[1,7,28,31,35,38,46],"ascension_level":5}}