{"host":"fm9e0lfunjlbhzxv","time":1611452711,"event":{"mods":["2.2 Compatiblity","AchievementEnabler","Alarm Clock","BaseMod","Bestiary","Colored Map","Colored Powertips","Key Reminder","Minty Spire (QoL Compilation)","Permanent Neow","Random Character Button","Rare Cards Sparkle","Relic Stats","StSLib","The IronCluck","slay the spire mod where everything is the same but ironclad has a cowboy hat"],"gold_per_floor":[110,110,120,120,134,159,179,205,205,205,12,64,98,116,116,116,116],"floor_reached":16,"language":"ENG","playtime":1084,"items_purged":["Strike_R"],"score":138,"play_id":"54a5da75-323e-43ad-90f8-58d6dcb368a8","local_time":"20210123174511","is_ascension_mode":true,"campfire_choices":[{"floor":10,"key":"REST"},{"data":"Strike_R","floor":15,"key":"PURGE"}],"circlet_count":0,"master_deck":["Strike_R","Strike_R","Strike_R","Defend_R","Defend_R","Defend_R","Defend_R","Bash","Dual Wield","Fire Breathing","Feed","Shrug It Off","Battle Trance","Clothesline","Dark Embrace","Carnage","Cleave","Armaments"],"relics":["Fusion Hammer","Peace Pipe","Incense Burner","The Courier","Shuriken"],"acts_visited":["Exordium"],"potions_floor_usage":[6,7,7,7,8,8,13,14],"damage_taken":[{"damage":7,"enemies":"Jaw Worm","floor":1,"turns":3},{"damage":6,"enemies":"2 Louse","floor":3,"turns":3},{"damage":1,"enemies":"Cultist","floor":5,"turns":3},{"damage":15,"enemies":"3 Sentries","floor":6,"turns":5},{"damage":8,"enemies":"3 Louse","floor":7,"turns":5},{"damage":37,"enemies":"Gremlin Nob","floor":8,"turns":4},{"damage":12,"enemies":"3 Sentries","floor":13,"turns":6},{"damage":0,"enemies":"Large Slime","floor":14,"turns":3},{"damage":31,"enemies":"The Guardian","floor":16,"turns":13}],"seed_played":"-8797009985534630173","potions_obtained":[{"floor":3,"key":"EssenceOfSteel"},{"floor":4,"key":"EntropicBrew"},{"floor":4,"key":"FearPotion"},{"floor":8,"key":"Dexterity Potion"},{"floor":13,"key":"Explosive Potion"},{"floor":14,"key":"SmokeBomb"}],"is_trial":false,"path_per_floor":["M","?","M","?","M","E","M","E","T","R","$","?","E","M","R","B"],"character_chosen":"IRONCLAD","items_purchased":["Dark Embrace","Carnage","Block Potion"],"campfire_rested":1,"item_purchase_floors":[11,11,11],"current_hp_per_floor":[73,73,67,67,66,51,50,13,13,39,39,39,27,30,30,0,0],"gold":116,"neow_bonus":"BOSS_RELIC","is_daily":false,"chose_seed":false,"campfire_upgraded":0,"win_rate":0.0,"timestamp":1611452711,"path_taken":["M","?","M","?","M","E","?","E","T","R","$","?","E","M","R","BOSS"],"items_purchased_type":["Card","Card","Potion"],"build_version":"2020-12-22","purchased_purges":1,"victory":false,"max_hp_per_floor":[80,80,80,80,80,80,87,87,87,87,87,87,87,90,90,90,90],"relic_stats":{"Peace Pipe":1,"counters":[9,45],"Shuriken":[2],"obtain_stats":[{"Peace Pipe":6,"Shuriken":13,"Fusion Hammer":0,"The Courier":9,"Incense Burner":8,"Burning Blood":0},{"Peace Pipe":4,"Shuriken":7,"Fusion Hammer":0,"The Courier":6,"Incense Burner":6,"Burning Blood":0},{"Peace Pipe":14,"Shuriken":29,"Fusion Hammer":0,"The Courier":23,"Incense Burner":23,"Burning Blood":0}]},"card_choices":[{"not_picked":["Heavy Blade","Cleave"],"picked":"Dual Wield","floor":1},{"not_picked":["Pommel Strike","Heavy Blade"],"picked":"Fire Breathing","floor":3},{"not_picked":["Rampage","Clash"],"picked":"Feed","floor":5},{"not_picked":["Clash","Anger"],"picked":"Shrug It Off","floor":6},{"not_picked":["Second Wind","Clothesline"],"picked":"Battle Trance","floor":7},{"not_picked":["Second Wind","Bloodletting"],"picked":"Clothesline","floor":8},{"not_picked":["Hemokinesis","Clothesline"],"picked":"Cleave","floor":13},{"not_picked":["Twin Strike","Flex"],"picked":"Armaments","floor":14}],"player_experience":441355,"relics_obtained":[{"floor":6,"key":"Peace Pipe"},{"floor":8,"key":"Incense Burner"},{"floor":9,"key":"The Courier"},{"floor":13,"key":"Shuriken"}],"event_choices":[{"damage_healed":0,"gold_gain":0,"player_choice":"Ignored","damage_taken":0,"max_hp_gain":0,"max_hp_loss":0,"event_name":"Liars Game","floor":2,"gold_loss":0},{"damage_healed":0,"gold_gain":0,"player_choice":"Got Potions","damage_taken":0,"max_hp_gain":0,"max_hp_loss":0,"event_name":"Lab","floor":4,"gold_loss":0},{"damage_healed":0,"gold_gain":52,"player_choice":"Gained Gold","damage_taken":0,"max_hp_gain":0,"max_hp_loss":0,"event_name":"Golden Wing","floor":12,"gold_loss":0}],"is_beta":false,"boss_relics":[],"items_purged_floors":[11],"is_endless":false,"potions_floor_spawned":[3,8,13,14],"killed_by":"The Guardian","ascension_level":3}}