{"host":"kywtqy4o43fs5yna","time":1611483688,"event":{"mods":["AchievementEnabler","Act Like it!","BaseMod","Better Note","BetterRewards","Colored Map","Minty Spire (QoL Compilation)","Quick Restart","Rare Cards Sparkle","StSLib"],"gold_per_floor":[116,41,41,55,73,73,106,6,52,52,52,70,97,47,47,146,146,156,106,106,56,56,81,31,42,42,42,42,60,60,78,78,180,180,190,210,260,260,210,240,259,259,259,277,277,227,259,259,259,259],"floor_reached":51,"language":"RUS","playtime":3107,"items_purged":["Bash","Strike_R","Strike_R","Strike_R","Strike_R","Defend_R","Defend_R","Defend_R"],"score":1106,"play_id":"1a780e36-a2d4-465e-8b52-b78b91f8ef5f","local_time":"20210124202128","is_ascension_mode":false,"campfire_choices":[{"data":"Madness","floor":6.0,"key":"SMITH"},{"data":"Pommel Strike","floor":11.0,"key":"SMITH"},{"data":"Pommel Strike","floor":15.0,"key":"SMITH"},{"floor":28.0,"key":"REST"},{"floor":30.0,"key":"RECALL"},{"floor":32.0,"key":"REST"},{"data":"Flash of Steel","floor":45,"key":"SMITH"},{"data":"Defend_R","floor":49,"key":"SMITH"}],"circlet_count":0,"master_deck":["Defend_R+1","Pommel Strike+1","Madness+1","Pommel Strike+1","Flash of Steel+1"],"relics":["Burning Blood","Smiling Mask","Kunai","Black Star","Potion Belt","Matryoshka","Happy Flower","FossilizedHelix","Juzu Bracelet","Magic Flower","SlaversCollar","Prayer Wheel","Blood Vial","Whetstone","White Beast Statue","Mango","The Courier"],"acts_visited":["Exordium","TheCity","TheBeyond"],"potions_floor_usage":[],"damage_taken":[{"damage":6.0,"enemies":"Cultist","floor":1.0,"turns":3.0},{"damage":6.0,"enemies":"Jaw Worm","floor":4.0,"turns":3.0},{"damage":2.0,"enemies":"Small Slimes","floor":5.0,"turns":3.0},{"damage":36.0,"enemies":"Lagavulin","floor":7.0,"turns":5.0},{"damage":0.0,"enemies":"Looter","floor":12.0,"turns":3.0},{"damage":17.0,"enemies":"Gremlin Nob","floor":13.0,"turns":4.0},{"damage":21.0,"enemies":"Slime Boss","floor":16.0,"turns":8.0},{"damage":5.0,"enemies":"Chosen","floor":18.0,"turns":3.0},{"damage":13.0,"enemies":"Book of Stabbing","floor":23.0,"turns":6.0},{"damage":3.0,"enemies":"3 Byrds","floor":25.0,"turns":3.0},{"damage":0.0,"enemies":"Centurion and Healer","floor":29.0,"turns":6.0},{"damage":6.0,"enemies":"Snecko","floor":31.0,"turns":5.0},{"damage":38.0,"enemies":"Champ","floor":33.0,"turns":9.0},{"damage":19.0,"enemies":"3 Darklings","floor":35.0,"turns":4.0},{"damage":0.0,"enemies":"Orb Walker","floor":36.0,"turns":2.0},{"damage":0.0,"enemies":"Mind Bloom Boss Battle","floor":37.0,"turns":3.0},{"damage":0.0,"enemies":"Giant Head","floor":40.0,"turns":5.0},{"damage":0.0,"enemies":"Jaw Worm Horde","floor":41.0,"turns":3.0},{"damage":9,"enemies":"4 Shapes","floor":44,"turns":1},{"damage":0,"enemies":"Reptomancer","floor":47,"turns":1},{"damage":0,"enemies":"Transient","floor":48,"turns":1},{"damage":0,"enemies":"Donu and Deca","floor":50,"turns":1}],"seed_played":"3553657603616491687","potions_obtained":[{"floor":5.0,"key":"Swift Potion"},{"floor":13.0,"key":"AttackPotion"},{"floor":16.0,"key":"Swift Potion"},{"floor":18.0,"key":"Weak Potion"},{"floor":31.0,"key":"Explosive Potion"},{"floor":36.0,"key":"SkillPotion"},{"floor":41.0,"key":"PowerPotion"},{"floor":44,"key":"SmokeBomb"},{"floor":47,"key":"DistilledChaos"}],"is_trial":false,"path_per_floor":["M","$","T","M","M","R","E","$","T","?","R","M","E","$","R","B",null,"M","$","?","$","?","E","$","M","T","T","R","M","R","M","R","B",null,"M","M","?","?","$","E","M","?","T","M","R","$","E","M","R","B",null],"character_chosen":"IRONCLAD","items_purchased":["Pommel Strike","Madness"],"campfire_rested":2,"item_purchase_floors":[0,0],"current_hp_per_floor":[70,70,70,70,74,74,44,44,44,37,37,43,32,32,32,17,80,80,80,80,80,65,58,58,61,61,61,85,85,85,85,85,56,85,75,84,85,85,85,85,85,75,75,78,78,78,99,99,99,99],"gold":259,"neow_bonus":"","is_daily":false,"chose_seed":false,"campfire_upgraded":5,"win_rate":0.0,"timestamp":1611483688,"path_taken":["M","$","?","M","M","R","E","$","T","?","R","M","E","$","R","BOSS","M","$","?","$","?","E","?","?","T","?","R","M","R","M","R","BOSS","M","M","?","?","$","E","M","?","T","M","R","$","E","M","R","BOSS"],"items_purchased_type":["Card","Card"],"build_version":"2020-12-22","purchased_purges":8,"victory":true,"max_hp_per_floor":[80,80,80,80,80,80,80,80,80,80,80,80,80,80,80,80,80,80,80,80,80,85,85,85,85,85,85,85,85,85,85,85,85,85,85,85,85,85,85,85,85,85,85,85,85,85,99,99,99,99],"card_choices":[{"not_picked":["Carnage","Thunderclap"],"picked":"Pommel Strike","floor":1.0},{"not_picked":["Flex","Battle Trance","Spot Weakness"],"picked":"SKIP","floor":4.0},{"not_picked":["Infernal Blade","Dark Embrace","Cleave"],"picked":"SKIP","floor":5.0},{"not_picked":["Shockwave","Hemokinesis","Cleave"],"picked":"SKIP","floor":7.0},{"not_picked":["Wild Strike","Warcry","Hemokinesis"],"picked":"SKIP","floor":12.0},{"not_picked":["True Grit","Clothesline","Thunderclap"],"picked":"SKIP","floor":13.0},{"not_picked":["Body Slam+1","Wild Strike+1","Carnage"],"picked":"SKIP","floor":18.0},{"not_picked":["Seeing Red","Havoc","Hemokinesis"],"picked":"SKIP","floor":23.0},{"not_picked":["Uppercut","Sword Boomerang","Warcry"],"picked":"SKIP","floor":25.0},{"not_picked":["Cleave","Blood for Blood+1","Pummel"],"picked":"SKIP","floor":29.0},{"not_picked":["Feel No Pain+1","Shrug It Off","Pommel Strike"],"picked":"SKIP","floor":31.0},{"not_picked":["Pommel Strike+1","Battle Trance+1","Pummel"],"picked":"SKIP","floor":35.0},{"not_picked":["Armaments","Flex","Clothesline+1"],"picked":"SKIP","floor":36.0},{"not_picked":["Warcry","Inflame","Impervious"],"picked":"SKIP","floor":40.0},{"not_picked":["Thunderclap","Second Wind+1","Inflame+1"],"picked":"SKIP","floor":41.0},{"not_picked":["Heavy Blade+1","Whirlwind","Shrug It Off"],"picked":"SKIP","floor":41.0},{"not_picked":["Mayhem","Enlightenment"],"picked":"Flash of Steel","floor":42},{"not_picked":["Dark Embrace+1","Armaments","Clash+1"],"picked":"SKIP","floor":44},{"not_picked":["Shrug It Off","Sword Boomerang","Combust"],"picked":"SKIP","floor":44},{"not_picked":["Cleave+1","Sword Boomerang+1","Evolve"],"picked":"SKIP","floor":47},{"not_picked":["Combust+1","Intimidate","Sever Soul"],"picked":"SKIP","floor":48},{"not_picked":["Iron Wave","Blood for Blood","Cleave+1"],"picked":"SKIP","floor":48}],"player_experience":182891,"relics_obtained":[{"floor":9.0,"key":"Smiling Mask"},{"floor":13.0,"key":"Kunai"},{"floor":23.0,"key":"Potion Belt"},{"floor":23.0,"key":"Matryoshka"},{"floor":26.0,"key":"Happy Flower"},{"floor":26.0,"key":"FossilizedHelix"},{"floor":27.0,"key":"Juzu Bracelet"},{"floor":27.0,"key":"Magic Flower"},{"floor":37.0,"key":"Prayer Wheel"},{"floor":40.0,"key":"Blood Vial"},{"floor":40.0,"key":"Whetstone"},{"floor":43,"key":"White Beast Statue"},{"floor":47,"key":"Mango"},{"floor":47,"key":"The Courier"}],"event_choices":[{"cards_removed":["Strike_R"],"damage_healed":0.0,"max_hp_gain":0.0,"max_hp_loss":0.0,"gold_gain":0.0,"event_name":"Golden Wing","player_choice":"Card Removal","floor":10.0,"gold_loss":0.0,"damage_taken":7.0},{"cards_removed":["Strike_R"],"damage_healed":0.0,"max_hp_gain":0.0,"max_hp_loss":0.0,"gold_gain":0.0,"event_name":"betterNote:BetterNote","player_choice":"Give","floor":20.0,"gold_loss":0.0,"damage_taken":0.0,"cards_obtained":["Mayhem"]},{"damage_healed":0.0,"max_hp_gain":5.0,"max_hp_loss":0.0,"gold_gain":0.0,"event_name":"Forgotten Altar","player_choice":"Shed Blood","floor":22.0,"gold_loss":0.0,"damage_taken":20.0},{"damage_healed":0.0,"max_hp_gain":0.0,"max_hp_loss":0.0,"gold_gain":0.0,"event_name":"MindBloom","player_choice":"Fight","floor":37.0,"gold_loss":0.0,"damage_taken":0.0},{"damage_healed":0.0,"max_hp_gain":0.0,"max_hp_loss":0.0,"gold_gain":0.0,"event_name":"Mysterious Sphere","player_choice":"Ignored","floor":38.0,"gold_loss":0.0,"damage_taken":0.0},{"damage_healed":0,"gold_gain":0,"player_choice":"Memory 3","damage_taken":10,"max_hp_gain":0,"max_hp_loss":0,"event_name":"SensoryStone","floor":42,"gold_loss":0}],"is_beta":false,"boss_relics":[{"not_picked":["Snecko Eye","Calling Bell"],"picked":"Black Star"},{"not_picked":["Runic Pyramid","Mark of Pain"],"picked":"SlaversCollar"}],"items_purged_floors":[2,8,14,19,21,24,39,46],"is_endless":false,"potions_floor_spawned":[5,13,16,18,31,36,41,44,47,48],"ascension_level":0}}