{"host":"ypdx5fp9okd6tuhb","time":1611459856,"event":{"mods":["Act Like it!","BaseMod","Better Third Choice","Colored Powertips","Friendly Minions","Hermit","Koishi","Minty Spire (QoL Compilation)","Rare Cards Sparkle","Relic Stats","Spicy Shops","StSLib","SuperFastMode","everything is the same but u backflip on backflip"],"gold_per_floor":[117,117,135,135,2,2,29,29,29,42,59,19,33,33,33,138,138,158,338,354,9,29,29,58,58,58],"floor_reached":25,"language":"ENG","playtime":718,"items_purged":[],"score":407,"play_id":"33bced76-69a1-49ee-ba71-f3ac82bc2f7e","local_time":"20210123194416","is_ascension_mode":true,"campfire_choices":[{"data":"Infinite Blades","floor":6,"key":"SMITH"},{"data":"Noxious Fumes","floor":8,"key":"SMITH"},{"floor":15,"key":"REST"},{"floor":23,"key":"REST"}],"circlet_count":0,"master_deck":["AscendersBane","Strike_G","Strike_G","Strike_G","Strike_G","Strike_G","Defend_G","Defend_G","Defend_G","Defend_G","Defend_G","Survivor","Neutralize+1","Choke+1","Blade Dance","Infinite Blades+1","Blade Dance","Deflect","Noxious Fumes+1","Footwork","Acrobatics","Terror","Crippling Poison","Envenom","Dodge and Roll+1","Bandage Up","PiercingWail","Tactician+1","Deflect+1","Cloak And Dagger+1","Deflect+1"],"relics":["Ring of the Snake","Mercury Hourglass","Question Card","Bottled Tornado","Black Star","Toxic Egg 2","Shovel","Incense Burner"],"acts_visited":["Exordium","TheCity"],"potions_floor_usage":[3,7,11,16,18,24,24,25],"damage_taken":[{"damage":7,"enemies":"Jaw Worm","floor":1,"turns":7},{"damage":0,"enemies":"Cultist","floor":3,"turns":2},{"damage":29,"enemies":"Gremlin Nob","floor":7,"turns":4},{"damage":0,"enemies":"Small Slimes","floor":10,"turns":3},{"damage":24,"enemies":"Exordium Thugs","floor":11,"turns":5},{"damage":1,"enemies":"Red Slaver","floor":13,"turns":2},{"damage":0,"enemies":"Slime Boss","floor":16,"turns":7},{"damage":4,"enemies":"Chosen","floor":18,"turns":4},{"damage":3,"enemies":"3 Byrds","floor":20,"turns":3},{"damage":12,"enemies":"Snake Plant","floor":22,"turns":4},{"damage":39,"enemies":"Gremlin Leader","floor":24,"turns":9},{"damage":23,"enemies":"Shelled Parasite and Fungi","floor":25,"turns":3}],"seed_played":"8611345134558890698","potions_obtained":[{"floor":2,"key":"Regen Potion"},{"floor":2,"key":"DuplicationPotion"},{"floor":2,"key":"CunningPotion"},{"floor":11,"key":"Fire Potion"},{"floor":13,"key":"Energy Potion"},{"floor":18,"key":"SpeedPotion"},{"floor":22,"key":"GhostInAJar"},{"floor":24,"key":"Energy Potion"}],"is_trial":false,"path_per_floor":["M","?","M","?","$","R","E","R","T","M","M","$","M","T","R","B",null,"M","?","M","$","M","R","E","M"],"character_chosen":"THE_SILENT","items_purchased":["Infinite Blades","Blade Dance","Deflect","Terror","Toxic Egg 2","Tactician+1","Deflect+1"],"campfire_rested":2,"item_purchase_floors":[5,5,5,12,21,21,21],"current_hp_per_floor":[56,56,56,56,56,56,27,27,27,27,18,18,17,17,38,38,62,58,33,30,30,22,43,8,0,0],"gold":58,"neow_bonus":"UPGRADE_CARD","is_daily":false,"chose_seed":false,"campfire_upgraded":2,"win_rate":0.0,"timestamp":1611459856,"path_taken":["M","?","?","?","?","R","E","R","T","?","M","$","M","?","R","BOSS","M","?","?","$","M","R","E","M"],"items_purchased_type":["Card","Card","Card","Card","Relic","Card","Card"],"build_version":"2020-12-22","purchased_purges":0,"victory":false,"max_hp_per_floor":[70,70,70,70,70,70,70,70,70,70,70,70,70,70,70,70,70,70,70,70,70,70,70,70,70,70],"relic_stats":{"Shovel":0,"counters":[12,52],"Black Star":1,"Question Card":8,"obtain_stats":[{"Shovel":24,"Black Star":17,"Incense Burner":24,"Bottled Tornado":14,"Toxic Egg 2":21,"Question Card":9,"Ring of the Snake":0,"Mercury Hourglass":7},{"Shovel":11,"Black Star":7,"Incense Burner":11,"Bottled Tornado":6,"Toxic Egg 2":9,"Question Card":3,"Ring of the Snake":0,"Mercury Hourglass":3},{"Shovel":49,"Black Star":30,"Incense Burner":49,"Bottled Tornado":23,"Toxic Egg 2":36,"Question Card":13,"Ring of the Snake":0,"Mercury Hourglass":13}],"Ring of the Snake":[24],"Mercury Hourglass":[178]},"card_choices":[{"not_picked":["Outmaneuver","Prepared"],"picked":"Choke","floor":1},{"not_picked":["Cloak And Dagger","Acrobatics"],"picked":"Blade Dance","floor":3},{"not_picked":["Cloak And Dagger","Expertise"],"picked":"Noxious Fumes","floor":7},{"not_picked":["Sucker Punch","Dagger Throw","Backflip"],"picked":"Footwork","floor":10},{"not_picked":["Doppelganger","Well Laid Plans","Prepared"],"picked":"Acrobatics","floor":11},{"not_picked":["Prepared","Flechettes","Expertise"],"picked":"Crippling Poison","floor":13},{"not_picked":["Wraith Form v2","Unload","Venomology"],"picked":"Envenom","floor":16},{"not_picked":["Blade Dance+1","Quick Slash+1","Sucker Punch"],"picked":"Dodge and Roll+1","floor":18},{"not_picked":["Flying Knee","Eviscerate","Flechettes"],"picked":"PiercingWail","floor":20},{"not_picked":["Crippling Poison+1","Dagger Spray","Outmaneuver+1"],"picked":"Cloak And Dagger+1","floor":22},{"not_picked":["Sucker Punch","Unload","Dagger Spray"],"picked":"Deflect+1","floor":24}],"player_experience":132060,"relics_obtained":[{"floor":7,"key":"Mercury Hourglass"},{"floor":9,"key":"Question Card"},{"floor":14,"key":"Bottled Tornado"},{"floor":24,"key":"Shovel"},{"floor":24,"key":"Incense Burner"}],"event_choices":[{"damage_healed":0,"gold_gain":0,"player_choice":"Got Potions","damage_taken":0,"max_hp_gain":0,"max_hp_loss":0,"event_name":"Lab","floor":2,"gold_loss":0},{"damage_healed":0,"gold_gain":0,"player_choice":"Upgraded","damage_taken":0,"max_hp_gain":0,"max_hp_loss":0,"event_name":"Upgrade Shrine","floor":4,"gold_loss":0,"cards_upgraded":["Choke"]},{"damage_healed":0,"gold_gain":180,"player_choice":"GOLD GOLD CARD ","damage_taken":25,"max_hp_gain":0,"max_hp_loss":0,"event_name":"Knowing Skull","floor":19,"potions_obtained":[],"gold_loss":0,"cards_obtained":["Bandage Up"]}],"is_beta":false,"boss_relics":[{"not_picked":["Sozu","Snecko Eye"],"picked":"Black Star"}],"items_purged_floors":[],"is_endless":false,"potions_floor_spawned":[11,13,18,22,24],"killed_by":"Shelled Parasite and Fungi","ascension_level":10}}