{"host":"ydg0vn0pu4pubmdt","time":1611487405,"event":{"mods":["AchievementEnabler","BaseMod","Colored Map","Gold Saver","Minty Spire (QoL Compilation)","Quick Restart","SuperFastMode"],"gold_per_floor":[215,215,230,230,244,244,261,275,328,347,358,373,373,391,391,468,468,480,53,53,53,63,63,63,63],"floor_reached":24,"language":"KOR","playtime":674,"items_purged":["Strike_B"],"score":346,"play_id":"166f7d4c-1250-4bc1-8658-f066b91a39a0","local_time":"20210124202325","is_ascension_mode":true,"campfire_choices":[{"data":"Dualcast","floor":6.0,"key":"SMITH"},{"data":"Scrape","floor":13.0,"key":"SMITH"},{"floor":15.0,"key":"REST"},{"data":"Go for the Eyes","floor":23,"key":"SMITH"}],"circlet_count":0,"master_deck":["AscendersBane","Strike_B","Strike_B","Strike_B","Defend_B","Defend_B","Defend_B","Defend_B","Zap+1","Dualcast+1","All For One","Self Repair+1","Turbo","Decay","Gash","Scrape+1","Self Repair","BootSequence","Gash","Genetic Algorithm","Conserve Battery","Hyperbeam","Gash","Go for the Eyes+1","Undo+1"],"relics":["Cracked Core","Regal Pillow","Nuclear Battery","Prayer Wheel"],"acts_visited":["Exordium","TheCity"],"potions_floor_usage":[22,24],"damage_taken":[{"damage":9.0,"enemies":"Jaw Worm","floor":1.0,"turns":3.0},{"damage":1.0,"enemies":"Cultist","floor":3.0,"turns":3.0},{"damage":10.0,"enemies":"Small Slimes","floor":5.0,"turns":2.0},{"damage":21.0,"enemies":"Exordium Wildlife","floor":7.0,"turns":4.0},{"damage":12.0,"enemies":"Looter","floor":8.0,"turns":3.0},{"damage":14.0,"enemies":"3 Louse","floor":10.0,"turns":3.0},{"damage":8.0,"enemies":"Lots of Slimes","floor":11.0,"turns":4.0},{"damage":10.0,"enemies":"Exordium Wildlife","floor":12.0,"turns":2.0},{"damage":5.0,"enemies":"Blue Slaver","floor":14.0,"turns":2.0},{"damage":55.0,"enemies":"Slime Boss","floor":16.0,"turns":12.0},{"damage":29.0,"enemies":"3 Byrds","floor":18.0,"turns":5.0},{"damage":0,"enemies":"Chosen","floor":22,"turns":4},{"damage":52,"enemies":"Gremlin Leader","floor":24,"turns":6}],"seed_played":"-2445424931525946019","potions_obtained":[{"floor":1.0,"key":"ColorlessPotion"},{"floor":5.0,"key":"Strength Potion"},{"floor":10.0,"key":"Block Potion"}],"is_trial":false,"path_per_floor":["M","?","M","?","M","R","M","M","T","M","M","M","R","M","R","B",null,"M","$","?","$","M","R","E"],"character_chosen":"DEFECT","items_purchased":["Prayer Wheel","Gash"],"campfire_rested":1,"item_purchase_floors":[19,19],"current_hp_per_floor":[55,34,33,33,33,33,22,20,20,23,32,29,29,24,60,22,59,40,40,40,40,50,50,0,0],"gold":63,"neow_bonus":"ONE_RANDOM_RARE_CARD","is_daily":false,"chose_seed":false,"campfire_upgraded":3,"win_rate":0.0,"timestamp":1611487405,"path_taken":["M","?","M","?","M","R","M","?","T","M","M","M","R","M","R","BOSS","M","$","?","$","M","R","E"],"items_purchased_type":["Relic","Card"],"build_version":"2020-12-22","purchased_purges":1,"victory":false,"max_hp_per_floor":[71,71,71,71,71,71,71,71,71,71,71,71,71,71,71,71,71,71,71,71,71,71,71,71,71],"card_choices":[{"not_picked":["Glacier","Leap"],"picked":"Self Repair","floor":1.0},{"not_picked":["Go for the Eyes","Redo"],"picked":"Turbo","floor":3.0},{"not_picked":["Go for the Eyes","Streamline"],"picked":"Gash","floor":5.0},{"not_picked":["Streamline","Tempest"],"picked":"Scrape","floor":7.0},{"not_picked":["Loop","Steam"],"picked":"Self Repair","floor":8.0},{"not_picked":["Turbo","Consume"],"picked":"BootSequence","floor":10.0},{"not_picked":["Coolheaded","Turbo"],"picked":"Gash","floor":11.0},{"not_picked":["Undo","Scrape"],"picked":"Genetic Algorithm","floor":12.0},{"not_picked":["Barrage","Storm"],"picked":"Conserve Battery","floor":14.0},{"not_picked":["Meteor Strike","Multi-Cast"],"picked":"Hyperbeam","floor":16.0},{"not_picked":["Streamline","Barrage","Compile Driver"],"picked":"SKIP","floor":18.0},{"not_picked":["Streamline","Hologram"],"picked":"Go for the Eyes","floor":22},{"not_picked":["Compile Driver","Lockon"],"picked":"Undo+1","floor":22}],"player_experience":575796,"relics_obtained":[{"floor":9.0,"key":"Regal Pillow"}],"event_choices":[{"damage_healed":0.0,"max_hp_gain":0.0,"max_hp_loss":0.0,"gold_gain":0.0,"event_name":"Shining Light","player_choice":"Entered Light","floor":2.0,"gold_loss":0.0,"damage_taken":21.0,"cards_upgraded":["Self Repair","Zap"]},{"damage_healed":0.0,"max_hp_gain":0.0,"max_hp_loss":0.0,"gold_gain":0.0,"event_name":"Wheel of Change","player_choice":"Cursed","floor":4.0,"gold_loss":0.0,"damage_taken":0.0,"cards_obtained":["Decay"]},{"damage_healed":0.0,"max_hp_gain":0.0,"max_hp_loss":0.0,"gold_gain":0.0,"event_name":"The Mausoleum","player_choice":"Ignored","floor":20.0,"gold_loss":0.0,"damage_taken":0.0}],"is_beta":false,"boss_relics":[{"not_picked":["Sozu","Velvet Choker"],"picked":"Nuclear Battery"}],"items_purged_floors":[19],"is_endless":false,"potions_floor_spawned":[1,5,10,12],"killed_by":"Gremlin Leader","ascension_level":16}}