{"host":"2q4w55ev63ot6isg","time":1611517252,"event":{"mods":["Aspiration","BaseMod","Downfall","Hubris","Marisa????????","Minty Spire (QoL Compilation)","Replay The Spire","StSLib","The Cursed","The Jungle","The Servant 0.9.4"],"gold_per_floor":[116,134,134,149,159,159,109,109,109,127,127,52,140,184,184,313,313,336,336,375,393,483,527,527,543,543,564,367,466,466,481,481,609,609,622,622,15,34,99,99,140,140,140,0,41,99,99,99,99,99],"floor_reached":51,"language":"ENG","playtime":2212,"items_purged":["Defend_B","Strike_B","Defend_B"],"score":758,"play_id":"739d5a8e-64c6-4d22-9422-84bbc13b0701","local_time":"20210124114052","is_ascension_mode":true,"campfire_choices":[{"data":"Fission","floor":6,"key":"SMITH"},{"data":"Zap","floor":8,"key":"SMITH"},{"data":"Dualcast","floor":15,"key":"SMITH"},{"data":"After Image","floor":24,"key":"SMITH"},{"floor":30,"key":"REST"},{"data":"Thunder Strike","floor":32,"key":"SMITH"},{"data":"Defragment","floor":40,"key":"SMITH"},{"data":"ReplayRNGCard","floor":42,"key":"SMITH"},{"data":"Ball Lightning","floor":42,"key":"SMITH"},{"floor":47,"key":"REST"},{"data":"Hallucinations","floor":49,"key":"PURGE"}],"circlet_count":0,"master_deck":["Strike_B","Defend_B+1","Zap+1","Dualcast+1","Blade Dance+1","Leap","Fission+1","Blade Dance","Conserve Battery","Coolheaded","Ball Lightning+1","After Image+1","aspiration:Polymerization","Panic Button+1","Enlightenment","White Noise","Thunder Strike+1","Echo Form","Magnetism","Defragment+1","ReplayTheSpireMod:Calculation Training+1","ReplayRNGCard+1","BootSequence+1"],"relics":["Cracked Core","aspiration:Nostalgia","m_SlimeRing","White Beast Statue","Golden Idol","aspiration:HiddenCompartment","Smiling Mask","Snecko Heart","Red Mask","hubris:DisguiseKit","Happy Flower","Replay:Baseball","Replay:Bronze Core","CaptainsWheel","CatCart","Replay:Arrowhead","MawBank","Replay:Antivirus Software","War Paint","StoneCalendar","Ring of Peace","ReplayTheSpireMod:Ring of Exchange"],"acts_visited":["Exordium","TheCity","TheBeyond"],"potions_floor_usage":[20,20,23,23,33,33,41,45,50,50],"damage_taken":[{"damage":0,"enemies":"Cultist","floor":1,"turns":2},{"damage":0,"enemies":"Small Slimes","floor":2,"turns":3},{"damage":0,"enemies":"Jaw Worm","floor":4,"turns":4},{"damage":5,"enemies":"Large Slime","floor":5,"turns":7},{"damage":0,"enemies":"2 Fungi Beasts","floor":10,"turns":2},{"damage":2,"enemies":"3 Sentries","floor":14,"turns":6},{"damage":13,"enemies":"Slime Boss","floor":16,"turns":8},{"damage":0,"enemies":"Spheric Guardian","floor":18,"turns":3},{"damage":12,"enemies":"Masked Bandits","floor":20,"turns":3},{"damage":0,"enemies":"Chosen","floor":21,"turns":3},{"damage":0,"enemies":"Gremlin Leader","floor":23,"turns":7},{"damage":3,"enemies":"3 Cultists","floor":25,"turns":5},{"damage":13,"enemies":"Centurion and Healer","floor":27,"turns":7},{"damage":2,"enemies":"Shelled Parasite and Fungi","floor":31,"turns":3},{"damage":38,"enemies":"Champ","floor":33,"turns":7},{"damage":13,"enemies":"3 Darklings","floor":35,"turns":6},{"damage":0,"enemies":"Orb Walker","floor":38,"turns":5},{"damage":0,"enemies":"Orin","floor":39,"turns":10},{"damage":0,"enemies":"R_Hoarder","floor":41,"turns":5},{"damage":30,"enemies":"Reptomancer","floor":45,"turns":5},{"damage":3,"enemies":"2 Orb Walkers","floor":46,"turns":5},{"damage":0,"enemies":"Replay:Hell Engine","floor":50,"turns":11}],"seed_played":"-956112433711107106","potions_obtained":[{"floor":4,"key":"PotionOfCapacity"},{"floor":10,"key":"Reflective Coating"},{"floor":13,"key":"GamblersBrew"},{"floor":14,"key":"hexamod:SoulburnPotion"},{"floor":16,"key":"ColorlessPotion"},{"floor":20,"key":"LiquidBronze"},{"floor":21,"key":"LifebloodPotion"},{"floor":23,"key":"hexamod:SoulburnPotion"},{"floor":25,"key":"SteroidPotion"},{"floor":33,"key":"DistilledChaos"},{"floor":35,"key":"Fire Potion"},{"floor":39,"key":"Strength Potion"},{"floor":41,"key":"DuplicationPotion"},{"floor":45,"key":"SpeedPotion"},{"floor":46,"key":"bronze:BurnAndBuffPotion"}],"is_trial":false,"path_per_floor":["M","M","?","M","M","R","?","R","T","M","?","$","?","E","R","B",null,"M","?","?","M","?","E","R","M","T","M","$","?","R","M","R","B",null,"M","?","$","M","?","R","E","R","T","$","E","?","R","?","R","B",null],"character_chosen":"DEFECT","items_purchased":["Replay:Baseball","Magnetism","Defragment","CaptainsWheel","Replay:Antivirus Software"],"campfire_rested":2,"item_purchase_floors":[28,37,37,37,44],"current_hp_per_floor":[75,75,75,75,70,70,70,70,70,70,52,52,34,32,32,19,75,75,75,63,63,45,45,45,42,42,29,29,29,51,49,49,11,75,62,62,62,62,62,62,62,62,62,62,32,29,51,51,51,51],"gold":99,"neow_bonus":"NOSTALGIA","is_daily":false,"chose_seed":false,"campfire_upgraded":8,"win_rate":0.0,"timestamp":1611517252,"path_taken":["M","?","?","M","M","R","?","R","T","M","?","$","?","E","R","BOSS","M","?","?","M","?","E","R","?","T","M","$","?","R","M","R","BOSS","M","?","$","M","?","R","E","R","T","$","E","?","R","?","R","BOSS"],"items_purchased_type":["Relic","Card","Card","Relic","Relic"],"build_version":"2020-12-22","purchased_purges":3,"victory":true,"max_hp_per_floor":[75,75,75,75,75,75,75,75,75,75,75,75,75,75,75,75,75,75,75,75,75,75,75,75,75,75,75,75,75,75,75,75,75,75,75,75,75,75,75,75,75,75,75,75,75,75,75,75,75,75],"card_choices":[{"not_picked":["Hidden Blade","Steam"],"picked":"Blade Dance","floor":1},{"not_picked":["Compile Driver","Recycle"],"picked":"Leap","floor":2},{"not_picked":["Ball Lightning","Panic Button"],"picked":"Blade Dance","floor":4},{"not_picked":["Meteor Strike","Lockon"],"picked":"Conserve Battery","floor":5},{"not_picked":["Blade Dance","ReplayTheSpireMod:System Scan"],"picked":"Coolheaded","floor":10},{"not_picked":["Steam","Conserve Battery"],"picked":"Ball Lightning","floor":13},{"not_picked":["Chaos","ReplayTheSpireMod:Reroute Power"],"picked":"Ball Lightning","floor":14},{"not_picked":["Mirror Shield","Meteor Strike"],"picked":"After Image","floor":16},{"not_picked":["Ball Lightning+1","Go for the Eyes"],"picked":"aspiration:Polymerization","floor":18},{"not_picked":["Self Repair","Stack"],"picked":"Panic Button+1","floor":20},{"not_picked":["Recycle","Cold Snap","Stack"],"picked":"SKIP","floor":21},{"not_picked":["Gash","Lockon"],"picked":"White Noise","floor":23},{"not_picked":["Gash+1","Redo","Rebound","Dark Embrace"],"picked":"SKIP","floor":25},{"not_picked":["Conserve Battery","Cold Snap","Sword Boomerang"],"picked":"Thunder Strike","floor":27},{"not_picked":["Panic Button","Time Bomb+1","aspiration:Polymerization","Run Through"],"picked":"SKIP","floor":31},{"not_picked":["Machine Learning","Thunder Strike","Berserk"],"picked":"Echo Form","floor":33},{"not_picked":["hubris:PowerSurge+1","Hello World","Aggregate","Pummel"],"picked":"SKIP","floor":35},{"not_picked":["Skim+1","Go for the Eyes+1","Beam Cell","Anger"],"picked":"SKIP","floor":38},{"not_picked":["BasicCrystalCard+1","Consume","Burning Pact"],"picked":"ReplayTheSpireMod:Calculation Training+1","floor":39},{"not_picked":["BasicCrystalCard+1","Chill","Immolate"],"picked":"ReplayRNGCard","floor":41},{"not_picked":["Chaos+1","ReplayTheSpireMod:Repulse+1","Flex"],"picked":"BootSequence+1","floor":45}],"player_experience":159464,"relics_obtained":[{"floor":9,"key":"White Beast Statue"},{"floor":13,"key":"aspiration:HiddenCompartment"},{"floor":14,"key":"Smiling Mask"},{"floor":20,"key":"Red Mask"},{"floor":23,"key":"hubris:DisguiseKit"},{"floor":26,"key":"Happy Flower"},{"floor":39,"key":"CatCart"},{"floor":41,"key":"Replay:Arrowhead"},{"floor":43,"key":"MawBank"},{"floor":45,"key":"War Paint"},{"floor":46,"key":"StoneCalendar"},{"floor":48,"key":"Ring of Peace"},{"floor":48,"key":"ReplayTheSpireMod:Ring of Exchange"}],"event_choices":[{"damage_healed":0,"gold_gain":0,"cards_transformed":["Strike_B"],"player_choice":"Change","damage_taken":0,"max_hp_gain":0,"max_hp_loss":0,"event_name":"Living Wall","floor":3,"gold_loss":0,"cards_obtained":["Fission"]},{"cards_removed":["Strike_B"],"damage_healed":0,"gold_gain":0,"player_choice":"Card Removal","damage_taken":0,"max_hp_gain":0,"max_hp_loss":0,"event_name":"The Cleric","floor":7,"gold_loss":50},{"damage_healed":0,"gold_gain":0,"player_choice":"Take Damage","damage_taken":18,"relics_obtained":["Golden Idol"],"max_hp_gain":0,"max_hp_loss":0,"event_name":"Golden Idol","floor":11,"gold_loss":0},{"cards_removed":["Defend_B"],"damage_healed":0,"gold_gain":0,"player_choice":"Elegance","damage_taken":0,"max_hp_gain":0,"max_hp_loss":0,"event_name":"Back to Basics","floor":19,"gold_loss":0},{"damage_healed":0,"gold_gain":0,"player_choice":"Fought Bandits","damage_taken":0,"max_hp_gain":0,"max_hp_loss":0,"event_name":"Masked Bandits","floor":20,"gold_loss":0},{"damage_healed":0,"gold_gain":90,"player_choice":"GOLD CARD ","damage_taken":18,"max_hp_gain":0,"max_hp_loss":0,"event_name":"Knowing Skull","floor":22,"potions_obtained":[],"gold_loss":0,"cards_obtained":["Enlightenment"]},{"damage_healed":0,"gold_gain":99,"player_choice":"Stole From Cult","damage_taken":0,"max_hp_gain":0,"max_hp_loss":0,"event_name":"Nest","floor":29,"gold_loss":0},{"cards_removed":["Ball Lightning"],"damage_healed":0,"gold_gain":0,"player_choice":"Removed Attack","damage_taken":0,"max_hp_gain":0,"max_hp_loss":0,"event_name":"Falling","floor":36,"gold_loss":0},{"damage_healed":0,"gold_gain":0,"player_choice":"Fight","damage_taken":0,"max_hp_gain":0,"max_hp_loss":0,"event_name":"OrinTheCat","floor":39,"gold_loss":0},{"damage_healed":0,"gold_gain":0,"player_choice":"Fight","damage_taken":0,"max_hp_gain":0,"max_hp_loss":0,"event_name":"Mysterious Sphere","floor":46,"gold_loss":0}],"is_beta":false,"boss_relics":[{"not_picked":["SlaversCollar","Black Star"],"picked":"Snecko Heart"},{"not_picked":["aspiration:SilentSkillbook","Ring of Chaos"],"picked":"Replay:Bronze Core"}],"items_purged_floors":[12,28,37],"is_endless":false,"potions_floor_spawned":[4,10,14,16,18,20,21,23,25,27,31,33,35,38,39,41,45,46],"ascension_level":3}}