{"host":"ggy1mjjy92c62u6a","time":1611458124,"event":{"mods":["10 clothes from DAL","ATMod(阿瑾Mod)","Act Like it!","BaseMod","Colored Powertips","Downfall","GifTheSpireLib","Minty Spire (QoL Compilation)","Quick Restart","Relic Stats","RumiaBox-露米娅的神秘盒子","Shop Mod","Spicy Shops","StSLib","TestMod","Waifu the Spire","Warlord Emblem","【功能Mod】混沌之环修复补丁","【遗物Mod】死灵法师NEW","【遗物卡牌】REMEMod"],"gold_per_floor":[99,84,259,270,286,296,321,356,631,659,659,679,679,690,701,701,701,701],"floor_reached":16,"language":"ZHS","playtime":563,"items_purged":[],"score":112,"play_id":"d2d368ad-49c7-4aef-bbcc-6e466d35c9d5","local_time":"20210124111524","is_ascension_mode":false,"campfire_choices":[{"floor":1,"key":"RECALL"},{"floor":11,"key":"REST"},{"floor":13,"key":"REST"}],"circlet_count":0,"master_deck":["champ:Strike","champ:Strike","champ:Strike","champ:Strike","champ:Defend","champ:Defend","champ:Defend","champ:Defend","champ:Execute","champ:Taunt","bronze:CleanCode","champ:GutPunch","Doubt","champ:DeathBlow","champ:Endure","champ:DefensiveShout","Regret","champ:PreciseThrust","champ:IronFortress","champ:FlashCut"],"relics":["champ:ChampionCrown","REME_ComplimentaryCards","AT_ATBox","testmod-TestBox","AT_SpeedBoots","ZombieArmy","Boot"],"acts_visited":["Exordium"],"potions_floor_usage":[],"damage_taken":[{"damage":20,"enemies":"downfall:FleeingMerchant","floor":2,"turns":4},{"damage":32,"enemies":"Small Slimes","floor":4,"turns":4},{"damage":23,"enemies":"Jaw Worm","floor":5,"turns":4},{"damage":26,"enemies":"Cultist","floor":6,"turns":4},{"damage":78,"enemies":"3 Sentries","floor":8,"turns":8},{"damage":82,"enemies":"Lagavulin","floor":10,"turns":6},{"damage":25,"enemies":"2 Fungi Beasts","floor":12,"turns":3},{"damage":22,"enemies":"Blue Slaver","floor":14,"turns":3},{"damage":20,"enemies":"Exordium Thugs","floor":15,"turns":3},{"damage":68,"enemies":"WA_ARCHETYPE_RETAIN","floor":16,"turns":7}],"seed_played":"-7098856480863513853","potions_obtained":[{"floor":4,"key":"Regen Potion"},{"floor":5,"key":"Fire Potion"},{"floor":12,"key":"champ:UltimateStancePotion"}],"is_trial":false,"path_per_floor":["R","$","?","M","M","M","T","E","?","E","R","M","R","M","M","B"],"character_chosen":"THE_CHAMP","items_purchased":[],"campfire_rested":2,"item_purchase_floors":[],"current_hp_per_floor":[99,99,99,92,89,88,88,55,55,13,42,37,66,54,54,0,0,0],"gold":701,"neow_bonus":"TEN_PERCENT_HP_BONUS","is_daily":false,"chose_seed":false,"campfire_upgraded":0,"win_rate":0.0,"timestamp":1611458124,"path_taken":["R","$","?","M","M","M","T","E","?","E","R","?","R","M","M","BOSS"],"items_purchased_type":[],"build_version":"2020-12-22","purchased_purges":0,"victory":false,"max_hp_per_floor":[99,99,99,99,99,99,99,99,99,99,99,99,99,99,99,99,99,99],"relic_stats":{"counters":[10,46],"Boot":[5],"obtain_stats":[{"AT_SpeedBoots":7,"AT_ATBox":0,"testmod-TestBox":0,"champ:ChampionCrown":0,"Boot":10,"REME_ComplimentaryCards":0,"ZombieArmy":8},{"AT_SpeedBoots":4,"AT_ATBox":0,"testmod-TestBox":0,"champ:ChampionCrown":0,"Boot":6,"REME_ComplimentaryCards":0,"ZombieArmy":5},{"AT_SpeedBoots":16,"AT_ATBox":0,"testmod-TestBox":0,"champ:ChampionCrown":0,"Boot":30,"REME_ComplimentaryCards":0,"ZombieArmy":24}]},"card_choices":[{"not_picked":["champ:EnGarde","champ:TornadoPunch"],"picked":"champ:GutPunch","floor":2},{"not_picked":["champ:BerserkersShout","champ:CalledShot"],"picked":"champ:DeathBlow","floor":4},{"not_picked":["champ:TornadoPunch","champ:Circumvent","champ:Haymaker"],"picked":"SKIP","floor":5},{"not_picked":["champ:FlashCut","champ:Backstep"],"picked":"champ:Endure","floor":6},{"not_picked":["champ:ArenaPreparation","champ:Lariat"],"picked":"champ:DefensiveShout","floor":8},{"not_picked":["champ:PreciseThrust","champ:FaceSlap","champ:HeartStrike"],"picked":"SKIP","floor":10},{"not_picked":["champ:EnGarde","champ:Shatter"],"picked":"champ:PreciseThrust","floor":12},{"not_picked":["champ:FocusedDefense","champ:BerserkersShout"],"picked":"champ:IronFortress","floor":14},{"not_picked":["champ:FocusedBerserking","champ:Endure"],"picked":"champ:FlashCut","floor":15}],"player_experience":93498,"relics_obtained":[{"floor":7,"key":"AT_SpeedBoots"},{"floor":8,"key":"ZombieArmy"},{"floor":10,"key":"Boot"}],"event_choices":[],"is_beta":false,"boss_relics":[],"items_purged_floors":[],"is_endless":false,"potions_floor_spawned":[4,5,12,15],"killed_by":"WA_ARCHETYPE_RETAIN","ascension_level":0}}