{"host":"gf6ih3azu8xi0kst","time":1611519669,"event":{"mods":["AchievementEnabler","BaseMod","Bestiary","Colored Map","Colored Powertips","Dark Map","Minty Spire (QoL Compilation)","StSLib"],"gold_per_floor":[114,130,148,73,90,115,115,147,172,189,201,219,219,242,242,340,340,356,368,368,368],"floor_reached":20,"language":"ENG","playtime":1232,"items_purged":["Strike_R"],"score":188,"play_id":"6a9c8434-3441-44e0-ba58-8ea12c8c6212","local_time":"20210124182109","is_ascension_mode":false,"campfire_choices":[{"data":"Armaments","floor":7,"key":"SMITH"},{"floor":15,"key":"REST"}],"circlet_count":0,"master_deck":["Strike_R","Strike_R","Strike_R","Defend_R","Defend_R","Defend_R","Defend_R","Bash","Flex","Iron Wave","Perfected Strike","Heavy Blade","Armaments+1","Disarm","Rage","Reaper","Corruption","Evolve"],"relics":["Burning Blood","Sundial","Pen Nib","Regal Pillow","Odd Mushroom","Mark of Pain"],"acts_visited":["Exordium","TheCity"],"potions_floor_usage":[6,14,16,18,19,20],"damage_taken":[{"damage":6,"enemies":"Cultist","floor":1,"turns":4},{"damage":11,"enemies":"Jaw Worm","floor":2,"turns":3},{"damage":0,"enemies":"Small Slimes","floor":3,"turns":3},{"damage":1,"enemies":"3 Louse","floor":5,"turns":3},{"damage":49,"enemies":"Lagavulin","floor":6,"turns":7},{"damage":26,"enemies":"3 Sentries","floor":8,"turns":9},{"damage":0,"enemies":"2 Fungi Beasts","floor":10,"turns":2},{"damage":0,"enemies":"Exordium Wildlife","floor":11,"turns":4},{"damage":16,"enemies":"Blue Slaver","floor":12,"turns":4},{"damage":17,"enemies":"The Mushroom Lair","floor":14,"turns":3},{"damage":52,"enemies":"Hexaghost","floor":16,"turns":11},{"damage":34,"enemies":"3 Byrds","floor":18,"turns":7},{"damage":26,"enemies":"2 Thieves","floor":19,"turns":4},{"damage":63,"enemies":"Sentry and Sphere","floor":20,"turns":7}],"seed_played":"7288688875753555838","potions_obtained":[{"floor":1,"key":"Strength Potion"},{"floor":5,"key":"GamblersBrew"},{"floor":11,"key":"DuplicationPotion"},{"floor":14,"key":"LiquidMemories"},{"floor":16,"key":"SteroidPotion"},{"floor":18,"key":"Energy Potion"}],"is_trial":false,"path_per_floor":["M","M","M","$","M","E","R","E","T","M","M","M","?","?","R","B",null,"M","M","M"],"character_chosen":"IRONCLAD","items_purchased":[],"campfire_rested":1,"item_purchase_floors":[],"current_hp_per_floor":[88,83,88,88,88,45,45,25,25,31,37,32,32,51,88,48,88,64,60,0,0],"gold":368,"neow_bonus":"TEN_PERCENT_HP_BONUS","is_daily":false,"chose_seed":false,"campfire_upgraded":1,"win_rate":0.0,"timestamp":1611519669,"path_taken":["M","M","M","?","M","E","R","E","T","M","M","M","?","?","R","BOSS","M","M","M"],"items_purchased_type":[],"build_version":"2020-12-22","purchased_purges":1,"victory":false,"max_hp_per_floor":[88,88,88,88,88,88,88,88,88,88,88,88,88,88,88,88,88,88,88,88,88],"card_choices":[{"not_picked":["Dark Embrace","Perfected Strike"],"picked":"Flex","floor":1},{"not_picked":["Havoc","Wild Strike"],"picked":"Iron Wave","floor":2},{"not_picked":["Barricade","Dark Embrace"],"picked":"Perfected Strike","floor":3},{"not_picked":["Headbutt","Burning Pact"],"picked":"Heavy Blade","floor":5},{"not_picked":["Perfected Strike","Reckless Charge"],"picked":"Armaments","floor":6},{"not_picked":["Power Through","Searing Blow"],"picked":"Disarm","floor":8},{"not_picked":["Heavy Blade","Second Wind"],"picked":"Rage","floor":10},{"not_picked":["Ghostly Armor","Clash"],"picked":"Reaper","floor":11},{"not_picked":["Uppercut","Ghostly Armor","Dropkick"],"picked":"SKIP","floor":12},{"not_picked":["Brutality","Impervious"],"picked":"Corruption","floor":16},{"not_picked":["Hemokinesis","Metallicize+1"],"picked":"Evolve","floor":18},{"not_picked":["Rupture","Cleave+1","Sword Boomerang"],"picked":"SKIP","floor":19}],"player_experience":295914,"relics_obtained":[{"floor":6,"key":"Sundial"},{"floor":8,"key":"Pen Nib"},{"floor":9,"key":"Regal Pillow"},{"floor":14,"key":"Odd Mushroom"}],"event_choices":[{"cards_removed":["Strike_R"],"damage_healed":0,"gold_gain":0,"player_choice":"Forget","damage_taken":0,"max_hp_gain":0,"max_hp_loss":0,"event_name":"Living Wall","floor":13,"gold_loss":0},{"damage_healed":0,"gold_gain":0,"player_choice":"Fought Mushrooms","damage_taken":0,"max_hp_gain":0,"max_hp_loss":0,"event_name":"Mushrooms","floor":14,"gold_loss":0}],"is_beta":false,"boss_relics":[{"not_picked":["Ectoplasm","Busted Crown"],"picked":"Mark of Pain"}],"items_purged_floors":[4],"is_endless":false,"potions_floor_spawned":[1,5,11,14,16,18],"killed_by":"Sentry and Sphere","ascension_level":0}}