{"host":"6rz02yiipefhcw4r","time":1611475504,"event":{"mods":["2.2 Compatiblity","BaseMod","Block Reminder","Colored Map","Curses Come First","DeckTracker","Googly Eyes","Minty Spire (QoL Compilation)","Quick Restart","Rare Cards Sparkle","StSLib"],"gold_per_floor":[111,129,144,144,219,252,252,272,296,296,317,357,375,75,75,173,173,173,88,88,88,88,88,88,48,48,48,48,48,48,48,48,48,48,48,48,48,48,48,48,48,48,48,48,48,48,48,24,24,24,24],"floor_reached":50,"language":"ENG","playtime":1733,"items_purged":["Strike_R"],"score":1182,"play_id":"f7977701-3c2f-46d6-bb72-b53c60e6a7b8","local_time":"20210124060504","is_ascension_mode":true,"campfire_choices":[{"data":"Carnage","floor":7.0,"key":"SMITH"},{"data":"Pummel","floor":15.0,"key":"SMITH"},{"data":"Metallicize","floor":23.0,"key":"SMITH"},{"data":"Limit Break","floor":27.0,"key":"SMITH"},{"floor":32.0,"key":"REST"},{"data":"Demon Form","floor":40.0,"key":"SMITH"},{"floor":42.0,"key":"REST"},{"floor":45.0,"key":"RECALL"},{"floor":49,"key":"REST"}],"circlet_count":0,"master_deck":["AscendersBane","Strike_R","Strike_R","Strike_R","Strike_R","Defend_R","Defend_R","Defend_R","Defend_R","Bash","Iron Wave","Carnage+1","Metallicize+1","Flame Barrier","Shrug It Off","Disarm","Spot Weakness","Inflame","Pummel+1","Cleave","Exhume","Spot Weakness+1","Limit Break+1","Iron Wave","Whirlwind","Clothesline","Feed","Demon Form+1","Battle Trance","Heavy Blade+1","Shrug It Off","Warcry"],"relics":["Burning Blood","NeowsBlessing","Golden Idol","Nunchaku","Omamori","Lantern","Ectoplasm","Thread and Needle","Red Skull","Shuriken","InkBottle","Strawberry","Anchor","Calling Bell","Dream Catcher","Singing Bowl","Ice Cream","Akabeko","Question Card","Pen Nib"],"acts_visited":["Exordium","TheCity","TheBeyond"],"potions_floor_usage":[50],"damage_taken":[{"damage":0.0,"enemies":"Jaw Worm","floor":1.0,"turns":1.0},{"damage":0.0,"enemies":"2 Louse","floor":2.0,"turns":1.0},{"damage":0.0,"enemies":"Small Slimes","floor":3.0,"turns":1.0},{"damage":21.0,"enemies":"Gremlin Nob","floor":6.0,"turns":4.0},{"damage":17.0,"enemies":"Looter","floor":8.0,"turns":3.0},{"damage":1.0,"enemies":"Exordium Wildlife","floor":11.0,"turns":4.0},{"damage":15.0,"enemies":"Lagavulin","floor":12.0,"turns":7.0},{"damage":13.0,"enemies":"3 Louse","floor":13.0,"turns":5.0},{"damage":52.0,"enemies":"Slime Boss","floor":16.0,"turns":11.0},{"damage":28.0,"enemies":"Spheric Guardian","floor":18.0,"turns":6.0},{"damage":17.0,"enemies":"Gremlin Leader","floor":24.0,"turns":7.0},{"damage":0.0,"enemies":"2 Thieves","floor":25.0,"turns":3.0},{"damage":10.0,"enemies":"Book of Stabbing","floor":28.0,"turns":3.0},{"damage":0.0,"enemies":"Snake Plant","floor":29.0,"turns":1.0},{"damage":32.0,"enemies":"Gremlin Leader","floor":30.0,"turns":5.0},{"damage":2.0,"enemies":"Centurion and Healer","floor":31.0,"turns":8.0},{"damage":17.0,"enemies":"Collector","floor":33.0,"turns":6.0},{"damage":47.0,"enemies":"3 Darklings","floor":35.0,"turns":6.0},{"damage":3.0,"enemies":"Orb Walker","floor":37.0,"turns":3.0},{"damage":9.0,"enemies":"Writhing Mass","floor":39.0,"turns":4.0},{"damage":28.0,"enemies":"Giant Head","floor":41.0,"turns":5.0},{"damage":24.0,"enemies":"Nemesis","floor":46.0,"turns":5.0},{"damage":76,"enemies":"Time Eater","floor":50,"turns":6}],"seed_played":"-497089294926740874","potions_obtained":[{"floor":2.0,"key":"AttackPotion"},{"floor":6.0,"key":"SteroidPotion"},{"floor":11.0,"key":"Block Potion"},{"floor":12.0,"key":"BloodPotion"},{"floor":25.0,"key":"Ancient Potion"},{"floor":28.0,"key":"GamblersBrew"},{"floor":30.0,"key":"BlessingOfTheForge"},{"floor":31.0,"key":"PowerPotion"},{"floor":37.0,"key":"Swift Potion"},{"floor":39.0,"key":"Regen Potion"}],"is_trial":false,"path_per_floor":["M","M","M","?","?","E","R","M","T","?","M","E","M","$","R","B",null,"M","?","?","?","T","R","E","M","T","R","E","M","E","M","R","B",null,"M","?","M","?","M","R","E","R","T","T","R","E","$","$","R","B"],"character_chosen":"IRONCLAD","items_purchased":["Inflame","Pummel","Cleave","Warcry"],"campfire_rested":3,"item_purchase_floors":[14,14,14,48],"current_hp_per_floor":[74,75,75,68,57,42,42,31,31,53,58,49,42,42,42,9,53,31,31,31,31,31,31,20,26,26,26,29,35,9,13,35,24,62,21,36,42,42,41,41,21,47,47,47,47,29,29,29,56,0,0],"gold":24,"neow_bonus":"THREE_ENEMY_KILL","is_daily":false,"chose_seed":false,"campfire_upgraded":5,"win_rate":0.0,"timestamp":1611475504,"path_taken":["M","M","M","?","?","E","R","M","T","?","M","E","M","$","R","BOSS","M","?","?","?","?","R","E","M","T","R","E","M","E","?","R","BOSS","M","?","M","?","?","R","E","R","T","?","R","E","?","$","R","BOSS"],"items_purchased_type":["Card","Card","Card","Card"],"build_version":"2020-12-22","purchased_purges":1,"victory":false,"max_hp_per_floor":[75,75,75,68,68,68,68,68,68,68,68,68,68,68,68,68,68,68,68,68,68,68,68,68,68,68,68,75,75,75,75,75,75,75,75,75,78,78,80,80,82,84,84,84,84,84,84,84,86,86,86],"card_choices":[{"not_picked":["Pommel Strike","Sword Boomerang"],"picked":"Iron Wave","floor":1.0},{"not_picked":["Intimidate","Clash"],"picked":"Carnage","floor":2.0},{"not_picked":["Headbutt","Anger"],"picked":"Metallicize","floor":3.0},{"not_picked":["Battle Trance","Pommel Strike"],"picked":"Flame Barrier","floor":6.0},{"not_picked":["Wild Strike","Reckless Charge"],"picked":"Shrug It Off","floor":8.0},{"not_picked":["Limit Break","Burning Pact","Reckless Charge"],"picked":"SKIP","floor":11.0},{"not_picked":["Cleave","Infernal Blade"],"picked":"Disarm","floor":12.0},{"not_picked":["Carnage","Anger"],"picked":"Spot Weakness","floor":13.0},{"not_picked":["Fiend Fire","Double Tap"],"picked":"Exhume","floor":16.0},{"not_picked":["Clash","Power Through"],"picked":"Spot Weakness+1","floor":18.0},{"not_picked":["Inflame","Thunderclap"],"picked":"Limit Break","floor":24.0},{"not_picked":["Flex","Cleave"],"picked":"Iron Wave","floor":25.0},{"not_picked":["Combust+1","Anger"],"picked":"Whirlwind","floor":28.0},{"not_picked":["Fire Breathing","Clothesline","Armaments"],"picked":"SKIP","floor":29.0},{"not_picked":["Fire Breathing","Armaments"],"picked":"Clothesline","floor":29.0},{"not_picked":["Flex","Rage"],"picked":"Feed","floor":30.0},{"not_picked":["Clash","Second Wind+1","Warcry"],"picked":"SKIP","floor":31.0},{"not_picked":["Impervious","Feed"],"picked":"Demon Form","floor":33.0},{"not_picked":["Armaments","Flex"],"picked":"Battle Trance","floor":35.0},{"not_picked":["Clothesline+1","Headbutt"],"picked":"Heavy Blade+1","floor":37.0},{"not_picked":["Havoc","Armaments","Clash"],"picked":"Singing Bowl","floor":39.0},{"not_picked":["Havoc","Barricade","Rage+1"],"picked":"Singing Bowl","floor":41.0},{"not_picked":["Heavy Blade","Twin Strike","Clash+1"],"picked":"Singing Bowl","floor":42.0},{"not_picked":["Flex","Hemokinesis","Body Slam"],"picked":"Shrug It Off","floor":46.0},{"not_picked":["Inflame","Clash","Rage","Armaments"],"picked":"Singing Bowl","floor":49}],"player_experience":728957,"relics_obtained":[{"floor":6.0,"key":"Nunchaku"},{"floor":9.0,"key":"Omamori"},{"floor":12.0,"key":"Lantern"},{"floor":22.0,"key":"Red Skull"},{"floor":24.0,"key":"Shuriken"},{"floor":26.0,"key":"InkBottle"},{"floor":28.0,"key":"Strawberry"},{"floor":30.0,"key":"Anchor"},{"floor":34.0,"key":"Dream Catcher"},{"floor":34.0,"key":"Singing Bowl"},{"floor":34.0,"key":"Ice Cream"},{"floor":41.0,"key":"Akabeko"},{"floor":44.0,"key":"Question Card"},{"floor":46.0,"key":"Pen Nib"}],"event_choices":[{"damage_healed":0.0,"max_hp_gain":0.0,"max_hp_loss":7.0,"gold_gain":0.0,"event_name":"Golden Idol","player_choice":"Lose Max HP","floor":4.0,"gold_loss":0.0,"damage_taken":0.0,"relics_obtained":["Golden Idol"]},{"damage_healed":0.0,"max_hp_gain":0.0,"max_hp_loss":0.0,"gold_gain":75.0,"event_name":"World of Goop","player_choice":"Gather Gold","floor":5.0,"gold_loss":0.0,"damage_taken":11.0},{"damage_healed":22.0,"max_hp_gain":0.0,"max_hp_loss":0.0,"gold_gain":0.0,"event_name":"Big Fish","player_choice":"Banana","floor":10.0,"gold_loss":0.0,"damage_taken":0.0},{"damage_healed":0.0,"max_hp_gain":0.0,"max_hp_loss":0.0,"gold_gain":0.0,"event_name":"Addict","player_choice":"Obtained Relic","floor":19.0,"gold_loss":85.0,"damage_taken":0.0,"relics_obtained":["Thread and Needle"]},{"damage_healed":0.0,"max_hp_gain":0.0,"max_hp_loss":0.0,"gold_gain":0.0,"event_name":"Cursed Tome","player_choice":"Ignored","floor":20.0,"gold_loss":0.0,"damage_taken":0.0},{"damage_healed":0.0,"max_hp_gain":0.0,"max_hp_loss":0.0,"gold_gain":0.0,"event_name":"The Mausoleum","player_choice":"Ignored","floor":21.0,"gold_loss":0.0,"damage_taken":0.0},{"damage_healed":15.0,"max_hp_gain":0.0,"max_hp_loss":0.0,"gold_gain":0.0,"event_name":"Winding Halls","player_choice":"Writhe","floor":36.0,"gold_loss":0.0,"damage_taken":0.0,"cards_obtained":["Writhe"]},{"damage_healed":0.0,"max_hp_gain":0.0,"max_hp_loss":0.0,"gold_gain":0.0,"event_name":"Mysterious Sphere","player_choice":"Ignored","floor":38.0,"gold_loss":0.0,"damage_taken":0.0}],"is_beta":false,"boss_relics":[{"not_picked":["Astrolabe","Snecko Eye"],"picked":"Ectoplasm"},{"not_picked":["Black Blood","Tiny House"],"picked":"Calling Bell"}],"items_purged_floors":[14],"is_endless":false,"potions_floor_spawned":[2,6,11,12,25,28,30,31,37,39,46],"killed_by":"Time Eater","ascension_level":20}}