{"host":"e4hse1vg61zltgzv","time":1611488766,"event":{"mods":["AchievementEnabler","BaseMod","Block Reminder","Colored Map","DeckTracker","GifTheSpireLib","Minty Spire (QoL Compilation)","Rare Cards Sparkle","StSLib","SuperFastMode","The Poker Player","everything is the same but u backflip on backflip"],"gold_per_floor":[112,130,150,170,6,6,16,28,28,41,55,55,69,94,94,169,169,182,197,207,207,219,219,219,219],"floor_reached":24,"language":"KOR","playtime":562,"items_purged":[],"score":437,"play_id":"3a7edd01-08d0-4e64-8f0a-3f72f7c2e9ba","local_time":"20210124204606","is_ascension_mode":true,"campfire_choices":[{"data":"Sunder","floor":6.0,"key":"SMITH"},{"data":"Defragment","floor":12.0,"key":"SMITH"},{"data":"Lockon","floor":15.0,"key":"SMITH"},{"floor":23,"key":"REST"}],"circlet_count":0,"master_deck":["AscendersBane","Strike_B","Strike_B","Strike_B","Strike_B","Defend_B","Defend_B","Defend_B","Defend_B","Zap","Dualcast","Lockon+1","Capacitor","Sunder+1","Conserve Battery","Echo Form","Defragment+1","Self Repair","Multi-Cast","Ball Lightning","Leap","Echo Form","Cold Snap+1","Coolheaded+1","Stack","Writhe","Chill"],"relics":["Cracked Core","DataDisk","Mango","Smiling Mask","Velvet Choker","Mercury Hourglass"],"acts_visited":["Exordium","TheCity"],"potions_floor_usage":[18,22,24],"damage_taken":[{"damage":10.0,"enemies":"2 Louse","floor":1.0,"turns":3.0},{"damage":7.0,"enemies":"Jaw Worm","floor":2.0,"turns":3.0},{"damage":7.0,"enemies":"Small Slimes","floor":3.0,"turns":3.0},{"damage":5.0,"enemies":"2 Fungi Beasts","floor":4.0,"turns":3.0},{"damage":5.0,"enemies":"3 Louse","floor":7.0,"turns":3.0},{"damage":8.0,"enemies":"Blue Slaver","floor":8.0,"turns":2.0},{"damage":0.0,"enemies":"Gremlin Gang","floor":10.0,"turns":2.0},{"damage":5.0,"enemies":"3 Louse","floor":11.0,"turns":2.0},{"damage":5.0,"enemies":"2 Fungi Beasts","floor":13.0,"turns":3.0},{"damage":11.0,"enemies":"Gremlin Nob","floor":14.0,"turns":3.0},{"damage":6.0,"enemies":"Hexaghost","floor":16.0,"turns":7.0},{"damage":26,"enemies":"3 Byrds","floor":18,"turns":4},{"damage":24,"enemies":"Shell Parasite","floor":19,"turns":5},{"damage":24,"enemies":"Snake Plant","floor":20,"turns":5},{"damage":8,"enemies":"Cultist and Chosen","floor":22,"turns":5},{"damage":30,"enemies":"Slavers","floor":24,"turns":2}],"seed_played":"8907028712343917951","potions_obtained":[{"floor":1.0,"key":"Weak Potion"},{"floor":4.0,"key":"Weak Potion"},{"floor":7.0,"key":"Explosive Potion"},{"floor":16.0,"key":"Explosive Potion"},{"floor":18,"key":"EssenceOfDarkness"},{"floor":19,"key":"Weak Potion"}],"is_trial":false,"path_per_floor":["M","M","M","M","$","R","M","M","T","M","M","R","M","E","R","B",null,"M","M","M","?","M","R","E"],"character_chosen":"DEFECT","items_purchased":["DataDisk"],"campfire_rested":1,"item_purchase_floors":[5],"current_hp_per_floor":[61,54,47,42,42,42,37,29,43,43,38,38,40,29,29,30,77,58,48,24,24,16,43,13,13],"gold":219,"neow_bonus":"TEN_PERCENT_HP_BONUS","is_daily":false,"chose_seed":false,"campfire_upgraded":3,"win_rate":0.0,"timestamp":1611488766,"path_taken":["M","M","M","M","$","R","M","M","T","M","M","R","M","E","R","BOSS","M","M","M","?","M","R","E"],"items_purchased_type":["Relic"],"build_version":"2020-12-22","purchased_purges":0,"victory":false,"max_hp_per_floor":[78,78,78,78,78,78,78,78,92,92,92,92,92,92,92,92,92,92,92,92,92,92,92,92,92],"card_choices":[{"not_picked":["Streamline","Coolheaded"],"picked":"Lockon","floor":1.0},{"not_picked":["Compile Driver","Go for the Eyes"],"picked":"Capacitor","floor":2.0},{"not_picked":["Barrage","Chaos"],"picked":"Sunder","floor":3.0},{"not_picked":["Steam","Beam Cell"],"picked":"Conserve Battery","floor":4.0},{"not_picked":["BootSequence","Beam Cell"],"picked":"Echo Form","floor":7.0},{"not_picked":["Turbo","Stack"],"picked":"Defragment","floor":8.0},{"not_picked":["Coolheaded","Static Discharge"],"picked":"Self Repair","floor":10.0},{"not_picked":["Turbo","Leap"],"picked":"Multi-Cast","floor":11.0},{"not_picked":["Gash","Reinforced Body"],"picked":"Ball Lightning","floor":13.0},{"not_picked":["Ball Lightning","Rebound"],"picked":"Leap","floor":14.0},{"not_picked":["Machine Learning","Rainbow"],"picked":"Echo Form","floor":16.0},{"not_picked":["Steam","Sweeping Beam"],"picked":"Cold Snap+1","floor":18},{"not_picked":["Reprogram","White Noise+1"],"picked":"Coolheaded+1","floor":19},{"not_picked":["Conserve Battery","Darkness"],"picked":"Stack","floor":20},{"not_picked":["Defragment","Gash"],"picked":"Chill","floor":22}],"player_experience":813886,"relics_obtained":[{"floor":9.0,"key":"Mango"},{"floor":14.0,"key":"Smiling Mask"}],"event_choices":[{"damage_healed":0,"gold_gain":0,"player_choice":"Opened","damage_taken":0,"relics_obtained":["Mercury Hourglass"],"max_hp_gain":0,"max_hp_loss":0,"event_name":"The Mausoleum","floor":21,"gold_loss":0,"cards_obtained":["Writhe"]}],"is_beta":false,"boss_relics":[{"not_picked":["Nuclear Battery","Ectoplasm"],"picked":"Velvet Choker"}],"items_purged_floors":[],"is_endless":false,"potions_floor_spawned":[1,4,7,8,16,18,19,20],"killed_by":"Slavers","ascension_level":20}}