{"host":"xh3brefae6wm9kl8","time":1611470534,"event":{"mods":["AchievementEnabler","BaseMod","GifTheSpireLib","Keyboard Shortcuts","Minty Spire (QoL Compilation)","Permanent Neow","Relic Stats","StSLib","SuperFastMode"],"gold_per_floor":[110,130,130,150,150,150,165,165,219,8,8,21,40,51,51,51,51],"floor_reached":16,"language":"KOR","playtime":600,"items_purged":[],"score":182,"play_id":"abd2b343-b672-41e2-bc12-912bb01894d4","local_time":"20210124154214","is_ascension_mode":true,"campfire_choices":[{"data":"Zap","floor":6.0,"key":"SMITH"},{"floor":11.0,"key":"REST"},{"data":"Loop","floor":15.0,"key":"SMITH"}],"circlet_count":0,"master_deck":["AscendersBane","Strike_B+1","Strike_B","Strike_B","Strike_B","Defend_B","Defend_B","Defend_B","Defend_B","Zap+1","Dualcast+1","Cold Snap","Compile Driver","Self Repair","Genetic Algorithm","Electrodynamics","Loop+1","Coolheaded","Force Field"],"relics":["Cracked Core","Lantern"],"acts_visited":["Exordium"],"potions_floor_usage":[16,16],"damage_taken":[{"damage":0.0,"enemies":"Cultist","floor":1.0,"turns":3.0},{"damage":7.0,"enemies":"Jaw Worm","floor":2.0,"turns":4.0},{"damage":10.0,"enemies":"Small Slimes","floor":4.0,"turns":2.0},{"damage":1.0,"enemies":"2 Fungi Beasts","floor":5.0,"turns":2.0},{"damage":15.0,"enemies":"Exordium Thugs","floor":7.0,"turns":5.0},{"damage":0.0,"enemies":"3 Louse","floor":12.0,"turns":1.0},{"damage":12.0,"enemies":"Looter","floor":13.0,"turns":3.0},{"damage":7.0,"enemies":"Red Slaver","floor":14.0,"turns":3.0},{"damage":33,"enemies":"Hexaghost","floor":16,"turns":12}],"seed_played":"-5659554093564450697","potions_obtained":[{"floor":1.0,"key":"Swift Potion"},{"floor":2.0,"key":"SmokeBomb"},{"floor":12.0,"key":"DistilledChaos"},{"floor":14.0,"key":"SneckoOil"}],"is_trial":false,"path_per_floor":["M","M","?","M","M","R","M","?","T","$","R","M","M","M","R","B"],"character_chosen":"DEFECT","items_purchased":["Genetic Algorithm","Electrodynamics"],"campfire_rested":1,"item_purchase_floors":[10,10],"current_hp_per_floor":[64,57,36,26,25,25,10,15,15,15,36,36,31,31,31,0,0],"gold":51,"neow_bonus":"THREE_CARDS","is_daily":false,"chose_seed":false,"campfire_upgraded":2,"win_rate":0.0,"timestamp":1611470534,"path_taken":["M","M","?","M","M","R","M","?","T","$","R","M","?","?","R","BOSS"],"items_purchased_type":["Card","Card"],"build_version":"2020-12-22","purchased_purges":0,"victory":false,"max_hp_per_floor":[71,71,71,71,71,71,71,71,71,71,71,71,71,71,71,71,71],"relic_stats":{"counters":[9,35],"obtain_stats":[{"Lantern":9,"Cracked Core":0},{"Lantern":5,"Cracked Core":0},{"Lantern":16,"Cracked Core":0}]},"card_choices":[{"not_picked":["Hologram","Turbo"],"picked":"Cold Snap","floor":0.0},{"not_picked":["Scrape","Hologram","Double Energy"],"picked":"SKIP","floor":1.0},{"not_picked":["Turbo","Steam"],"picked":"Rebound","floor":2.0},{"not_picked":["Stack","Barrage"],"picked":"Compile Driver","floor":4.0},{"not_picked":["Beam Cell","Gash"],"picked":"Self Repair","floor":7.0},{"not_picked":["All For One","Heatsinks"],"picked":"Loop","floor":12.0},{"not_picked":["Storm","Beam Cell"],"picked":"Coolheaded","floor":13.0},{"not_picked":["Leap","Conserve Battery"],"picked":"Force Field","floor":14.0}],"player_experience":430981,"relics_obtained":[{"floor":9.0,"key":"Lantern"}],"event_choices":[{"damage_healed":0.0,"max_hp_gain":0.0,"max_hp_loss":0.0,"gold_gain":0.0,"event_name":"Shining Light","player_choice":"Entered Light","floor":3.0,"gold_loss":0.0,"damage_taken":21.0,"cards_upgraded":["Strike_B","Dualcast"]},{"cards_removed":["Rebound"],"damage_healed":5.0,"max_hp_gain":0.0,"max_hp_loss":0.0,"gold_gain":0.0,"event_name":"Bonfire Elementals","player_choice":"Offered Common","floor":8.0,"gold_loss":0.0,"damage_taken":0.0},{"cards_removed":["Rebound"],"damage_healed":5.0,"max_hp_gain":0.0,"max_hp_loss":0.0,"gold_gain":0.0,"event_name":"Bonfire Elementals","player_choice":"Offered Special","floor":8.0,"gold_loss":0.0,"damage_taken":0.0}],"is_beta":false,"boss_relics":[],"items_purged_floors":[],"is_endless":false,"potions_floor_spawned":[1,2,12,14],"killed_by":"Hexaghost","ascension_level":18}}