{"host":"c3lc60y5x60jlt1y","time":1611481629,"event":{"mods":["AchievementEnabler","BaseMod","Bestiary","Colored Map","Minty Spire (QoL Compilation)","Quick Restart","StSLib","ojb\u0027s Info Mod"],"gold_per_floor":[119,194,194,30,30,55,55,65,65,84,84,113,125,155,155,228,228,245,262,462,477,114,145,145,171,216,227,239,239,254,270,270,341,341,352,352,368,202,202,231,249,249,249,282,8,8,41,55,55,55],"floor_reached":51,"language":"ENG","playtime":4424,"items_purged":["Defend_B","Defend_B"],"score":1606,"play_id":"c7b57cf4-e27f-46d5-bdd9-8870e4dfee0d","local_time":"20210124114709","is_ascension_mode":true,"campfire_choices":[{"data":"Electrodynamics","floor":7.0,"key":"SMITH"},{"data":"Streamline","floor":11.0,"key":"SMITH"},{"data":"Go for the Eyes","floor":15.0,"key":"SMITH"},{"floor":24.0,"key":"REST"},{"floor":29.0,"key":"REST"},{"floor":32.0,"key":"REST"},{"floor":42.0,"key":"REST"},{"floor":46.0,"key":"REST"},{"data":"Rainbow","floor":49.0,"key":"SMITH"}],"circlet_count":0,"master_deck":["AscendersBane","Strike_B+1","Defend_B","Zap","Dualcast+1","Leap+1","Glacier","Electrodynamics+1","Streamline+1","Cold Snap","Go for the Eyes+1","Hologram","All For One","Seek","White Noise+1","Meteor Strike+1","Streamline+1","Recycle","Chill","Cold Snap+1","Apotheosis","Coolheaded","Sunder+1","Tempest+1","Turbo","Turbo+1","Rainbow+1","Consume+1","Compile Driver","Meteor Strike+1","Creative AI","Hologram+1"],"relics":["Cracked Core","NeowsBlessing","Bag of Preparation","Symbiotic Virus","Ginger","Bag of Marbles","Astrolabe","HornCleat","DataDisk","War Paint","Snecko Eye","DollysMirror","The Courier","Boot","Blood Vial","Mummified Hand","Regal Pillow"],"acts_visited":["Exordium","TheCity","TheBeyond"],"potions_floor_usage":[50,50],"damage_taken":[{"damage":0.0,"enemies":"Small Slimes","floor":1.0,"turns":1.0},{"damage":0.0,"enemies":"Gremlin Nob","floor":6.0,"turns":1.0},{"damage":0.0,"enemies":"Jaw Worm","floor":8.0,"turns":1.0},{"damage":0.0,"enemies":"Cultist","floor":10.0,"turns":2.0},{"damage":18.0,"enemies":"Lagavulin","floor":12.0,"turns":5.0},{"damage":0.0,"enemies":"Looter","floor":13.0,"turns":2.0},{"damage":4.0,"enemies":"Gremlin Nob","floor":14.0,"turns":3.0},{"damage":0.0,"enemies":"Hexaghost","floor":16.0,"turns":8.0},{"damage":7.0,"enemies":"Spheric Guardian","floor":18.0,"turns":4.0},{"damage":12.0,"enemies":"3 Byrds","floor":19.0,"turns":3.0},{"damage":0.0,"enemies":"3 Cultists","floor":21.0,"turns":3.0},{"damage":10.0,"enemies":"Slavers","floor":23.0,"turns":4.0},{"damage":21.0,"enemies":"Gremlin Leader","floor":25.0,"turns":5.0},{"damage":16.0,"enemies":"Snake Plant","floor":27.0,"turns":4.0},{"damage":0.0,"enemies":"Centurion and Healer","floor":28.0,"turns":2.0},{"damage":0.0,"enemies":"Chosen and Byrds","floor":30.0,"turns":2.0},{"damage":0.0,"enemies":"3 Cultists","floor":31.0,"turns":3.0},{"damage":36.0,"enemies":"Collector","floor":33.0,"turns":9.0},{"damage":0.0,"enemies":"3 Shapes","floor":35.0,"turns":1.0},{"damage":0.0,"enemies":"Orb Walker","floor":37.0,"turns":1.0},{"damage":18.0,"enemies":"Reptomancer","floor":40.0,"turns":4.0},{"damage":0.0,"enemies":"Jaw Worm Horde","floor":41.0,"turns":2.0},{"damage":9.0,"enemies":"Nemesis","floor":44.0,"turns":3.0},{"damage":0.0,"enemies":"Giant Head","floor":47.0,"turns":5.0},{"damage":0.0,"enemies":"Sphere and 2 Shapes","floor":48.0,"turns":2.0},{"damage":48,"enemies":"Time Eater","floor":50,"turns":10}],"seed_played":"-2105587037399989874","potions_obtained":[{"floor":1.0,"key":"Block Potion"},{"floor":5.0,"key":"EssenceOfDarkness"},{"floor":6.0,"key":"LiquidMemories"},{"floor":21.0,"key":"ColorlessPotion"},{"floor":27.0,"key":"LiquidMemories"},{"floor":28.0,"key":"EssenceOfDarkness"},{"floor":33.0,"key":"Energy Potion"},{"floor":41.0,"key":"Energy Potion"}],"is_trial":false,"path_per_floor":["M","?","?","$","?","E","R","M","T","M","R","E","M","E","R","B",null,"M","M","?","M","$","E","R","E","T","M","M","R","M","M","R","B",null,"M","?","M","$","?","E","M","R","T","E","$","R","E","M","R","B",null],"character_chosen":"DEFECT","items_purchased":["Glacier","Apotheosis","Coolheaded","DollysMirror","Mummified Hand","AttackPotion"],"campfire_rested":5,"item_purchase_floors":[4,22,22,38,45,45],"current_hp_per_floor":[64,53,32,32,32,32,32,32,32,32,32,14,14,10,10,10,56,49,37,37,37,37,27,48,27,27,11,11,32,32,32,53,17,58,58,58,58,58,58,40,40,60,60,51,51,67,67,67,67,19],"gold":55,"neow_bonus":"THREE_ENEMY_KILL","is_daily":false,"chose_seed":false,"campfire_upgraded":4,"win_rate":0.0,"timestamp":1611481629,"path_taken":["M","?","?","?","?","E","R","M","T","M","R","E","M","E","R","BOSS","M","?","?","?","$","E","R","E","T","M","M","R","M","M","R","BOSS","M","?","M","$","?","E","M","R","T","E","$","R","E","?","R","BOSS"],"items_purchased_type":["Card","Card","Card","Relic","Relic","Potion"],"build_version":"2020-12-22","purchased_purges":2,"victory":true,"max_hp_per_floor":[71,71,71,71,71,71,71,71,71,71,71,71,71,71,71,71,71,71,71,71,71,71,71,71,71,71,71,71,71,71,71,71,71,71,71,67,67,67,67,67,67,67,67,67,67,67,67,67,67,67],"card_choices":[{"not_picked":["Melter","Turbo"],"picked":"Leap","floor":1.0},{"not_picked":["Sweeping Beam","Leap"],"picked":"Electrodynamics","floor":6.0},{"not_picked":["Steam","Redo"],"picked":"Streamline","floor":8.0},{"not_picked":["Leap","Gash"],"picked":"Cold Snap","floor":10.0},{"not_picked":["Gash","Steam"],"picked":"Go for the Eyes","floor":12.0},{"not_picked":["Gash","Compile Driver"],"picked":"Hologram","floor":13.0},{"not_picked":["Streamline","Compile Driver"],"picked":"All For One","floor":14.0},{"not_picked":["Biased Cognition","Machine Learning"],"picked":"Seek","floor":16.0},{"not_picked":["Ball Lightning","Hello World"],"picked":"Recycle","floor":18.0},{"not_picked":["Glacier","Storm"],"picked":"Chill","floor":19.0},{"not_picked":["Barrage","Go for the Eyes"],"picked":"Cold Snap+1","floor":21.0},{"not_picked":["Meteor Strike","Leap"],"picked":"Sunder+1","floor":23.0},{"not_picked":["Sunder","Aggregate"],"picked":"Tempest+1","floor":25.0},{"not_picked":["Go for the Eyes","Streamline","Storm"],"picked":"SKIP","floor":27.0},{"not_picked":["Ball Lightning","Streamline"],"picked":"Turbo","floor":28.0},{"not_picked":["Coolheaded","Steam"],"picked":"Turbo+1","floor":30.0},{"not_picked":["Streamline+1","Sunder","Static Discharge"],"picked":"SKIP","floor":31.0},{"not_picked":["Hyperbeam","Amplify"],"picked":"Rainbow","floor":33.0},{"not_picked":["Redo+1","Hologram"],"picked":"Consume+1","floor":35.0},{"not_picked":["Leap","Rip and Tear"],"picked":"Compile Driver","floor":37.0},{"not_picked":["Reboot","Doom and Gloom","Reinforced Body"],"picked":"SKIP","floor":40.0},{"not_picked":["Leap","Genetic Algorithm","Gash+1"],"picked":"SKIP","floor":41.0},{"not_picked":["Genetic Algorithm","Beam Cell"],"picked":"Creative AI","floor":44.0},{"not_picked":["Sweeping Beam","Compile Driver","Doom and Gloom"],"picked":"SKIP","floor":47.0},{"not_picked":["Streamline","Beam Cell"],"picked":"Hologram+1","floor":48.0}],"player_experience":8477386,"relics_obtained":[{"floor":6.0,"key":"Bag of Preparation"},{"floor":9.0,"key":"Symbiotic Virus"},{"floor":12.0,"key":"Ginger"},{"floor":14.0,"key":"Bag of Marbles"},{"floor":23.0,"key":"HornCleat"},{"floor":25.0,"key":"DataDisk"},{"floor":26.0,"key":"War Paint"},{"floor":40.0,"key":"The Courier"},{"floor":43.0,"key":"Boot"},{"floor":44.0,"key":"Blood Vial"},{"floor":47.0,"key":"Regal Pillow"}],"event_choices":[{"damage_healed":0.0,"max_hp_gain":0.0,"max_hp_loss":0.0,"gold_gain":75.0,"event_name":"World of Goop","player_choice":"Gather Gold","floor":2.0,"gold_loss":0.0,"damage_taken":11.0},{"damage_healed":0.0,"max_hp_gain":0.0,"max_hp_loss":0.0,"gold_gain":0.0,"event_name":"Shining Light","player_choice":"Entered Light","floor":3.0,"gold_loss":0.0,"damage_taken":21.0,"cards_upgraded":["Strike_B","Strike_B"]},{"damage_healed":0.0,"max_hp_gain":0.0,"max_hp_loss":0.0,"gold_gain":0.0,"event_name":"Lab","player_choice":"Got Potions","floor":5.0,"gold_loss":0.0,"damage_taken":0.0},{"damage_healed":0.0,"max_hp_gain":0.0,"max_hp_loss":0.0,"gold_gain":250.0,"event_name":"The Joust","player_choice":"Bet on Owner","floor":20.0,"gold_loss":50.0,"damage_taken":0.0},{"damage_healed":0.0,"max_hp_gain":0.0,"max_hp_loss":4.0,"gold_gain":0.0,"event_name":"Winding Halls","player_choice":"Max HP","floor":36.0,"gold_loss":0.0,"damage_taken":0.0},{"cards_removed":["Strike_B"],"damage_healed":0.0,"max_hp_gain":0.0,"max_hp_loss":0.0,"gold_gain":0.0,"event_name":"Purifier","player_choice":"Purged","floor":39.0,"gold_loss":0.0,"damage_taken":0.0}],"is_beta":false,"boss_relics":[{"not_picked":["SacredBark","Empty Cage"],"picked":"Astrolabe"},{"not_picked":["FrozenCore","Black Star"],"picked":"Snecko Eye"}],"items_purged_floors":[4,22],"is_endless":false,"potions_floor_spawned":[1,6,10,21,27,28,33,41,48],"ascension_level":18}}