{"host":"srk2drlvga69hbot","time":1611520042,"event":{"mods":["BaseMod","Bestiary","Block Reminder","Colored Map","Colored Powertips","Dark Map","DeckTracker","Highlight Path","Minty Spire (QoL Compilation)","Quick Restart","Rare Cards Sparkle","Relic Stats","SuperFastMode","Unceasing Turn Reminder"],"gold_per_floor":[114,39,39,39,50,50,85,85,97,97,97,97,132,171,183,212,224,236,347,359,386,429,441,465,477,489,489],"floor_reached":26,"language":"ZHS","playtime":1055,"items_purged":["Strike_R"],"score":344,"play_id":"d0450636-12dd-43de-886c-ccc0a43e3f75","local_time":"20210125042722","is_ascension_mode":true,"campfire_choices":[{"data":"Bash","floor":10,"key":"SMITH"},{"data":"Reckless Charge","floor":12,"key":"SMITH"},{"data":"Rampage","floor":17,"key":"SMITH"},{"floor":18,"key":"REST"}],"circlet_count":0,"master_deck":["Strike_R","Strike_R","Strike_R","Defend_R","Defend_R","Defend_R","Defend_R","Bash+1","Reckless Charge+1","Shockwave","Rampage+1","Spot Weakness","Double Tap","Feel No Pain","Rage"],"relics":["Burning Blood","NeowsBlessing","Art of War","Eternal Feather","MawBank","Odd Mushroom","Prayer Wheel","Sozu","Red Mask","NlothsMask"],"acts_visited":["Exordium","TheCity"],"potions_floor_usage":[16,24],"damage_taken":[{"damage":0,"enemies":"2 Louse","floor":1,"turns":1},{"damage":0,"enemies":"Jaw Worm","floor":5,"turns":1},{"damage":0,"enemies":"3 Sentries","floor":7,"turns":2},{"damage":1,"enemies":"Cultist","floor":9,"turns":4},{"damage":40,"enemies":"Gremlin Nob","floor":13,"turns":5},{"damage":18,"enemies":"The Mushroom Lair","floor":14,"turns":4},{"damage":0,"enemies":"Lots of Slimes","floor":16,"turns":1},{"damage":42,"enemies":"Hexaghost","floor":19,"turns":9},{"damage":22,"enemies":"2 Thieves","floor":21,"turns":3},{"damage":44,"enemies":"Masked Bandits","floor":22,"turns":5},{"damage":5,"enemies":"Shell Parasite","floor":24,"turns":6},{"damage":18,"enemies":"Snake Plant","floor":26,"turns":2}],"seed_played":"8619867844742091494","potions_obtained":[{"floor":1,"key":"LiquidBronze"},{"floor":5,"key":"DuplicationPotion"},{"floor":13,"key":"SkillPotion"},{"floor":14,"key":"AttackPotion"}],"is_trial":false,"path_per_floor":["M","$","?","$","M","R","E","$","M","R","T","R","E","?","?","M","R","R","B",null,"M","?","?","M","?","M"],"character_chosen":"IRONCLAD","items_purchased":[],"campfire_rested":1,"item_purchase_floors":[],"current_hp_per_floor":[78,78,71,71,77,77,80,80,80,80,80,80,46,34,16,22,28,58,22,66,50,12,12,13,13,0,0],"gold":489,"neow_bonus":"THREE_ENEMY_KILL","is_daily":false,"chose_seed":false,"campfire_upgraded":3,"win_rate":0.0,"timestamp":1611520042,"path_taken":["M","$","?","$","M","R","E","$","M","R","T","R","E","?","?","M","R","R","BOSS","M","?","?","M","?","M"],"items_purchased_type":[],"build_version":"2020-12-22","purchased_purges":1,"victory":false,"max_hp_per_floor":[80,80,80,80,80,80,80,80,80,80,80,80,80,80,80,80,80,80,80,80,80,80,80,80,80,80,80],"relic_stats":{"Sozu":1,"counters":[12,43],"Eternal Feather":12,"Prayer Wheel":3,"Art of War":[0],"MawBank":156,"obtain_stats":[{"Sozu":20,"NeowsBlessing":0,"Eternal Feather":11,"Prayer Wheel":15,"Art of War":7,"Red Mask":22,"Odd Mushroom":14,"MawBank":13,"Burning Blood":0,"NlothsMask":25},{"Sozu":8,"NeowsBlessing":0,"Eternal Feather":4,"Prayer Wheel":6,"Art of War":3,"Red Mask":10,"Odd Mushroom":6,"MawBank":5,"Burning Blood":0,"NlothsMask":11},{"Sozu":27,"NeowsBlessing":0,"Eternal Feather":8,"Prayer Wheel":17,"Art of War":4,"Red Mask":35,"Odd Mushroom":17,"MawBank":13,"Burning Blood":0,"NlothsMask":41}],"Burning Blood":58},"card_choices":[{"not_picked":["Entrench","Dropkick","Sword Boomerang"],"picked":"SKIP","floor":1},{"not_picked":["Pommel Strike","Reckless Charge","Iron Wave"],"picked":"SKIP","floor":5},{"not_picked":["Pommel Strike","Iron Wave"],"picked":"Reckless Charge","floor":5},{"not_picked":["Pommel Strike","Exhume","Headbutt"],"picked":"SKIP","floor":7},{"not_picked":["Pommel Strike","Wild Strike","Sword Boomerang"],"picked":"SKIP","floor":9},{"not_picked":["Clothesline","Sword Boomerang"],"picked":"Shockwave","floor":13},{"not_picked":["Hemokinesis","Battle Trance"],"picked":"Rampage","floor":14},{"not_picked":["Flex","Power Through"],"picked":"Spot Weakness","floor":16},{"not_picked":["Thunderclap","Anger","Iron Wave"],"picked":"SKIP","floor":16},{"not_picked":["Juggernaut","Immolate"],"picked":"Double Tap","floor":19},{"not_picked":["Anger+1","Clash+1"],"picked":"Feel No Pain","floor":21},{"not_picked":["Twin Strike+1","True Grit+1"],"picked":"Rage","floor":21},{"not_picked":["Perfected Strike+1","Cleave","Sword Boomerang+1"],"picked":"SKIP","floor":24},{"not_picked":["Warcry","Havoc","Armaments"],"picked":"SKIP","floor":24}],"player_experience":229389,"relics_obtained":[{"floor":7,"key":"Art of War"},{"floor":11,"key":"Eternal Feather"},{"floor":13,"key":"MawBank"},{"floor":14,"key":"Odd Mushroom"},{"floor":22,"key":"Red Mask"}],"event_choices":[{"cards_removed":["Strike_R"],"damage_healed":0,"gold_gain":0,"player_choice":"Card Removal","damage_taken":7,"max_hp_gain":0,"max_hp_loss":0,"event_name":"Golden Wing","floor":3,"gold_loss":0},{"damage_healed":0,"gold_gain":0,"player_choice":"Fought Mushrooms","damage_taken":0,"max_hp_gain":0,"max_hp_loss":0,"event_name":"Mushrooms","floor":14,"gold_loss":0},{"damage_healed":0,"gold_gain":0,"player_choice":"Success","damage_taken":18,"relics_obtained":["Prayer Wheel"],"max_hp_gain":0,"max_hp_loss":0,"event_name":"Scrap Ooze","floor":15,"gold_loss":0},{"damage_healed":0,"gold_gain":0,"player_choice":"Fought Bandits","damage_taken":0,"max_hp_gain":0,"max_hp_loss":0,"event_name":"Masked Bandits","floor":22,"gold_loss":0},{"damage_healed":0,"gold_gain":0,"player_choice":"Ignored","damage_taken":0,"max_hp_gain":0,"max_hp_loss":0,"event_name":"Vampires","floor":23,"gold_loss":0},{"damage_healed":0,"gold_gain":0,"player_choice":"Trade","damage_taken":0,"relics_obtained":["NlothsMask"],"max_hp_gain":0,"max_hp_loss":0,"event_name":"FaceTrader","floor":25,"gold_loss":0}],"is_beta":false,"boss_relics":[{"not_picked":["Astrolabe","Runic Dome"],"picked":"Sozu"}],"items_purged_floors":[2],"is_endless":false,"potions_floor_spawned":[1,5,13,14,22],"killed_by":"Snake Plant","ascension_level":9}}