{"host":"t1puqh5lxz8sp6fn","time":1611471374,"event":{"mods":["AchievementEnabler","BaseMod","Colored Powertips","Minty Spire (QoL Compilation)","Rare Cards Sparkle","Relic Stats","StSLib"],"gold_per_floor":[366,366,45,45,60,60,60],"floor_reached":6,"playtime":299,"items_purged":["Clumsy"],"score":54,"play_id":"925996ef-f9f0-481c-9065-a1f07ec3e745","local_time":"20210124035614","is_ascension_mode":true,"campfire_choices":[],"circlet_count":0,"master_deck":["AscendersBane","Strike_R","Strike_R","Strike_R","Strike_R","Strike_R+1","Defend_R","Defend_R","Defend_R","Defend_R","Bash+1","Shrug It Off","Purity","Iron Wave+1"],"relics":["Burning Blood","Molten Egg 2"],"acts_visited":["Exordium"],"potions_floor_usage":[6],"damage_taken":[{"damage":10.0,"enemies":"Small Slimes","floor":1.0,"turns":3.0},{"damage":10,"enemies":"Jaw Worm","floor":5,"turns":4},{"damage":64,"enemies":"3 Sentries","floor":6,"turns":14}],"seed_played":"2229543052415498756","potions_obtained":[{"floor":1.0,"key":"BloodPotion"}],"is_trial":false,"path_per_floor":["M","?","$","?","M","E"],"character_chosen":"IRONCLAD","items_purchased":["Molten Egg 2"],"campfire_rested":0,"item_purchase_floors":[3],"current_hp_per_floor":[68,52,52,52,48,0,0],"gold":60,"neow_bonus":"TWO_FIFTY_GOLD","is_daily":false,"chose_seed":false,"campfire_upgraded":0,"win_rate":0.0,"timestamp":1611471374,"path_taken":["M","?","$","?","?","E"],"items_purchased_type":["Relic"],"build_version":"2020-12-13","purchased_purges":1,"victory":false,"max_hp_per_floor":[80,80,80,80,80,80,80],"relic_stats":{"counters":[3,21],"obtain_stats":[{"Molten Egg 2":3,"Burning Blood":0},{"Molten Egg 2":1,"Burning Blood":0},{"Molten Egg 2":3,"Burning Blood":0}],"Burning Blood":12},"card_choices":[{"not_picked":["Searing Blow","Body Slam"],"picked":"Shrug It Off","floor":1.0},{"not_picked":["Second Wind","Blood for Blood+1"],"picked":"Iron Wave+1","floor":5}],"player_experience":452431,"relics_obtained":[],"event_choices":[{"damage_healed":0.0,"max_hp_gain":0.0,"max_hp_loss":0.0,"gold_gain":0.0,"event_name":"Shining Light","player_choice":"Entered Light","floor":2.0,"gold_loss":0.0,"damage_taken":16.0,"cards_upgraded":["Strike_R","Bash"]},{"damage_healed":0.0,"max_hp_gain":0.0,"max_hp_loss":0.0,"gold_gain":0.0,"event_name":"Match and Keep!","player_choice":"1 cards matched","floor":4.0,"gold_loss":0.0,"damage_taken":0.0,"cards_obtained":["Purity"]},{"damage_healed":0.0,"max_hp_gain":0.0,"max_hp_loss":0.0,"gold_gain":0.0,"event_name":"Match and Keep!","player_choice":"1 cards matched","floor":4.0,"gold_loss":0.0,"damage_taken":0.0,"cards_obtained":["Purity"]}],"is_beta":false,"boss_relics":[],"items_purged_floors":[3],"is_endless":false,"potions_floor_spawned":[1],"killed_by":"3 Sentries","ascension_level":12}}