{"host":"usrgk25etjl0nf5i","time":1611520683,"event":{"mods":["2.2 Compatiblity","BaseMod","Downfall","Hubris","Minty Spire (QoL Compilation)","Permanent Neow","StSLib","SuperFastMode"],"gold_per_floor":[109,41,59,71,81,81,107,87,114,147,165,176,194,194,194,295,295,306,323,323,333,178,207,207,241,265,299,0,0,19,19,19,117,117,134,150,150,0,48,48,48],"floor_reached":40,"language":"ENG","playtime":2075,"items_purged":["Shame"],"score":795,"play_id":"9f1ca209-cf5b-4c6b-ae10-ba66a30916c4","local_time":"20210124123803","is_ascension_mode":true,"campfire_choices":[{"data":"Footwork","floor":6,"key":"SMITH"},{"floor":15,"key":"REST"},{"floor":24,"key":"REST"},{"floor":29,"key":"REST"},{"floor":32,"key":"REST"}],"circlet_count":0,"master_deck":["AscendersBane","Strike_G","Strike_G","Strike_G","Strike_G","Strike_G","Defend_G","Defend_G","Defend_G","Defend_G","Defend_G","Survivor","Neutralize","Blade Dance","Infinite Blades","Footwork+1","Blade Dance","Distraction","Cloak And Dagger","Cloak And Dagger","Acrobatics","Escape Plan","Footwork","After Image","Accuracy","PiercingWail","Finisher+1","Infinite Blades","Prepared","Outmaneuver","Terror","Flying Knee+1","Corpse Explosion","PiercingWail","Footwork+1","PiercingWail+1","hubris:NaturalOne"],"relics":["bronze:MakeshiftBattery","Singing Bowl","Bag of Preparation","Pen Nib","sneckomod:SneckoTalon","Orichalcum","hubris:ToyBattleship","Bronze Scales","Akabeko","hexamod:BolsterEngine","hubris:Icosahedron","hubris:Towel","Red Mask","StoneCalendar"],"acts_visited":["Exordium","TheCity","TheBeyond"],"potions_floor_usage":[5,7,10,16,19,21,27,33,33,33,39,40],"damage_taken":[{"damage":2,"enemies":"Cultist","floor":1,"turns":4},{"damage":6,"enemies":"Jaw Worm","floor":3,"turns":4},{"damage":3,"enemies":"Small Slimes","floor":4,"turns":3},{"damage":10,"enemies":"Exordium Thugs","floor":5,"turns":5},{"damage":15,"enemies":"Gremlin Nob","floor":7,"turns":4},{"damage":14,"enemies":"Lagavulin","floor":10,"turns":9},{"damage":0,"enemies":"2 Fungi Beasts","floor":11,"turns":3},{"damage":0,"enemies":"Looter","floor":12,"turns":3},{"damage":0,"enemies":"3 Louse","floor":13,"turns":3},{"damage":2,"enemies":"The Guardian","floor":16,"turns":11},{"damage":2,"enemies":"Shell Parasite","floor":18,"turns":8},{"damage":2,"enemies":"2 Thieves","floor":19,"turns":5},{"damage":12,"enemies":"Snake Plant","floor":21,"turns":7},{"damage":31,"enemies":"Gremlin Leader","floor":23,"turns":6},{"damage":17,"enemies":"Book of Stabbing","floor":25,"turns":4},{"damage":27,"enemies":"Slavers","floor":27,"turns":5},{"damage":4,"enemies":"Centurion and Healer","floor":30,"turns":5},{"damage":38,"enemies":"Collector","floor":33,"turns":9},{"damage":0,"enemies":"Orb Walker","floor":35,"turns":3},{"damage":0,"enemies":"3 Shapes","floor":36,"turns":4},{"damage":10,"enemies":"2 Orb Walkers","floor":39,"turns":3},{"damage":60,"enemies":"Giant Head","floor":40,"turns":7}],"seed_played":"-4797944134256692238","potions_obtained":[{"floor":3,"key":"Strength Potion"},{"floor":4,"key":"Swift Potion"},{"floor":7,"key":"SneckoOil"},{"floor":8,"key":"GhostInAJar"},{"floor":10,"key":"champ:CounterPotion"},{"floor":14,"key":"CultistPotion"},{"floor":14,"key":"Weak Potion"},{"floor":16,"key":"Explosive Potion"},{"floor":19,"key":"Energy Potion"},{"floor":21,"key":"FairyPotion"},{"floor":30,"key":"Fire Potion"},{"floor":36,"key":"Guardian:BlockOnCardUsePotion"},{"floor":39,"key":"DistilledChaos"}],"is_trial":false,"path_per_floor":["M","$","M","M","M","R","E","?","T","E","M","M","M","?","R","B",null,"M","M","?","M","$","E","R","E","T","E","?","R","M","?","R","B",null,"M","M","?","?","?","E"],"character_chosen":"THE_SILENT","items_purchased":["Infinite Blades","Infinite Blades"],"campfire_rested":4,"item_purchase_floors":[2,22],"current_hp_per_floor":[61,61,55,52,42,42,27,27,27,13,13,13,13,13,34,32,61,59,57,57,45,45,14,35,18,18,12,12,33,29,29,50,12,56,56,56,56,56,46,0,0],"gold":48,"neow_bonus":"BOSS_RELIC","is_daily":false,"chose_seed":false,"campfire_upgraded":1,"win_rate":0.0,"timestamp":1611520683,"path_taken":["M","?","M","M","?","R","E","?","T","E","M","?","M","?","R","BOSS","M","M","?","M","$","E","R","E","T","E","?","R","M","?","R","BOSS","M","M","?","?","?","E"],"items_purchased_type":["Card","Card"],"build_version":"2020-12-22","purchased_purges":1,"victory":false,"max_hp_per_floor":[70,70,70,70,70,70,70,70,70,70,70,70,70,70,70,70,70,70,70,70,70,70,70,70,70,70,70,70,70,70,70,70,70,70,70,70,70,70,70,70,70],"card_choices":[{"not_picked":["Masterful Stab","Deflect"],"picked":"Blade Dance","floor":1},{"not_picked":["Slice","Blur"],"picked":"Footwork","floor":3},{"not_picked":["Poisoned Stab","Eviscerate"],"picked":"Blade Dance","floor":4},{"not_picked":["Poisoned Stab","All Out Attack"],"picked":"Distraction","floor":5},{"not_picked":["Underhanded Strike","Skewer"],"picked":"Cloak And Dagger","floor":7},{"not_picked":["Glass Knife","Calculated Gamble"],"picked":"Cloak And Dagger","floor":10},{"not_picked":["Poisoned Stab","Doppelganger"],"picked":"Acrobatics","floor":11},{"not_picked":["hubris:SlightOfHand","Heel Hook"],"picked":"Escape Plan","floor":12},{"not_picked":["Eviscerate","Backflip"],"picked":"Footwork","floor":13},{"not_picked":["Glass Knife","Wraith Form v2"],"picked":"After Image","floor":16},{"not_picked":["Backflip","Terror"],"picked":"Accuracy","floor":18},{"not_picked":["Deflect","hubris:SlightOfHand"],"picked":"PiercingWail","floor":19},{"not_picked":["Crippling Poison","Leg Sweep"],"picked":"Finisher+1","floor":21},{"not_picked":["Poisoned Stab","Acrobatics"],"picked":"Prepared","floor":23},{"not_picked":["Deflect","Storm of Steel"],"picked":"Outmaneuver","floor":25},{"not_picked":["Dagger Spray","Outmaneuver"],"picked":"Terror","floor":27},{"not_picked":["Concentrate","Slice"],"picked":"Flying Knee+1","floor":30},{"not_picked":["Envenom","Doppelganger"],"picked":"Corpse Explosion","floor":33},{"not_picked":["Dagger Throw","Bane"],"picked":"PiercingWail","floor":35},{"not_picked":["Dagger Throw","Backstab"],"picked":"Footwork+1","floor":36},{"not_picked":["Deflect","Setup"],"picked":"PiercingWail+1","floor":39}],"player_experience":671730,"relics_obtained":[{"floor":7,"key":"Singing Bowl"},{"floor":9,"key":"Bag of Preparation"},{"floor":10,"key":"Pen Nib"},{"floor":23,"key":"hubris:ToyBattleship"},{"floor":25,"key":"Bronze Scales"},{"floor":26,"key":"Akabeko"},{"floor":27,"key":"hexamod:BolsterEngine"},{"floor":39,"key":"StoneCalendar"}],"event_choices":[{"damage_healed":0,"gold_gain":0,"player_choice":"Bought 1 Potion","damage_taken":0,"max_hp_gain":0,"max_hp_loss":0,"event_name":"The Woman in Blue","floor":8,"gold_loss":0},{"damage_healed":0,"gold_gain":0,"player_choice":"Got Potions","damage_taken":0,"max_hp_gain":0,"max_hp_loss":0,"event_name":"Lab","floor":14,"gold_loss":0},{"damage_healed":0,"gold_gain":0,"player_choice":"Stole Relic","damage_taken":0,"relics_obtained":["Orichalcum"],"max_hp_gain":0,"max_hp_loss":0,"event_name":"Addict","floor":20,"gold_loss":0,"cards_obtained":["Shame"]},{"damage_healed":0,"gold_gain":0,"player_choice":"Paid Fearfully","damage_taken":0,"max_hp_gain":0,"max_hp_loss":0,"event_name":"Masked Bandits","floor":28,"gold_loss":299},{"damage_healed":0,"gold_gain":0,"player_choice":"Paid","damage_taken":0,"relics_obtained":["Red Mask"],"max_hp_gain":0,"max_hp_loss":0,"event_name":"Tomb of Lord Red Mask","floor":38,"gold_loss":150},{"damage_healed":0,"gold_gain":0,"player_choice":"Fight","damage_taken":0,"max_hp_gain":0,"max_hp_loss":0,"event_name":"Mysterious Sphere","floor":39,"gold_loss":0}],"is_beta":false,"boss_relics":[{"not_picked":["Cursed Key","Sozu"],"picked":"sneckomod:SneckoTalon"},{"not_picked":["hubris:GrandSneckoEye","Velvet Choker","Coffee Dripper"]}],"items_purged_floors":[22],"is_endless":false,"potions_floor_spawned":[3,4,7,10,16,19,21,25,30,36,39],"killed_by":"Giant Head","ascension_level":12}}