{"host":"3i614eq7y48arb4n","time":1611475363,"event":{"mods":["Act Like it!","BaseMod","Hallownest","Minty Spire (QoL Compilation)","StSLib","The Bug Knight"],"gold_per_floor":[109,109,109,109,109,109,40,40,40,53,53,71,71,71,71,171,171,183,183,193,193,207,207,227,227,279,279,332,342,124,124,124,224,274,291,206,33,33,33,48,48,48,48,48,64,77,77,77,77],"floor_reached":48,"language":"ENG","playtime":2702,"items_purged":["Hallownest:curseDreamersLament","HollowMod:QuickDashStart"],"score":443,"play_id":"73c4c714-8373-40a8-af70-59eacf0d512e","local_time":"20210124020243","is_ascension_mode":false,"campfire_choices":[{"floor":6,"key":"REST"},{"data":"HollowMod:Weaversong","floor":8,"key":"SMITH"},{"data":"HollowMod:DungDefenderAura","floor":11,"key":"SMITH"},{"floor":15,"key":"REST"},{"floor":23,"key":"DIG"},{"floor":25,"key":"DIG"},{"floor":27,"key":"REST"},{"floor":32,"key":"DIG"},{"floor":42,"key":"REST"},{"floor":44,"key":"DIG"},{"floor":47,"key":"DIG"}],"circlet_count":0,"master_deck":["HollowMod:NailStrikeStart","HollowMod:NailStrikeStart+1","HollowMod:NailStrikeStart","HollowMod:NailStrikeStart","HollowMod:QuickDashStart","HollowMod:QuickDashStart","HollowMod:QuickDashStart","HollowMod:FocusHealStart","HollowMod:PogoStrike+1","HollowMod:Weaversong+1","HollowMod:Grubsong+1","HollowMod:DungDefenderAura+1","HollowMod:PerfectDash","HollowMod:ZotesMagnificence","HollowMod:HeavyBlow+1","HollowMod:DashSlash+1","HollowMod:CycloneSlash","HollowMod:CloakDash","HollowMod:PureNailStrike+1","HollowMod:GoodIntentions","HollowMod:theNailsmith+1","HollowMod:PureNailStrike+1","HollowMod:HowlingWraiths+1","Hallownest:skillKingdomsEdgeMap+1","HollowMod:SoulSplash+1","HollowMod:SoulEater+1","HollowMod:GoodIntentions+1"],"relics":["HollowMod:VesselMask","HollowMod:PaleOreRelic","Shovel","Hallownest:DreamNailRelic","Question Card","Hallownest:TeacherSealRelic","Fusion Hammer","HollowMod:MillibellesNoteRelic","Omamori","Ginger","Potion Belt","ClockworkSouvenir","Toxic Egg 2","Tiny House","Meat on the Bone","Centennial Puzzle","Bag of Marbles"],"acts_visited":["Exordium","Hallownest:Greenpath","Hallownest:CityofTears"],"potions_floor_usage":[16,33,33,35,35,39,45],"damage_taken":[{"damage":2,"enemies":"Hallownest:2_MossCreeps","floor":1,"turns":4},{"damage":5,"enemies":"Hallownest:2_Baldur","floor":10,"turns":2},{"damage":0,"enemies":"Hallownest:monsterHuskGuard","floor":12,"turns":3},{"damage":44,"enemies":"Hallownest:BossHornet","floor":16,"turns":10},{"damage":24,"enemies":"Hallownest:Guard_and_Sentry","floor":18,"turns":4},{"damage":25,"enemies":"Hallownest:3_Youths","floor":20,"turns":6},{"damage":8,"enemies":"Hallownest:2_Husk_Sentries","floor":22,"turns":4},{"damage":21,"enemies":"Hallownest:monsterShrumalOgre","floor":24,"turns":5},{"damage":14,"enemies":"Hallownest:Glutton_and_Coward","floor":28,"turns":4},{"damage":10,"enemies":"Hallownest:2_Husk_Sentries","floor":29,"turns":4},{"damage":15,"enemies":"Hallownest:BossSoulMaster","floor":33,"turns":12},{"damage":30,"enemies":"Hallownest:Shield_Heavy","floor":35,"turns":7},{"damage":0,"enemies":"Hallownest:2_Littles","floor":39,"turns":1},{"damage":39,"enemies":"Hallownest:monsterPrimalAspid","floor":40,"turns":4},{"damage":2,"enemies":"Hallownest:2_Wandering_and_1_Horned","floor":45,"turns":5},{"damage":14,"enemies":"Hallownest:2_Soldiers_and_1_Guardian","floor":46,"turns":6},{"damage":42,"enemies":"Hallownest:monsterPrimalAspid","floor":48,"turns":4}],"seed_played":"-749608282763432564","potions_obtained":[{"floor":12,"key":"AttackPotion"},{"floor":16,"key":"SpeedPotion"},{"floor":20,"key":"Swift Potion"},{"floor":24,"key":"Fire Potion"},{"floor":28,"key":"Fire Potion"},{"floor":34,"key":"DistilledChaos"},{"floor":35,"key":"SmokeBomb"},{"floor":45,"key":"SpeedPotion"}],"is_trial":false,"path_per_floor":["M","?","?","?","?","R","$","R","T","M","R","M","?","$","R","B",null,"M","?","M","?","M","R","M","R","T","R","M","M","$","?","R","B",null,"M","?","$","?","M","M","$","R","T","R","M","M","R","M"],"character_chosen":"THE_BUGKNIGHT","items_purchased":["HollowMod:Grubsong","ClockworkSouvenir","DistilledChaos"],"campfire_rested":4,"item_purchase_floors":[7,30,37],"current_hp_per_floor":[52,52,12,2,2,24,24,24,24,19,19,19,19,19,41,7,75,57,57,38,38,30,30,19,19,19,41,33,23,23,41,41,32,80,60,60,60,60,60,21,21,45,45,45,43,41,41,0,0],"gold":77,"neow_bonus":"THREE_RARE_CARDS","is_daily":false,"chose_seed":false,"campfire_upgraded":2,"win_rate":0.0,"timestamp":1611475363,"path_taken":["M","?","?","?","?","R","$","R","T","M","R","?","?","?","R","BOSS","M","?","M","?","?","R","M","R","T","R","M","M","?","?","R","BOSS","M","?","$","?","M","M","$","R","T","R","?","M","R","M"],"items_purchased_type":["Card","Relic","Potion"],"build_version":"2020-12-22","purchased_purges":2,"victory":false,"max_hp_per_floor":[75,75,75,75,75,75,75,75,75,75,75,75,75,75,75,75,75,75,75,75,75,75,75,75,75,75,75,75,75,75,75,75,75,80,80,80,80,80,80,80,80,80,80,80,80,80,80,80,80],"card_choices":[{"not_picked":["HollowMod:SoulMaster","HollowMod:theNailsmith"],"picked":"HollowMod:Weaversong","floor":0},{"not_picked":["HollowMod:SoulSplash","HollowMod:LifebloodCocoon","HollowMod:ChannelNail"],"picked":"SKIP","floor":1},{"not_picked":["HollowMod:CycloneSlash","HollowMod:BlackTendrils","HollowMod:CornifersMapStart"],"picked":"HollowMod:DungDefenderAura","floor":10},{"not_picked":["HollowMod:ShapeofUnn","HollowMod:SiblingsSouls","HollowMod:FallenFury"],"picked":"HollowMod:PerfectDash","floor":12},{"not_picked":["HollowMod:MidwifesHunger","HollowMod:AwokenDreamNail","HollowMod:VoidDash"],"picked":"HollowMod:ZotesMagnificence","floor":16},{"not_picked":["HollowMod:LifebloodCocoon","HollowMod:RecoilStrike+1","HollowMod:NewLittleFool"],"picked":"HollowMod:HeavyBlow+1","floor":18},{"not_picked":["HollowMod:ChannelNail","HollowMod:DreamGate","HollowMod:BaldurShell"],"picked":"HollowMod:DashSlash","floor":20},{"not_picked":["HollowMod:FastStrike","HollowMod:NewJinnsSoul+1","HollowMod:ShadowDash"],"picked":"HollowMod:CycloneSlash","floor":22},{"not_picked":["HollowMod:ChannelNail","HollowMod:SoulSplash","HollowMod:DescendingDark"],"picked":"HollowMod:CloakDash","floor":24},{"not_picked":["HollowMod:AbyssShriek","HollowMod:HeavyBlow","HollowMod:LifebloodCore"],"picked":"HollowMod:PureNailStrike+1","floor":28},{"not_picked":["HollowMod:TaintedHusks+1","HollowMod:GreatSlash","HollowMod:NewJinnsSoul"],"picked":"HollowMod:GoodIntentions","floor":29},{"not_picked":["HollowMod:SoulMaster","HollowMod:LordofShades","HollowMod:LifebloodCore+1"],"picked":"HollowMod:theNailsmith+1","floor":33},{"not_picked":["HollowMod:DescendingDark+1","HollowMod:SoulVessel","HollowMod:DreamGate+1"],"picked":"HollowMod:PureNailStrike+1","floor":34},{"not_picked":["HollowMod:HeavyBlow+1","HollowMod:BrokenVessel","HollowMod:WraithStrike"],"picked":"HollowMod:HowlingWraiths+1","floor":35},{"not_picked":["HollowMod:HeavyBlow","HollowMod:RecoilStrike+1","HollowMod:CycloneSlash"],"picked":"HollowMod:SoulSplash+1","floor":40},{"not_picked":["HollowMod:RecoilStrike","HollowMod:VengefulVoid+1","HollowMod:CycloneSlash"],"picked":"HollowMod:SoulEater+1","floor":45},{"not_picked":["HollowMod:MawleksShell+1","HollowMod:BrokenVessel+1","HollowMod:Weaversong"],"picked":"HollowMod:GoodIntentions+1","floor":46}],"player_experience":130582,"relics_obtained":[{"floor":9,"key":"Question Card"},{"floor":23,"key":"Omamori"},{"floor":25,"key":"Ginger"},{"floor":26,"key":"Potion Belt"},{"floor":32,"key":"Toxic Egg 2"},{"floor":43,"key":"Meat on the Bone"},{"floor":44,"key":"Centennial Puzzle"},{"floor":47,"key":"Bag of Marbles"}],"event_choices":[],"is_beta":false,"boss_relics":[{"not_picked":["Snecko Eye","Calling Bell"],"picked":"Fusion Hammer"},{"not_picked":["Velvet Choker","Astrolabe"],"picked":"Tiny House"}],"items_purged_floors":[30,37],"is_endless":false,"potions_floor_spawned":[12,16,20,24,28,35,45],"killed_by":"Hallownest:monsterPrimalAspid","ascension_level":0}}