{"host":"7gewg82ormp6yt4e","time":1611496488,"event":{"mods":["BaseMod","Block Reminder","Colored Map","DeckTracker","Highlight Path","Minty Spire (QoL Compilation)","Relic Stats","StSLib","ojb\u0027s Info Mod"],"gold_per_floor":[119,119,119,194,218,218,262,262,262,295,319,353,12,31,31,122,122,147,147,147,165,165,165,184,184,184,29,29,54,125,150,150,246,246,266,291,616,666,666],"floor_reached":38,"language":"JPN","playtime":1772,"items_purged":[],"score":1038,"play_id":"04c4209c-4138-41b9-af0e-6657a40acec9","local_time":"20210124225448","is_ascension_mode":true,"campfire_choices":[{"data":"Sweeping Beam","floor":6,"key":"SMITH"},{"data":"Melter","floor":8,"key":"SMITH"},{"floor":15,"key":"REST"},{"data":"Barrage","floor":23,"key":"SMITH"},{"data":"Coolheaded","floor":25,"key":"SMITH"},{"data":"Defragment","floor":32,"key":"SMITH"}],"circlet_count":0,"master_deck":["AscendersBane","Defend_B","Defend_B","Defend_B","Defend_B","Zap","Dualcast","Cold Snap","Sweeping Beam+1","Compile Driver","Melter+1","Static Discharge","Barrage+1","Coolheaded+1","Hologram","Machine Learning","Glacier","Chill","Hello World+1","Bite","Bite","Bite","Bite","Bite","Defragment+1","Beam Cell+1","Sweeping Beam+1","Barrage+1","BootSequence","Stack+1","Echo Form","Defragment","Hologram","Regret"],"relics":["Cracked Core","Golden Idol","Bag of Marbles","HornCleat","PreservedInsect","Emotion Chip","Strange Spoon","Runic Dome","Molten Egg 2","SsserpentHead","Coffee Dripper"],"acts_visited":["Exordium","TheCity","TheBeyond"],"potions_floor_usage":[0,0,0,0,7,10,12,16,16,16,18,24,24,30],"damage_taken":[{"damage":0,"enemies":"Small Slimes","floor":1,"turns":3},{"damage":1,"enemies":"2 Louse","floor":5,"turns":3},{"damage":23,"enemies":"Lagavulin","floor":7,"turns":6},{"damage":0,"enemies":"3 Sentries","floor":10,"turns":7},{"damage":5,"enemies":"Jaw Worm","floor":11,"turns":2},{"damage":0,"enemies":"Gremlin Nob","floor":12,"turns":2},{"damage":2,"enemies":"2 Fungi Beasts","floor":14,"turns":3},{"damage":0,"enemies":"The Guardian","floor":16,"turns":10},{"damage":15,"enemies":"Chosen","floor":18,"turns":4},{"damage":0,"enemies":"Spheric Guardian","floor":21,"turns":1},{"damage":4,"enemies":"Snake Plant","floor":24,"turns":4},{"damage":0,"enemies":"Sentry and Sphere","floor":29,"turns":3},{"damage":18,"enemies":"Centurion and Healer","floor":30,"turns":6},{"damage":2,"enemies":"Snecko","floor":31,"turns":4},{"damage":72,"enemies":"Collector","floor":33,"turns":10},{"damage":5,"enemies":"3 Shapes","floor":35,"turns":6},{"damage":3,"enemies":"3 Darklings","floor":36,"turns":6},{"damage":54,"enemies":"Writhing Mass","floor":38,"turns":7}],"seed_played":"2485998467270033050","potions_obtained":[{"floor":0,"key":"EntropicBrew"},{"floor":0,"key":"EntropicBrew"},{"floor":10,"key":"Fire Potion"},{"floor":12,"key":"EntropicBrew"},{"floor":16,"key":"EntropicBrew"},{"floor":20,"key":"Strength Potion"},{"floor":35,"key":"Dexterity Potion"}],"is_trial":false,"path_per_floor":["M","?","?","?","M","R","E","R","T","E","M","E","$","M","R","B",null,"M","?","?","M","?","R","M","R","T","$","?","M","M","M","R","B",null,"M","M","?","M"],"character_chosen":"DEFECT","items_purchased":["CultistPotion","Strange Spoon","Coolheaded","Defragment","Beam Cell+1","Sweeping Beam+1"],"campfire_rested":1,"item_purchase_floors":[13,13,13,27,27,27],"current_hp_per_floor":[64,64,64,53,52,52,29,29,29,29,24,24,24,22,41,41,58,43,43,43,43,43,43,40,40,40,40,40,42,44,44,44,17,37,40,44,44,0,0],"gold":666,"neow_bonus":"THREE_SMALL_POTIONS","is_daily":false,"chose_seed":false,"campfire_upgraded":5,"win_rate":0.0,"timestamp":1611496488,"path_taken":["M","?","?","?","M","R","E","R","T","E","M","E","?","M","R","BOSS","M","?","?","?","?","R","M","R","T","$","?","M","?","M","R","BOSS","M","M","?","?"],"items_purchased_type":["Potion","Relic","Card","Card","Card","Card"],"build_version":"2020-12-22","purchased_purges":0,"victory":false,"max_hp_per_floor":[71,64,64,64,64,64,64,64,64,64,64,64,64,64,64,64,64,64,64,64,64,44,44,44,44,44,44,44,44,44,44,44,44,44,44,44,44,44,44],"relic_stats":{"Strange Spoon":[9],"SsserpentHead":150,"Emotion Chip":[35,18,17,0,0],"counters":[18,87],"Golden Idol":110,"PreservedInsect":22,"obtain_stats":[{"Strange Spoon":13,"Runic Dome":17,"SsserpentHead":28,"Emotion Chip":12,"HornCleat":9,"Golden Idol":2,"Molten Egg 2":26,"PreservedInsect":10,"Bag of Marbles":7,"Coffee Dripper":34,"Cracked Core":0},{"Strange Spoon":6,"Runic Dome":8,"SsserpentHead":11,"Emotion Chip":6,"HornCleat":3,"Golden Idol":1,"Molten Egg 2":11,"PreservedInsect":4,"Bag of Marbles":3,"Coffee Dripper":15,"Cracked Core":0},{"Strange Spoon":23,"Runic Dome":36,"SsserpentHead":45,"Emotion Chip":23,"HornCleat":12,"Golden Idol":3,"Molten Egg 2":45,"PreservedInsect":19,"Bag of Marbles":12,"Coffee Dripper":68,"Cracked Core":0}]},"card_choices":[{"not_picked":["Stack","Static Discharge"],"picked":"Cold Snap","floor":1},{"not_picked":["Turbo","Stack"],"picked":"Compile Driver","floor":5},{"not_picked":["Beam Cell","Lockon"],"picked":"Melter","floor":7},{"not_picked":["Steam","Multi-Cast"],"picked":"Static Discharge","floor":10},{"not_picked":["Compile Driver","Beam Cell"],"picked":"Barrage","floor":11},{"not_picked":["Turbo","Force Field","Consume"],"picked":"SKIP","floor":12},{"not_picked":["Skim","Redo"],"picked":"Hologram","floor":14},{"not_picked":["Fission","Amplify"],"picked":"Machine Learning","floor":16},{"not_picked":["Go for the Eyes+1","Double Energy+1"],"picked":"Glacier","floor":18},{"not_picked":["Rebound","Gash"],"picked":"Hello World+1","floor":21},{"not_picked":["Barrage","Leap","Rebound"],"picked":"SKIP","floor":24},{"not_picked":["Turbo","Coolheaded"],"picked":"Barrage+1","floor":29},{"not_picked":["Gash+1","Compile Driver+1"],"picked":"BootSequence","floor":30},{"not_picked":["Compile Driver+1","Beam Cell+1"],"picked":"Stack+1","floor":31},{"not_picked":["Core Surge+1","Creative AI"],"picked":"Echo Form","floor":33},{"not_picked":["Compile Driver+1","Hello World"],"picked":"Defragment","floor":35},{"not_picked":["Gash+1","Rip and Tear+1"],"picked":"Hologram","floor":36}],"player_experience":2680827,"relics_obtained":[{"floor":7,"key":"Bag of Marbles"},{"floor":9,"key":"HornCleat"},{"floor":10,"key":"PreservedInsect"},{"floor":12,"key":"Emotion Chip"},{"floor":26,"key":"Molten Egg 2"}],"event_choices":[{"damage_healed":0,"gold_gain":0,"player_choice":"Lose Max HP","damage_taken":0,"relics_obtained":["Golden Idol"],"max_hp_gain":0,"max_hp_loss":7,"event_name":"Golden Idol","floor":2,"gold_loss":0},{"damage_healed":0,"gold_gain":0,"cards_transformed":["Strike_B"],"player_choice":"Change","damage_taken":0,"max_hp_gain":0,"max_hp_loss":0,"event_name":"Living Wall","floor":3,"gold_loss":0,"cards_obtained":["Sweeping Beam"]},{"damage_healed":0,"gold_gain":75,"player_choice":"Gather Gold","damage_taken":11,"max_hp_gain":0,"max_hp_loss":0,"event_name":"World of Goop","floor":4,"gold_loss":0},{"damage_healed":0,"gold_gain":0,"player_choice":"Read","damage_taken":0,"max_hp_gain":0,"max_hp_loss":0,"event_name":"The Library","floor":19,"gold_loss":0,"cards_obtained":["Chill"]},{"damage_healed":0,"gold_gain":0,"player_choice":"Got Potions","damage_taken":0,"max_hp_gain":0,"max_hp_loss":0,"event_name":"Lab","floor":20,"gold_loss":0},{"damage_healed":0,"gold_gain":0,"player_choice":"Became a vampire","damage_taken":0,"max_hp_gain":0,"max_hp_loss":20,"event_name":"Vampires","floor":22,"gold_loss":0,"cards_obtained":["Bite","Bite","Bite","Bite","Bite"]},{"damage_healed":0,"gold_gain":0,"player_choice":"Trade","damage_taken":0,"relics_obtained":["SsserpentHead"],"max_hp_gain":0,"max_hp_loss":0,"event_name":"FaceTrader","floor":28,"gold_loss":0},{"damage_healed":0,"gold_gain":275,"player_choice":"Desecrate","damage_taken":0,"max_hp_gain":0,"max_hp_loss":0,"event_name":"Golden Shrine","floor":37,"gold_loss":0,"cards_obtained":["Regret"]}],"is_beta":false,"boss_relics":[{"not_picked":["Empty Cage","Busted Crown"],"picked":"Runic Dome"},{"not_picked":["Pandora\u0027s Box","Calling Bell"],"picked":"Coffee Dripper"}],"items_purged_floors":[],"is_endless":false,"potions_floor_spawned":[5,10,12,14,16,24,29,35],"killed_by":"Writhing Mass","ascension_level":20}}