{"host":"nh70f3bv2bgakzh3","time":1611473560,"event":{"mods":["BaseMod","Downfall","Minty Spire (QoL Compilation)","StSLib","The Construct","The Mystic"],"gold_per_floor":[99,111,127,147,147,147,147,177,177,177,177,177],"floor_reached":10,"language":"ENG","playtime":673,"items_purged":[],"score":66,"play_id":"4ad3f55d-7001-45a5-b25a-ce6f9c7a043d","local_time":"20210124023240","is_ascension_mode":false,"campfire_choices":[{"data":"champ:Taunt","floor":1,"key":"SMITH"},{"data":"champ:FlashCut","floor":6,"key":"SMITH"}],"circlet_count":0,"master_deck":["champ:Strike","champ:Strike","champ:Strike","champ:Strike","champ:Defend","champ:Defend","champ:Defend","champ:Defend","champ:Execute","champ:Taunt+1","champ:FlashCut+1","champ:FocusedDefense","champ:ArenaPreparation","Regret","champ:Backstep"],"relics":["champ:ChampionCrown","Potion Belt","Blood Vial","InkBottle","Boot"],"acts_visited":["Exordium"],"potions_floor_usage":[],"damage_taken":[{"damage":20,"enemies":"Cultist","floor":2,"turns":3},{"damage":0,"enemies":"Small Slimes","floor":3,"turns":5},{"damage":18,"enemies":"Jaw Worm","floor":4,"turns":3},{"damage":49,"enemies":"3 Sentries","floor":8,"turns":8},{"damage":17,"enemies":"Lagavulin","floor":10,"turns":5}],"seed_played":"7618150674153804077","potions_obtained":[{"floor":4,"key":"Weak Potion"}],"is_trial":false,"path_per_floor":["R","M","M","M","?","R","T","E","?","E"],"character_chosen":"THE_CHAMP","items_purchased":[],"campfire_rested":0,"item_purchase_floors":[],"current_hp_per_floor":[99,99,99,91,91,91,91,64,57,42,42,42],"gold":177,"neow_bonus":"TEN_PERCENT_HP_BONUS","is_daily":false,"chose_seed":false,"campfire_upgraded":2,"win_rate":0.0,"timestamp":1611473560,"path_taken":["R","M","M","M","?","R","T","E","?","E"],"items_purchased_type":[],"build_version":"2020-12-22","purchased_purges":0,"victory":false,"max_hp_per_floor":[99,99,99,99,99,99,99,99,99,99,99,99],"card_choices":[{"not_picked":["champ:Shatter","champ:DefensiveShout"],"picked":"champ:FlashCut","floor":2},{"not_picked":["champ:BerserkersShout","champ:FaceSlap"],"picked":"champ:FocusedDefense","floor":3},{"not_picked":["champ:FanOfKnives","champ:SetATrap"],"picked":"champ:ArenaPreparation","floor":4},{"not_picked":["champ:Circumvent","champ:SetATrap"],"picked":"champ:Backstep","floor":8}],"player_experience":56747,"relics_obtained":[{"floor":7,"key":"Blood Vial"},{"floor":8,"key":"InkBottle"}],"event_choices":[{"damage_healed":0,"gold_gain":0,"player_choice":"Box","damage_taken":0,"relics_obtained":["Potion Belt"],"max_hp_gain":0,"max_hp_loss":0,"event_name":"Big Fish","floor":5,"gold_loss":0,"cards_obtained":["Regret"]},{"damage_healed":0,"gold_gain":0,"player_choice":"Success","damage_taken":7,"relics_obtained":["Boot"],"max_hp_gain":0,"max_hp_loss":0,"event_name":"Scrap Ooze","floor":9,"gold_loss":0}],"is_beta":false,"boss_relics":[],"items_purged_floors":[],"is_endless":false,"potions_floor_spawned":[4],"killed_by":"Lagavulin","ascension_level":0}}