{"host":"d7fiu2yjkssjxoz6","time":1611474687,"event":{"mods":["AchievementEnabler","BaseMod","Duelist Mod","Minty Spire (QoL Compilation)","StSLib"],"gold_per_floor":[135,149,163,163,181,210,230,230,230],"floor_reached":8,"language":"ENG","playtime":653,"items_purged":[],"score":78,"play_id":"4c69cb81-9e61-49f8-84ab-1fc5f932bbe7","local_time":"20210123235127","is_ascension_mode":true,"campfire_choices":[],"circlet_count":0,"master_deck":["theDuelist:CastleWalls","theDuelist:CastleWalls","theDuelist:ColossalFighter","theDuelist:CommandKnight","theDuelist:FeedbackWarrior","theDuelist:FeedbackWarrior","theDuelist:MightyWarrior","theDuelist:Sparks","theDuelist:Sparks","theDuelist:SuperheavySoulbuster","theDuelist:AlphaMagnet","theDuelist:SuperheavyGeneral+1","theDuelist:ElfLight","theDuelist:SuperheavySoulbuster","theDuelist:MeteorDestruction","theDuelist:CombinationAttack"],"relics":["theDuelist:MillenniumPuzzle","theDuelist:CardPoolRelic","theDuelist:CardPoolBasicRelic","theDuelist:BoosterPackPoolRelic","theDuelist:CardPoolAddRelic","theDuelist:CardPoolMinusRelic","theDuelist:CardPoolSaveRelic","theDuelist:CardPoolOptionsRelic","theDuelist:MillenniumRing"],"acts_visited":["Exordium"],"potions_floor_usage":[6],"damage_taken":[{"damage":0,"enemies":"Small Slimes","floor":1,"turns":3},{"damage":0,"enemies":"Cultist","floor":2,"turns":3},{"damage":3,"enemies":"2 Louse","floor":3,"turns":2},{"damage":22,"enemies":"Exordium Thugs","floor":5,"turns":6},{"damage":29,"enemies":"Gremlin Nob","floor":6,"turns":4},{"damage":14,"enemies":"Exordium Wildlife","floor":7,"turns":4},{"damage":21,"enemies":"3 Sentries","floor":8,"turns":2}],"seed_played":"-2299529003693476976","potions_obtained":[{"floor":2,"key":"AttackPotion"},{"floor":6,"key":"theDuelist:TributeBottle"},{"floor":7,"key":"theDuelist:ExtraOrbsBottle"}],"is_trial":false,"path_per_floor":["M","M","M","?","M","E","M","E"],"character_chosen":"THE_DUELIST","items_purchased":[],"campfire_rested":0,"item_purchase_floors":[],"current_hp_per_floor":[80,80,77,77,55,26,12,0,0],"gold":230,"neow_bonus":"TEN_PERCENT_HP_BONUS","is_daily":false,"chose_seed":false,"campfire_upgraded":0,"win_rate":0.0,"timestamp":1611474687,"path_taken":["M","M","M","?","M","E","M","E"],"items_purchased_type":[],"build_version":"2020-12-22","purchased_purges":0,"victory":false,"max_hp_per_floor":[88,88,88,88,88,88,88,88,88],"card_choices":[{"not_picked":["theDuelist:ColossalFighter","theDuelist:HardArmor","theDuelist:Mudballman","theDuelist:CombinationAttack"],"picked":"theDuelist:AlphaMagnet","floor":1},{"not_picked":["theDuelist:CircleFireKings","theDuelist:PurplePainOni","theDuelist:SpiritForce","theDuelist:CrystalBlessing"],"picked":"theDuelist:SuperheavyGeneral","floor":2},{"not_picked":["theDuelist:GridRod","theDuelist:LightLaser","theDuelist:GladiatorReturn","theDuelist:CrystalTree"],"picked":"theDuelist:ElfLight","floor":3},{"not_picked":["theDuelist:EgoBoost","theDuelist:BetaMagnet","theDuelist:CombinationAttack","theDuelist:ColossalFighter"],"picked":"theDuelist:SuperheavySoulbuster","floor":5},{"not_picked":["theDuelist:LegendarySword","theDuelist:DeltaAttacker","theDuelist:AdvanceForce","theDuelist:DarkOccultism"],"picked":"theDuelist:MeteorDestruction","floor":6},{"not_picked":["theDuelist:ColossalFighter","theDuelist:LegendaryBlackBelt","theDuelist:Zombyra","theDuelist:MagneticField"],"picked":"theDuelist:CombinationAttack","floor":7}],"player_experience":256789,"relics_obtained":[{"floor":6,"key":"theDuelist:MillenniumRing"}],"event_choices":[{"damage_healed":0,"gold_gain":0,"player_choice":"Upgraded","damage_taken":0,"max_hp_gain":0,"max_hp_loss":0,"event_name":"Upgrade Shrine","floor":4,"gold_loss":0,"cards_upgraded":["theDuelist:SuperheavyGeneral"]}],"is_beta":false,"boss_relics":[],"items_purged_floors":[],"is_endless":false,"potions_floor_spawned":[2,6,7],"killed_by":"3 Sentries","ascension_level":6}}