{"host":"3jpcvpprzj9sjffh","time":1611467643,"event":{"mods":["AchievementEnabler","BaseMod","Colored Map","Minty Spire (QoL Compilation)","Rare Cards Sparkle","SuperFastMode","everything is the same but u backflip on backflip"],"gold_per_floor":[112,112,128,128,145,145,159,188,215,215,225,225,16,33,33,135,135,147,159,24,43,43,43,56,56,82,6,6,6,6,23,23,23,23],"floor_reached":33,"language":"KOR","playtime":1055,"items_purged":["Defend_R","Strike_R"],"score":247,"play_id":"8c1ffa5a-8ce4-458e-a871-f372432b0b72","local_time":"20210124145403","is_ascension_mode":false,"campfire_choices":[{"data":"Heavy Blade","floor":6,"key":"SMITH"},{"floor":10,"key":"REST"},{"floor":15,"key":"RECALL"},{"floor":23,"key":"REST"},{"floor":25,"key":"REST"},{"data":"Pommel Strike","floor":29,"key":"SMITH"},{"data":"Spot Weakness","floor":32,"key":"SMITH"}],"circlet_count":0,"master_deck":["Strike_R","Strike_R","Strike_R","Strike_R","Defend_R+1","Defend_R","Defend_R","Bash+1","Thunderclap","Heavy Blade+1","Twin Strike","Spot Weakness+1","Flex","Perfected Strike","Offering","Armaments","Cleave","Pommel Strike+1","Disarm"],"relics":["Black Blood","NeowsBlessing","Red Skull","PreservedInsect","Membership Card","Vajra","Ancient Tea Set","Nunchaku"],"acts_visited":["Exordium","TheCity"],"potions_floor_usage":[16,16,21,21,21,24,33,33,33],"damage_taken":[{"damage":0,"enemies":"Cultist","floor":1,"turns":1},{"damage":0,"enemies":"Small Slimes","floor":3,"turns":1},{"damage":0,"enemies":"2 Louse","floor":5,"turns":1},{"damage":5,"enemies":"Lots of Slimes","floor":7,"turns":4},{"damage":29,"enemies":"Gremlin Nob","floor":8,"turns":5},{"damage":19,"enemies":"Blue Slaver","floor":11,"turns":3},{"damage":12,"enemies":"3 Louse","floor":14,"turns":3},{"damage":29,"enemies":"Slime Boss","floor":16,"turns":10},{"damage":25,"enemies":"Spheric Guardian","floor":18,"turns":4},{"damage":43,"enemies":"3 Byrds","floor":19,"turns":5},{"damage":15,"enemies":"Snecko","floor":21,"turns":3},{"damage":46,"enemies":"Shelled Parasite and Fungi","floor":24,"turns":4},{"damage":7,"enemies":"Centurion and Healer","floor":31,"turns":6},{"damage":73,"enemies":"Automaton","floor":33,"turns":6}],"seed_played":"2680522073226750507","potions_obtained":[{"floor":3,"key":"Dexterity Potion"},{"floor":7,"key":"BloodPotion"},{"floor":8,"key":"Ancient Potion"},{"floor":16,"key":"EntropicBrew"},{"floor":21,"key":"Swift Potion"},{"floor":31,"key":"SpeedPotion"}],"is_trial":false,"path_per_floor":["M","?","M","?","M","R","M","E","T","R","M","?","$","M","R","B",null,"M","M","$","M","?","R","M","R","T","$","?","R","?","M","R","B"],"character_chosen":"IRONCLAD","items_purchased":["Membership Card","Flex","Vajra","Armaments","Nunchaku"],"campfire_rested":3,"item_purchase_floors":[13,13,20,20,27],"current_hp_per_floor":[80,64,70,75,80,80,80,57,57,80,67,67,67,61,61,38,80,67,36,36,49,49,73,39,63,63,63,63,63,63,68,68,0,0],"gold":23,"neow_bonus":"THREE_ENEMY_KILL","is_daily":false,"chose_seed":false,"campfire_upgraded":3,"win_rate":0.0,"timestamp":1611467643,"path_taken":["M","?","M","?","?","R","M","E","T","R","M","?","$","M","R","BOSS","M","?","$","M","?","R","M","R","T","$","?","R","?","?","R","BOSS"],"items_purchased_type":["Relic","Card","Relic","Card","Relic"],"build_version":"2020-12-22","purchased_purges":2,"victory":false,"max_hp_per_floor":[80,80,80,80,80,80,80,80,80,80,80,80,80,80,80,80,80,80,80,80,80,80,80,80,80,80,80,80,80,80,80,80,80,80],"card_choices":[{"not_picked":["Clothesline","Shrug It Off"],"picked":"Flex","floor":1},{"not_picked":["Dual Wield","Shrug It Off"],"picked":"Thunderclap","floor":3},{"not_picked":["Headbutt","Havoc"],"picked":"Heavy Blade","floor":5},{"not_picked":["Body Slam","Blood for Blood"],"picked":"Twin Strike","floor":7},{"not_picked":["Barricade","Reckless Charge"],"picked":"Spot Weakness","floor":8},{"not_picked":["Feel No Pain","True Grit","Flame Barrier"],"picked":"SKIP","floor":11},{"not_picked":["Armaments","Ghostly Armor"],"picked":"Perfected Strike","floor":14},{"not_picked":["Exhume","Bludgeon"],"picked":"Offering","floor":16},{"not_picked":["Flex","Wild Strike","True Grit"],"picked":"SKIP","floor":18},{"not_picked":["Warcry","Flame Barrier","Intimidate"],"picked":"SKIP","floor":19},{"not_picked":["Berserk","Iron Wave"],"picked":"Cleave","floor":21},{"not_picked":["Bloodletting","Sword Boomerang"],"picked":"Pommel Strike","floor":24},{"not_picked":["Flex","Perfected Strike","Iron Wave"],"picked":"SKIP","floor":31}],"player_experience":294158,"relics_obtained":[{"floor":8,"key":"Red Skull"},{"floor":9,"key":"PreservedInsect"},{"floor":26,"key":"Ancient Tea Set"}],"event_choices":[{"damage_healed":0,"gold_gain":0,"player_choice":"Entered Light","damage_taken":16,"max_hp_gain":0,"max_hp_loss":0,"event_name":"Shining Light","floor":2,"gold_loss":0,"cards_upgraded":["Defend_R","Bash"]},{"cards_removed":["Flex"],"damage_healed":5,"gold_gain":0,"player_choice":"Offered Common","damage_taken":0,"max_hp_gain":0,"max_hp_loss":0,"event_name":"Bonfire Elementals","floor":4,"gold_loss":0},{"cards_removed":["Flex"],"damage_healed":5,"gold_gain":0,"player_choice":"Offered Special","damage_taken":0,"max_hp_gain":0,"max_hp_loss":0,"event_name":"Bonfire Elementals","floor":4,"gold_loss":0},{"damage_healed":0,"gold_gain":0,"player_choice":"Bought 0 Potions","damage_taken":0,"max_hp_gain":0,"max_hp_loss":0,"event_name":"The Woman in Blue","floor":12,"gold_loss":0},{"damage_healed":0,"gold_gain":0,"player_choice":"Ignored","damage_taken":0,"max_hp_gain":0,"max_hp_loss":0,"event_name":"The Mausoleum","floor":22,"gold_loss":0},{"damage_healed":0,"gold_gain":0,"player_choice":"1 cards matched","damage_taken":0,"max_hp_gain":0,"max_hp_loss":0,"event_name":"Match and Keep!","floor":30,"gold_loss":0,"cards_obtained":["Disarm"]}],"is_beta":false,"boss_relics":[{"not_picked":["Fusion Hammer","Tiny House"],"picked":"Black Blood"}],"items_purged_floors":[13,20],"is_endless":false,"potions_floor_spawned":[3,7,8,16,21,31],"killed_by":"Automaton","ascension_level":0}}