{"host":"g1wmg2w41xhsnw8g","time":1611472416,"event":{"mods":["100% Spire Juice","2.2 Compatiblity","A Penny For Your Troubles","Act Like it!","BaseMod","Better Altar","Better Match","Better Note","Better Sensory Stone","Better Skull","Better Third Choice","BetterRewards","Booster Modes","CapriCore","Colored Map","Colored Powertips","Defuse TimeMaze Blight","Displayed Cursed Tome","Evolution","Fox Events","Friendly Minions","GifTheSpireLib","Good Game Mod","Googly Eyes","Infinite Spire","Minty Spire (QoL Compilation)","Red Circlet Mod","Relic Filter Mod","Relic Sorter","Reliquary","Shop Mod","Spicy Shops","StSLib","The Sage","Transform Curses","Wandering Minibosses","????"],"gold_per_floor":[115,132,152,170,170,170,170],"floor_reached":6,"language":"ENG","playtime":681,"items_purged":["Moonworks:Defend"],"score":40,"play_id":"8797a37d-b501-4f3c-b777-2a6727190453","local_time":"20210124021336","is_ascension_mode":true,"campfire_choices":[],"circlet_count":0,"master_deck":["Moonworks:CloudOfSeagulls","Moonworks:Assault","Moonworks:CloudOfSeagulls","Moonworks:Assault","Moonworks:LulusLuckyEgg","Moonworks:LulusLuckyEgg","Moonworks:LulusLuckyEgg","Moonworks:Ambush","Moonworks:LongDistanceShot","Moonworks:RagingMadness","Moonworks:SakisCookie","Forethought","Moonworks:TacticalRetreat","infinitespire:OneForAll","Moonworks:ImOnFire","Moonworks:StiffCrystal","Moonworks:AwakeningOfTalent"],"relics":["Moonworks:BrokenBomb","REME:ComplimentaryCards","Moonworks:Homemark","EVO:Axolotl","MerchantsRug","Omamori","sagemod:Red_Beast_Statue","TungstenRod","reliquary:SharkskinSheath","Akabeko","HandDrill","NlothsMask"],"acts_visited":["Exordium"],"potions_floor_usage":[6],"damage_taken":[{"damage":1,"enemies":"Cultist","floor":1,"turns":4},{"damage":0,"enemies":"infinitespire:Voidling","floor":2,"turns":4},{"damage":5,"enemies":"Small Slimes","floor":3,"turns":5},{"damage":24,"enemies":"Blue Slaver","floor":4,"turns":7},{"damage":26,"enemies":"Lagavulin","floor":6,"turns":5}],"seed_played":"-852596728673099095","potions_obtained":[{"floor":3,"key":"Ancient Potion"}],"is_trial":false,"path_per_floor":["M","M","M","M","?","E"],"character_chosen":"THE_STARBREAKER","items_purchased":["MerchantsRug","Omamori","sagemod:Red_Beast_Statue","Moonworks:RagingMadness","reliquary:SharkskinSheath","Akabeko","HandDrill","Moonworks:SakisCookie"],"campfire_rested":0,"item_purchase_floors":[0,0,0,0,0,0,0,0],"current_hp_per_floor":[52,52,47,23,23,0,0],"gold":170,"neow_bonus":"","is_daily":false,"chose_seed":false,"campfire_upgraded":0,"win_rate":0.0,"timestamp":1611472416,"path_taken":["M","M","M","M","?","E"],"items_purchased_type":["Relic","Relic","Relic","Card","Relic","Relic","Relic","Card"],"build_version":"2020-12-22","purchased_purges":1,"victory":false,"max_hp_per_floor":[60,60,60,60,60,60,60],"card_choices":[{"not_picked":["Moonworks:CloudOfSeagulls","Moonworks:IndiscriminateFireSupport"],"picked":"Moonworks:TacticalRetreat","floor":1},{"not_picked":["Moonworks:CloudOfSeagulls","Moonworks:Dash"],"picked":"Moonworks:ImOnFire","floor":2},{"not_picked":["Moonworks:IndiscriminateFireSupport","Moonworks:ImmovableObject"],"picked":"Moonworks:StiffCrystal","floor":3},{"not_picked":["Moonworks:UnpaidWork","Moonworks:CloudOfSeagulls"],"picked":"Moonworks:AwakeningOfTalent","floor":4}],"player_experience":847313,"relics_obtained":[],"event_choices":[{"damage_healed":0,"gold_gain":0,"player_choice":"Trade","damage_taken":0,"relics_obtained":["NlothsMask"],"max_hp_gain":0,"max_hp_loss":0,"event_name":"FaceTrader","floor":5,"gold_loss":0}],"is_beta":false,"boss_relics":[],"items_purged_floors":[0],"is_endless":false,"potions_floor_spawned":[3],"killed_by":"Lagavulin","ascension_level":1}}