{"host":"mydft8i2zzydgggw","time":1611513363,"event":{"mods":["AchievementEnabler","BaseMod","BetterRewards","Colored Map","Colored Powertips","DeckTracker","Keyboard Shortcuts","Minty Spire (QoL Compilation)","Rare Cards Sparkle","StSLib","SuperFastMode","everything is the same but u backflip on backflip"],"gold_per_floor":[110,35,35,55,55,94,94,115,195,221,221,85,35,46,46,46,46],"floor_reached":16,"language":"KOR","playtime":320,"items_purged":["Injury","Strike_G"],"score":130,"play_id":"9ea19d42-60a7-4be7-89df-bd6e9e98f54a","local_time":"20210125033603","is_ascension_mode":true,"campfire_choices":[{"data":"Tactician","floor":7,"key":"SMITH"},{"data":"Venomology","floor":11,"key":"SMITH"},{"data":"Terror","floor":15,"key":"SMITH"}],"circlet_count":0,"master_deck":["Strike_G","Strike_G","Defend_G","Defend_G","Defend_G","Defend_G","Survivor","Neutralize","Quick Slash","Dash","Terror+1","Tactician+1","Acrobatics","Crippling Poison","Venomology+1","Backflip"],"relics":["Ring of the Snake","Ancient Tea Set","CeramicFish","InkBottle"],"acts_visited":["Exordium"],"potions_floor_usage":[6,16,16,16],"damage_taken":[{"damage":0,"enemies":"Jaw Worm","floor":1,"turns":3},{"damage":0,"enemies":"Cultist","floor":4,"turns":3},{"damage":6,"enemies":"Gremlin Nob","floor":6,"turns":4},{"damage":0,"enemies":"Small Slimes","floor":8,"turns":2},{"damage":9,"enemies":"3 Louse","floor":10,"turns":3},{"damage":0,"enemies":"Looter","floor":14,"turns":2},{"damage":98,"enemies":"Slime Boss","floor":16,"turns":12}],"seed_played":"8546126828738746999","potions_obtained":[{"floor":1,"key":"SteroidPotion"},{"floor":10,"key":"SkillPotion"},{"floor":14,"key":"FairyPotion"}],"is_trial":false,"path_per_floor":["M","$","?","M","?","E","R","M","T","M","R","$","?","M","R","B"],"character_chosen":"THE_SILENT","items_purchased":["Backflip"],"campfire_rested":0,"item_purchase_floors":[12],"current_hp_per_floor":[63,63,63,63,68,62,62,62,62,53,53,53,53,53,53,0,0],"gold":46,"neow_bonus":"TRANSFORM_TWO_CARDS","is_daily":false,"chose_seed":false,"campfire_upgraded":3,"win_rate":0.0,"timestamp":1611513363,"path_taken":["M","$","?","?","?","E","R","M","T","M","R","$","?","M","R","BOSS"],"items_purchased_type":["Card"],"build_version":"2020-12-22","purchased_purges":2,"victory":false,"max_hp_per_floor":[70,70,70,70,75,75,75,75,75,75,75,75,75,75,75,75,75],"card_choices":[{"not_picked":["Bane","Leg Sweep"],"picked":"Terror","floor":1},{"not_picked":["Deadly Poison","Deflect"],"picked":"Tactician","floor":4},{"not_picked":["Deadly Poison","Blade Dance"],"picked":"Acrobatics","floor":6},{"not_picked":["Deflect","Slice"],"picked":"Crippling Poison","floor":8},{"not_picked":["Dagger Throw","Acrobatics"],"picked":"Venomology","floor":10},{"not_picked":["Eviscerate","Poisoned Stab","Bane"],"picked":"SKIP","floor":14}],"player_experience":210297,"relics_obtained":[{"floor":3,"key":"Ancient Tea Set"},{"floor":6,"key":"CeramicFish"},{"floor":9,"key":"InkBottle"}],"event_choices":[{"damage_healed":0,"gold_gain":0,"player_choice":"Relic","damage_taken":0,"max_hp_gain":0,"max_hp_loss":0,"event_name":"Wheel of Change","floor":3,"gold_loss":0},{"damage_healed":0,"gold_gain":0,"player_choice":"Donut","damage_taken":0,"max_hp_gain":5,"max_hp_loss":0,"event_name":"Big Fish","floor":5,"gold_loss":0},{"cards_removed":["Strike_G"],"damage_healed":0,"gold_gain":0,"player_choice":"Card Removal","damage_taken":0,"max_hp_gain":0,"max_hp_loss":0,"event_name":"The Cleric","floor":13,"gold_loss":50}],"is_beta":false,"boss_relics":[],"items_purged_floors":[2,12],"is_endless":false,"potions_floor_spawned":[1,10,14],"killed_by":"Slime Boss","ascension_level":6}}