{"host":"6xsbn6ynqlzwllfm","time":1611511601,"event":{"mods":["2.2 Compatiblity","BaseMod","Bestiary","Colored Map","Colored Powertips","Curses Come First","Highlight Path","Keyboard Shortcuts","Minty Spire (QoL Compilation)","Quick Restart","Relic Stats","Slay the Relics Exporter","StSLib","SuperFastMode"],"gold_per_floor":[110,121,139,156,175,209,209,243,243,62,91,105,105,135,135,209,209,219,238,238,40,56,82,82,109,135,60,60,60,80,112,112,186,186,201,219,235,235,260,260,287,16,16,16,16,34,51,51,51,51,51,51],"floor_reached":51,"language":"ENG","playtime":2816,"items_purged":["Strike_R","Strike_R"],"score":1640,"play_id":"d68e8f1c-e5d9-4e57-8a43-e0b71e33887a","local_time":"20210124130641","is_ascension_mode":true,"campfire_choices":[{"data":"Bludgeon","floor":7,"key":"SMITH"},{"data":"Sword Boomerang","floor":13,"key":"SMITH"},{"data":"Inflame","floor":15,"key":"SMITH"},{"data":"Offering","floor":24,"key":"SMITH"},{"data":"Violence","floor":28,"key":"SMITH"},{"floor":32,"key":"REST"},{"data":"Strike_R","floor":40,"key":"PURGE"},{"data":"Demon Form","floor":45,"key":"SMITH"},{"floor":49,"key":"REST"}],"circlet_count":0,"master_deck":["AscendersBane","Strike_R","Strike_R","Defend_R","Defend_R","Defend_R","Defend_R","Bash","Wild Strike","Inflame+1","Combust","Carnage","Sword Boomerang+1","Bludgeon+1","Shrug It Off","Shrug It Off","Offering+1","Whirlwind","Violence+1","Flame Barrier","Reaper","Feed","Armaments+1","Demon Form+1","Burning Pact+1","Inflame"],"relics":["Burning Blood","NeowsBlessing","Bag of Marbles","Magic Flower","Self Forming Clay","Akabeko","Dream Catcher","Pear","Velvet Choker","Bottled Tornado","Vajra","Nunchaku","Potion Belt","Mark of Pain","Peace Pipe","Pocketwatch","Bag of Preparation"],"acts_visited":["Exordium","TheCity","TheBeyond"],"potions_floor_usage":[5,6,6,14,16,23,30,33,41,47,48,50],"damage_taken":[{"damage":0,"enemies":"Cultist","floor":1,"turns":1},{"damage":0,"enemies":"Jaw Worm","floor":2,"turns":1},{"damage":0,"enemies":"Small Slimes","floor":3,"turns":1},{"damage":17,"enemies":"Blue Slaver","floor":4,"turns":4},{"damage":3,"enemies":"2 Fungi Beasts","floor":5,"turns":3},{"damage":15,"enemies":"3 Sentries","floor":6,"turns":4},{"damage":36,"enemies":"Lagavulin","floor":8,"turns":4},{"damage":2,"enemies":"Gremlin Nob","floor":11,"turns":3},{"damage":3,"enemies":"Exordium Thugs","floor":12,"turns":3},{"damage":3,"enemies":"3 Sentries","floor":14,"turns":6},{"damage":41,"enemies":"Hexaghost","floor":16,"turns":6},{"damage":11,"enemies":"2 Thieves","floor":18,"turns":4},{"damage":0,"enemies":"3 Byrds","floor":19,"turns":4},{"damage":6,"enemies":"Centurion and Healer","floor":22,"turns":1},{"damage":18,"enemies":"Book of Stabbing","floor":23,"turns":4},{"damage":20,"enemies":"Gremlin Leader","floor":25,"turns":4},{"damage":0,"enemies":"Shelled Parasite and Fungi","floor":30,"turns":2},{"damage":65,"enemies":"Slavers","floor":31,"turns":11},{"damage":78,"enemies":"Collector","floor":33,"turns":9},{"damage":21,"enemies":"3 Darklings","floor":35,"turns":3},{"damage":4,"enemies":"3 Shapes","floor":36,"turns":3},{"damage":22,"enemies":"Jaw Worm Horde","floor":37,"turns":5},{"damage":11,"enemies":"Mind Bloom Boss Battle","floor":39,"turns":12},{"damage":86,"enemies":"Giant Head","floor":41,"turns":7},{"damage":49,"enemies":"Maw","floor":46,"turns":8},{"damage":17,"enemies":"Sphere and 2 Shapes","floor":47,"turns":3},{"damage":59,"enemies":"Nemesis","floor":48,"turns":6},{"damage":99,"enemies":"Time Eater","floor":50,"turns":9},{"damage":65,"enemies":"Awakened One","floor":51,"turns":4}],"seed_played":"4949033321318530100","potions_obtained":[{"floor":2,"key":"BlessingOfTheForge"},{"floor":4,"key":"Fruit Juice"},{"floor":5,"key":"PowerPotion"},{"floor":11,"key":"LiquidMemories"},{"floor":14,"key":"DistilledChaos"},{"floor":18,"key":"Explosive Potion"},{"floor":19,"key":"Block Potion"},{"floor":30,"key":"Strength Potion"},{"floor":31,"key":"SneckoOil"},{"floor":36,"key":"SmokeBomb"},{"floor":41,"key":"Ancient Potion"},{"floor":46,"key":"Fire Potion"},{"floor":47,"key":"Fruit Juice"}],"is_trial":false,"path_per_floor":["M","M","M","M","M","E","R","E","T","$","E","M","R","E","R","B",null,"M","M","?","$","M","E","R","E","T","$","R","?","M","E","R","B",null,"M","M","M","?","?","R","E","$","T","?","R","M","M","E","R","B","B"],"character_chosen":"IRONCLAD","items_purchased":["Shrug It Off","Akabeko","Violence","Bag of Preparation"],"campfire_rested":2,"item_purchase_floors":[10,10,21,42],"current_hp_per_floor":[74,75,75,64,72,63,63,33,33,33,40,46,46,62,62,30,75,73,82,82,82,85,76,76,65,65,65,65,65,74,27,54,26,76,86,99,91,91,95,95,45,45,45,45,45,46,76,26,60,14,0,0],"gold":51,"neow_bonus":"THREE_ENEMY_KILL","is_daily":false,"chose_seed":false,"campfire_upgraded":6,"win_rate":0.0,"timestamp":1611511601,"path_taken":["M","M","M","M","M","E","R","E","T","$","E","M","R","E","R","BOSS","M","M","?","$","M","E","R","E","T","$","R","?","M","E","R","BOSS","M","M","?","?","?","R","E","?","T","?","R","?","M","E","R","BOSS","BOSS"],"items_purchased_type":["Card","Relic","Card","Relic"],"build_version":"2020-12-22","purchased_purges":2,"victory":false,"max_hp_per_floor":[75,75,75,75,80,80,80,80,80,80,80,80,80,90,90,90,90,90,90,90,90,90,90,90,90,90,90,90,90,90,90,90,93,93,96,99,102,102,106,106,106,106,106,106,106,106,115,115,115,115,118,118],"relic_stats":{"Peace Pipe":2,"Dream Catcher":2,"Nunchaku":[9],"counters":[29,135],"Self Forming Clay":[285],"Magic Flower":[138],"Bag of Preparation":[10],"obtain_stats":[{"Potion Belt":31,"Pear":14,"NeowsBlessing":0,"Self Forming Clay":9,"Magic Flower":8,"Velvet Choker":17,"Vajra":25,"Bag of Preparation":42,"Bottled Tornado":23,"Burning Blood":0,"Akabeko":10,"Peace Pipe":39,"Dream Catcher":11,"Nunchaku":26,"Mark of Pain":34,"Bag of Marbles":6,"Pocketwatch":41},{"Potion Belt":18,"Pear":10,"NeowsBlessing":0,"Self Forming Clay":7,"Magic Flower":7,"Velvet Choker":11,"Vajra":16,"Bag of Preparation":24,"Bottled Tornado":15,"Burning Blood":0,"Akabeko":7,"Peace Pipe":23,"Dream Catcher":8,"Nunchaku":16,"Mark of Pain":19,"Bag of Marbles":6,"Pocketwatch":24},{"Potion Belt":66,"Pear":30,"NeowsBlessing":0,"Self Forming Clay":18,"Magic Flower":18,"Velvet Choker":36,"Vajra":53,"Bag of Preparation":105,"Bottled Tornado":49,"Burning Blood":0,"Akabeko":18,"Peace Pipe":98,"Dream Catcher":21,"Nunchaku":53,"Mark of Pain":75,"Bag of Marbles":14,"Pocketwatch":105}],"Burning Blood":211,"Pocketwatch":[45]},"card_choices":[{"not_picked":["True Grit","Clothesline"],"picked":"Wild Strike","floor":1},{"not_picked":["Heavy Blade","Headbutt"],"picked":"Inflame","floor":2},{"not_picked":["Entrench","Sword Boomerang"],"picked":"Combust","floor":3},{"not_picked":["Rage","Clash"],"picked":"Carnage","floor":4},{"not_picked":["Cleave","True Grit"],"picked":"Sword Boomerang","floor":5},{"not_picked":["Sword Boomerang","Power Through"],"picked":"Bludgeon","floor":6},{"not_picked":["Headbutt","Sever Soul"],"picked":"Shrug It Off","floor":8},{"not_picked":["Power Through","Clothesline"],"picked":"Feel No Pain","floor":11},{"not_picked":["Entrench","Clothesline","Perfected Strike"],"picked":"SKIP","floor":14},{"not_picked":["Immolate","Impervious"],"picked":"Offering","floor":16},{"not_picked":["Body Slam","Pommel Strike"],"picked":"Whirlwind","floor":18},{"not_picked":["Headbutt","Clothesline","Clash"],"picked":"SKIP","floor":19},{"not_picked":["Cleave","Headbutt+1","Uppercut"],"picked":"SKIP","floor":22},{"not_picked":["Warcry","Body Slam"],"picked":"Flame Barrier","floor":23},{"not_picked":["Anger","Reckless Charge+1","Clothesline"],"picked":"SKIP","floor":25},{"not_picked":["Headbutt","Havoc"],"picked":"Feed","floor":30},{"not_picked":["Sword Boomerang","Body Slam","Wild Strike"],"picked":"SKIP","floor":31},{"not_picked":["Cleave","Anger+1"],"picked":"Armaments+1","floor":32},{"not_picked":["Offering","Limit Break"],"picked":"Demon Form","floor":33},{"not_picked":["Wild Strike+1","Uppercut","Armaments+1"],"picked":"SKIP","floor":35},{"not_picked":["Bludgeon","Metallicize","Flex"],"picked":"SKIP","floor":37},{"not_picked":["Battle Trance","Headbutt"],"picked":"Burning Pact+1","floor":39},{"not_picked":["Warcry","Cleave+1","Clash"],"picked":"SKIP","floor":41},{"not_picked":["Headbutt+1","Battle Trance","Burning Pact"],"picked":"SKIP","floor":46},{"not_picked":["Perfected Strike","Double Tap","Whirlwind"],"picked":"SKIP","floor":47},{"not_picked":["Heavy Blade","Twin Strike"],"picked":"Inflame","floor":49}],"player_experience":1094022,"relics_obtained":[{"floor":6,"key":"Bag of Marbles"},{"floor":8,"key":"Magic Flower"},{"floor":9,"key":"Self Forming Clay"},{"floor":11,"key":"Dream Catcher"},{"floor":14,"key":"Pear"},{"floor":23,"key":"Bottled Tornado"},{"floor":25,"key":"Vajra"},{"floor":26,"key":"Nunchaku"},{"floor":31,"key":"Potion Belt"},{"floor":39,"key":"Peace Pipe"},{"floor":41,"key":"Pocketwatch"}],"event_choices":[{"damage_healed":0,"gold_gain":0,"player_choice":"Ignored","damage_taken":0,"max_hp_gain":0,"max_hp_loss":0,"event_name":"Ghosts","floor":20,"gold_loss":0},{"damage_healed":0,"gold_gain":0,"player_choice":"1 cards matched","damage_taken":0,"max_hp_gain":0,"max_hp_loss":0,"event_name":"Match and Keep!","floor":29,"gold_loss":0,"cards_obtained":["Reaper"]},{"cards_removed":["Feel No Pain"],"damage_healed":0,"gold_gain":0,"player_choice":"Removed Power","damage_taken":0,"max_hp_gain":0,"max_hp_loss":0,"event_name":"Falling","floor":38,"gold_loss":0},{"damage_healed":0,"gold_gain":0,"player_choice":"Fight","damage_taken":0,"max_hp_gain":0,"max_hp_loss":0,"event_name":"MindBloom","floor":39,"gold_loss":0},{"damage_healed":0,"gold_gain":0,"player_choice":"0 cards matched","damage_taken":0,"max_hp_gain":0,"max_hp_loss":0,"event_name":"Match and Keep!","floor":44,"gold_loss":0,"cards_obtained":[]}],"is_beta":false,"boss_relics":[{"not_picked":["Busted Crown","Tiny House"],"picked":"Velvet Choker"},{"not_picked":["Runic Dome","Black Blood"],"picked":"Mark of Pain"}],"items_purged_floors":[27,42],"is_endless":false,"potions_floor_spawned":[2,4,5,11,14,18,19,30,31,36,41,46,47],"killed_by":"Awakened One","ascension_level":20}}