{"host":"j4g6ia6asvpyu2b0","time":1611517341,"event":{"mods":["BaseMod","Colored Map","Minty Spire (QoL Compilation)","Permanent Neow","Quick Restart","Relic Stats","StSLib","Unceasing Turn Reminder"],"gold_per_floor":[111,123,134,148,158,193,193,223,250,281,281,352,376,376,376,449,449,466,230,230,246,275,275,312,312,335,360,386,415,449,477,477,563,563,578,104,133,142,166,166,195,195,263,290,290,318,352,574,574,574,574,574,23,67,67],"floor_reached":56,"language":"ENG","playtime":2607,"items_purged":["Fusion","Zap"],"score":2562,"play_id":"12472de7-672c-4275-9803-a8acaff673b6","local_time":"20210124124221","is_ascension_mode":true,"campfire_choices":[{"data":"Loop","floor":7.0,"key":"SMITH"},{"data":"Biased Cognition","floor":11.0,"key":"SMITH"},{"data":"Loop","floor":15.0,"key":"SMITH"},{"data":"Seek","floor":23.0,"key":"SMITH"},{"data":"Chaos","floor":25.0,"key":"SMITH"},{"floor":32.0,"key":"RECALL"},{"data":"Fission","floor":40,"key":"SMITH"},{"data":"Thunder Strike","floor":42,"key":"SMITH"},{"data":"Static Discharge","floor":45,"key":"SMITH"},{"data":"Coolheaded","floor":49,"key":"SMITH"},{"data":"Coolheaded","floor":52,"key":"SMITH"}],"circlet_count":0,"master_deck":["AscendersBane","Dualcast","Static Discharge+1","Double Energy+1","Glacier","Chaos+1","Chill+1","Biased Cognition+1","Melter","Ball Lightning","Genetic Algorithm","Loop+1","Lockon","Loop+1","Lockon","Glacier","Sweeping Beam","Core Surge","Compile Driver","Loop+1","Seek+1","Loop+1","White Noise+1","Ball Lightning","Thunder Strike+1","White Noise","Compile Driver","BootSequence+1","Coolheaded+1","Fission+1","Heatsinks+1","Coolheaded+1","Biased Cognition+1","Coolheaded+1","Compile Driver","Capacitor+1","Defragment+1","Meteor Strike","Darkness","Hologram","Thinking Ahead","Capacitor+1"],"relics":["Pandora\u0027s Box","War Paint","Frozen Egg 2","Ancient Tea Set","Odd Mushroom","FaceOfCleric","Coffee Dripper","Red Mask","CeramicFish","Bag of Marbles","Gremlin Horn","Smiling Mask","Inserter","Membership Card","PreservedInsect","TungstenRod","DataDisk","Bottled Tornado","Ginger","Pantograph","Bird Faced Urn","Toy Ornithopter","Sling","Centennial Puzzle"],"acts_visited":["Exordium","TheCity","TheBeyond","TheEnding"],"potions_floor_usage":[55],"damage_taken":[{"damage":0.0,"enemies":"Cultist","floor":1.0,"turns":3.0},{"damage":0.0,"enemies":"Jaw Worm","floor":2.0,"turns":3.0},{"damage":3.0,"enemies":"Small Slimes","floor":3.0,"turns":3.0},{"damage":12.0,"enemies":"Looter","floor":4.0,"turns":4.0},{"damage":4.0,"enemies":"Red Slaver","floor":5.0,"turns":4.0},{"damage":6.0,"enemies":"Gremlin Nob","floor":6.0,"turns":5.0},{"damage":0.0,"enemies":"Lagavulin","floor":8.0,"turns":5.0},{"damage":20.0,"enemies":"Gremlin Nob","floor":10.0,"turns":4.0},{"damage":0.0,"enemies":"The Mushroom Lair","floor":13.0,"turns":4.0},{"damage":8.0,"enemies":"Hexaghost","floor":16.0,"turns":6.0},{"damage":0.0,"enemies":"Shell Parasite","floor":18.0,"turns":4.0},{"damage":0.0,"enemies":"3 Byrds","floor":21.0,"turns":6.0},{"damage":12.0,"enemies":"Masked Bandits","floor":22.0,"turns":5.0},{"damage":8.0,"enemies":"Slavers","floor":24.0,"turns":5.0},{"damage":0.0,"enemies":"Snecko","floor":27.0,"turns":4.0},{"damage":17.0,"enemies":"Gremlin Leader","floor":28.0,"turns":6.0},{"damage":0.0,"enemies":"3 Cultists","floor":29.0,"turns":5.0},{"damage":0.0,"enemies":"Book of Stabbing","floor":30.0,"turns":5.0},{"damage":0.0,"enemies":"Centurion and Healer","floor":31.0,"turns":4.0},{"damage":11.0,"enemies":"Automaton","floor":33.0,"turns":9.0},{"damage":6,"enemies":"Orb Walker","floor":35,"turns":4},{"damage":3,"enemies":"3 Darklings","floor":37,"turns":5},{"damage":0,"enemies":"Jaw Worm Horde","floor":39,"turns":4},{"damage":0,"enemies":"Reptomancer","floor":41,"turns":4},{"damage":0,"enemies":"Giant Head","floor":44,"turns":5},{"damage":12,"enemies":"Spire Growth","floor":46,"turns":4},{"damage":0,"enemies":"Nemesis","floor":47,"turns":4},{"damage":13,"enemies":"Awakened One","floor":50,"turns":10},{"damage":4,"enemies":"Shield and Spear","floor":54,"turns":5},{"damage":16,"enemies":"The Heart","floor":55,"turns":9}],"seed_played":"-3002675747661726006","potions_obtained":[{"floor":1.0,"key":"EntropicBrew"},{"floor":3.0,"key":"Explosive Potion"},{"floor":13.0,"key":"Swift Potion"},{"floor":16.0,"key":"EntropicBrew"},{"floor":22.0,"key":"Dexterity Potion"},{"floor":27.0,"key":"GamblersBrew"},{"floor":29.0,"key":"SkillPotion"},{"floor":33.0,"key":"Dexterity Potion"},{"floor":37,"key":"LiquidMemories"},{"floor":41,"key":"PowerPotion"}],"is_trial":false,"path_per_floor":["M","M","M","M","M","E","R","E","T","E","R","?","?","?","R","B",null,"M","$","?","M","?","R","E","R","T","M","E","M","E","M","R","B",null,"M","$","M","?","M","R","E","R","T","E","R","M","E","?","R","B",null,"R","$","E","B",null],"character_chosen":"DEFECT","items_purchased":["Loop+1","Seek","Membership Card","Heatsinks+1","PreservedInsect","TungstenRod","Defragment+1","Bird Faced Urn","Meteor Strike","Darkness","Hologram","Toy Ornithopter","Thinking Ahead","Sling"],"campfire_rested":0,"item_purchase_floors":[19,19,36,36,36,36,53,53,53,53,53,53,53,53],"current_hp_per_floor":[64,64,61,49,45,39,39,39,39,19,19,19,19,19,19,12,57,58,58,58,59,48,48,41,41,41,42,26,27,28,29,29,19,66,61,61,59,59,60,60,61,61,61,62,62,51,52,52,52,65,84,84,84,89,90],"gold":67,"neow_bonus":"BOSS_RELIC","is_daily":false,"chose_seed":false,"campfire_upgraded":10,"win_rate":0.0,"timestamp":1611517341,"path_taken":["M","M","?","M","M","E","R","E","T","E","R","?","?","?","R","BOSS","M","$","?","?","?","R","E","R","T","M","E","M","E","M","R","BOSS","M","$","M","?","?","R","E","R","T","E","R","M","E","?","R","BOSS","R","$","E","BOSS"],"items_purchased_type":["Card","Card","Relic","Card","Relic","Relic","Card","Relic","Card","Card","Card","Relic","Card","Relic"],"build_version":"2020-12-22","purchased_purges":2,"victory":true,"max_hp_per_floor":[71,71,71,71,71,71,71,71,71,71,71,71,71,71,71,72,72,73,73,73,74,75,75,76,76,76,77,78,79,80,81,81,82,82,83,83,84,84,85,85,86,86,86,87,87,88,89,89,89,90,90,90,90,91,92],"relic_stats":{"Inserter":[23],"Gremlin Horn":[15,15],"counters":[30,140],"CeramicFish":162,"PreservedInsect":319,"Ginger":[2],"War Paint":["Chill","Double Energy"],"Smiling Mask":0,"Centennial Puzzle":[3],"FaceOfCleric":21,"Pantograph":27,"Bird Faced Urn":[22],"Pandora\u0027s Box":["Static Discharge","Double Energy","Glacier","Fusion","Chaos","Chill","Biased Cognition","Melter"],"obtain_stats":[{"Gremlin Horn":28,"CeramicFish":24,"Ginger":44,"Bottled Tornado":43,"Ancient Tea Set":10,"Smiling Mask":30,"Sling":53,"Centennial Puzzle":54,"FaceOfCleric":14,"Pantograph":47,"Red Mask":22,"Cracked Core":0,"Inserter":34,"PreservedInsect":36,"War Paint":6,"Frozen Egg 2":8,"Odd Mushroom":13,"DataDisk":41,"Bird Faced Urn":53,"Pandora\u0027s Box":0,"Coffee Dripper":17,"Bag of Marbles":26,"Membership Card":36,"TungstenRod":36,"Toy Ornithopter":53},{"Gremlin Horn":16,"CeramicFish":14,"Ginger":25,"Bottled Tornado":24,"Ancient Tea Set":8,"Smiling Mask":18,"Sling":28,"Centennial Puzzle":29,"FaceOfCleric":9,"Pantograph":27,"Red Mask":13,"Cracked Core":0,"Inserter":20,"PreservedInsect":21,"War Paint":6,"Frozen Egg 2":7,"Odd Mushroom":9,"DataDisk":24,"Bird Faced Urn":28,"Pandora\u0027s Box":0,"Coffee Dripper":10,"Bag of Marbles":14,"Membership Card":21,"TungstenRod":21,"Toy Ornithopter":28},{"Gremlin Horn":69,"CeramicFish":60,"Ginger":109,"Bottled Tornado":105,"Ancient Tea Set":31,"Smiling Mask":78,"Sling":126,"Centennial Puzzle":131,"FaceOfCleric":35,"Pantograph":116,"Red Mask":56,"Cracked Core":0,"Inserter":90,"PreservedInsect":94,"War Paint":22,"Frozen Egg 2":27,"Odd Mushroom":35,"DataDisk":105,"Bird Faced Urn":126,"Pandora\u0027s Box":0,"Coffee Dripper":41,"Bag of Marbles":60,"Membership Card":94,"TungstenRod":94,"Toy Ornithopter":126}],"TungstenRod":8,"Toy Ornithopter":0},"card_choices":[{"not_picked":["Rip and Tear","Streamline"],"picked":"Ball Lightning","floor":1.0},{"not_picked":["Stack","Ball Lightning"],"picked":"Genetic Algorithm","floor":2.0},{"not_picked":["Genetic Algorithm","Steam"],"picked":"Sunder","floor":3.0},{"not_picked":["Scrape","Rebound"],"picked":"Loop","floor":4.0},{"not_picked":["Leap","Turbo"],"picked":"Lockon","floor":5.0},{"not_picked":["Rainbow","Consume"],"picked":"Loop","floor":6.0},{"not_picked":["Stack","Chaos"],"picked":"Lockon","floor":8.0},{"not_picked":["Compile Driver","Beam Cell"],"picked":"Glacier","floor":10.0},{"not_picked":["Barrage","Stack"],"picked":"Sweeping Beam","floor":13.0},{"not_picked":["Machine Learning+1","Seek"],"picked":"Core Surge","floor":16.0},{"not_picked":["Sweeping Beam","Beam Cell"],"picked":"Compile Driver","floor":18.0},{"not_picked":["Go for the Eyes","Turbo"],"picked":"White Noise+1","floor":21.0},{"not_picked":["Barrage","Undo"],"picked":"Ball Lightning","floor":22.0},{"not_picked":["Steam","Cold Snap"],"picked":"Thunder Strike","floor":24.0},{"not_picked":["Cold Snap","Steam"],"picked":"White Noise","floor":27.0},{"not_picked":["Steam","Sunder","Go for the Eyes"],"picked":"SKIP","floor":28.0},{"not_picked":["Barrage","Stack"],"picked":"Compile Driver","floor":29.0},{"not_picked":["Double Energy","Recycle"],"picked":"BootSequence+1","floor":30.0},{"not_picked":["Beam Cell","Conserve Battery"],"picked":"Coolheaded+1","floor":31.0},{"not_picked":["Machine Learning+1","Meteor Strike"],"picked":"Fission","floor":33.0},{"not_picked":["Melter+1","Force Field","Beam Cell"],"picked":"SKIP","floor":35},{"not_picked":["Go for the Eyes","Chill"],"picked":"Coolheaded","floor":37},{"not_picked":["Genetic Algorithm","Cold Snap"],"picked":"Coolheaded","floor":39},{"not_picked":["Fusion","Rebound","Conserve Battery+1"],"picked":"SKIP","floor":41},{"not_picked":["Multi-Cast","Gash","Steam Power"],"picked":"SKIP","floor":44},{"not_picked":["Rip and Tear+1","Beam Cell"],"picked":"Compile Driver","floor":46},{"not_picked":["Heatsinks+1","Go for the Eyes"],"picked":"Capacitor+1","floor":47},{"not_picked":["Chaos","Streamline"],"picked":"Capacitor+1","floor":54}],"player_experience":988965,"relics_obtained":[{"floor":6.0,"key":"War Paint"},{"floor":8.0,"key":"Frozen Egg 2"},{"floor":10.0,"key":"Ancient Tea Set"},{"floor":13.0,"key":"Odd Mushroom"},{"floor":22.0,"key":"Red Mask"},{"floor":24.0,"key":"CeramicFish"},{"floor":26.0,"key":"Bag of Marbles"},{"floor":28.0,"key":"Gremlin Horn"},{"floor":30.0,"key":"Smiling Mask"},{"floor":41,"key":"DataDisk"},{"floor":43,"key":"Bottled Tornado"},{"floor":44,"key":"Ginger"},{"floor":47,"key":"Pantograph"},{"floor":54,"key":"Centennial Puzzle"}],"event_choices":[{"damage_healed":0.0,"max_hp_gain":0.0,"max_hp_loss":0.0,"gold_gain":71.0,"event_name":"Golden Wing","player_choice":"Gained Gold","floor":12.0,"gold_loss":0.0,"damage_taken":0.0},{"damage_healed":0.0,"max_hp_gain":0.0,"max_hp_loss":0.0,"gold_gain":0.0,"event_name":"Mushrooms","player_choice":"Fought Mushrooms","floor":13.0,"gold_loss":0.0,"damage_taken":0.0},{"damage_healed":0.0,"max_hp_gain":0.0,"max_hp_loss":0.0,"gold_gain":0.0,"event_name":"FaceTrader","player_choice":"Trade","floor":14.0,"gold_loss":0.0,"damage_taken":0.0,"relics_obtained":["FaceOfCleric"]},{"damage_healed":0.0,"max_hp_gain":0.0,"max_hp_loss":0.0,"gold_gain":0.0,"cards_transformed":["Sunder"],"event_name":"Transmorgrifier","player_choice":"Transformed","floor":20.0,"gold_loss":0.0,"damage_taken":0.0,"cards_obtained":["Loop"]},{"damage_healed":0.0,"max_hp_gain":0.0,"max_hp_loss":0.0,"gold_gain":0.0,"event_name":"Masked Bandits","player_choice":"Fought Bandits","floor":22.0,"gold_loss":0.0,"damage_taken":0.0},{"damage_healed":0,"gold_gain":0,"player_choice":"Copied","damage_taken":0,"max_hp_gain":0,"max_hp_loss":0,"event_name":"Duplicator","floor":38,"gold_loss":0,"cards_obtained":["Biased Cognition"]},{"damage_healed":0,"gold_gain":222,"player_choice":"Wore Mask","damage_taken":0,"max_hp_gain":0,"max_hp_loss":0,"event_name":"Tomb of Lord Red Mask","floor":48,"gold_loss":0}],"is_beta":false,"boss_relics":[{"not_picked":["Ectoplasm","Sozu"],"picked":"Coffee Dripper"},{"not_picked":["Empty Cage","Philosopher\u0027s Stone"],"picked":"Inserter"}],"items_purged_floors":[19,36],"is_endless":false,"potions_floor_spawned":[1,3,4,13,16,22,27,29,30,33,37,41,46],"ascension_level":18}}