{"host":"2se5dq1do2gp0x9k","time":1611465911,"event":{"mods":["AchievementEnabler","BaseMod","Block Reminder","Colored Map","Colored Powertips","Minty Spire (QoL Compilation)","Relic Stats","StSLib","SuperFastMode"],"gold_per_floor":[113,132,149,161,174,174,209,209,209,209,134,156,156,53,53,53,53],"floor_reached":16,"language":"ENG","playtime":584,"items_purged":["Strike_G"],"score":200,"play_id":"3dce6217-9e84-4409-96c3-f022d170a1e1","local_time":"20210123212511","is_ascension_mode":true,"campfire_choices":[{"data":"Dagger Spray","floor":6.0,"key":"SMITH"},{"data":"Blade Dance","floor":10.0,"key":"SMITH"},{"data":"Tactician","floor":13.0,"key":"SMITH"},{"data":"Leg Sweep","floor":15,"key":"SMITH"}],"circlet_count":0,"master_deck":["AscendersBane","Strike_G","Strike_G","Defend_G","Defend_G","Defend_G","Defend_G","Survivor","Neutralize","Quick Slash","Poisoned Stab","Backflip","Leg Sweep+1","Dagger Spray+1","Acrobatics","Prepared","Blade Dance+1","Slice","Tactician+1","Trip"],"relics":["Ring of the Snake","StrikeDummy","Pen Nib","Odd Mushroom"],"acts_visited":["Exordium"],"potions_floor_usage":[16,16],"damage_taken":[{"damage":2.0,"enemies":"Jaw Worm","floor":1.0,"turns":3.0},{"damage":0.0,"enemies":"Small Slimes","floor":2.0,"turns":4.0},{"damage":0.0,"enemies":"2 Louse","floor":3.0,"turns":2.0},{"damage":0.0,"enemies":"Blue Slaver","floor":4.0,"turns":4.0},{"damage":1.0,"enemies":"Gremlin Gang","floor":5.0,"turns":8.0},{"damage":25.0,"enemies":"3 Sentries","floor":7.0,"turns":9.0},{"damage":5.0,"enemies":"The Mushroom Lair","floor":12.0,"turns":4.0},{"damage":13,"enemies":"Hexaghost","floor":16,"turns":9}],"seed_played":"-3786455128435208630","potions_obtained":[{"floor":2.0,"key":"SkillPotion"},{"floor":5.0,"key":"Weak Potion"},{"floor":7.0,"key":"Swift Potion"},{"floor":12.0,"key":"EssenceOfSteel"}],"is_trial":false,"path_per_floor":["M","M","M","M","M","R","E","?","T","R","$","?","R","$","R","B"],"character_chosen":"THE_SILENT","items_purchased":["Trip"],"campfire_rested":0,"item_purchase_floors":[14],"current_hp_per_floor":[42,42,42,42,41,41,16,16,16,16,16,11,11,11,11,0,0],"gold":53,"neow_bonus":"TRANSFORM_TWO_CARDS","is_daily":false,"chose_seed":false,"campfire_upgraded":4,"win_rate":0.0,"timestamp":1611465911,"path_taken":["M","M","M","M","M","R","E","?","T","R","$","?","R","$","R","BOSS"],"items_purchased_type":["Card"],"build_version":"2020-12-22","purchased_purges":1,"victory":false,"max_hp_per_floor":[66,66,66,66,66,66,66,66,66,66,66,66,66,66,66,66,66],"relic_stats":{"counters":[8,43],"Pen Nib":[3],"obtain_stats":[{"Pen Nib":9,"Odd Mushroom":12,"StrikeDummy":7,"Ring of the Snake":0},{"Pen Nib":6,"Odd Mushroom":7,"StrikeDummy":6,"Ring of the Snake":0},{"Pen Nib":30,"Odd Mushroom":34,"StrikeDummy":30,"Ring of the Snake":0}],"Ring of the Snake":[16]},"card_choices":[{"not_picked":["Flying Knee","Dagger Throw"],"picked":"Backflip","floor":1.0},{"not_picked":["Dagger Spray","Sucker Punch"],"picked":"Leg Sweep","floor":2.0},{"not_picked":["Slice","Bane"],"picked":"Dagger Spray","floor":3.0},{"not_picked":["Prepared","Dagger Throw"],"picked":"Acrobatics","floor":4.0},{"not_picked":["Outmaneuver","Sucker Punch"],"picked":"Prepared","floor":5.0},{"not_picked":["Deadly Poison","A Thousand Cuts"],"picked":"Blade Dance","floor":7.0},{"not_picked":["Prepared","Concentrate"],"picked":"Tactician","floor":12.0}],"player_experience":3948260,"relics_obtained":[{"floor":7.0,"key":"StrikeDummy"},{"floor":9.0,"key":"Pen Nib"},{"floor":12.0,"key":"Odd Mushroom"}],"event_choices":[{"damage_healed":0.0,"max_hp_gain":0.0,"max_hp_loss":0.0,"gold_gain":0.0,"cards_transformed":["Strike_G"],"event_name":"Living Wall","player_choice":"Change","floor":8.0,"gold_loss":0.0,"damage_taken":0.0,"cards_obtained":["Slice"]},{"damage_healed":0.0,"max_hp_gain":0.0,"max_hp_loss":0.0,"gold_gain":0.0,"event_name":"Mushrooms","player_choice":"Fought Mushrooms","floor":12.0,"gold_loss":0.0,"damage_taken":0.0}],"is_beta":false,"boss_relics":[],"items_purged_floors":[11],"is_endless":false,"potions_floor_spawned":[2,5,7,12],"killed_by":"Hexaghost","ascension_level":20}}