{"host":"gobyjzz6xbwq9f9i","time":1611526303,"event":{"mods":["AchievementEnabler","BaseMod","Bestiary","Colored Map","Minty Spire (QoL Compilation)"],"gold_per_floor":[116,134,134,148,168,168,185,185,208,237,237,269,269,283,283,386,386,356,370,17,28,28,28,38,48,48,77,77,109,121,132,132,132,132],"floor_reached":33,"language":"ENG","playtime":1460,"items_purged":["Decay"],"score":452,"play_id":"2ebf0908-fdcb-4fa3-a30d-cafbb0081c3a","local_time":"20210124141143","is_ascension_mode":true,"campfire_choices":[{"data":"Carnage","floor":6.0,"key":"SMITH"},{"data":"Hemokinesis","floor":8.0,"key":"SMITH"},{"data":"Pommel Strike","floor":15.0,"key":"SMITH"},{"floor":23,"key":"REST"},{"data":"Flame Barrier","floor":28,"key":"SMITH"},{"floor":32,"key":"REST"}],"circlet_count":0,"master_deck":["AscendersBane","Strike_R+1","Strike_R+1","Defend_R+1","Defend_R+1","Defend_R+1","Defend_R+1","Bash+1","Shrug It Off","Carnage+1","Pommel Strike+1","Twin Strike+1","Hemokinesis+1","Anger","Impervious","Burning Pact+1","Infernal Blade+1","Juggernaut+1","Flame Barrier+1","Spot Weakness+1","Spot Weakness+1","Feel No Pain","Heavy Blade","Second Wind","Limit Break"],"relics":["Burning Blood","Ancient Tea Set","War Paint","Smiling Mask","Astrolabe","Strawberry","DollysMirror","Self Forming Clay","Girya","Art of War"],"acts_visited":["Exordium","TheCity"],"potions_floor_usage":[25,27,31,31,33],"damage_taken":[{"damage":14.0,"enemies":"Small Slimes","floor":1.0,"turns":4.0},{"damage":1.0,"enemies":"Cultist","floor":2.0,"turns":4.0},{"damage":3.0,"enemies":"Jaw Worm","floor":4.0,"turns":5.0},{"damage":6.0,"enemies":"Blue Slaver","floor":5.0,"turns":6.0},{"damage":32.0,"enemies":"Gremlin Gang","floor":7.0,"turns":5.0},{"damage":19.0,"enemies":"3 Sentries","floor":10.0,"turns":6.0},{"damage":21.0,"enemies":"Lagavulin","floor":12.0,"turns":5.0},{"damage":6.0,"enemies":"2 Fungi Beasts","floor":14.0,"turns":3.0},{"damage":12.0,"enemies":"Slime Boss","floor":16.0,"turns":9.0},{"damage":21,"enemies":"2 Thieves","floor":18,"turns":5},{"damage":32,"enemies":"Shell Parasite","floor":19,"turns":5},{"damage":22,"enemies":"Snecko","floor":21,"turns":5},{"damage":2,"enemies":"Snake Plant","floor":24,"turns":2},{"damage":3,"enemies":"Centurion and Healer","floor":25,"turns":5},{"damage":15,"enemies":"Slavers","floor":27,"turns":5},{"damage":42,"enemies":"Book of Stabbing","floor":29,"turns":6},{"damage":8,"enemies":"Cultist and Chosen","floor":30,"turns":6},{"damage":5,"enemies":"Sentry and Sphere","floor":31,"turns":5},{"damage":53,"enemies":"Automaton","floor":33,"turns":8}],"seed_played":"-1090972223485017659","potions_obtained":[{"floor":2.0,"key":"FearPotion"},{"floor":3.0,"key":"PowerPotion"},{"floor":3.0,"key":"ElixirPotion"},{"floor":5.0,"key":"BloodPotion"},{"floor":7.0,"key":"DuplicationPotion"},{"floor":10.0,"key":"GamblersBrew"},{"floor":14.0,"key":"GamblersBrew"},{"floor":18,"key":"LiquidMemories"},{"floor":24,"key":"BloodPotion"},{"floor":30,"key":"Energy Potion"},{"floor":31,"key":"HeartOfIron"}],"is_trial":false,"path_per_floor":["M","M","?","M","M","R","M","R","T","E","?","E","?","M","R","B",null,"M","M","$","M","?","R","M","M","T","E","R","E","M","M","R","B"],"character_chosen":"IRONCLAD","items_purchased":["Strawberry","DollysMirror"],"campfire_rested":2,"item_purchase_floors":[20,20],"current_hp_per_floor":[64,69,69,72,72,72,62,62,62,49,49,34,34,34,34,28,67,52,26,33,17,17,43,47,67,67,58,58,22,20,21,47,0,0],"gold":132,"neow_bonus":"UPGRADE_CARD","is_daily":false,"chose_seed":false,"campfire_upgraded":4,"win_rate":0.0,"timestamp":1611526303,"path_taken":["M","M","?","M","?","R","M","R","T","E","?","E","?","M","R","BOSS","M","M","$","?","?","R","M","M","T","E","R","E","M","M","R","BOSS"],"items_purchased_type":["Relic","Relic"],"build_version":"2020-12-22","purchased_purges":1,"victory":false,"max_hp_per_floor":[80,80,80,80,80,80,80,80,80,80,80,80,80,80,80,80,80,80,80,87,87,87,87,87,87,87,87,87,87,87,87,87,87,87],"card_choices":[{"not_picked":["Havoc","Bloodletting"],"picked":"Shrug It Off","floor":1.0},{"not_picked":["Clash","Clothesline"],"picked":"Carnage","floor":2.0},{"not_picked":["Iron Wave","Burning Pact"],"picked":"Pommel Strike","floor":4.0},{"not_picked":["Fire Breathing","Inflame"],"picked":"Twin Strike","floor":5.0},{"not_picked":["Metallicize","Rage"],"picked":"Hemokinesis","floor":7.0},{"not_picked":["Body Slam","Twin Strike","Reckless Charge"],"picked":"SKIP","floor":10.0},{"not_picked":["Bloodletting","Clothesline"],"picked":"Anger","floor":12.0},{"not_picked":["Hemokinesis","Infernal Blade","Headbutt"],"picked":"SKIP","floor":14.0},{"not_picked":["Exhume","Fiend Fire"],"picked":"Impervious","floor":16.0},{"not_picked":["Pommel Strike+1","Cleave"],"picked":"Flame Barrier","floor":18},{"not_picked":["Disarm+1","Pommel Strike"],"picked":"Spot Weakness+1","floor":19},{"not_picked":["Spot Weakness","Flex+1"],"picked":"Feel No Pain","floor":21},{"not_picked":["Armaments","Pommel Strike"],"picked":"Heavy Blade","floor":24},{"not_picked":["Bludgeon","Thunderclap","Headbutt"],"picked":"SKIP","floor":25},{"not_picked":["Shrug It Off","Cleave+1"],"picked":"Second Wind","floor":27},{"not_picked":["Carnage","Thunderclap"],"picked":"Limit Break","floor":29},{"not_picked":["Clash","Twin Strike","Heavy Blade"],"picked":"SKIP","floor":30},{"not_picked":["Iron Wave+1","Pommel Strike","Searing Blow"],"picked":"SKIP","floor":31}],"player_experience":1150449,"relics_obtained":[{"floor":9.0,"key":"Ancient Tea Set"},{"floor":10.0,"key":"War Paint"},{"floor":12.0,"key":"Smiling Mask"},{"floor":26,"key":"Self Forming Clay"},{"floor":27,"key":"Girya"},{"floor":29,"key":"Art of War"}],"event_choices":[{"damage_healed":0.0,"max_hp_gain":0.0,"max_hp_loss":0.0,"gold_gain":0.0,"event_name":"Lab","player_choice":"Got Potions","floor":3.0,"gold_loss":0.0,"damage_taken":0.0},{"damage_healed":0.0,"max_hp_gain":0.0,"max_hp_loss":0.0,"gold_gain":0.0,"event_name":"Living Wall","player_choice":"Grow","floor":11.0,"gold_loss":0.0,"damage_taken":0.0,"cards_upgraded":["Twin Strike"]},{"damage_healed":0.0,"max_hp_gain":0.0,"max_hp_loss":0.0,"gold_gain":0.0,"event_name":"Wheel of Change","player_choice":"Cursed","floor":13.0,"gold_loss":0.0,"damage_taken":0.0,"cards_obtained":["Decay"]},{"damage_healed":0,"gold_gain":0,"player_choice":"Simplicity","damage_taken":0,"max_hp_gain":0,"max_hp_loss":0,"event_name":"Back to Basics","floor":22,"gold_loss":0,"cards_upgraded":["Strike_R","Strike_R","Defend_R","Defend_R"]}],"is_beta":false,"boss_relics":[{"not_picked":["SacredBark","Busted Crown"],"picked":"Astrolabe"}],"items_purged_floors":[20],"is_endless":false,"potions_floor_spawned":[2,5,7,10,14,18,19,24,30,31],"killed_by":"Automaton","ascension_level":10}}