{"host":"fubl5olmpa6illow","time":1611528998,"event":{"mods":["BaseMod","Colored Map","Colored Powertips","Highlight Path","Minty Spire (QoL Compilation)","Quick Restart","Random Character Button","Relic Sorter","Relic Stats"],"gold_per_floor":[119,134,134,150,150,150,180,180,248,282,297,314,10,10,10,139,139,157,172,97,74,40,83,95,138,173,209,241,253,95,20,20,150,150,174,449,472,203,227,227,267,267,267,287,320,346,346,360,360,360,360,360,39,80,80],"floor_reached":56,"language":"ENG","playtime":9809,"items_purged":["Defend_P","Regret","Strike_P"],"score":1401,"play_id":"0726d8f9-e948-4303-9a0f-b5e2edffacb4","local_time":"20210124235638","is_ascension_mode":true,"campfire_choices":[{"data":"Eruption","floor":6.0,"key":"SMITH"},{"data":"TalkToTheHand","floor":8.0,"key":"SMITH"},{"data":"Wallop","floor":15.0,"key":"SMITH"},{"data":"TalkToTheHand","floor":29.0,"key":"SMITH"},{"data":"Worship","floor":32.0,"key":"SMITH"},{"data":"Devotion","floor":40.0,"key":"SMITH"},{"floor":42.0,"key":"RECALL"},{"data":"Panache","floor":47.0,"key":"SMITH"},{"data":"DeusExMachina","floor":49,"key":"SMITH"},{"data":"CutThroughFate","floor":52,"key":"SMITH"}],"circlet_count":0,"master_deck":["Strike_P+1","Defend_P+1","Defend_P+1","Eruption+1","Vigilance+1","CurseOfTheBell","JustLucky+1","WaveOfTheHand+1","TalkToTheHand+1","Prostrate+1","Worship+1","CutThroughFate+1","EmptyFist+1","LessonLearned+1","Wallop+1","DeusExMachina+1","Devotion+1","ConjureBlade+1","FollowUp+1","Meditate+1","ThirdEye+1","JustLucky","TalkToTheHand+1","Consecrate","Brilliance+1","Swivel+1","Panache+1","Devotion+1","Halt+1","TalkToTheHand+1","Master of Strategy","FlurryOfBlows+1"],"relics":["Calling Bell","MealTicket","Meat on the Bone","Mango","Ancient Tea Set","Bottled Flame","Vajra","Golden Idol","Astrolabe","MawBank","Question Card","Anchor","Runic Pyramid","Incense Burner","Singing Bowl","Happy Flower","Strawberry","Damaru"],"acts_visited":["Exordium","TheCity","TheBeyond","TheEnding"],"potions_floor_usage":[50,55],"damage_taken":[{"damage":20.0,"enemies":"Small Slimes","floor":1.0,"turns":6.0},{"damage":2.0,"enemies":"Jaw Worm","floor":2.0,"turns":3.0},{"damage":1.0,"enemies":"2 Louse","floor":4.0,"turns":4.0},{"damage":7.0,"enemies":"Gremlin Nob","floor":7.0,"turns":3.0},{"damage":29.0,"enemies":"Lagavulin","floor":10.0,"turns":10.0},{"damage":15.0,"enemies":"Gremlin Gang","floor":11.0,"turns":5.0},{"damage":11.0,"enemies":"Lots of Slimes","floor":12.0,"turns":5.0},{"damage":35.0,"enemies":"Hexaghost","floor":16.0,"turns":10.0},{"damage":54.0,"enemies":"2 Thieves","floor":18.0,"turns":4.0},{"damage":17.0,"enemies":"Shell Parasite","floor":19.0,"turns":5.0},{"damage":10.0,"enemies":"Gremlin Leader","floor":23.0,"turns":5.0},{"damage":12.0,"enemies":"Book of Stabbing","floor":25.0,"turns":4.0},{"damage":8.0,"enemies":"Chosen and Byrds","floor":27.0,"turns":4.0},{"damage":2.0,"enemies":"Cultist and Chosen","floor":28.0,"turns":5.0},{"damage":46.0,"enemies":"Champ","floor":33.0,"turns":10.0},{"damage":18.0,"enemies":"3 Darklings","floor":35.0,"turns":5.0},{"damage":28.0,"enemies":"3 Shapes","floor":37.0,"turns":5.0},{"damage":30.0,"enemies":"Sphere and 2 Shapes","floor":39.0,"turns":5.0},{"damage":8.0,"enemies":"Reptomancer","floor":41.0,"turns":6.0},{"damage":13.0,"enemies":"Writhing Mass","floor":44.0,"turns":6.0},{"damage":0.0,"enemies":"Giant Head","floor":45.0,"turns":7.0},{"damage":0,"enemies":"Transient","floor":48,"turns":5},{"damage":31,"enemies":"Donu and Deca","floor":50,"turns":7},{"damage":24,"enemies":"Shield and Spear","floor":54,"turns":5},{"damage":30,"enemies":"The Heart","floor":55,"turns":9}],"seed_played":"4486056680557789285","potions_obtained":[{"floor":4.0,"key":"PowerPotion"},{"floor":7.0,"key":"Energy Potion"},{"floor":11.0,"key":"BottledMiracle"},{"floor":12.0,"key":"AttackPotion"},{"floor":16.0,"key":"SneckoOil"},{"floor":18.0,"key":"AttackPotion"},{"floor":19.0,"key":"LiquidMemories"},{"floor":33.0,"key":"Fire Potion"},{"floor":35.0,"key":"FearPotion"},{"floor":39.0,"key":"FearPotion"},{"floor":48,"key":"PowerPotion"}],"is_trial":false,"path_per_floor":["M","M","?","M","?","R","E","R","T","E","M","M","$","?","R","B",null,"M","M","?","$","$","E","?","E","T","M","M","R","$","$","R","B",null,"M","?","M","$","M","R","E","R","T","M","E","T","R","M","R","B",null,"R","$","E","B",null],"character_chosen":"WATCHER","items_purchased":["LessonLearned","Wallop","DeusExMachina","JustLucky","TalkToTheHand","Panache","Master of Strategy","Strawberry","Weak Potion"],"campfire_rested":0,"item_purchase_floors":[13,13,13,21,22,30,38,53,53],"current_hp_per_floor":[66,64,69,68,61,61,54,54,54,37,34,35,50,50,50,27,91,49,44,44,59,74,64,64,52,52,56,54,54,69,84,84,50,91,73,73,57,72,54,54,46,46,46,45,59,59,59,61,61,42,95,95,102,80,62],"gold":80,"neow_bonus":"BOSS_RELIC","is_daily":false,"chose_seed":false,"campfire_upgraded":9,"win_rate":0.0,"timestamp":1611528998,"path_taken":["M","M","?","M","?","R","E","R","T","E","M","M","$","?","R","BOSS","M","M","?","?","$","E","?","E","T","M","?","R","?","$","R","BOSS","M","?","?","$","M","R","E","R","T","M","E","?","R","M","R","BOSS","R","$","E","BOSS"],"items_purchased_type":["Card","Card","Card","Card","Card","Card","Card","Relic","Potion"],"build_version":"2020-12-22","purchased_purges":3,"victory":true,"max_hp_per_floor":[86,86,91,91,91,91,91,91,91,91,91,91,91,91,91,91,91,91,91,91,91,91,91,91,91,91,91,91,91,91,91,91,91,91,91,91,91,91,91,91,91,91,91,91,93,93,93,95,95,95,95,95,102,104,104],"relic_stats":{"Singing Bowl":6,"Happy Flower":[8],"counters":[25,143],"Golden Idol":180,"Astrolabe":["ConjureBlade","FollowUp","Normality"],"MealTicket":90,"MawBank":84,"Question Card":11,"obtain_stats":[{"Singing Bowl":43,"Happy Flower":45,"Golden Idol":14,"Astrolabe":17,"Vajra":10,"Damaru":54,"Mango":0,"Incense Burner":41,"Ancient Tea Set":7,"MawBank":23,"Question Card":25,"Calling Bell":0,"Bottled Flame":9,"Anchor":26,"Strawberry":53,"MealTicket":0,"PureWater":0,"Meat on the Bone":0,"Runic Pyramid":34},{"Singing Bowl":19,"Happy Flower":21,"Golden Idol":7,"Astrolabe":8,"Vajra":5,"Damaru":24,"Mango":0,"Incense Burner":19,"Ancient Tea Set":4,"MawBank":11,"Question Card":12,"Calling Bell":0,"Bottled Flame":4,"Anchor":12,"Strawberry":23,"MealTicket":0,"PureWater":0,"Meat on the Bone":0,"Runic Pyramid":15},{"Singing Bowl":104,"Happy Flower":117,"Golden Idol":36,"Astrolabe":46,"Vajra":26,"Damaru":134,"Mango":0,"Incense Burner":104,"Ancient Tea Set":16,"MawBank":60,"Question Card":64,"Calling Bell":0,"Bottled Flame":16,"Anchor":64,"Strawberry":129,"MealTicket":0,"PureWater":0,"Meat on the Bone":0,"Runic Pyramid":83}],"Meat on the Bone":168},"card_choices":[{"not_picked":["CrushJoints","Nirvana"],"picked":"JustLucky","floor":1.0},{"not_picked":["Protect","Evaluate"],"picked":"WaveOfTheHand","floor":2.0},{"not_picked":["MentalFortress","Adaptation"],"picked":"TalkToTheHand","floor":4.0},{"not_picked":["SashWhip","EmptyFist"],"picked":"Prostrate","floor":7.0},{"not_picked":["SandsOfTime","FearNoEvil"],"picked":"Worship","floor":10.0},{"not_picked":["ThirdEye","SashWhip"],"picked":"CutThroughFate","floor":11.0},{"not_picked":["PathToVictory","WheelKick"],"picked":"EmptyFist","floor":12.0},{"not_picked":["ConjureBlade","Ragnarok"],"picked":"Devotion","floor":16.0},{"not_picked":["PathToVictory+1","BowlingBash+1"],"picked":"Meditate+1","floor":18.0},{"not_picked":["LikeWater","SignatureMove"],"picked":"ThirdEye+1","floor":19.0},{"not_picked":["ReachHeaven","EmptyFist"],"picked":"Consecrate","floor":23.0},{"not_picked":["CarveReality+1","WreathOfFlame"],"picked":"Brilliance","floor":25.0},{"not_picked":["EmptyBody","WreathOfFlame","PathToVictory","ThirdEye"],"picked":"SKIP","floor":27.0},{"not_picked":["EmptyBody","FlyingSleeves","Wireheading"],"picked":"Swivel+1","floor":28.0},{"not_picked":["Scrawl","Ragnarok","Wish"],"picked":"Devotion","floor":33.0},{"not_picked":["Crescendo+1","BowlingBash+1","InnerPeace+1"],"picked":"Halt+1","floor":35.0},{"not_picked":["LessonLearned","Consecrate+1","CrushJoints"],"picked":"TalkToTheHand+1","floor":37.0},{"not_picked":["SignatureMove+1","Consecrate","ReachHeaven+1","ThirdEye"],"picked":"SKIP","floor":39.0},{"not_picked":["Adaptation","BowlingBash+1","FlyingSleeves+1","FearNoEvil"],"picked":"SKIP","floor":41.0},{"not_picked":["LessonLearned","SashWhip","FlyingSleeves+1"],"picked":"FlurryOfBlows+1","floor":44.0},{"not_picked":["EmptyBody+1","SignatureMove+1","Conclude+1","CrushJoints"],"picked":"Singing Bowl","floor":45.0},{"not_picked":["EmptyBody+1","Collect","InnerPeace+1","Protect"],"picked":"Singing Bowl","floor":48},{"not_picked":["FlurryOfBlows+1","ClearTheMind+1","Scrawl","CarveReality+1"],"picked":"Singing Bowl","floor":54}],"player_experience":326428,"relics_obtained":[{"floor":0.0,"key":"MealTicket"},{"floor":0.0,"key":"Meat on the Bone"},{"floor":0.0,"key":"Mango"},{"floor":7.0,"key":"Ancient Tea Set"},{"floor":9.0,"key":"Bottled Flame"},{"floor":10.0,"key":"Vajra"},{"floor":23.0,"key":"MawBank"},{"floor":25.0,"key":"Question Card"},{"floor":26.0,"key":"Anchor"},{"floor":41.0,"key":"Incense Burner"},{"floor":43.0,"key":"Singing Bowl"},{"floor":45.0,"key":"Happy Flower"},{"floor":54,"key":"Damaru"}],"event_choices":[{"damage_healed":0.0,"max_hp_gain":5.0,"max_hp_loss":0.0,"gold_gain":0.0,"event_name":"Big Fish","player_choice":"Donut","floor":3.0,"gold_loss":0.0,"damage_taken":0.0},{"cards_removed":["Strike_P"],"damage_healed":0.0,"max_hp_gain":0.0,"max_hp_loss":0.0,"gold_gain":0.0,"event_name":"Golden Wing","player_choice":"Card Removal","floor":5.0,"gold_loss":0.0,"damage_taken":7.0},{"damage_healed":0.0,"max_hp_gain":0.0,"max_hp_loss":0.0,"gold_gain":0.0,"event_name":"Golden Idol","player_choice":"Take Wound","floor":14.0,"gold_loss":0.0,"damage_taken":0.0,"relics_obtained":["Golden Idol"],"cards_obtained":["Injury"]},{"cards_removed":["Normality"],"damage_healed":0.0,"max_hp_gain":0.0,"max_hp_loss":0.0,"gold_gain":0.0,"event_name":"Beggar","player_choice":"Gave Gold","floor":20.0,"gold_loss":75.0,"damage_taken":0.0},{"damage_healed":0.0,"max_hp_gain":0.0,"max_hp_loss":0.0,"gold_gain":0.0,"event_name":"Upgrade Shrine","player_choice":"Upgraded","floor":24.0,"gold_loss":0.0,"damage_taken":0.0,"cards_upgraded":["Devotion"]},{"damage_healed":0.0,"max_hp_gain":0.0,"max_hp_loss":0.0,"gold_gain":275.0,"event_name":"Golden Shrine","player_choice":"Desecrate","floor":36.0,"gold_loss":0.0,"damage_taken":0.0,"cards_obtained":["Regret"]}],"is_beta":false,"boss_relics":[{"not_picked":["Busted Crown","Snecko Eye"],"picked":"Astrolabe"},{"not_picked":["SacredBark","Empty Cage"],"picked":"Runic Pyramid"}],"items_purged_floors":[31,38,53],"is_endless":false,"potions_floor_spawned":[4,7,11,12,16,18,19,33,35,39,48],"ascension_level":2}}