{"host":"h1qktzcccqnez8tx","time":1611499133,"event":{"mods":["BaseMod","Block Reminder","Colored Map","Colored Powertips","Curses Come First","Highlight Path","Infinite Spire","Minty Spire (QoL Compilation)","Permanent Neow","Quick Restart","Replay The Spire","StSLib","The Jungle"],"gold_per_floor":[115,115,134,152,169,195,195,220,220,240,259,278,278,294,294,294,294],"floor_reached":16,"language":"ENG","playtime":854,"items_purged":[],"score":145,"play_id":"234c7829-8689-455c-9cbe-55b905511ff5","local_time":"20210124153853","daily_mods":["Draft","Colorless Cards"],"is_ascension_mode":true,"campfire_choices":[{"data":"True Grit","floor":7,"key":"SMITH"},{"floor":13,"key":"REST"},{"data":"True Grit","floor":15,"key":"SMITH"}],"circlet_count":0,"master_deck":["Thunderclap","True Grit+1","ReplayTheSpireMod:Strike From Hell","True Grit+1","Dual Wield","Dark Embrace","Pommel Strike","Battle Trance","ReplayTheSpireMod:Strike From Hell","Panacea","Trip","Shockwave","Headbutt","True Grit","Pommel Strike","Intimidate","ReplayTheSpireMod:Strike From Hell","Dual Wield","Blind","Replay:Sssssssssshield"],"relics":["Burning Blood","Lantern","Replay:Towering Pillar of Hats","Replay:PocketPolymizer"],"acts_visited":["Exordium"],"potions_floor_usage":[5,5,6,16],"damage_taken":[{"damage":10,"enemies":"Small Slimes","floor":1,"turns":3},{"damage":4,"enemies":"Cultist","floor":3,"turns":4},{"damage":2,"enemies":"2 Louse","floor":4,"turns":2},{"damage":14,"enemies":"Gremlin Gang","floor":5,"turns":4},{"damage":36,"enemies":"3 Sentries","floor":6,"turns":6},{"damage":41,"enemies":"Gremlin Nob","floor":8,"turns":4},{"damage":5,"enemies":"Exordium Wildlife","floor":10,"turns":4},{"damage":0,"enemies":"Large Slime","floor":11,"turns":4},{"damage":8,"enemies":"Looter","floor":12,"turns":2},{"damage":0,"enemies":"Exordium Wildlife","floor":14,"turns":2},{"damage":40,"enemies":"The Guardian","floor":16,"turns":9}],"seed_played":"-4295150950998671272","potions_obtained":[{"floor":1,"key":"ColorlessPotion"},{"floor":3,"key":"ColorlessPotion"},{"floor":4,"key":"Fire Potion"},{"floor":6,"key":"SpeedPotion"},{"floor":12,"key":"Strength Potion"}],"is_trial":true,"path_per_floor":["M","?","M","M","M","E","R","E","T","M","M","M","R","M","R","B"],"character_chosen":"IRONCLAD","items_purchased":[],"campfire_rested":1,"item_purchase_floors":[],"current_hp_per_floor":[76,80,80,80,72,42,42,7,7,8,14,12,36,42,42,2,2],"gold":294,"neow_bonus":"","is_daily":false,"chose_seed":false,"campfire_upgraded":2,"win_rate":0.0,"timestamp":1611499133,"path_taken":["M","?","M","M","M","E","R","E","T","?","M","M","R","M","R","BOSS"],"items_purchased_type":[],"build_version":"2020-12-22","purchased_purges":0,"victory":false,"max_hp_per_floor":[80,80,80,80,80,80,80,80,80,80,80,80,80,80,80,80,80],"card_choices":[{"not_picked":["Discovery","ReplayTheSpireMod:Trickstab"],"picked":"Armaments","floor":0},{"not_picked":["Searing Blow","Infernal Blade"],"picked":"Thunderclap","floor":0},{"not_picked":["Deep Breath","Twin Strike"],"picked":"True Grit","floor":0},{"not_picked":["ReplayTheSpireMod:Corrosion Curse","Run Through"],"picked":"Replay:Parry","floor":0},{"not_picked":["Heavy Blade","Sword Boomerang"],"picked":"ReplayTheSpireMod:Strike From Hell","floor":0},{"not_picked":["Clash","Armaments"],"picked":"True Grit","floor":0},{"not_picked":["Impatience","Life Link"],"picked":"Dual Wield","floor":0},{"not_picked":["Flex","Wild Strike"],"picked":"Dark Embrace","floor":0},{"not_picked":["Anger","Thunderclap"],"picked":"Pommel Strike","floor":0},{"not_picked":["Body Slam","Armaments"],"picked":"Sword Boomerang","floor":0},{"not_picked":["Searing Blow","Havoc"],"picked":"Battle Trance","floor":0},{"not_picked":["Swift Strike","Cleave"],"picked":"ReplayTheSpireMod:Strike From Hell","floor":0},{"not_picked":["Clash","Deep Breath"],"picked":"Panacea","floor":0},{"not_picked":["Havoc","Thunderclap"],"picked":"Trip","floor":0},{"not_picked":["Twin Strike","Shrug It Off"],"picked":"Shockwave","floor":0},{"not_picked":["Finesse","Replay:Undeath\u0027s Touch","Fire Breathing"],"picked":"SKIP","floor":1},{"not_picked":["Body Slam","Thunderclap"],"picked":"Headbutt","floor":3},{"not_picked":["Replay:Sssssssssshield","Flex"],"picked":"True Grit","floor":4},{"not_picked":["Clash","Body Slam"],"picked":"Pommel Strike","floor":5},{"not_picked":["Pommel Strike","Impatience","Warcry"],"picked":"SKIP","floor":6},{"not_picked":["Twin Strike","Thunderclap","Carnage"],"picked":"SKIP","floor":8},{"not_picked":["Iron Wave","Metallicize"],"picked":"Intimidate","floor":10},{"not_picked":["Purity","Limit Break"],"picked":"ReplayTheSpireMod:Strike From Hell","floor":11},{"not_picked":["Sword Boomerang","Heavy Blade"],"picked":"Dual Wield","floor":12},{"not_picked":["Anger","Wild Strike","Pommel Strike"],"picked":"SKIP","floor":14}],"player_experience":127812,"relics_obtained":[{"floor":6,"key":"Lantern"},{"floor":8,"key":"Replay:Towering Pillar of Hats"},{"floor":9,"key":"Replay:PocketPolymizer"}],"event_choices":[{"cards_removed":["Replay:Parry"],"damage_healed":4,"gold_gain":0,"player_choice":"Offered Uncommon","damage_taken":0,"max_hp_gain":0,"max_hp_loss":0,"event_name":"Bonfire Elementals","floor":2,"gold_loss":0}],"is_beta":false,"boss_relics":[],"items_purged_floors":[],"is_endless":false,"potions_floor_spawned":[1,3,4,6,12],"killed_by":"The Guardian","ascension_level":5}}