{"host":"d9tpyi6mde8z2n96","time":1611507293,"event":{"mods":["100% Spire Juice","2.2 Compatiblity","A Penny For Your Troubles","AchievementEnabler","Act Like it!","AlwaysNeverKeys","Aspiration","BaseMod","Beaked The Cultist","Better Altar","Better Note","CapriCore","Challenge The Spire","Colored Map","Colored Powertips","Conspire","Dark Map","Defuse TimeMaze Blight","Dota2Spire","Elementarium","Energized Spire","Fox Events","Friendly Minions","Gensokyo","GifTheSpireLib","Gold Saver","Halation","Hermit","HololiveMod","Hubris","Hyrulean Relics","Infinite Spire","Jess\u0027s Bottle","Jorbs\u0027s Wanderer Trilogy","Marisa????????","Melee Mod","Minty Spire (QoL Compilation)","MostiFishMod","Pale of the Ancients","Permanent Neow","Potionbrewer","Quick Restart","Railgun Mod","Reliquary","Replay The Spire","Robot Space Explorer","RumiaBox-????????","Shop Mod","Spikes Relics","StS++","StSLib","TestMod","The Alterego","The Animator","The Blue Laboratory","The Death Knight","The Fake Hero","The Marked","The Servant 0.9.4","The Spell Scribe","Trackpad","Transform Curses","Uncapped","Virulent Crown","Waifu the Spire","Wandering Minibosses","WarShipGirlsR/????R mod","Wide Potions","Yakumo Yukari mod"],"gold_per_floor":[119,174,449,459,459,490,490,524,548,157,157,170,199,246,246,345,345,1104,1104,1120,920,920,978,978,1006,1006,1052,1106,1106],"floor_reached":28,"language":"ENG","playtime":1957,"items_purged":[],"score":509,"play_id":"8423689c-050a-4148-8836-06b999e4818f","local_time":"20210124115453","is_ascension_mode":true,"campfire_choices":[{"data":"Capacitor","floor":7,"key":"SMITH"},{"floor":15,"key":"REST"},{"data":"BlessedFruit","floor":24,"key":"SMITH"}],"circlet_count":0,"master_deck":["Strike_B","Strike_B","Strike_B","Strike_B","Defend_B","Defend_B","Defend_B","Defend_B","Zap","Dualcast","Capacitor+1","ReplayTheSpireMod:Splinters","ReplayTheSpireMod:Reroute Power","Crystallizer","Regret","Consume","Pain","Loop+1","Cold Snap","Coolheaded","Ball Lightning","MostiFishMod:IceShield","BlessedFruit+1","BlessedFruit+1","ReplayTheSpireMod:Faulty Equipment","Hatred","Gensokyo:AllTheWorldsEvil","Turbo","StSpp:Igniter","conspire:SpireCoStock","conspire:SpireCoStock","conspire:SpireCoStock","conspire:SpireCoStock","Darkness+1","Steam","Coolheaded"],"relics":["Cracked Core","testmod-TestBox","DaveBox","testmod-BatchProcessingSystem","ChiXiaoBlade","SynthV:TestCard","StSpp:SailingBoat","WarpedTongs","SecretRecord","infinitespire:CheckeredPen","aspiration:EmptySkull","Raider\u0027s Mask","DeathKnight:SindragosasSkull","StSpp:BoiledEgg","StSpp:BackupBattery","Dota2Spire:UrnOfShadows","Replay:Ancient Bell","reliquary:Buckler","trackpad:ByrdBGone","HeavenlyBonsai","wanderingMiniBosses:MasterThiefsPresence","halation:IllGainedPizza","trackpad:RapidFire","Geode"],"acts_visited":["Exordium","Elementarium:Elementarium"],"potions_floor_usage":[8,23,25],"damage_taken":[{"damage":1,"enemies":"Jaw Worm","floor":1,"turns":2},{"damage":1,"enemies":"conspire:RoseBush","floor":4,"turns":4},{"damage":28,"enemies":"Replay:BlueRogue","floor":6,"turns":6},{"damage":22,"enemies":"3 Sentries","floor":8,"turns":6},{"damage":2,"enemies":"Small Slimes","floor":12,"turns":3},{"damage":25,"enemies":"Lagavulin","floor":13,"turns":4},{"damage":14,"enemies":"Hexaghost","floor":16,"turns":5},{"damage":35,"enemies":"Elementarium:2_ELEMENTALS","floor":18,"turns":6},{"damage":14,"enemies":"Elementarium:VoidCorruption","floor":20,"turns":4},{"damage":21,"enemies":"Elementarium:ElementalPortal","floor":23,"turns":7},{"damage":29,"enemies":"Elementarium:WarGolem","floor":25,"turns":3},{"damage":4,"enemies":"Elementarium:CYCLONE_AND_LIVING_STORMCLOUD","floor":27,"turns":3},{"damage":27,"enemies":"Elementarium:ElementalPortal","floor":28,"turns":4}],"seed_played":"799496863595062257","potions_obtained":[{"floor":1,"key":"blueLaboratory:BubblePotion"},{"floor":18,"key":"potionbrewer:AcidPotion"},{"floor":23,"key":"Languid Potion"}],"is_trial":false,"path_per_floor":["M","?","?","M","?","E","R","E","T","$","T","M","E","T","R","B",null,"M","?","M","?","?","E","R","E","T","M","E"],"character_chosen":"DEFECT","items_purchased":["Raider\u0027s Mask","DeathKnight:SindragosasSkull"],"campfire_rested":1,"item_purchase_floors":[10,10],"current_hp_per_floor":[81,81,81,80,80,52,52,30,30,30,30,28,3,3,27,13,82,53,53,48,48,48,32,32,6,6,5,0,0],"gold":1106,"neow_bonus":"TEN_PERCENT_HP_BONUS","is_daily":false,"chose_seed":false,"campfire_upgraded":2,"win_rate":0.0,"timestamp":1611507293,"path_taken":["M","?","?","?","?","E","R","E","T","$","?","?","E","?","R","BOSS","M","?","M","?","?","E","R","E","T","M","E"],"items_purchased_type":["Relic","Relic"],"build_version":"2020-12-22","purchased_purges":0,"victory":false,"max_hp_per_floor":[82,82,82,82,82,82,82,82,82,82,82,82,82,82,82,82,82,88,88,94,94,94,99,99,102,102,102,105,105],"card_choices":[{"not_picked":["Compile Driver","MostiFishMod:PushDownKick"],"picked":"Capacitor","floor":1},{"not_picked":["Hello World","Stack","Aggregate","Hologram"],"picked":"ReplayTheSpireMod:Reroute Power","floor":2},{"not_picked":["Compile Driver","MostiFishMod:PushDownKick","Genetic Algorithm","Reprogram"],"picked":"Crystallizer","floor":2},{"not_picked":["Self Repair","Stack","Ball Lightning","Gash"],"picked":"Consume","floor":4},{"not_picked":["MostiFishMod:PushDownKick","Conserve Battery","Turbo","Go for the Eyes"],"picked":"Loop","floor":6},{"not_picked":["FTL","Self Repair","Biased Cognition","Streamline"],"picked":"Cold Snap","floor":8},{"not_picked":["Steam Power","Panic Button","Conserve Battery","Darkness"],"picked":"Coolheaded","floor":12},{"not_picked":["Sweeping Beam","MostiFishMod:FluxCapactior","MostiFishMod:PushDownKick","Rebound"],"picked":"Ball Lightning","floor":13},{"not_picked":["MostiFishMod:Exploitation","MostiFishMod:ActiveDefenseSystem","Electrodynamics","Thunder Strike"],"picked":"MostiFishMod:IceShield","floor":16},{"not_picked":["Writhe","hubris:Envy","infinitespire:Pacifist","Looming Evil"],"picked":"ReplayTheSpireMod:Faulty Equipment","floor":17},{"not_picked":["luka_mod:Surrender","stsjorbsmod:Withering","conspire:Blindness","Delirium"],"picked":"Hatred","floor":17},{"not_picked":["animator:Curse_GriefSeed","infinitespire:Pacifist","Shame","Delirium"],"picked":"Gensokyo:AllTheWorldsEvil","floor":17},{"not_picked":["ReplayGash","Skim","MostiFishMod:GoodWordForIt","Hologram"],"picked":"Turbo","floor":18},{"not_picked":["RefreshScreen","Turbo","Capacitor","Coolheaded"],"picked":"StSpp:Igniter","floor":20},{"not_picked":["Time Bomb","Undo+1","Panic Button","Streamline"],"picked":"Darkness+1","floor":23},{"not_picked":["Beam Cell","Fusion+1","Rebound","Turbo"],"picked":"Steam","floor":25},{"not_picked":["Beam Cell","ReplaySort+1","Redo","Streamline+1"],"picked":"Coolheaded","floor":27}],"player_experience":1107680,"relics_obtained":[{"floor":1,"key":"SynthV:TestCard"},{"floor":2,"key":"StSpp:SailingBoat"},{"floor":6,"key":"SecretRecord"},{"floor":8,"key":"infinitespire:CheckeredPen"},{"floor":9,"key":"aspiration:EmptySkull"},{"floor":11,"key":"StSpp:BoiledEgg"},{"floor":13,"key":"StSpp:BackupBattery"},{"floor":14,"key":"Dota2Spire:UrnOfShadows"},{"floor":18,"key":"wanderingMiniBosses:MasterThiefsPresence"},{"floor":23,"key":"halation:IllGainedPizza"},{"floor":25,"key":"trackpad:RapidFire"},{"floor":26,"key":"Geode"}],"event_choices":[{"damage_healed":0,"gold_gain":275,"player_choice":"Desecrate","damage_taken":0,"max_hp_gain":0,"max_hp_loss":0,"event_name":"Golden Shrine","floor":3,"gold_loss":0,"cards_obtained":["Regret"]},{"damage_healed":0,"gold_gain":0,"player_choice":"Rummage","damage_taken":0,"relics_obtained":["WarpedTongs"],"max_hp_gain":0,"max_hp_loss":0,"event_name":"Accursed Blacksmith","floor":5,"gold_loss":0,"cards_obtained":["Pain"]},{"damage_healed":0,"gold_gain":0,"player_choice":"Ignored","damage_taken":0,"max_hp_gain":0,"max_hp_loss":0,"event_name":"Elementarium:ElementalBlades","floor":19,"gold_loss":0},{"damage_healed":0,"gold_gain":0,"player_choice":"Invest 4","damage_taken":0,"max_hp_gain":0,"max_hp_loss":0,"event_name":"conspire:Investor","floor":21,"gold_loss":0},{"damage_healed":0,"gold_gain":0,"player_choice":"Ignored","damage_taken":0,"max_hp_gain":0,"max_hp_loss":0,"event_name":"Elementarium:BladeSeller","floor":22,"gold_loss":0}],"is_beta":false,"boss_relics":[{"not_picked":["StSpp:Balance","FixedStarFall"],"picked":"Replay:Ancient Bell"},{"not_picked":["Tiny Chest","Blood Vial"],"picked":"reliquary:Buckler"},{"not_picked":["Dota2Spire:Desolator","testmod-DragonStarHat"],"picked":"trackpad:ByrdBGone"},{"not_picked":["testmod-CrystalShield","Dota2Spire:Satanic"],"picked":"HeavenlyBonsai"}],"items_purged_floors":[],"is_endless":false,"potions_floor_spawned":[1,13,16,18,23,27],"killed_by":"Elementarium:ElementalPortal","ascension_level":1}}