{"host":"92ge7uk92o4z80va","time":1611495663,"event":{"mods":["AchievementEnabler","Act Like it!","BaseMod","Better Third Choice","BetterRewards","Curses Come First","Evolution","Hubris","Infinite Spire","Lobotomy","LobotomyExtend","Marisa????????","Minty Spire (QoL Compilation)","Quick Restart","Replay The Spire","Robot Space Explorer","Spire Arcade","StSLib","The Blue Laboratory","The Bug Knight","The Jungle","The Runesmith"],"gold_per_floor":[112,131,144,53,53,53,78,78,78,96,119,119,159,177,177,300,300,300,300],"floor_reached":18,"language":"ENG","playtime":805,"items_purged":[],"score":189,"play_id":"f0879ad7-5d52-4bc0-8558-2388c8292fee","local_time":"20210124084103","is_ascension_mode":false,"campfire_choices":[{"data":"Jack Of All Trades","floor":6,"key":"SMITH"},{"data":"HollowMod:GreatSlash","floor":15,"key":"SMITH"}],"circlet_count":0,"master_deck":["HollowMod:SharpenedNail","HollowMod:NailStrikeStart","HollowMod:NailStrikeStart","HollowMod:NailStrikeStart","HollowMod:QuickDashStart","HollowMod:QuickDashStart","HollowMod:QuickDashStart","HollowMod:QuickDashStart","HollowMod:FocusHealStart","HollowMod:PogoStrike","HollowMod:GrimmsGift","HollowMod:DoubleDash","HollowMod:GreatSlash+1","HollowMod:DesolateDive","HollowMod:DescendingDark","Jack Of All Trades+1","HollowMod:LifebloodCocoon","HollowMod:QuirrelsAssistance","HollowMod:InfectedAttack","HollowMod:SoulSplash","HollowMod:HeavyBlow","HollowMod:SlysStrikes"],"relics":["HollowMod:VesselMask","EVO:Axolotl","Golden Idol","Twilight","hubris:HerbalPaste","hubris:CrystalStatue","LetterFromLob","MagicBullet_r","Heaven_r","Gaze_r","White Beast Statue","Nunchaku","Coffee Dripper"],"acts_visited":["Exordium","Exordium"],"potions_floor_usage":[5,16,16],"damage_taken":[{"damage":0,"enemies":"Cultist","floor":1,"turns":3},{"damage":0,"enemies":"Small Slimes","floor":2,"turns":1},{"damage":0,"enemies":"2 Louse","floor":3,"turns":3},{"damage":29,"enemies":"2 Louse","floor":5,"turns":3},{"damage":10,"enemies":"2 Louse","floor":5,"turns":3},{"damage":0,"enemies":"Gremlin Gang","floor":7,"turns":1},{"damage":0,"enemies":"3 Louse","floor":10,"turns":1},{"damage":0,"enemies":"Red Slaver","floor":11,"turns":2},{"damage":0,"enemies":"3 Sentries","floor":13,"turns":3},{"damage":11,"enemies":"2 Fungi Beasts","floor":14,"turns":2},{"damage":26,"enemies":"HollowMod:FalseKnight","floor":16,"turns":6}],"seed_played":"-2872309552080426458","potions_obtained":[{"floor":2,"key":"blueLaboratory:BottleOfRum"},{"floor":7,"key":"blueLaboratory:BottledHope"},{"floor":10,"key":"Flashbang"},{"floor":11,"key":"CultistPotion"},{"floor":16,"key":"FearPotion"}],"is_trial":false,"path_per_floor":["M","M","M","$","?","R","M","?","T","M","M","?","E","M","R","B",null,"M"],"character_chosen":"THE_BUGKNIGHT","items_purchased":["hubris:HerbalPaste","HollowMod:DoubleDash","hubris:CrystalStatue","Jack Of All Trades"],"campfire_rested":0,"item_purchase_floors":[0,0,0,4],"current_hp_per_floor":[51,51,56,56,27,27,27,27,27,27,30,30,35,27,27,7,75,0,0],"gold":300,"neow_bonus":"","is_daily":false,"chose_seed":false,"campfire_upgraded":2,"win_rate":0.0,"timestamp":1611495663,"path_taken":["M","M","M","$","?","R","M","?","T","M","M","?","E","?","R","BOSS","M"],"items_purchased_type":["Relic","Card","Relic","Card"],"build_version":"2020-12-22","purchased_purges":0,"victory":false,"max_hp_per_floor":[75,75,75,75,75,75,75,75,75,75,75,75,75,75,75,75,75,75,75],"card_choices":[{"not_picked":["HollowMod:DescendingDark","HollowMod:Grubsong"],"picked":"HollowMod:GreatSlash","floor":1},{"not_picked":["HollowMod:InfectedCysts","HollowMod:CrystalDash"],"picked":"HollowMod:DesolateDive","floor":2},{"not_picked":["HollowMod:InfectedCysts","HollowMod:SharpenedShadows"],"picked":"HollowMod:DescendingDark","floor":3},{"not_picked":["HollowMod:GoodIntentions","HollowMod:InfectedAttack"],"picked":"HollowMod:LifebloodCocoon","floor":7},{"not_picked":["HollowMod:HowlingWraiths","HollowMod:Grubsong"],"picked":"HollowMod:QuirrelsAssistance","floor":10},{"not_picked":["HollowMod:CloakDash","HollowMod:SiblingsSouls"],"picked":"HollowMod:InfectedAttack","floor":11},{"not_picked":["HollowMod:MonarchWings","HollowMod:VengefulVoid"],"picked":"HollowMod:SoulSplash","floor":13},{"not_picked":["HollowMod:SiblingsSouls","HollowMod:NewLittleFool"],"picked":"HollowMod:HeavyBlow","floor":14},{"not_picked":["HollowMod:LifebloodCore","HollowMod:theNailsmith"],"picked":"HollowMod:SlysStrikes","floor":16}],"player_experience":32776,"relics_obtained":[{"floor":1,"key":"LetterFromLob"},{"floor":9,"key":"White Beast Statue"},{"floor":13,"key":"Nunchaku"}],"event_choices":[{"damage_healed":0,"gold_gain":0,"player_choice":"Ignored","damage_taken":0,"max_hp_gain":0,"max_hp_loss":0,"event_name":"Purifier","floor":12,"gold_loss":0}],"is_beta":false,"boss_relics":[{"not_picked":["Astrolabe","ChewingGum"],"picked":"Coffee Dripper"}],"items_purged_floors":[],"is_endless":false,"potions_floor_spawned":[2,5,7,10,11,13,14,16],"ascension_level":0}}