{"host":"delta","time":1611494756,"event":{"mods":["Act Like it!","BaseMod","Hallownest","Marisa£®ÏF”Í°°ƒß¿Ì…≥£©","Minty Spire (QoL Compilation)","StSLib","The Bug Knight","[GremlinLeader]The Maniac"],"gold_per_floor":[116,116,126,0,0,0,0,17,17,33,68,68,89,89,89,89,89],"floor_reached":16,"language":"ZHS","playtime":1120,"items_purged":[],"score":100,"play_id":"af7d5d91-29bb-47d6-aac8-391a3c32b600","local_time":"20210124212556","is_ascension_mode":false,"campfire_choices":[{"data":"HollowMod:FastStrike","floor":6.0,"key":"SMITH"},{"data":"HollowMod:ShadowDash","floor":15,"key":"SMITH"}],"circlet_count":0,"master_deck":["HollowMod:NailStrikeStart","HollowMod:NailStrikeStart","HollowMod:QuickDashStart","HollowMod:QuickDashStart","HollowMod:QuickDashStart","HollowMod:FocusHealStart","HollowMod:PogoStrike","HollowMod:FastStrike+1","HollowMod:Grubsong","HollowMod:CloakDash","HollowMod:ShadowDash+1","HollowMod:DescendingDark","HollowMod:GreatSlash"],"relics":["HollowMod:VesselMask","NeowsBlessing","Juzu Bracelet","Nunchaku","CeramicFish"],"acts_visited":["Hallownest:Greenpath"],"potions_floor_usage":[16],"damage_taken":[{"damage":0.0,"enemies":"Hallownest:2_Tiktiks_and_1_Crawlid","floor":1.0,"turns":1.0},{"damage":0.0,"enemies":"Hallownest:monsterHuskGuard","floor":3.0,"turns":1.0},{"damage":0.0,"enemies":"2_ Uuma","floor":8.0,"turns":1.0},{"damage":0.0,"enemies":"Hallownest:monsterMossCharger","floor":10.0,"turns":5.0},{"damage":9.0,"enemies":"Hallownest:eliteCrystalGuardian","floor":11.0,"turns":5.0},{"damage":8.0,"enemies":"Hallownest:monsterMarmu","floor":12.0,"turns":5.0},{"damage":13.0,"enemies":"Hallownest:Guard_and_Warrior","floor":13.0,"turns":5.0},{"damage":81,"enemies":"Hallownest:BossFalseKnight","floor":16,"turns":6}],"seed_played":"-6658393535116662398","potions_obtained":[{"floor":3.0,"key":"Ancient Potion"},{"floor":10.0,"key":"DuplicationPotion"}],"is_trial":false,"path_per_floor":["M","?","M","?","?","R","?","M","T","M","E","?","M","?","R","B"],"character_chosen":"THE_BUGKNIGHT","items_purchased":[],"campfire_rested":0,"item_purchase_floors":[],"current_hp_per_floor":[75,75,75,75,75,75,75,75,75,75,72,74,67,67,67,0,0],"gold":89,"neow_bonus":"THREE_ENEMY_KILL","is_daily":false,"chose_seed":false,"campfire_upgraded":2,"win_rate":0.0,"timestamp":1611494756,"path_taken":["M","?","M","?","?","R","?","M","T","M","E","?","M","?","R","BOSS"],"items_purchased_type":[],"build_version":"2020-12-18","purchased_purges":0,"victory":false,"max_hp_per_floor":[75,75,75,75,75,75,75,75,75,75,75,75,75,75,75,75,75],"card_choices":[{"not_picked":["HollowMod:WraithStrike","HollowMod:SharpenedNail"],"picked":"HollowMod:InfectedAttack","floor":1.0},{"not_picked":["HollowMod:CloakDash","HollowMod:TaintedHusks"],"picked":"HollowMod:Grubsong","floor":3.0},{"not_picked":["HollowMod:CycloneSlash","HollowMod:SoulSplash"],"picked":"HollowMod:CloakDash","floor":8.0},{"not_picked":["HollowMod:BlackTendrils","HollowMod:CornifersMapStart"],"picked":"HollowMod:ShadowDash","floor":10.0},{"not_picked":["HollowMod:MidwifesHunger","HollowMod:HeavyBlow"],"picked":"HollowMod:DescendingDark","floor":11.0},{"not_picked":["HollowMod:MawleksShell","HollowMod:ChannelNail"],"picked":"HollowMod:GreatSlash","floor":13.0}],"player_experience":331891,"relics_obtained":[{"floor":9.0,"key":"Nunchaku"},{"floor":11.0,"key":"CeramicFish"}],"event_choices":[],"is_beta":true,"boss_relics":[],"items_purged_floors":[],"is_endless":false,"potions_floor_spawned":[3,10,12],"killed_by":"Hallownest:BossFalseKnight","ascension_level":0}}