{"host":"j7au2ovow4c9pz79","time":1611499987,"event":{"mods":["AchievementEnabler","BaseMod","Better Third Choice","BetterRewards","Colored Powertips","Defuse TimeMaze Blight","Energized Spire","Googly Eyes","Hubris","Infinite Spire","Minty Spire (QoL Compilation)","Quick Restart","Spicy Shops","StSLib","SuperFastMode","Transform Curses"],"gold_per_floor":[114,114,114,114,114,114,114,0,0,0,30,30,46,61,61,158,158,176,91,162,162,162,162,209,209,235,235,235,260,260,260,260],"floor_reached":31,"language":"ENG","playtime":464,"items_purged":[],"score":288,"play_id":"ae70447f-de30-4457-b28f-0785e33e06b8","local_time":"20210124155307","daily_mods":["Specialized","Vintage","Allstar","Colorless Cards","Heirloom","Time Dilation","Flight","Elite Swarm","Lethality"],"is_ascension_mode":false,"campfire_choices":[{"floor":6.0,"key":"REST"},{"floor":7.0,"key":"REST"},{"data":"Enlightenment","floor":10.0,"key":"SMITH"},{"data":"Demon Form","floor":12.0,"key":"SMITH"},{"floor":15.0,"key":"REST"},{"data":"infinitespire:Fortify","floor":23,"key":"SMITH"},{"data":"HandOfGreed","floor":25,"key":"SMITH"},{"data":"infinitespire:Oblivion","floor":27,"key":"SMITH"}],"circlet_count":0,"master_deck":["Demon Form+1","Wraith Form v2","Echo Form","DevaForm","Strike_R","Strike_R+1","Strike_R","Strike_R","Strike_R+1","Defend_R","Defend_R","Defend_R","Defend_R","Bash","Enlightenment+1","Demon Form","HandOfGreed+1","Clash","infinitespire:Fortify+1","infinitespire:Oblivion+1","Bludgeon","Writhe","Feed","RitualDagger"],"relics":["Unceasing Top","hubris:Zylophone","Bottled Tornado","hubris:Icosahedron","hubris:Towel","hubris:EvacipatedBox","hubris:FruitBowl","hubris:Macrotransations","Bag of Preparation","hubris:ChampionShield","Oddly Smooth Stone","Whetstone","infinitespire:CheckeredPen","Coffee Dripper","Regal Pillow","Calipers","hubris:DeckOfHolding","SlaversCollar","infinitespire:PuzzleCube","Toy Ornithopter","hubris:TenFootPole","StoneCalendar","Lantern"],"acts_visited":["Exordium","TheCity"],"potions_floor_usage":[24],"damage_taken":[{"damage":10.0,"enemies":"2 Louse","floor":1.0,"turns":2.0},{"damage":21.0,"enemies":"Lagavulin","floor":11.0,"turns":5.0},{"damage":0.0,"enemies":"Small Slimes","floor":13.0,"turns":3.0},{"damage":0.0,"enemies":"Cultist","floor":14.0,"turns":4.0},{"damage":47,"enemies":"The Guardian","floor":16,"turns":7},{"damage":20,"enemies":"Shell Parasite","floor":18,"turns":4},{"damage":36,"enemies":"Nightmare","floor":24,"turns":4},{"damage":0,"enemies":"Book of Stabbing","floor":29,"turns":2},{"damage":41,"enemies":"Slavers","floor":31,"turns":1}],"seed_played":"-5126845823496598945","potions_obtained":[{"floor":11.0,"key":"Energy Potion"},{"floor":13.0,"key":"infinitespire:BlackPotion"},{"floor":16,"key":"Explosive Potion"},{"floor":29,"key":"SpeedPotion"}],"is_trial":true,"path_per_floor":["M","?","?","?","$","R","R","?","T","R","E","R","M","M","R","B",null,"M","?","T","?","AVR","R","NM","R","T","R","?","E","?","E"],"character_chosen":"IRONCLAD","items_purchased":["hubris:EvacipatedBox","hubris:FruitBowl","hubris:Macrotransations","Bag of Preparation"],"campfire_rested":3,"item_purchase_floors":[5,5,5,5],"current_hp_per_floor":[70,70,70,70,3,27,51,60,60,60,39,39,39,39,65,18,89,69,69,69,69,69,69,33,33,33,33,33,33,30,0,0],"gold":260,"neow_bonus":"","is_daily":false,"chose_seed":false,"campfire_upgraded":5,"win_rate":0.0,"timestamp":1611499987,"path_taken":["M","?","?","?","?","R","R","?","T","R","E","R","?","?","R","BOSS","M","?","?","?","AVR","R","NM","R","T","R","?","E","?","E"],"items_purchased_type":["Relic","Relic","Relic","Relic"],"build_version":"2020-12-22","purchased_purges":0,"victory":false,"max_hp_per_floor":[80,80,80,80,80,80,80,89,89,89,89,89,89,89,89,89,89,89,89,89,89,89,89,89,89,89,89,89,89,89,89,89],"card_choices":[{"not_picked":["Barricade","Metamorphosis"],"picked":"Demon Form","floor":11.0},{"not_picked":["Transmutation","Apotheosis"],"picked":"HandOfGreed","floor":16},{"not_picked":["hubris:EnhanceAbility","Fiend Fire","Bludgeon"],"picked":"SKIP","floor":24},{"not_picked":["hubris:EnhanceAbility","Fiend Fire"],"picked":"Bludgeon","floor":24},{"not_picked":["hubris:StunningStrike","Magnetism"],"picked":"Feed","floor":29}],"player_experience":1914604,"relics_obtained":[{"floor":1.0,"key":"Bottled Tornado"},{"floor":9.0,"key":"hubris:ChampionShield"},{"floor":11.0,"key":"Oddly Smooth Stone"},{"floor":13.0,"key":"Whetstone"},{"floor":14.0,"key":"infinitespire:CheckeredPen"},{"floor":18,"key":"Regal Pillow"},{"floor":20,"key":"hubris:DeckOfHolding"},{"floor":24,"key":"Toy Ornithopter"},{"floor":26,"key":"hubris:TenFootPole"},{"floor":29,"key":"Lantern"}],"event_choices":[{"damage_healed":0.0,"max_hp_gain":0.0,"max_hp_loss":0.0,"gold_gain":0.0,"event_name":"Golden Wing","player_choice":"Ignored","floor":4.0,"gold_loss":0.0,"damage_taken":0.0},{"damage_healed":0.0,"max_hp_gain":0.0,"max_hp_loss":0.0,"gold_gain":0.0,"event_name":"betterThird:BetterSerpent","player_choice":"RENOUNCE","floor":8.0,"gold_loss":114.0,"damage_taken":114.0,"cards_obtained":["Enlightenment"]},{"damage_healed":0,"gold_gain":0,"player_choice":"Obtained Relic","damage_taken":0,"relics_obtained":["Calipers"],"max_hp_gain":0,"max_hp_loss":0,"event_name":"Addict","floor":19,"gold_loss":85},{"damage_healed":0,"gold_gain":0,"player_choice":"Read","damage_taken":0,"max_hp_gain":0,"max_hp_loss":0,"event_name":"The Library","floor":21,"gold_loss":0,"cards_obtained":["Clash"]},{"damage_healed":0,"gold_gain":0,"player_choice":"Opened","damage_taken":0,"relics_obtained":["StoneCalendar"],"max_hp_gain":0,"max_hp_loss":0,"event_name":"The Mausoleum","floor":28,"gold_loss":0,"cards_obtained":["Writhe"]},{"damage_healed":0,"gold_gain":0,"player_choice":"Dagger","damage_taken":6,"max_hp_gain":0,"max_hp_loss":0,"event_name":"betterThird:BetterNest","floor":30,"gold_loss":0,"cards_obtained":["RitualDagger"]}],"is_beta":false,"boss_relics":[{"not_picked":["hubris:CrackedHourglass","Runic Cube","energizedSpire:DecayingSkull"],"picked":"Coffee Dripper"}],"items_purged_floors":[],"is_endless":true,"potions_floor_spawned":[11,13,16,29],"killed_by":"Slavers","ascension_level":0}}