{"host":"oi6p1guiqfwwvxym","time":1611516892,"event":{"mods":["BaseMod","Bestiary","Colored Map","Minty Spire (QoL Compilation)","Relic Stats"],"gold_per_floor":[119,134,134,146,46,61,61,87,111,143,143,176,126,142,142,238,238,249,32,32,50,50,50,84,84,163,195,215,248,261,13,13,115,115,125,135,135,6,6,6,39,39,39,39,39,49,84,97,97,97],"floor_reached":51,"language":"ENG","playtime":3217,"items_purged":["Strike_G","Strike_G"],"score":1193,"play_id":"431a7f65-5c76-4264-9586-ecb19e7263c4","local_time":"20210124113452","is_ascension_mode":true,"campfire_choices":[{"data":"Crippling Poison","floor":7.0,"key":"SMITH"},{"floor":11.0,"key":"REST"},{"floor":15.0,"key":"REST"},{"floor":23.0,"key":"REST"},{"floor":25,"key":"REST"},{"floor":32,"key":"REST"},{"data":"Footwork","floor":40,"key":"SMITH"},{"data":"Well Laid Plans","floor":42,"key":"SMITH"},{"data":"Normality","floor":44,"key":"PURGE"},{"data":"Doubt","floor":49,"key":"PURGE"}],"circlet_count":0,"master_deck":["Strike_G+1","Strike_G+1","Defend_G+1","Defend_G+1","Defend_G+1","Defend_G+1","Survivor+1","Neutralize+1","Poisoned Stab+1","All Out Attack+1","Crippling Poison+1","Dodge and Roll+1","Deadly Poison+1","Blur+1","Backflip+1","Sucker Punch+1","Backstab+1","Crippling Poison+1","Envenom+1","PiercingWail+1","Noxious Fumes+1","Terror+1","Cloak And Dagger+1","Dash+1","Outmaneuver+1","Well Laid Plans+1","Dagger Throw+1","Night Terror+1","Calculated Gamble+1","Footwork+1","Blade Dance+1","Dodge and Roll+1","Footwork"],"relics":["Black Star","Happy Flower","Snake Skull","PreservedInsect","Dream Catcher","Potion Belt","Du-Vu Doll","Question Card","War Paint","Cursed Key","Toy Ornithopter","Singing Bowl","Matryoshka","Peace Pipe","Juzu Bracelet","Ninja Scroll","StoneCalendar","Shuriken","Busted Crown","Eternal Feather","Bag of Marbles","Regal Pillow","Darkstone Periapt","Mark of the Bloom","Blood Vial","HornCleat"],"acts_visited":["Exordium","TheCity","TheBeyond"],"potions_floor_usage":[29,29,30,41,50,50],"damage_taken":[{"damage":2.0,"enemies":"Small Slimes","floor":1.0,"turns":5.0},{"damage":9.0,"enemies":"2 Louse","floor":2.0,"turns":3.0},{"damage":0.0,"enemies":"Cultist","floor":4.0,"turns":4.0},{"damage":0.0,"enemies":"3 Louse","floor":6.0,"turns":4.0},{"damage":22.0,"enemies":"Lagavulin","floor":8.0,"turns":7.0},{"damage":13.0,"enemies":"Gremlin Nob","floor":10.0,"turns":5.0},{"damage":7.0,"enemies":"Lagavulin","floor":12.0,"turns":4.0},{"damage":0.0,"enemies":"Looter","floor":14.0,"turns":3.0},{"damage":7.0,"enemies":"The Guardian","floor":16.0,"turns":9.0},{"damage":28.0,"enemies":"Spheric Guardian","floor":18.0,"turns":6.0},{"damage":15.0,"enemies":"Shell Parasite","floor":21.0,"turns":5.0},{"damage":10.0,"enemies":"Slavers","floor":24.0,"turns":5.0},{"damage":0,"enemies":"Gremlin Leader","floor":27,"turns":5},{"damage":12,"enemies":"Centurion and Healer","floor":28,"turns":5},{"damage":0,"enemies":"Slavers","floor":29,"turns":5},{"damage":10,"enemies":"Snake Plant","floor":30,"turns":4},{"damage":20,"enemies":"Collector","floor":33,"turns":8},{"damage":7,"enemies":"3 Darklings","floor":35,"turns":5},{"damage":13,"enemies":"Orb Walker","floor":36,"turns":4},{"damage":23,"enemies":"Reptomancer","floor":41,"turns":5},{"damage":0,"enemies":"Maw","floor":46,"turns":5},{"damage":5,"enemies":"Giant Head","floor":47,"turns":7},{"damage":5,"enemies":"Transient","floor":48,"turns":5},{"damage":8,"enemies":"Awakened One","floor":50,"turns":10}],"seed_played":"-8940663458383311580","potions_obtained":[{"floor":1.0,"key":"SkillPotion"},{"floor":4.0,"key":"Explosive Potion"},{"floor":8.0,"key":"Weak Potion"},{"floor":16.0,"key":"FearPotion"},{"floor":24,"key":"SpeedPotion"},{"floor":28,"key":"SteroidPotion"},{"floor":29,"key":"Block Potion"},{"floor":33,"key":"LiquidBronze"},{"floor":35,"key":"AttackPotion"},{"floor":36,"key":"Weak Potion"},{"floor":48,"key":"GhostInAJar"}],"is_trial":false,"path_per_floor":["M","M","?","M","$","M","R","E","T","E","R","E","?","M","R","B",null,"M","$","?","M","?","R","E","R","T","E","M","E","M","$","R","B",null,"M","M","?","$","?","R","E","R","T","R","?","M","E","M","R","B",null],"character_chosen":"THE_SILENT","items_purchased":["Dodge and Roll","Noxious Fumes","Terror","Shuriken","Footwork","Blade Dance"],"campfire_rested":5,"item_purchase_floors":[5,19,19,31,38,38],"current_hp_per_floor":[61,52,49,49,49,49,49,27,27,14,35,28,28,28,49,42,63,35,35,35,20,7,29,19,43,43,43,33,43,40,40,64,44,72,67,54,83,83,83,83,64,82,82,83,83,83,78,73,73,65],"gold":97,"neow_bonus":"BOSS_RELIC","is_daily":false,"chose_seed":false,"campfire_upgraded":3,"win_rate":0.0,"timestamp":1611516892,"path_taken":["M","M","?","M","$","M","R","E","T","E","R","E","?","M","R","BOSS","M","$","?","?","?","R","E","R","T","E","M","E","M","$","R","BOSS","M","M","?","?","?","R","E","R","T","R","?","M","E","M","R","BOSS"],"items_purchased_type":["Card","Card","Card","Relic","Card","Card"],"build_version":"2020-12-22","purchased_purges":2,"victory":true,"max_hp_per_floor":[70,70,70,70,70,70,70,70,70,70,70,70,70,70,70,70,70,70,70,70,70,75,75,75,77,77,77,79,79,81,81,81,81,81,83,83,83,83,83,83,83,83,83,83,83,85,87,87,87,87],"relic_stats":{"Darkstone Periapt":0,"Regal Pillow":0,"Mark of the Bloom":36,"Happy Flower":[40],"Singing Bowl":12,"counters":[24,128],"StoneCalendar":[207],"Eternal Feather":19,"Snake Skull":[189],"PreservedInsect":377,"Juzu Bracelet":1,"War Paint":["Dodge and Roll","Blur"],"Question Card":21,"Cursed Key":2,"Peace Pipe":2,"Blood Vial":0,"Dream Catcher":5,"Busted Crown":12,"Shuriken":[31],"Black Star":8,"obtain_stats":[{"Darkstone Periapt":43,"Regal Pillow":43,"Mark of the Bloom":45,"Singing Bowl":24,"StoneCalendar":29,"Snake Skull":8,"Juzu Bracelet":27,"Cursed Key":17,"Blood Vial":47,"Dream Catcher":9,"Matryoshka":26,"HornCleat":47,"Ninja Scroll":29,"Ring of the Snake":0,"Potion Belt":10,"Happy Flower":3,"Eternal Feather":41,"PreservedInsect":8,"War Paint":12,"Question Card":12,"Du-Vu Doll":10,"Peace Pipe":27,"Busted Crown":34,"Shuriken":31,"Black Star":0,"Bag of Marbles":41,"Toy Ornithopter":24},{"Darkstone Periapt":20,"Regal Pillow":20,"Mark of the Bloom":20,"Singing Bowl":12,"StoneCalendar":15,"Snake Skull":5,"Juzu Bracelet":13,"Cursed Key":9,"Blood Vial":22,"Dream Catcher":5,"Matryoshka":12,"HornCleat":22,"Ninja Scroll":15,"Ring of the Snake":0,"Potion Belt":6,"Happy Flower":2,"Eternal Feather":20,"PreservedInsect":5,"War Paint":7,"Question Card":7,"Du-Vu Doll":6,"Peace Pipe":13,"Busted Crown":17,"Shuriken":16,"Black Star":0,"Bag of Marbles":20,"Toy Ornithopter":12},{"Darkstone Periapt":101,"Regal Pillow":101,"Mark of the Bloom":101,"Singing Bowl":60,"StoneCalendar":75,"Snake Skull":23,"Juzu Bracelet":65,"Cursed Key":44,"Blood Vial":113,"Dream Catcher":23,"Matryoshka":60,"HornCleat":113,"Ninja Scroll":75,"Ring of the Snake":0,"Potion Belt":28,"Happy Flower":8,"Eternal Feather":101,"PreservedInsect":23,"War Paint":32,"Question Card":32,"Du-Vu Doll":28,"Peace Pipe":65,"Busted Crown":87,"Shuriken":79,"Black Star":0,"Bag of Marbles":101,"Toy Ornithopter":60}],"Toy Ornithopter":19},"card_choices":[{"not_picked":["Choke","Leg Sweep"],"picked":"Poisoned Stab","floor":1.0},{"not_picked":["Calculated Gamble","Quick Slash"],"picked":"All Out Attack","floor":2.0},{"not_picked":["Tactician","Riddle With Holes"],"picked":"Crippling Poison","floor":4.0},{"not_picked":["Quick Slash","Flying Knee"],"picked":"Deadly Poison","floor":6.0},{"not_picked":["Endless Agony","Accuracy"],"picked":"Blur","floor":8.0},{"not_picked":["Outmaneuver","Prepared"],"picked":"Backflip","floor":10.0},{"not_picked":["Flying Knee","Flechettes"],"picked":"Sucker Punch","floor":11.0},{"not_picked":["Eviscerate","Backflip"],"picked":"Backstab","floor":12.0},{"not_picked":["Deflect","All Out Attack","Slice"],"picked":"Crippling Poison","floor":14.0},{"not_picked":["Glass Knife","Doppelganger","Bullet Time"],"picked":"Envenom","floor":16.0},{"not_picked":["All Out Attack","Slice","Calculated Gamble+1"],"picked":"PiercingWail","floor":18.0},{"not_picked":["Expertise","Dodge and Roll","Quick Slash+1"],"picked":"Cloak And Dagger","floor":21.0},{"not_picked":["Predator+1","Prepared","Blade Dance+1"],"picked":"Dash+1","floor":23.0},{"not_picked":["Eviscerate","PiercingWail","All Out Attack+1"],"picked":"Outmaneuver+1","floor":24},{"not_picked":["Bane","Tools of the Trade","Expertise","Deflect"],"picked":"Singing Bowl","floor":25},{"not_picked":["Masterful Stab","Flying Knee+1","Distraction+1"],"picked":"Setup+1","floor":27},{"not_picked":["Quick Slash","Poisoned Stab","Dash","Dodge and Roll"],"picked":"Singing Bowl","floor":28},{"not_picked":["Dagger Spray","Backstab","Acrobatics+1"],"picked":"Well Laid Plans","floor":29},{"not_picked":["Endless Agony+1","Dash","Phantasmal Killer","Terror"],"picked":"Singing Bowl","floor":30},{"not_picked":["Slice","Deflect","Cloak And Dagger"],"picked":"Dagger Throw+1","floor":32},{"not_picked":["Glass Knife","Phantasmal Killer","A Thousand Cuts"],"picked":"Night Terror","floor":33},{"not_picked":["Sucker Punch","Deadly Poison"],"picked":"Singing Bowl","floor":35},{"not_picked":["Bane"],"picked":"Calculated Gamble","floor":36},{"not_picked":["Outmaneuver"],"picked":"Dodge and Roll","floor":41},{"not_picked":["Dash","Well Laid Plans"],"picked":"Singing Bowl","floor":46},{"not_picked":["Glass Knife","Poisoned Stab+1"],"picked":"Singing Bowl","floor":47},{"not_picked":["Outmaneuver"],"picked":"Footwork","floor":48}],"player_experience":385317,"relics_obtained":[{"floor":8.0,"key":"Snake Skull"},{"floor":8.0,"key":"PreservedInsect"},{"floor":9.0,"key":"Dream Catcher"},{"floor":10.0,"key":"Potion Belt"},{"floor":10.0,"key":"Du-Vu Doll"},{"floor":12.0,"key":"Question Card"},{"floor":12.0,"key":"War Paint"},{"floor":24,"key":"Toy Ornithopter"},{"floor":24,"key":"Singing Bowl"},{"floor":26,"key":"Matryoshka"},{"floor":27,"key":"Peace Pipe"},{"floor":27,"key":"Juzu Bracelet"},{"floor":29,"key":"Ninja Scroll"},{"floor":29,"key":"StoneCalendar"},{"floor":41,"key":"Eternal Feather"},{"floor":41,"key":"Bag of Marbles"},{"floor":43,"key":"Regal Pillow"},{"floor":43,"key":"Darkstone Periapt"},{"floor":47,"key":"Blood Vial"},{"floor":47,"key":"HornCleat"}],"event_choices":[{"damage_healed":0.0,"max_hp_gain":0.0,"max_hp_loss":0.0,"gold_gain":0.0,"event_name":"Scrap Ooze","player_choice":"Success","floor":3.0,"gold_loss":0.0,"damage_taken":3.0,"relics_obtained":["Happy Flower"]},{"damage_healed":0.0,"max_hp_gain":0.0,"max_hp_loss":0.0,"gold_gain":0.0,"event_name":"World of Goop","player_choice":"Left Gold","floor":13.0,"gold_loss":50.0,"damage_taken":0.0},{"cards_removed":["Defend_G"],"damage_healed":0.0,"max_hp_gain":0.0,"max_hp_loss":0.0,"gold_gain":0.0,"event_name":"Wheel of Change","player_choice":"Card Removal","floor":20.0,"gold_loss":0.0,"damage_taken":0.0},{"damage_healed":0.0,"max_hp_gain":5.0,"max_hp_loss":0.0,"gold_gain":0.0,"event_name":"Forgotten Altar","player_choice":"Shed Blood","floor":22.0,"gold_loss":0.0,"damage_taken":18.0},{"cards_removed":["Setup"],"damage_healed":29,"gold_gain":0,"player_choice":"Offered Uncommon","damage_taken":0,"max_hp_gain":0,"max_hp_loss":0,"event_name":"Bonfire Elementals","floor":37,"gold_loss":0},{"cards_removed":["Strike_G"],"damage_healed":0,"gold_gain":0,"player_choice":"Removed Attack","damage_taken":0,"max_hp_gain":0,"max_hp_loss":0,"event_name":"Falling","floor":39,"gold_loss":0},{"damage_healed":0,"gold_gain":0,"player_choice":"Upgrade","damage_taken":0,"relics_obtained":["Mark of the Bloom"],"max_hp_gain":0,"max_hp_loss":0,"event_name":"MindBloom","floor":45,"gold_loss":0,"cards_upgraded":["Strike_G","Strike_G","Defend_G","Defend_G","Defend_G","Defend_G","Survivor","Neutralize","Poisoned Stab","All Out Attack","Deadly Poison","Backflip","Sucker Punch","Backstab","Crippling Poison","Envenom","PiercingWail","Noxious Fumes","Terror","Cloak And Dagger","Night Terror","Calculated Gamble","Blade Dance","Dodge and Roll"]}],"is_beta":false,"boss_relics":[{"not_picked":["WristBlade","Empty Cage"],"picked":"Cursed Key"},{"not_picked":["Tiny House","SlaversCollar"],"picked":"Busted Crown"}],"items_purged_floors":[5,19],"is_endless":false,"potions_floor_spawned":[1,4,8,16,24,28,29,33,35,36,48],"ascension_level":8}}