{"host":"w8xisjf5mgmfjvmt","time":1611490678,"event":{"mods":["BaseMod","BetterRewards","Challenge The Spire","Conspire","Dota2Spire","Energized Spire","Filter the Spire","Minty Spire (QoL Compilation)","Quarter Circle Forward PUNCH!","Quick Restart","Relic Stats","Replay The Spire","Shop Mod","Spicy Shops","StSLib","Starting Relic: Pandora\u0027s Box","¡¾ÒÅÎï¿¨ÅÆ¡¿REMEMod","óô»ðÖ¸ÄÏ"],"gold_per_floor":[113,126,126,139,156,156,185,200,200,141,160,170,200,149,149,223,223,263,349,349,367,367,207,239,66,89,118,43,43,43,176,176,304,304,331,337,337],"floor_reached":36,"language":"ZHS","playtime":3481,"items_purged":["Toxin Wave"],"score":1010,"play_id":"f0a66577-0570-4ce6-8dbf-bfb3f77da14f","local_time":"20210124201758","is_ascension_mode":true,"campfire_choices":[{"data":"Apotheosis","floor":6.0,"key":"SMITH"},{"data":"Terror","floor":15.0,"key":"SMITH"},{"data":"REME_GreenPollution","floor":32,"key":"SMITH"}],"circlet_count":0,"master_deck":["AscendersBane","Survivor","Neutralize","Prepared","Replay:Poison Smokescreen","Skewer","Blade Dance","Concentrate","Acrobatics","Cloak And Dagger","Apotheosis+1","Backflip","PiercingWail","Hidden Blade","Terror+1","ReplayTheSpireMod:Speed Training+1","Catalyst","Bouncing Flask","A Thousand Cuts+1","REME_GreenPollution+1","Tools of the Trade+1","Tactician","Replay:Poison Smokescreen","Slice","Atom Bomb"],"relics":["REME_ComplimentaryCards","Coffee Dripper","qcfpunch:White_Boots","Dota2Spire:Vanguard","qcfpunch:Broken_Tusk","Snecko Eye","Oddly Smooth Stone","Guide Book","Replay:Bottled Steam","MealTicket","qcfpunch:Red_Headband","REME_ArchaeologicalTools","Dota2Spire:PhaseBoots","Cursed Key"],"acts_visited":["Exordium","TheCity","TheBeyond"],"potions_floor_usage":[33],"damage_taken":[{"damage":1.0,"enemies":"2 Louse","floor":1.0,"turns":2.0},{"damage":0.0,"enemies":"Cultist","floor":2.0,"turns":2.0},{"damage":0.0,"enemies":"Jaw Worm","floor":4.0,"turns":3.0},{"damage":3.0,"enemies":"2 Fungi Beasts","floor":5.0,"turns":3.0},{"damage":0.0,"enemies":"Lagavulin","floor":7.0,"turns":5.0},{"damage":0.0,"enemies":"3 Louse","floor":8.0,"turns":3.0},{"damage":8.0,"enemies":"Exordium Thugs","floor":11.0,"turns":4.0},{"damage":1.0,"enemies":"Looter","floor":12.0,"turns":2.0},{"damage":10.0,"enemies":"3 Sentries","floor":13.0,"turns":4.0},{"damage":10.0,"enemies":"The Guardian","floor":16.0,"turns":5.0},{"damage":0.0,"enemies":"Chosen","floor":18.0,"turns":4.0},{"damage":0.0,"enemies":"Spheric Guardian","floor":21.0,"turns":2.0},{"damage":19.0,"enemies":"Slavers","floor":24.0,"turns":4.0},{"damage":29.0,"enemies":"Book of Stabbing","floor":27.0,"turns":5.0},{"damage":0.0,"enemies":"Gremlin Leader","floor":31.0,"turns":4.0},{"damage":2,"enemies":"Automaton","floor":33,"turns":6},{"damage":0,"enemies":"Orb Walker","floor":35,"turns":2},{"damage":4,"enemies":"3 Darklings","floor":36,"turns":2}],"seed_played":"-1696642342537498463","potions_obtained":[{"floor":1.0,"key":"DuplicationPotion"},{"floor":2.0,"key":"Dexterity Potion"},{"floor":7.0,"key":"SteroidPotion"},{"floor":13.0,"key":"Dota2Spire:Clarity"},{"floor":16.0,"key":"REME_GoldPotion"},{"floor":27.0,"key":"EntropicBrew"},{"floor":33,"key":"Toxic Potion"},{"floor":35,"key":"Milkshake"}],"is_trial":false,"path_per_floor":["M","M","?","M","M","R","E","M","T","R","M","M","E","?","R","B",null,"M","?","?","M","?","R","E","$","T","E","R","?","$","E","R","B",null,"M","M"],"character_chosen":"THE_SILENT","items_purchased":["ReplayTheSpireMod:Speed Training+1","Guide Book","MealTicket"],"campfire_rested":0,"item_purchase_floors":[10,23,25],"current_hp_per_floor":[58,58,58,58,55,55,55,55,55,55,47,46,36,36,36,26,56,56,56,50,50,50,50,31,31,31,2,2,2,17,17,17,15,53,53,49,49],"gold":337,"neow_bonus":"BOSS_RELIC","is_daily":false,"chose_seed":false,"campfire_upgraded":3,"win_rate":0.0,"timestamp":1611490678,"path_taken":["M","M","?","?","M","R","E","M","T","R","M","M","E","?","R","BOSS","M","?","?","?","?","R","E","?","T","E","R","?","$","E","R","BOSS","M","M"],"items_purchased_type":["Card","Relic","Relic"],"build_version":"2020-12-22","purchased_purges":1,"victory":false,"max_hp_per_floor":[66,66,66,66,66,66,66,66,66,66,66,66,66,66,66,66,66,66,66,66,66,66,66,66,66,66,66,66,66,66,66,66,66,66,66,66,66],"relic_stats":{"counters":[18,62],"Snecko Eye":[53,72,70,64],"MealTicket":15,"Cursed Key":0,"obtain_stats":[{"Guide Book":23,"Oddly Smooth Stone":19,"Dota2Spire:Vanguard":9,"qcfpunch:White_Boots":7,"Cursed Key":34,"qcfpunch:Broken_Tusk":13,"Snecko Eye":17,"Pandora\u0027s Box":0,"MealTicket":25,"Coffee Dripper":0,"qcfpunch:Red_Headband":26,"REME_ArchaeologicalTools":27,"REME_ComplimentaryCards":0,"Replay:Bottled Steam":24,"Dota2Spire:PhaseBoots":31},{"Guide Book":12,"Oddly Smooth Stone":11,"Dota2Spire:Vanguard":6,"qcfpunch:White_Boots":5,"Cursed Key":16,"qcfpunch:Broken_Tusk":9,"Snecko Eye":10,"Pandora\u0027s Box":0,"MealTicket":13,"Coffee Dripper":0,"qcfpunch:Red_Headband":13,"REME_ArchaeologicalTools":14,"REME_ComplimentaryCards":0,"Replay:Bottled Steam":13,"Dota2Spire:PhaseBoots":15},{"Guide Book":39,"Oddly Smooth Stone":37,"Dota2Spire:Vanguard":18,"qcfpunch:White_Boots":15,"Cursed Key":58,"qcfpunch:Broken_Tusk":28,"Snecko Eye":33,"Pandora\u0027s Box":0,"MealTicket":43,"Coffee Dripper":0,"qcfpunch:Red_Headband":43,"REME_ArchaeologicalTools":48,"REME_ComplimentaryCards":0,"Replay:Bottled Steam":43,"Dota2Spire:PhaseBoots":52}]},"card_choices":[{"not_picked":["ReplayTheSpireMod:Shiv Toss","Sucker Punch"],"picked":"Backflip","floor":1.0},{"not_picked":["Concentrate","Prepared"],"picked":"PiercingWail","floor":2.0},{"not_picked":["PiercingWail","Deadly Poison"],"picked":"Noxious Fumes","floor":4.0},{"not_picked":["Deflect","Sucker Punch","Concentrate"],"picked":"SKIP","floor":5.0},{"not_picked":["Backstab","REME_GrazeFinale"],"picked":"Hidden Blade","floor":7.0},{"not_picked":["Hidden Blade","Concentrate"],"picked":"Terror","floor":8.0},{"not_picked":["conspire:PoisonWeapons","Leg Sweep"],"picked":"Catalyst","floor":11.0},{"not_picked":["Expertise","Crippling Poison"],"picked":"Bouncing Flask","floor":12.0},{"not_picked":["Underhanded Strike","Prepared","Dodge and Roll"],"picked":"SKIP","floor":13.0},{"not_picked":["REME_GrazeFinale","Glass Knife"],"picked":"A Thousand Cuts","floor":16.0},{"not_picked":["Toxin Wave","Backstab","Prepared"],"picked":"SKIP","floor":18.0},{"not_picked":["Hidden Blade","Replay:Poison Smokescreen"],"picked":"REME_GreenPollution","floor":19.0},{"not_picked":["Escape Plan","Dagger Spray","Finisher"],"picked":"SKIP","floor":21.0},{"not_picked":["Slice","Blade Dance+1","Dagger Throw"],"picked":"SKIP","floor":24.0},{"not_picked":["Slice","ReplayTheSpireMod:From All Sides"],"picked":"Tactician","floor":27.0},{"not_picked":["Dagger Throw","ReplayTheSpireMod:Scrap Shanks","Outmaneuver"],"picked":"SKIP","floor":31.0},{"not_picked":["Replay:Bag of Tricks","Poison Darts"],"picked":"Atom Bomb","floor":33},{"not_picked":["Sucker Punch","Infinite Blades","Dodge and Roll"],"picked":"SKIP","floor":35}],"player_experience":1237566,"relics_obtained":[{"floor":7.0,"key":"qcfpunch:White_Boots"},{"floor":9.0,"key":"Dota2Spire:Vanguard"},{"floor":13.0,"key":"qcfpunch:Broken_Tusk"},{"floor":19.0,"key":"Oddly Smooth Stone"},{"floor":24.0,"key":"Replay:Bottled Steam"},{"floor":26.0,"key":"qcfpunch:Red_Headband"},{"floor":27.0,"key":"REME_ArchaeologicalTools"},{"floor":31.0,"key":"Dota2Spire:PhaseBoots"}],"event_choices":[{"damage_healed":0.0,"max_hp_gain":0.0,"max_hp_loss":0.0,"gold_gain":0.0,"cards_transformed":["Slice"],"event_name":"Transmorgrifier","player_choice":"Transformed","floor":3.0,"gold_loss":0.0,"damage_taken":0.0,"cards_obtained":["Toxin Wave"]},{"damage_healed":0.0,"max_hp_gain":0.0,"max_hp_loss":0.0,"gold_gain":0.0,"event_name":"World of Goop","player_choice":"Left Gold","floor":14.0,"gold_loss":51.0,"damage_taken":0.0},{"damage_healed":0.0,"max_hp_gain":0.0,"max_hp_loss":0.0,"gold_gain":0.0,"event_name":"Knowing Skull","player_choice":"","floor":20.0,"potions_obtained":[],"gold_loss":0.0,"damage_taken":6.0,"cards_obtained":[]},{"damage_healed":0.0,"max_hp_gain":0.0,"max_hp_loss":0.0,"gold_gain":0.0,"cards_transformed":["Escape Plan"],"event_name":"Transmorgrifier","player_choice":"Transformed","floor":22.0,"gold_loss":0.0,"damage_taken":0.0,"cards_obtained":["Tools of the Trade"]},{"damage_healed":0.0,"max_hp_gain":0.0,"max_hp_loss":0.0,"gold_gain":0.0,"cards_transformed":["Noxious Fumes","Sucker Punch"],"event_name":"Drug Dealer","player_choice":"Became Test Subject","floor":29.0,"gold_loss":0.0,"damage_taken":0.0,"cards_obtained":["Replay:Poison Smokescreen","Slice"]}],"is_beta":false,"boss_relics":[{"not_picked":["Snecko Scales","Tiny House"],"picked":"Snecko Eye"},{"not_picked":["HoveringKite","WristBlade"],"picked":"Cursed Key"}],"items_purged_floors":[28],"is_endless":false,"potions_floor_spawned":[1,2,4,7,13,16,27,31,33,35],"killed_by":"3 Darklings","ascension_level":20}}