{"host":"xsuxkwaivmtd234a","time":1611501798,"event":{"mods":["BaseMod","Colored Map","Filter the Spire","Minty Spire (QoL Compilation)","Relic Stats","StSLib"],"gold_per_floor":[362,374,386,272,285,285,313,313,313,313,343,357,357,372,372,469,469,487,487,269,269,13,40,60,75,99,99,115,144,163,180,180,180,180],"floor_reached":33,"language":"ENG","playtime":1938,"items_purged":["Strike_R"],"score":374,"play_id":"b1c5ea82-294f-4d84-84c6-09aa5b439fd8","local_time":"20210124102318","is_ascension_mode":true,"campfire_choices":[{"data":"Armaments","floor":6,"key":"SMITH"},{"data":"Fire Breathing","floor":8,"key":"SMITH"},{"data":"Bludgeon","floor":13,"key":"SMITH"},{"data":"Bash","floor":15,"key":"SMITH"},{"floor":27,"key":"REST"},{"floor":32,"key":"REST"}],"circlet_count":0,"master_deck":["Strike_R","Strike_R","Strike_R","Defend_R","Defend_R","Defend_R","Defend_R","Bash+1","Whirlwind+1","Fire Breathing+1","Spot Weakness","Carnage","Armaments+1","Flame Barrier","Headbutt","Bludgeon+1","Disarm","Demon Form+1","True Grit+1","Purity","Battle Trance","Metallicize+1","Impervious","Havoc","Clothesline","True Grit+1","Fiend Fire","Body Slam+1","Shrug It Off+1"],"relics":["Burning Blood","Strawberry","Frozen Egg 2","Dead Branch","Mark of Pain","Potion Belt","OrangePellets","MealTicket","Juzu Bracelet"],"acts_visited":["Exordium","TheCity"],"potions_floor_usage":[5,11,14,16,23,24,29,29,33,33,33],"damage_taken":[{"damage":0,"enemies":"Small Slimes","floor":1,"turns":3},{"damage":6,"enemies":"Cultist","floor":2,"turns":3},{"damage":4,"enemies":"2 Louse","floor":3,"turns":3},{"damage":16,"enemies":"Lots of Slimes","floor":5,"turns":6},{"damage":25,"enemies":"3 Sentries","floor":7,"turns":5},{"damage":10,"enemies":"Gremlin Nob","floor":11,"turns":3},{"damage":2,"enemies":"2 Fungi Beasts","floor":12,"turns":4},{"damage":3,"enemies":"Blue Slaver","floor":14,"turns":2},{"damage":31,"enemies":"Slime Boss","floor":16,"turns":4},{"damage":6,"enemies":"Shell Parasite","floor":18,"turns":8},{"damage":42,"enemies":"Book of Stabbing","floor":23,"turns":6},{"damage":1,"enemies":"3 Byrds","floor":24,"turns":3},{"damage":42,"enemies":"Centurion and Healer","floor":25,"turns":5},{"damage":12,"enemies":"Cultist and Chosen","floor":28,"turns":4},{"damage":25,"enemies":"Gremlin Leader","floor":29,"turns":5},{"damage":5,"enemies":"Snake Plant","floor":30,"turns":6},{"damage":8,"enemies":"3 Cultists","floor":31,"turns":4},{"damage":76,"enemies":"Automaton","floor":33,"turns":6}],"seed_played":"7714791539223848055","potions_obtained":[{"floor":2,"key":"SteroidPotion"},{"floor":3,"key":"Strength Potion"},{"floor":7,"key":"SneckoOil"},{"floor":12,"key":"BloodPotion"},{"floor":14,"key":"DistilledChaos"},{"floor":25,"key":"AttackPotion"},{"floor":28,"key":"FearPotion"},{"floor":29,"key":"Fruit Juice"},{"floor":30,"key":"Ancient Potion"},{"floor":31,"key":"SkillPotion"}],"is_trial":false,"path_per_floor":["M","M","M","$","M","R","E","R","T","?","E","M","R","M","R","B",null,"M","?","$","?","$","E","M","M","T","R","M","E","M","M","R","B"],"character_chosen":"IRONCLAD","items_purchased":["Carnage","OrangePellets","DistilledChaos","Purity","Battle Trance","Metallicize+1"],"campfire_rested":2,"item_purchase_floors":[4,20,20,22,22,22],"current_hp_per_floor":[62,62,64,64,54,54,42,42,42,42,38,42,42,45,45,20,70,70,70,70,70,70,51,56,20,20,46,40,21,22,20,46,0,0],"gold":180,"neow_bonus":"TWO_FIFTY_GOLD","is_daily":false,"chose_seed":false,"campfire_upgraded":4,"win_rate":0.0,"timestamp":1611501798,"path_taken":["M","M","M","$","M","R","E","R","T","?","E","?","R","M","R","BOSS","M","?","$","?","$","E","M","M","T","R","?","E","M","M","R","BOSS"],"items_purchased_type":["Card","Relic","Potion","Card","Card","Card"],"build_version":"2020-12-22","purchased_purges":1,"victory":false,"max_hp_per_floor":[80,80,80,80,80,80,87,87,87,87,87,87,87,87,87,87,87,87,87,87,87,87,87,87,87,87,87,87,87,87,87,87,92,92],"relic_stats":{"OrangePellets":[2],"counters":[18,80],"Dead Branch":[71],"MealTicket":0,"Juzu Bracelet":0,"obtain_stats":[{"Potion Belt":19,"OrangePellets":20,"Strawberry":7,"Dead Branch":11,"MealTicket":23,"Mark of Pain":17,"Juzu Bracelet":29,"Frozen Egg 2":9,"Burning Blood":0},{"Potion Belt":10,"OrangePellets":10,"Strawberry":5,"Dead Branch":6,"MealTicket":11,"Mark of Pain":9,"Juzu Bracelet":15,"Frozen Egg 2":5,"Burning Blood":0},{"Potion Belt":41,"OrangePellets":41,"Strawberry":20,"Dead Branch":23,"MealTicket":47,"Mark of Pain":33,"Juzu Bracelet":64,"Frozen Egg 2":20,"Burning Blood":0}],"Burning Blood":102},"card_choices":[{"not_picked":["Sword Boomerang","Rage"],"picked":"Whirlwind","floor":1},{"not_picked":["Reckless Charge","Metallicize"],"picked":"Fire Breathing","floor":2},{"not_picked":["Headbutt","Sever Soul"],"picked":"Spot Weakness","floor":3},{"not_picked":["Wild Strike","Warcry"],"picked":"Armaments","floor":5},{"not_picked":["Power Through","True Grit"],"picked":"Flame Barrier","floor":7},{"not_picked":["Iron Wave","Cleave"],"picked":"Headbutt","floor":11},{"not_picked":["Anger","Thunderclap"],"picked":"Bludgeon","floor":12},{"not_picked":["Whirlwind","Warcry"],"picked":"Disarm","floor":14},{"not_picked":["Fiend Fire","Berserk+1"],"picked":"Demon Form+1","floor":16},{"not_picked":["Pommel Strike","Shockwave"],"picked":"True Grit+1","floor":18},{"not_picked":["Rampage+1","Perfected Strike"],"picked":"Impervious","floor":23},{"not_picked":["Whirlwind","Clash"],"picked":"Havoc","floor":24},{"not_picked":["Headbutt","Flex"],"picked":"Clothesline","floor":25},{"not_picked":["Battle Trance","Havoc"],"picked":"True Grit+1","floor":28},{"not_picked":["Anger+1","Heavy Blade"],"picked":"Fiend Fire","floor":29},{"not_picked":["Whirlwind","Shrug It Off"],"picked":"Body Slam+1","floor":30},{"not_picked":["Warcry+1","Flex"],"picked":"Shrug It Off+1","floor":31}],"player_experience":1181876,"relics_obtained":[{"floor":7,"key":"Strawberry"},{"floor":9,"key":"Frozen Egg 2"},{"floor":11,"key":"Dead Branch"},{"floor":23,"key":"MealTicket"},{"floor":29,"key":"Juzu Bracelet"}],"event_choices":[{"damage_healed":0,"gold_gain":0,"player_choice":"Upgraded","damage_taken":0,"max_hp_gain":0,"max_hp_loss":0,"event_name":"Upgrade Shrine","floor":10,"gold_loss":0,"cards_upgraded":["Whirlwind"]},{"damage_healed":0,"gold_gain":0,"player_choice":"Opened","damage_taken":0,"relics_obtained":["Potion Belt"],"max_hp_gain":0,"max_hp_loss":0,"event_name":"The Mausoleum","floor":19,"gold_loss":0},{"cards_removed":["Strike_R"],"damage_healed":0,"gold_gain":0,"player_choice":"Purged","damage_taken":0,"max_hp_gain":0,"max_hp_loss":0,"event_name":"Purifier","floor":21,"gold_loss":0}],"is_beta":false,"boss_relics":[{"not_picked":["Cursed Key","Velvet Choker"],"picked":"Mark of Pain"}],"items_purged_floors":[4],"is_endless":false,"potions_floor_spawned":[2,3,7,12,14,25,28,29,30,31],"killed_by":"Automaton","ascension_level":5}}