{"host":"w2kjv12xyhtt0cv2","time":1611498245,"event":{"mods":["Act Like it!","BaseMod","Colored Map","Friendly Minions","Gensokyo","GifTheSpireLib","Highlight Path","Hubris","Kiyohime（清姬）","Marisa（F雨　魔理沙）","Minty Spire (QoL Compilation)","Quick Restart","Reimu（博丽灵梦）","Relic Stats","Replay The Spire","RumiaBox-露米娅的神秘盒子","Shop Mod","Spicy Shops","StSLib","The Cursed","The Servant 0.9.4","UnlockEverythingMod","Waifu the Spire","[功能]功能增强和修复MOD","vexMod","【功能Mod】Neow奖励","【遗物卡牌】REMEMod","没有小屋子和绿帽子啦"],"gold_per_floor":[119,119,119,137,154,189,202,228,228,228,263,263,275,255,255],"floor_reached":14,"language":"ZHS","playtime":1128,"items_purged":[],"score":138,"play_id":"1f1af4f9-c9a4-46aa-b692-3894754f18b9","local_time":"20210124222405","is_ascension_mode":true,"campfire_choices":[{"floor":10.0,"key":"REST"},{"data":"ReplayTheSpireMod:Uncanny Aura","floor":12.0,"key":"SMITH"}],"circlet_count":0,"master_deck":["TheCursedMod:Strike_TheCursed","TheCursedMod:Strike_TheCursed","TheCursedMod:Strike_TheCursed","TheCursedMod:Strike_TheCursed","TheCursedMod:Defend_TheCursed","TheCursedMod:Defend_TheCursed","TheCursedMod:Defend_TheCursed","TheCursedMod:Defend_TheCursed","TheCursedMod:CursedWand","TheCursedMod:CleanUpWorkshop","TheCursedMod:Dregs","ReplayTheSpireMod:Uncanny Aura+1","TheCursedMod:ManaBullet","Delirium","TheCursedMod:SoulReap","TheCursedMod:LuckyCharm","TheCursedMod:RapidMovement","TheCursedMod:CursedArmor"],"relics":["REME_ComplimentaryCards","hubris:TerracottaHorce","Ring of Hypnosis","Ring of Panic","Ornamental Fan","Regal Pillow","CaptainsWheel","Happy Flower"],"acts_visited":["Exordium"],"potions_floor_usage":[14],"damage_taken":[{"damage":0.0,"enemies":"Cultist","floor":1.0,"turns":4.0},{"damage":0.0,"enemies":"2 Louse","floor":4.0,"turns":2.0},{"damage":10.0,"enemies":"Small Slimes","floor":5.0,"turns":3.0},{"damage":16.0,"enemies":"3 Sentries","floor":6.0,"turns":9.0},{"damage":10.0,"enemies":"2 Fungi Beasts","floor":7.0,"turns":4.0},{"damage":56.0,"enemies":"Gremlin Nob","floor":8.0,"turns":6.0},{"damage":21.0,"enemies":"3 Sentries","floor":11.0,"turns":19.0},{"damage":0.0,"enemies":"Exordium Wildlife","floor":13.0,"turns":6.0},{"damage":31,"enemies":"Lagavulin","floor":14,"turns":11}],"seed_played":"3290813102966164780","potions_obtained":[{"floor":3.0,"key":"Swift Potion"},{"floor":3.0,"key":"Regen Potion"},{"floor":3.0,"key":"EssenceOfSteel"},{"floor":4.0,"key":"Doom Potion"},{"floor":5.0,"key":"Toxic Potion"},{"floor":8.0,"key":"SkillPotion"},{"floor":13,"key":"Milkshake"},{"floor":13,"key":"MagicPotion:ReiMu"}],"is_trial":false,"path_per_floor":["M","?","?","M","M","E","M","E","T","R","E","R","M","E"],"character_chosen":"THE_CURSED","items_purchased":[],"campfire_rested":1,"item_purchase_floors":[],"current_hp_per_floor":[75,75,75,75,65,64,55,4,4,41,30,30,37,6,6],"gold":255,"neow_bonus":"BOSS_RELIC","is_daily":false,"chose_seed":false,"campfire_upgraded":1,"win_rate":0.0,"timestamp":1611498245,"path_taken":["M","?","?","M","?","E","M","E","T","R","E","R","M","E"],"items_purchased_type":[],"build_version":"2020-12-22","purchased_purges":0,"victory":false,"max_hp_per_floor":[75,75,75,75,75,75,75,75,75,75,75,75,75,75,75],"relic_stats":{"Regal Pillow":15,"Happy Flower":[5],"counters":[9,64],"Ornamental Fan":[32],"obtain_stats":[{"TheCursedMod:BlackMagic101":0,"Regal Pillow":8,"CaptainsWheel":9,"Ring of Hypnosis":2,"Happy Flower":11,"Ornamental Fan":6,"Ring of Panic":2,"REME_ComplimentaryCards":0,"hubris:TerracottaHorce":0},{"TheCursedMod:BlackMagic101":0,"Regal Pillow":6,"CaptainsWheel":6,"Ring of Hypnosis":1,"Happy Flower":7,"Ornamental Fan":4,"Ring of Panic":1,"REME_ComplimentaryCards":0,"hubris:TerracottaHorce":0},{"TheCursedMod:BlackMagic101":0,"Regal Pillow":28,"CaptainsWheel":28,"Ring of Hypnosis":4,"Happy Flower":47,"Ornamental Fan":18,"Ring of Panic":4,"REME_ComplimentaryCards":0,"hubris:TerracottaHorce":0}]},"card_choices":[{"not_picked":["TheCursedMod:Stigma","TheCursedMod:Obscuration"],"picked":"TheCursedMod:ManaBullet","floor":1.0},{"not_picked":["TheCursedMod:CircleOfFlame","TheCursedMod:ReleasedKnowledge","TheCursedMod:Wield"],"picked":"SKIP","floor":4.0},{"not_picked":["TheCursedMod:HellfireBreathing","TheCursedMod:Torture","TheCursedMod:CircleOfFlame"],"picked":"SKIP","floor":5.0},{"not_picked":["TheCursedMod:AbyssShockwave","TheCursedMod:StunningStrike"],"picked":"TheCursedMod:SoulReap","floor":6.0},{"not_picked":["TheCursedMod:TacticalStrike","TheCursedMod:Torture","TheCursedMod:WearCloak"],"picked":"SKIP","floor":7.0},{"not_picked":["TheCursedMod:AbyssShockwave","TheCursedMod:Stigma"],"picked":"TheCursedMod:LuckyCharm","floor":8.0},{"not_picked":["TheCursedMod:DoubleShield","TheCursedMod:CursedAmulet"],"picked":"TheCursedMod:RapidMovement","floor":11.0},{"not_picked":["TheCursedMod:StunningStrike","TheCursedMod:CircleOfFocus"],"picked":"TheCursedMod:CursedArmor","floor":13}],"player_experience":200701,"relics_obtained":[{"floor":2.0,"key":"Ring of Hypnosis"},{"floor":2.0,"key":"Ring of Panic"},{"floor":6.0,"key":"Ornamental Fan"},{"floor":8.0,"key":"Regal Pillow"},{"floor":9.0,"key":"CaptainsWheel"},{"floor":11.0,"key":"Happy Flower"}],"event_choices":[{"damage_healed":0.0,"max_hp_gain":0.0,"max_hp_loss":0.0,"gold_gain":0.0,"event_name":"Lab","player_choice":"Got Potions","floor":3.0,"gold_loss":0.0,"damage_taken":0.0}],"is_beta":false,"boss_relics":[],"items_purged_floors":[],"is_endless":false,"potions_floor_spawned":[4,5,8,13,13],"killed_by":"Lagavulin","ascension_level":5}}