{"host":"sum4dy402bbv9y4o","time":1611486275,"event":{"mods":["Aspiration","BaseMod","Conspire","Highlight Path","Minty Spire (QoL Compilation)","StSLib"],"gold_per_floor":[109,109,109,119,44,79,79,4,4,31,54,66,15,33,33,111,111,127,137,37,57,57,57],"floor_reached":22,"language":"ENG","playtime":659,"items_purged":["Strike_P","Strike_P"],"score":388,"play_id":"e562392b-7960-483e-9fe9-e550678d2030","local_time":"20210124140435","is_ascension_mode":true,"campfire_choices":[{"data":"CrushJoints","floor":7,"key":"SMITH"},{"data":"TalkToTheHand","floor":15,"key":"SMITH"}],"circlet_count":0,"master_deck":["AscendersBane","Defend_P","Defend_P","Defend_P","Defend_P","Eruption+1","Vigilance","Consecrate","BowlingBash","CrushJoints+1","FlurryOfBlows","BowlingBash","FlurryOfBlows","FearNoEvil","Halt","TalkToTheHand+1","Consecrate","EmptyBody","JustLucky"],"relics":["PureWater","Kunai","Akabeko","Prayer Wheel","StrikeDummy","Odd Mushroom","Empty Cage"],"acts_visited":["Exordium","TheCity"],"potions_floor_usage":[6,14,21],"damage_taken":[{"damage":0,"enemies":"2 Louse","floor":1,"turns":3},{"damage":0,"enemies":"Small Slimes","floor":4,"turns":2},{"damage":2,"enemies":"Gremlin Nob","floor":6,"turns":3},{"damage":2,"enemies":"3 Sentries","floor":10,"turns":3},{"damage":8,"enemies":"The Mushroom Lair","floor":11,"turns":3},{"damage":0,"enemies":"Jaw Worm","floor":12,"turns":2},{"damage":0,"enemies":"Looter","floor":14,"turns":2},{"damage":20,"enemies":"Hexaghost","floor":16,"turns":7},{"damage":22,"enemies":"Spheric Guardian","floor":18,"turns":3},{"damage":0,"enemies":"Chosen","floor":19,"turns":4},{"damage":0,"enemies":"Sentry and Sphere","floor":21,"turns":3},{"damage":44,"enemies":"Snecko","floor":22,"turns":7}],"seed_played":"-6834986811675975014","potions_obtained":[{"floor":4,"key":"Swift Potion"},{"floor":12,"key":"Block Potion"},{"floor":14,"key":"SmokeBomb"},{"floor":16,"key":"LiquidBronze"},{"floor":19,"key":"PowerPotion"}],"is_trial":false,"path_per_floor":["M","?","?","M","?","E","R","$","T","E","?","M","$","M","R","B",null,"M","M","$","M","M"],"character_chosen":"WATCHER","items_purchased":["Halt"],"campfire_rested":0,"item_purchase_floors":[13],"current_hp_per_floor":[61,61,61,61,61,59,59,59,59,57,49,49,49,49,49,29,58,36,36,36,36,0,0],"gold":57,"neow_bonus":"UPGRADE_CARD","is_daily":false,"chose_seed":false,"campfire_upgraded":2,"win_rate":0.0,"timestamp":1611486275,"path_taken":["M","?","?","M","?","E","R","$","T","E","?","?","$","M","R","BOSS","M","M","$","M","M"],"items_purchased_type":["Card"],"build_version":"2020-12-22","purchased_purges":2,"victory":false,"max_hp_per_floor":[68,68,68,68,68,68,68,68,68,68,68,68,68,68,68,68,68,68,68,68,68,68,68],"card_choices":[{"not_picked":["LikeWater","FollowUp"],"picked":"Consecrate","floor":1},{"not_picked":["FlyingSleeves","ThirdEye"],"picked":"BowlingBash","floor":4},{"not_picked":["Swivel","Indignation"],"picked":"CrushJoints","floor":6},{"not_picked":["BowlingBash","FlyingSleeves"],"picked":"FlurryOfBlows","floor":10},{"not_picked":["PathToVictory","FollowUp"],"picked":"BowlingBash","floor":11},{"not_picked":["PathToVictory","BattleHymn"],"picked":"FlurryOfBlows","floor":12},{"not_picked":["Consecrate","DeceiveReality"],"picked":"FearNoEvil","floor":12},{"not_picked":["FlurryOfBlows","Sanctity"],"picked":"TalkToTheHand","floor":14},{"not_picked":["Omniscience","ThirdEye","DeceiveReality"],"picked":"SKIP","floor":14},{"not_picked":["Wireheading","Evaluate"],"picked":"Consecrate","floor":18},{"not_picked":["PathToVictory","Meditate","ThirdEye+1"],"picked":"SKIP","floor":18},{"not_picked":["EmptyMind","SashWhip"],"picked":"EmptyBody","floor":19},{"not_picked":["Protect","ReachHeaven","Meditate"],"picked":"SKIP","floor":19},{"not_picked":["Evaluate","Collect"],"picked":"JustLucky","floor":21},{"not_picked":["Meditate","FlyingSleeves","SpiritShield"],"picked":"SKIP","floor":21}],"player_experience":3002388,"relics_obtained":[{"floor":6,"key":"Akabeko"},{"floor":9,"key":"Prayer Wheel"},{"floor":10,"key":"StrikeDummy"},{"floor":11,"key":"Odd Mushroom"}],"event_choices":[{"damage_healed":0,"gold_gain":0,"player_choice":"Box","damage_taken":0,"relics_obtained":["Kunai"],"max_hp_gain":0,"max_hp_loss":0,"event_name":"Big Fish","floor":2,"gold_loss":0,"cards_obtained":["Regret"]},{"damage_healed":0,"gold_gain":0,"player_choice":"Ignored","damage_taken":0,"max_hp_gain":0,"max_hp_loss":0,"event_name":"Golden Idol","floor":3,"gold_loss":0},{"cards_removed":["Regret"],"damage_healed":0,"gold_gain":0,"player_choice":"Card Removal","damage_taken":0,"max_hp_gain":0,"max_hp_loss":0,"event_name":"The Cleric","floor":5,"gold_loss":75},{"damage_healed":0,"gold_gain":0,"player_choice":"Fought Mushrooms","damage_taken":0,"max_hp_gain":0,"max_hp_loss":0,"event_name":"Mushrooms","floor":11,"gold_loss":0}],"is_beta":false,"boss_relics":[{"not_picked":["Coffee Dripper","aspiration:RandomNobGenerator"],"picked":"Empty Cage"}],"items_purged_floors":[8,20],"is_endless":false,"potions_floor_spawned":[4,12,14,16,19],"killed_by":"Snecko","ascension_level":20}}