{"host":"sum4dy402bbv9y4o","time":1611488354,"event":{"mods":["Aspiration","BaseMod","Conspire","Highlight Path","Minty Spire (QoL Compilation)","StSLib"],"gold_per_floor":[119,119,14,26,43,72,72,106,106,135,135,6,16,31,31,103,103,114,36,49,65,65,93,93,109,109,109,109,139,159,80,80,157,157,168,168,182,196,41,53,82,111,196,208,240,252,264,310,322,334,334],"floor_reached":50,"language":"ENG","playtime":2063,"items_purged":["Tactician","Grand Finale+1"],"score":1349,"play_id":"76aa095c-238c-4107-ae5f-9ce30b30ed6b","local_time":"20210124143914","is_ascension_mode":true,"campfire_choices":[{"data":"TalkToTheHand","floor":7,"key":"SMITH"},{"data":"Skewer","floor":11,"key":"SMITH"},{"data":"Eruption","floor":15,"key":"SMITH"},{"data":"LessonLearned","floor":24,"key":"SMITH"},{"data":"MentalFortress","floor":27,"key":"SMITH"},{"floor":32,"key":"REST"},{"floor":44,"key":"REST"},{"data":"MentalFortress","floor":46,"key":"SMITH"},{"floor":49,"key":"REST"}],"circlet_count":0,"master_deck":["AscendersBane","Strike_P","Strike_P","Defend_P","Defend_P","Defend_P+1","Eruption+1","Vigilance","FlurryOfBlows","Skewer+1","TalkToTheHand+1","EmptyBody+1","Tantrum+1","Crescendo+1","EmptyBody+1","FearNoEvil","Protect+1","Halt+1","Protect+1","FlurryOfBlows","LessonLearned+1","FlurryOfBlows","MentalFortress+1","MentalFortress+1","ConjureBlade+1","FlurryOfBlows+1","Adaptation","DeusExMachina+1","TalkToTheHand+1","Perseverance+1"],"relics":["PureWater","aspiration:Nostalgia","Ring of the Snake","Toxic Egg 2","aspiration:HummingbirdHeart","Ice Cream","StrikeDummy","conspire:SpecialSausage","Boot","War Paint","conspire:TopHat","MawBank","Molten Egg 2","aspiration:FrozenJewel"],"acts_visited":["Exordium","TheCity","TheBeyond"],"potions_floor_usage":[6,10,18,21,33,33,38,50,50],"damage_taken":[{"damage":0,"enemies":"Small Slimes","floor":1,"turns":2},{"damage":0,"enemies":"Cultist","floor":4,"turns":2},{"damage":0,"enemies":"2 Louse","floor":5,"turns":2},{"damage":11,"enemies":"3 Sentries","floor":6,"turns":4},{"damage":0,"enemies":"Gremlin Nob","floor":8,"turns":3},{"damage":13,"enemies":"3 Sentries","floor":10,"turns":6},{"damage":2,"enemies":"Exordium Wildlife","floor":13,"turns":3},{"damage":0,"enemies":"Lots of Slimes","floor":14,"turns":4},{"damage":4,"enemies":"The Guardian","floor":16,"turns":7},{"damage":0,"enemies":"Shell Parasite","floor":18,"turns":1},{"damage":0,"enemies":"Chosen","floor":20,"turns":1},{"damage":0,"enemies":"Shelled Parasite and Fungi","floor":21,"turns":2},{"damage":8,"enemies":"Book of Stabbing","floor":23,"turns":4},{"damage":4,"enemies":"Snake Plant","floor":25,"turns":4},{"damage":0,"enemies":"Colosseum Slavers","floor":28,"turns":4},{"damage":0,"enemies":"Slavers","floor":29,"turns":3},{"damage":0,"enemies":"3 Cultists","floor":30,"turns":5},{"damage":35,"enemies":"Automaton","floor":33,"turns":10},{"damage":0,"enemies":"3 Darklings","floor":35,"turns":4},{"damage":0,"enemies":"3 Shapes","floor":37,"turns":5},{"damage":2,"enemies":"Writhing Mass","floor":38,"turns":5},{"damage":0,"enemies":"Jaw Worm Horde","floor":40,"turns":5},{"damage":0,"enemies":"Giant Head","floor":41,"turns":4},{"damage":8,"enemies":"Spire Growth","floor":42,"turns":3},{"damage":38,"enemies":"Transient","floor":45,"turns":6},{"damage":4,"enemies":"Nemesis","floor":48,"turns":5},{"damage":55,"enemies":"Time Eater","floor":50,"turns":10}],"seed_played":"2756142592140491842","potions_obtained":[{"floor":1,"key":"Block Potion"},{"floor":6,"key":"ColorlessPotion"},{"floor":10,"key":"Dexterity Potion"},{"floor":16,"key":"FearPotion"},{"floor":18,"key":"FearPotion"},{"floor":25,"key":"SneckoOil"},{"floor":30,"key":"Energy Potion"},{"floor":33,"key":"Ambrosia"},{"floor":38,"key":"PowerPotion"}],"is_trial":false,"path_per_floor":["M","?","$","M","M","E","R","E","T","E","R","$","M","M","R","B",null,"M","$","M","M","?","E","R","M","T","R","?","E","M","$","R","B",null,"M","?","M","M","$","M","E","M","T","R","M","R","?","E","R","B"],"character_chosen":"WATCHER","items_purchased":["TalkToTheHand","EmptyBody","Halt+1","MentalFortress","Adaptation","Energy Potion"],"campfire_rested":3,"item_purchase_floors":[3,3,12,19,31,39],"current_hp_per_floor":[61,61,61,61,61,50,50,50,50,37,37,37,35,35,35,31,59,59,59,59,59,59,51,51,47,47,47,47,47,47,47,67,32,59,59,59,59,57,57,57,57,49,49,68,30,30,30,26,46,0,0],"gold":334,"neow_bonus":"NOSTALGIA","is_daily":false,"chose_seed":false,"campfire_upgraded":6,"win_rate":0.0,"timestamp":1611488354,"path_taken":["M","?","$","M","M","E","R","E","T","E","R","$","?","M","R","BOSS","M","$","M","M","?","E","R","M","T","R","?","E","M","$","R","BOSS","M","?","?","M","?","M","E","M","T","R","M","R","?","E","R","BOSS"],"items_purchased_type":["Card","Card","Card","Card","Card","Potion"],"build_version":"2020-12-22","purchased_purges":2,"victory":false,"max_hp_per_floor":[68,68,68,68,68,68,68,68,68,68,68,68,68,68,68,68,68,68,68,68,68,68,68,68,68,68,68,68,68,68,68,68,68,68,68,68,68,68,68,68,68,68,68,68,68,68,68,68,68,68,68],"card_choices":[{"not_picked":["WaveOfTheHand","SashWhip"],"picked":"FlurryOfBlows","floor":1},{"not_picked":["Consecrate","FlyingSleeves"],"picked":"Tantrum","floor":4},{"not_picked":["Worship","EmptyMind"],"picked":"Crescendo","floor":5},{"not_picked":["Indignation+1","Sanctity+1"],"picked":"EmptyBody+1","floor":6},{"not_picked":["ThirdEye+1","EmptyMind+1"],"picked":"FearNoEvil","floor":8},{"not_picked":["Collect+1","JustLucky"],"picked":"Protect+1","floor":10},{"not_picked":["Ragnarok","BattleHymn"],"picked":"Protect+1","floor":13},{"not_picked":["FlyingSleeves","DeceiveReality+1"],"picked":"FlurryOfBlows","floor":14},{"not_picked":["Ragnarok","MasterReality"],"picked":"LessonLearned","floor":16},{"not_picked":["Halt+1","WindmillStrike+1"],"picked":"FlurryOfBlows","floor":18},{"not_picked":["Prostrate+1","ThirdEye+1","EmptyFist"],"picked":"SKIP","floor":20},{"not_picked":["Prostrate+1","Evaluate+1"],"picked":"MentalFortress","floor":21},{"not_picked":["SashWhip","Halt+1"],"picked":"ConjureBlade+1","floor":23},{"not_picked":["Evaluate+1","WreathOfFlame+1"],"picked":"FlurryOfBlows","floor":25},{"not_picked":["JustLucky","Collect+1","SashWhip"],"picked":"SKIP","floor":29},{"not_picked":["JustLucky","WindmillStrike","PathToVictory+1"],"picked":"SKIP","floor":30},{"not_picked":["MasterReality","DevaForm"],"picked":"DeusExMachina+1","floor":33},{"not_picked":["Tantrum","InnerPeace+1","CrushJoints"],"picked":"SKIP","floor":35},{"not_picked":["WaveOfTheHand+1","MentalFortress","FollowUp"],"picked":"SKIP","floor":37},{"not_picked":["EmptyFist","PathToVictory+1","Worship+1"],"picked":"SKIP","floor":38},{"not_picked":["PathToVictory+1","BowlingBash","Vengeance+1"],"picked":"SKIP","floor":40},{"not_picked":["ThirdEye+1","Tantrum","FlurryOfBlows"],"picked":"SKIP","floor":41},{"not_picked":["PathToVictory+1","EmptyFist+1","InnerPeace+1"],"picked":"SKIP","floor":42},{"not_picked":["CrushJoints+1","Prostrate+1","Crescendo+1"],"picked":"SKIP","floor":45},{"not_picked":["CrushJoints+1","Wireheading"],"picked":"Perseverance+1","floor":48}],"player_experience":3003047,"relics_obtained":[{"floor":6,"key":"Toxic Egg 2"},{"floor":8,"key":"aspiration:HummingbirdHeart"},{"floor":9,"key":"Ice Cream"},{"floor":10,"key":"StrikeDummy"},{"floor":23,"key":"Boot"},{"floor":26,"key":"War Paint"},{"floor":29,"key":"conspire:TopHat"},{"floor":41,"key":"MawBank"},{"floor":43,"key":"Molten Egg 2"},{"floor":48,"key":"aspiration:FrozenJewel"}],"event_choices":[{"damage_healed":0,"gold_gain":0,"player_choice":"Ignored","damage_taken":0,"max_hp_gain":0,"max_hp_loss":0,"event_name":"The Mausoleum","floor":22,"gold_loss":0},{"damage_healed":0,"gold_gain":0,"player_choice":"Fight","damage_taken":0,"max_hp_gain":0,"max_hp_loss":0,"event_name":"Colosseum","floor":28,"gold_loss":0},{"damage_healed":0,"gold_gain":0,"player_choice":"Fled From Nobs","damage_taken":0,"max_hp_gain":0,"max_hp_loss":0,"event_name":"Colosseum","floor":28,"gold_loss":0},{"damage_healed":0,"gold_gain":0,"player_choice":"Copied","damage_taken":0,"max_hp_gain":0,"max_hp_loss":0,"event_name":"Duplicator","floor":36,"gold_loss":0,"cards_obtained":["TalkToTheHand"]}],"is_beta":false,"boss_relics":[{"not_picked":["HolyWater","Busted Crown"],"picked":"conspire:SpecialSausage"},{"not_picked":["aspiration:RandomNobGenerator","Coffee Dripper","conspire:RunicOctahedron"]}],"items_purged_floors":[12,39],"is_endless":false,"potions_floor_spawned":[1,6,10,16,18,20,25,30,33,38,40,41,42],"killed_by":"Time Eater","ascension_level":20}}