{"host":"qdfumeom6htv8yxl","time":1611462857,"event":{"mods":["AchievementEnabler","BaseMod","Bestiary","Block Reminder","Minty Spire (QoL Compilation)","Quick Restart","Relic Stats"],"gold_per_floor":[118,118,132,132,157,185,185,211,211,211,228,248,248,1,1,78,378,395,395,60,54,0,0,0,0,0],"floor_reached":25,"language":"ENG","playtime":1017,"items_purged":["Strike_B","Defend_B"],"score":536,"play_id":"00c25d3e-108f-471c-9f08-17fd578f7e78","local_time":"20210123223417","is_ascension_mode":true,"campfire_choices":[{"data":"Biased Cognition","floor":7,"key":"SMITH"},{"data":"Barrage","floor":10,"key":"SMITH"},{"data":"Coolheaded","floor":13,"key":"SMITH"},{"data":"Hologram","floor":15,"key":"SMITH"},{"data":"Biased Cognition","floor":23,"key":"SMITH"}],"circlet_count":0,"master_deck":["AscendersBane","Strike_B","Strike_B","Defend_B","Defend_B","Defend_B","Zap","Dualcast","Barrage+1","Hologram+1","Biased Cognition+1","Coolheaded+1","Sweeping Beam","Compile Driver","Biased Cognition+1","CurseOfTheBell","Capacitor","Self Repair","Ball Lightning","RitualDagger"],"relics":["Cracked Core","NeowsBlessing","Art of War","Nunchaku","Mercury Hourglass","Matryoshka","OrangePellets","Calling Bell","Anchor","Darkstone Periapt","Old Coin","Blood Vial"],"acts_visited":["Exordium","TheCity"],"potions_floor_usage":[],"damage_taken":[{"damage":0,"enemies":"Small Slimes","floor":1,"turns":1},{"damage":0,"enemies":"Jaw Worm","floor":3,"turns":1},{"damage":0,"enemies":"3 Sentries","floor":6,"turns":1},{"damage":8,"enemies":"Gremlin Nob","floor":8,"turns":3},{"damage":0,"enemies":"Cultist","floor":11,"turns":2},{"damage":4,"enemies":"Blue Slaver","floor":12,"turns":4},{"damage":0,"enemies":"The Guardian","floor":16,"turns":9},{"damage":17,"enemies":"Shell Parasite","floor":18,"turns":5},{"damage":24,"enemies":"2 Thieves","floor":21,"turns":4},{"damage":47,"enemies":"Gremlin Leader","floor":25,"turns":5}],"seed_played":"-2385335889134601689","potions_obtained":[{"floor":6,"key":"Weak Potion"},{"floor":8,"key":"LiquidBronze"},{"floor":11,"key":"CultistPotion"}],"is_trial":false,"path_per_floor":["M","?","M","?","T","E","R","E","T","R","M","M","R","$","R","B",null,"M","?","$","M","$","R","?","E"],"character_chosen":"DEFECT","items_purchased":["OrangePellets","Self Repair","Blood Vial","Ball Lightning"],"campfire_rested":0,"item_purchase_floors":[14,20,20,22],"current_hp_per_floor":[64,57,57,62,62,62,62,54,54,54,54,50,50,50,50,50,70,53,53,53,38,38,38,32,0,0],"gold":0,"neow_bonus":"THREE_ENEMY_KILL","is_daily":false,"chose_seed":false,"campfire_upgraded":5,"win_rate":0.0,"timestamp":1611462857,"path_taken":["M","?","M","?","?","E","R","E","T","R","M","?","R","$","R","BOSS","M","?","$","M","$","R","?","E"],"items_purchased_type":["Relic","Card","Relic","Card"],"build_version":"2020-12-22","purchased_purges":2,"victory":false,"max_hp_per_floor":[71,71,71,76,76,76,76,76,76,76,76,76,76,76,76,76,76,76,76,76,76,76,76,76,76,76],"relic_stats":{"Darkstone Periapt":0,"Blood Vial":4,"OrangePellets":[10],"Nunchaku":[3],"counters":[10,35],"Art of War":[9],"obtain_stats":[{"Calling Bell":17,"Darkstone Periapt":17,"Blood Vial":20,"OrangePellets":14,"Nunchaku":6,"Anchor":17,"Matryoshka":9,"NeowsBlessing":0,"Art of War":5,"Cracked Core":0,"Mercury Hourglass":8,"Old Coin":17},{"Calling Bell":7,"Darkstone Periapt":7,"Blood Vial":8,"OrangePellets":6,"Nunchaku":3,"Anchor":7,"Matryoshka":4,"NeowsBlessing":0,"Art of War":2,"Cracked Core":0,"Mercury Hourglass":4,"Old Coin":7},{"Calling Bell":21,"Darkstone Periapt":21,"Blood Vial":26,"OrangePellets":12,"Nunchaku":3,"Anchor":21,"Matryoshka":6,"NeowsBlessing":0,"Art of War":2,"Cracked Core":0,"Mercury Hourglass":6,"Old Coin":21}],"Mercury Hourglass":[87]},"card_choices":[{"not_picked":["Stack","Tempest"],"picked":"Barrage","floor":1},{"not_picked":["Reprogram","Streamline"],"picked":"Hologram","floor":3},{"not_picked":["Chaos","BootSequence"],"picked":"Biased Cognition","floor":6},{"not_picked":["Steam","Blizzard"],"picked":"Coolheaded","floor":8},{"not_picked":["Hologram","Leap"],"picked":"Sweeping Beam","floor":11},{"not_picked":["Conserve Battery","Reprogram"],"picked":"Compile Driver","floor":12},{"not_picked":["Amplify","Fission"],"picked":"Biased Cognition","floor":16},{"not_picked":["Chill","Consume","Beam Cell"],"picked":"SKIP","floor":18},{"not_picked":["Reprogram","Steam Power","Hologram"],"picked":"SKIP","floor":21}],"player_experience":1820126,"relics_obtained":[{"floor":5,"key":"Art of War"},{"floor":6,"key":"Nunchaku"},{"floor":8,"key":"Mercury Hourglass"},{"floor":9,"key":"Matryoshka"},{"floor":17,"key":"Anchor"},{"floor":17,"key":"Darkstone Periapt"},{"floor":17,"key":"Old Coin"}],"event_choices":[{"cards_removed":["Strike_B"],"damage_healed":0,"gold_gain":0,"player_choice":"Card Removal","damage_taken":7,"max_hp_gain":0,"max_hp_loss":0,"event_name":"Golden Wing","floor":2,"gold_loss":0},{"damage_healed":0,"gold_gain":0,"player_choice":"Donut","damage_taken":0,"max_hp_gain":5,"max_hp_loss":0,"event_name":"Big Fish","floor":4,"gold_loss":0},{"damage_healed":0,"gold_gain":0,"player_choice":"Read","damage_taken":0,"max_hp_gain":0,"max_hp_loss":0,"event_name":"The Library","floor":19,"gold_loss":0,"cards_obtained":["Capacitor"]},{"damage_healed":0,"gold_gain":0,"player_choice":"Joined the Cult","damage_taken":6,"max_hp_gain":0,"max_hp_loss":0,"event_name":"Nest","floor":24,"gold_loss":0,"cards_obtained":["RitualDagger"]}],"is_beta":false,"boss_relics":[{"not_picked":["Empty Cage","Tiny House"],"picked":"Calling Bell"}],"items_purged_floors":[14,20],"is_endless":false,"potions_floor_spawned":[6,8,11,16],"killed_by":"Gremlin Leader","ascension_level":18}}