{"host":"0x0gr83ly0vxzjzg","time":1611515653,"event":{"mods":["BaseMod","Bestiary","Better Skull","Curses Come First","Downfall","Hubris","Infinite Spire","Minty Spire (QoL Compilation)","Replay The Spire","Shop Mod","Spire Arcade","StSLib","The Cursed","The Servant 0.9.4"],"gold_per_floor":[99,110,120,137,154,154,206,220,231,251,265,265,265,280,298,298,298,298],"floor_reached":16,"language":"ENG","playtime":1313,"items_purged":[],"score":100,"play_id":"f40fc160-0eda-47ae-85e6-14b5c29e7220","local_time":"20210124141413","is_ascension_mode":false,"campfire_choices":[{"data":"champ:StanceDance","floor":13,"key":"SMITH"}],"circlet_count":0,"master_deck":["champ:Strike","champ:Strike","champ:Strike","champ:Strike","champ:Defend","champ:Defend","champ:Defend","champ:Defend","champ:Execute","champ:Taunt","champ:StanceDance+1","champ:BringItOn","champ:PreemptiveStrike","champ:TornadoPunch","champ:PreciseThrust","champ:Haymaker","champ:Backstep","champ:PreciseThrust","champ:Shatter","champ:CalledShot","champ:StanceDance"],"relics":["champ:ChampionCrown","hubris:Towel"],"acts_visited":["Exordium"],"potions_floor_usage":[8,14,14,16],"damage_taken":[{"damage":15,"enemies":"Small Slimes","floor":2,"turns":3},{"damage":12,"enemies":"Jaw Worm","floor":3,"turns":3},{"damage":10,"enemies":"2 Louse","floor":4,"turns":3},{"damage":3,"enemies":"Red Slaver","floor":5,"turns":5},{"damage":7,"enemies":"Blue Slaver","floor":8,"turns":4},{"damage":10,"enemies":"3 Louse","floor":9,"turns":4},{"damage":10,"enemies":"Exordium Thugs","floor":10,"turns":3},{"damage":10,"enemies":"2 Fungi Beasts","floor":11,"turns":3},{"damage":10,"enemies":"Blue Slaver","floor":14,"turns":2},{"damage":12,"enemies":"Red Slaver","floor":15,"turns":4},{"damage":111,"enemies":"SI_SHIV_ARCHETYPE","floor":16,"turns":10}],"seed_played":"75702545303946964","potions_obtained":[{"floor":3,"key":"Venom Potion"},{"floor":4,"key":"champ:UltimateStancePotion"},{"floor":5,"key":"Regen Potion"},{"floor":10,"key":"Swift Potion"}],"is_trial":false,"path_per_floor":["R","M","M","M","M","?","T","M","M","M","M","?","R","M","M","B"],"character_chosen":"THE_CHAMP","items_purchased":[],"campfire_rested":0,"item_purchase_floors":[],"current_hp_per_floor":[99,99,97,97,94,99,99,104,104,104,104,104,104,104,102,0,0,0],"gold":298,"neow_bonus":"TEN_PERCENT_HP_BONUS","is_daily":false,"chose_seed":false,"campfire_upgraded":1,"win_rate":0.0,"timestamp":1611515653,"path_taken":["R","M","M","M","M","?","T","M","M","M","M","?","R","M","M","BOSS"],"items_purchased_type":[],"build_version":"2020-12-22","purchased_purges":0,"victory":false,"max_hp_per_floor":[99,99,99,99,99,104,104,104,104,104,104,104,104,104,104,104,104,104],"card_choices":[{"not_picked":["champ:ShieldWall","champ:PerfectedStrike"],"picked":"champ:BringItOn","floor":2},{"not_picked":["champ:FancyFootwork","champ:ShieldWall"],"picked":"champ:PreemptiveStrike","floor":3},{"not_picked":["champ:CrownThrow","champ:Backstep"],"picked":"champ:TornadoPunch","floor":4},{"not_picked":["champ:Parry","champ:AdrenalArmor"],"picked":"champ:PreciseThrust","floor":5},{"not_picked":["champ:BerserkersShout","champ:FlashCut"],"picked":"champ:Haymaker","floor":8},{"not_picked":["champ:DefensiveShout","champ:RisingSlash"],"picked":"champ:Backstep","floor":9},{"not_picked":["champ:DefensiveShout","champ:EndlessRage"],"picked":"champ:PreciseThrust","floor":10},{"not_picked":["champ:StanceDance","champ:Backstep"],"picked":"champ:Shatter","floor":11},{"not_picked":["champ:ShieldSlam","champ:SkillfulDodge"],"picked":"champ:CalledShot","floor":14},{"not_picked":["champ:Endure","champ:PreciseThrust"],"picked":"champ:StanceDance","floor":15}],"player_experience":137408,"relics_obtained":[],"event_choices":[{"damage_healed":0,"gold_gain":0,"player_choice":"Donut","damage_taken":0,"max_hp_gain":5,"max_hp_loss":0,"event_name":"Big Fish","floor":6,"gold_loss":0}],"is_beta":false,"boss_relics":[],"items_purged_floors":[],"is_endless":false,"potions_floor_spawned":[3,4,5,10],"killed_by":"SI_SHIV_ARCHETYPE","ascension_level":0}}