{"host":"w7o06k3e8uel8euj","time":1611481762,"event":{"mods":["AchievementEnabler","BaseMod","Colored Powertips","Custom Start","DeckTracker","Keyboard Shortcuts","Minty Spire (QoL Compilation)","Quick Restart","Relic Stats","StSLib","SuperFastMode","everything is the same but u backflip on backflip"],"gold_per_floor":[112,112,123,123,123,123,161,161,243,263,294,307,332,367,367,497,497,513,513,533,557,557,600,600,515,515,187,462,362,405,420,420,539,539,553,607,620,441,460,493,826,857,857,637,637,637,667,667,667,667,667,667,23,54,54],"floor_reached":56,"language":"KOR","playtime":1454,"items_purged":["Strike_G","Regret","Strike_G","Defend_G","Flying Knee"],"score":1623,"play_id":"ddbb07c0-2015-4d85-bfa0-de7963a4e54b","local_time":"20210124184922","is_ascension_mode":true,"campfire_choices":[{"data":"Blade Dance","floor":6.0,"key":"SMITH"},{"data":"Skewer","floor":8.0,"key":"SMITH"},{"data":"Blade Dance","floor":15.0,"key":"SMITH"},{"data":"Venomology","floor":24.0,"key":"SMITH"},{"data":"Blade Dance","floor":32.0,"key":"SMITH"},{"data":"Blade Dance","floor":46,"key":"SMITH"},{"floor":49,"key":"RECALL"},{"data":"Cloak And Dagger","floor":52,"key":"SMITH"}],"circlet_count":0,"master_deck":["Defend_G","Defend_G","Defend_G","Defend_G","Survivor","Neutralize","Skewer+1","Blade Dance+1","Escape Plan","Blade Dance+1","Blade Dance+1","Accuracy+1","Venomology+1","Backflip","Finisher","Blade Dance+1","After Image+1","Cloak And Dagger+1","Well Laid Plans+1"],"relics":["Ring of the Snake","Tiny Chest","Frozen Egg 2","Kunai","Snake Skull","Pocketwatch","Empty Cage","Paper Crane","Lantern","Oddly Smooth Stone","Meat on the Bone","Singing Bowl","Bottled Tornado","SlaversCollar","Molten Egg 2","Omamori","StrikeDummy","Bird Faced Urn","Bottled Lightning","Happy Flower","InkBottle","Anchor"],"acts_visited":["Exordium","TheCity","TheBeyond","TheEnding"],"potions_floor_usage":[42,42,47,50,54,54,55],"damage_taken":[{"damage":1.0,"enemies":"Jaw Worm","floor":1.0,"turns":4.0},{"damage":0.0,"enemies":"Small Slimes","floor":3.0,"turns":3.0},{"damage":17.0,"enemies":"3 Sentries","floor":7.0,"turns":8.0},{"damage":0.0,"enemies":"2 Louse","floor":10.0,"turns":2.0},{"damage":0.0,"enemies":"Lagavulin","floor":11.0,"turns":5.0},{"damage":0.0,"enemies":"2 Fungi Beasts","floor":12.0,"turns":3.0},{"damage":0.0,"enemies":"3 Louse","floor":13.0,"turns":3.0},{"damage":9.0,"enemies":"3 Sentries","floor":14.0,"turns":3.0},{"damage":14.0,"enemies":"The Guardian","floor":16.0,"turns":11.0},{"damage":0.0,"enemies":"Spheric Guardian","floor":18.0,"turns":3.0},{"damage":0.0,"enemies":"Chosen","floor":20.0,"turns":3.0},{"damage":11.0,"enemies":"Centurion and Healer","floor":21.0,"turns":4.0},{"damage":0.0,"enemies":"Book of Stabbing","floor":23.0,"turns":4.0},{"damage":1.0,"enemies":"Slavers","floor":30.0,"turns":2.0},{"damage":0.0,"enemies":"Snake Plant","floor":31.0,"turns":2.0},{"damage":0.0,"enemies":"Automaton","floor":33.0,"turns":5.0},{"damage":2.0,"enemies":"Orb Walker","floor":35.0,"turns":2.0},{"damage":0.0,"enemies":"3 Shapes","floor":37.0,"turns":4.0},{"damage":0.0,"enemies":"Maw","floor":39.0,"turns":6.0},{"damage":0.0,"enemies":"Giant Head","floor":40.0,"turns":5.0},{"damage":0,"enemies":"Reptomancer","floor":42,"turns":5},{"damage":0,"enemies":"Giant Head","floor":47,"turns":4},{"damage":0,"enemies":"Donu and Deca","floor":50,"turns":7},{"damage":12,"enemies":"Shield and Spear","floor":54,"turns":5},{"damage":70,"enemies":"The Heart","floor":55,"turns":7}],"seed_played":"-7192049411667410114","potions_obtained":[{"floor":7.0,"key":"EntropicBrew"},{"floor":12.0,"key":"EssenceOfSteel"},{"floor":13.0,"key":"FearPotion"},{"floor":20.0,"key":"Swift Potion"},{"floor":23.0,"key":"Poison Potion"},{"floor":30.0,"key":"Energy Potion"},{"floor":35.0,"key":"Ancient Potion"},{"floor":37.0,"key":"Swift Potion"}],"is_trial":false,"path_per_floor":["M","?","M","?","?","R","E","R","T","M","E","M","M","E","R","B",null,"M","T","M","M","?","E","R","?","T","$","?","$","E","M","R","B",null,"M","T","M","$","M","E","?","E","T","$","?","R","E","T","R","B",null,"R","$","E","B",null],"character_chosen":"THE_SILENT","items_purchased":["Singing Bowl","Cloak And Dagger","Well Laid Plans+1","Happy Flower","InkBottle","EssenceOfSteel"],"campfire_rested":0,"item_purchase_floors":[27,38,44,53,53,53],"current_hp_per_floor":[69,69,69,74,56,56,39,39,39,39,39,39,39,30,30,16,75,75,75,75,64,64,64,64,64,64,64,64,64,65,67,67,67,79,79,79,81,81,83,85,85,87,87,87,85,85,87,87,87,87,87,87,87,77,25],"gold":54,"neow_bonus":"RANDOM_COMMON_RELIC","is_daily":false,"chose_seed":false,"campfire_upgraded":7,"win_rate":0.0,"timestamp":1611481762,"path_taken":["M","?","M","?","?","R","E","R","T","M","E","M","M","E","R","BOSS","M","?","M","M","?","E","R","?","T","$","?","$","E","M","R","BOSS","M","?","M","$","?","E","?","E","T","$","?","R","E","?","R","BOSS","R","$","E","BOSS"],"items_purchased_type":["Relic","Card","Card","Relic","Relic","Potion"],"build_version":"2020-12-22","purchased_purges":5,"victory":true,"max_hp_per_floor":[70,70,70,75,75,75,75,75,75,75,75,75,75,75,75,75,75,75,75,75,75,75,75,75,75,75,75,75,75,77,79,79,79,79,81,81,83,83,85,87,87,89,89,89,85,85,87,87,87,87,87,87,87,89,89],"relic_stats":{"Singing Bowl":18,"Happy Flower":[4],"counters":[25,110],"Bird Faced Urn":[6],"Tiny Chest":3,"Snake Skull":[28],"Kunai":[136],"obtain_stats":[{"Lantern":23,"Singing Bowl":27,"Happy Flower":53,"Golden Idol":5,"Oddly Smooth Stone":25,"Snake Skull":11,"Omamori":42,"Frozen Egg 2":7,"Paper Crane":19,"Bottled Tornado":30,"Empty Cage":17,"SlaversCollar":34,"Anchor":54,"Bird Faced Urn":47,"Tiny Chest":0,"Molten Egg 2":40,"Kunai":9,"Bottled Lightning":48,"StrikeDummy":43,"InkBottle":53,"Ring of the Snake":0,"Pocketwatch":14,"Meat on the Bone":26},{"Lantern":13,"Singing Bowl":13,"Happy Flower":23,"Golden Idol":2,"Oddly Smooth Stone":13,"Snake Skull":5,"Omamori":21,"Frozen Egg 2":3,"Paper Crane":10,"Bottled Tornado":14,"Empty Cage":9,"SlaversCollar":16,"Anchor":24,"Bird Faced Urn":22,"Tiny Chest":0,"Molten Egg 2":20,"Kunai":3,"Bottled Lightning":22,"StrikeDummy":21,"InkBottle":23,"Ring of the Snake":0,"Pocketwatch":8,"Meat on the Bone":13},{"Lantern":56,"Singing Bowl":56,"Happy Flower":98,"Golden Idol":7,"Oddly Smooth Stone":56,"Snake Skull":22,"Omamori":87,"Frozen Egg 2":15,"Paper Crane":45,"Bottled Tornado":58,"Empty Cage":42,"SlaversCollar":65,"Anchor":103,"Bird Faced Urn":91,"Tiny Chest":0,"Molten Egg 2":82,"Kunai":15,"Bottled Lightning":91,"StrikeDummy":87,"InkBottle":98,"Ring of the Snake":0,"Pocketwatch":31,"Meat on the Bone":56}],"InkBottle":[11],"Ring of the Snake":[50],"Pocketwatch":[18],"Meat on the Bone":12},"card_choices":[{"not_picked":["Concentrate","Caltrops"],"picked":"Flying Knee","floor":1.0},{"not_picked":["Finisher","Outmaneuver"],"picked":"Blade Dance","floor":3.0},{"not_picked":["Well Laid Plans+1","Blur"],"picked":"Escape Plan","floor":7.0},{"not_picked":["Dagger Throw","Quick Slash"],"picked":"Blade Dance","floor":10.0},{"not_picked":["Prepared","Backflip"],"picked":"Blade Dance","floor":11.0},{"not_picked":["Outmaneuver","Dagger Spray"],"picked":"Accuracy+1","floor":12.0},{"not_picked":["Underhanded Strike","Deadly Poison","Die Die Die"],"picked":"SKIP","floor":13.0},{"not_picked":["Crippling Poison","Deadly Poison","Infinite Blades+1"],"picked":"SKIP","floor":14.0},{"not_picked":["Die Die Die","Unload"],"picked":"Venomology","floor":16.0},{"not_picked":["Leg Sweep","Setup"],"picked":"Backflip","floor":18.0},{"not_picked":["Deadly Poison","Underhanded Strike+1"],"picked":"Finisher","floor":20.0},{"not_picked":["Dagger Throw","Bouncing Flask","Calculated Gamble+1"],"picked":"SKIP","floor":21.0},{"not_picked":["Dash","Bullet Time","Bane"],"picked":"SKIP","floor":23.0},{"not_picked":["Dagger Throw+1","PiercingWail","Calculated Gamble"],"picked":"Singing Bowl","floor":30.0},{"not_picked":["Flying Knee","Dodge and Roll+1","Skewer+1"],"picked":"Singing Bowl","floor":31.0},{"not_picked":["Die Die Die","Bullet Time"],"picked":"After Image+1","floor":33.0},{"not_picked":["Expertise","Prepared+1","Flying Knee+1"],"picked":"Singing Bowl","floor":35.0},{"not_picked":["PiercingWail+1","Slice+1","Deadly Poison"],"picked":"Singing Bowl","floor":37.0},{"not_picked":["Deflect+1","Underhanded Strike","All Out Attack"],"picked":"Singing Bowl","floor":39.0},{"not_picked":["Burst","Dagger Throw","Venomology"],"picked":"Singing Bowl","floor":40.0},{"not_picked":["Masterful Stab+1","Concentrate+1","Sucker Punch+1"],"picked":"Singing Bowl","floor":42},{"not_picked":["Blade Dance","Choke+1","Flying Knee+1"],"picked":"Singing Bowl","floor":47},{"not_picked":["PiercingWail","Blade Dance","Corpse Explosion"],"picked":"Singing Bowl","floor":54}],"player_experience":500483,"relics_obtained":[{"floor":7.0,"key":"Frozen Egg 2"},{"floor":9.0,"key":"Kunai"},{"floor":11.0,"key":"Snake Skull"},{"floor":14.0,"key":"Pocketwatch"},{"floor":19.0,"key":"Paper Crane"},{"floor":23.0,"key":"Lantern"},{"floor":26.0,"key":"Meat on the Bone"},{"floor":30.0,"key":"Bottled Tornado"},{"floor":40.0,"key":"Molten Egg 2"},{"floor":42,"key":"Omamori"},{"floor":43,"key":"StrikeDummy"},{"floor":47,"key":"Bird Faced Urn"},{"floor":48,"key":"Bottled Lightning"},{"floor":54,"key":"Anchor"}],"event_choices":[{"damage_healed":0.0,"max_hp_gain":0.0,"max_hp_loss":0.0,"gold_gain":0.0,"cards_transformed":["Strike_G"],"event_name":"Living Wall","player_choice":"Change","floor":2.0,"gold_loss":0.0,"damage_taken":0.0,"cards_obtained":["Skewer"]},{"damage_healed":0.0,"max_hp_gain":5.0,"max_hp_loss":0.0,"gold_gain":0.0,"event_name":"Big Fish","player_choice":"Donut","floor":4.0,"gold_loss":0.0,"damage_taken":0.0},{"damage_healed":0.0,"max_hp_gain":0.0,"max_hp_loss":0.0,"gold_gain":0.0,"event_name":"Golden Idol","player_choice":"Take Damage","floor":5.0,"gold_loss":0.0,"damage_taken":18.0,"relics_obtained":["Golden Idol"]},{"damage_healed":0.0,"max_hp_gain":0.0,"max_hp_loss":0.0,"gold_gain":0.0,"event_name":"The Library","player_choice":"Read","floor":22.0,"gold_loss":0.0,"damage_taken":0.0,"cards_obtained":["Blade Dance"]},{"damage_healed":0.0,"max_hp_gain":0.0,"max_hp_loss":0.0,"gold_gain":0.0,"event_name":"Addict","player_choice":"Obtained Relic","floor":25.0,"gold_loss":85.0,"damage_taken":0.0,"relics_obtained":["Oddly Smooth Stone"]},{"damage_healed":0.0,"max_hp_gain":0.0,"max_hp_loss":0.0,"gold_gain":275.0,"event_name":"Golden Shrine","player_choice":"Desecrate","floor":28.0,"gold_loss":0.0,"damage_taken":0.0,"cards_obtained":["Regret"]},{"damage_healed":0.0,"max_hp_gain":0.0,"max_hp_loss":0.0,"gold_gain":333.0,"event_name":"The Moai Head","player_choice":"Gave Idol","floor":41.0,"relics_lost":["Golden Idol"],"gold_loss":0.0,"damage_taken":0.0},{"damage_healed":0,"gold_gain":0,"player_choice":"Max HP","damage_taken":0,"max_hp_gain":0,"max_hp_loss":4,"event_name":"Winding Halls","floor":45,"gold_loss":0}],"is_beta":false,"boss_relics":[{"not_picked":["SacredBark","Black Star"],"picked":"Empty Cage"},{"not_picked":["Pandora\u0027s Box","Velvet Choker"],"picked":"SlaversCollar"}],"items_purged_floors":[27,29,38,44,53],"is_endless":false,"potions_floor_spawned":[7,12,13,20,23,30,33,35,37,39],"ascension_level":1}}