{"host":"qxeepl7ydvsgmfdb","time":1611500758,"event":{"mods":["AchievementEnabler","BaseMod","Colored Powertips","Minty Spire (QoL Compilation)","Quick Restart","slay the spire mod where everything is the same but ironclad has a cowboy hat"],"gold_per_floor":[111,386,2,2,2,2,37,37,63,78,104,69,69,69,69,172,172,182,28,28,28,127,127,127],"floor_reached":23,"language":"ENG","playtime":555,"items_purged":["Regret"],"score":287,"play_id":"9f3a9bd9-65f8-459d-88e6-5b60965e4893","local_time":"20210124100558","is_ascension_mode":true,"campfire_choices":[{"data":"Poisoned Stab","floor":6,"key":"SMITH"},{"data":"Terror","floor":8,"key":"SMITH"},{"floor":13,"key":"REST"},{"data":"Poisoned Stab","floor":15,"key":"SMITH"}],"circlet_count":0,"master_deck":["AscendersBane","Strike_G","Strike_G","Strike_G","Strike_G","Defend_G","Defend_G","Defend_G","Defend_G","Defend_G","Survivor","Neutralize","Prepared","Poisoned Stab+1","Terror+1","Poisoned Stab+1","Deadly Poison+1","Noxious Fumes"],"relics":["WristBlade","Mummified Hand","Art of War","Lantern","Snake Skull","SlaversCollar"],"acts_visited":["Exordium","TheCity"],"potions_floor_usage":[7,7,7,23,23],"damage_taken":[{"damage":0,"enemies":"Small Slimes","floor":1,"turns":5},{"damage":24,"enemies":"3 Sentries","floor":7,"turns":12},{"damage":0,"enemies":"Cultist","floor":10,"turns":3},{"damage":15,"enemies":"Gremlin Nob","floor":11,"turns":4},{"damage":37,"enemies":"Hexaghost","floor":16,"turns":9},{"damage":51,"enemies":"3 Byrds","floor":18,"turns":6},{"damage":36,"enemies":"Slavers","floor":23,"turns":3}],"seed_played":"-8702489575845426829","potions_obtained":[{"floor":1,"key":"Fire Potion"},{"floor":5,"key":"AttackPotion"},{"floor":5,"key":"BlessingOfTheForge"},{"floor":16,"key":"Poison Potion"}],"is_trial":false,"path_per_floor":["M","?","$","$","?","R","E","R","T","M","E","?","R","?","R","B",null,"M","$","?","$","?","E"],"character_chosen":"THE_SILENT","items_purchased":["Mummified Hand","Poisoned Stab","CunningPotion","Noxious Fumes"],"campfire_rested":1,"item_purchase_floors":[3,3,19,19],"current_hp_per_floor":[63,63,63,63,63,63,39,39,39,39,24,41,62,55,55,18,57,6,6,29,29,29,0,0],"gold":127,"neow_bonus":"BOSS_RELIC","is_daily":false,"chose_seed":false,"campfire_upgraded":3,"win_rate":0.0,"timestamp":1611500758,"path_taken":["M","?","?","$","?","R","E","R","T","?","E","?","R","?","R","BOSS","M","$","?","$","?","E"],"items_purchased_type":["Relic","Card","Potion","Card"],"build_version":"2020-12-22","purchased_purges":1,"victory":false,"max_hp_per_floor":[70,70,70,70,70,70,70,70,70,70,70,70,70,70,70,70,70,70,70,70,70,70,70,70],"card_choices":[{"not_picked":["Predator","Calculated Gamble"],"picked":"Prepared","floor":1},{"not_picked":["Bane","Leg Sweep"],"picked":"Terror","floor":7},{"not_picked":["Well Laid Plans","Sucker Punch","Acrobatics"],"picked":"SKIP","floor":10},{"not_picked":["Choke","Leg Sweep"],"picked":"Poisoned Stab","floor":11},{"not_picked":["Distraction","Bane+1"],"picked":"Deadly Poison+1","floor":18}],"player_experience":212695,"relics_obtained":[{"floor":7,"key":"Art of War"},{"floor":9,"key":"Lantern"},{"floor":11,"key":"Snake Skull"}],"event_choices":[{"damage_healed":0,"gold_gain":275,"player_choice":"Desecrate","damage_taken":0,"max_hp_gain":0,"max_hp_loss":0,"event_name":"Golden Shrine","floor":2,"gold_loss":0,"cards_obtained":["Regret"]},{"damage_healed":0,"gold_gain":0,"player_choice":"Got Potions","damage_taken":0,"max_hp_gain":0,"max_hp_loss":0,"event_name":"Lab","floor":5,"gold_loss":0},{"damage_healed":17,"gold_gain":0,"player_choice":"Healed","damage_taken":0,"max_hp_gain":0,"max_hp_loss":0,"event_name":"The Cleric","floor":12,"gold_loss":35},{"cards_removed":["Strike_G"],"damage_healed":0,"gold_gain":0,"player_choice":"Card Removal","damage_taken":7,"max_hp_gain":0,"max_hp_loss":0,"event_name":"Golden Wing","floor":14,"gold_loss":0},{"damage_healed":23,"gold_gain":0,"player_choice":"Heal","damage_taken":0,"max_hp_gain":0,"max_hp_loss":0,"event_name":"The Library","floor":20,"gold_loss":0},{"damage_healed":0,"gold_gain":99,"player_choice":"Stole From Cult","damage_taken":0,"max_hp_gain":0,"max_hp_loss":0,"event_name":"Nest","floor":22,"gold_loss":0}],"is_beta":false,"boss_relics":[{"not_picked":["Pandora\u0027s Box","Tiny House"],"picked":"SlaversCollar"}],"items_purged_floors":[3],"is_endless":false,"potions_floor_spawned":[1,16],"killed_by":"Slavers","ascension_level":10}}