{"host":"zxkjcgzis4pm3za5","time":1611487741,"event":{"mods":["AchievementEnabler","Act Like it!","BaseMod","Colored Map","Colored Powertips","Friendly Minions","GifTheSpireLib","Minty Spire (QoL Compilation)","Quick Restart","RNG Fix","Random Character Button","Relic Sorter","Relic Stats","StSLib"],"gold_per_floor":[115,133,133,157,179,179,219,101,149,198,245,257,293,345,357,450,462,497,535,396,408,297,337,349,382,463,505,254,267,267,305,305,385,385,402,624,484,499,499,528,528,570,570,22,38,38,63,72,72,72,72,72,10,37,37],"floor_reached":56,"language":"ENG","playtime":2159,"items_purged":["Strike_G","Strike_G","Strike_G","Strike_G","Strike_G"],"score":2417,"play_id":"ea091d08-cc5f-4004-b7bd-c6431973d4f7","local_time":"20210124165901","is_ascension_mode":true,"campfire_choices":[{"data":"Blade Dance","floor":6.0,"key":"SMITH"},{"data":"Accuracy","floor":12.0,"key":"SMITH"},{"data":"Cloak And Dagger","floor":15.0,"key":"SMITH"},{"data":"Footwork","floor":30.0,"key":"SMITH"},{"data":"Adrenaline","floor":32.0,"key":"SMITH"},{"data":"Adrenaline","floor":41.0,"key":"SMITH"},{"floor":46.0,"key":"RECALL"},{"data":"Blade Dance","floor":49.0,"key":"SMITH"},{"data":"Bullet Time","floor":52.0,"key":"SMITH"}],"circlet_count":0,"master_deck":["AscendersBane","Defend_G","Defend_G","Defend_G","Defend_G+1","Survivor+1","Neutralize","Cloak And Dagger+1","Accuracy+1","Blade Dance+1","Dagger Spray","Infinite Blades","Cloak And Dagger+1","Acrobatics","Blade Dance+1","Outmaneuver","Bullet Time+1","Footwork+1","Blur","PiercingWail","Finisher","Backflip","Phantasmal Killer","Adrenaline+1","Deflect","Adrenaline+1","Skewer+1","Finesse","Dark Shackles"],"relics":["Ring of the Snake","War Paint","CeramicFish","The Courier","MawBank","Odd Mushroom","CaptainsWheel","HornCleat","SlaversCollar","Matryoshka","Singing Bowl","Bag of Marbles","Bag of Preparation","Lantern","Red Mask","Sozu","Letter Opener","Mummified Hand","Smiling Mask","Shuriken","Pen Nib","Pantograph","Ornamental Fan","Incense Burner","TungstenRod"],"acts_visited":["TheCity","TheBeyond","TheEnding"],"potions_floor_usage":[55,55],"damage_taken":[{"damage":0.0,"enemies":"Small Slimes","floor":1.0,"turns":4.0},{"damage":3.0,"enemies":"Jaw Worm","floor":2.0,"turns":5.0},{"damage":4.0,"enemies":"Cultist","floor":5.0,"turns":3.0},{"damage":2.0,"enemies":"Gremlin Nob","floor":7.0,"turns":3.0},{"damage":7.0,"enemies":"The Mushroom Lair","floor":10.0,"turns":4.0},{"damage":1.0,"enemies":"Lagavulin","floor":11.0,"turns":7.0},{"damage":0.0,"enemies":"Red Slaver","floor":13.0,"turns":2.0},{"damage":0.0,"enemies":"Gremlin Nob","floor":14.0,"turns":4.0},{"damage":10.0,"enemies":"Slime Boss","floor":16.0,"turns":6.0},{"damage":0.0,"enemies":"Spheric Guardian","floor":18.0,"turns":2.0},{"damage":0.0,"enemies":"Shell Parasite","floor":19.0,"turns":4.0},{"damage":4.0,"enemies":"Snake Plant","floor":21.0,"turns":3.0},{"damage":1.0,"enemies":"Gremlin Leader","floor":23.0,"turns":5.0},{"damage":8.0,"enemies":"Centurion and Healer","floor":24.0,"turns":4.0},{"damage":0.0,"enemies":"Book of Stabbing","floor":25.0,"turns":4.0},{"damage":0.0,"enemies":"Slavers","floor":27.0,"turns":4.0},{"damage":0.0,"enemies":"3 Cultists","floor":29.0,"turns":5.0},{"damage":6.0,"enemies":"Masked Bandits","floor":31.0,"turns":4.0},{"damage":2.0,"enemies":"Collector","floor":33.0,"turns":8.0},{"damage":0.0,"enemies":"Orb Walker","floor":35.0,"turns":1.0},{"damage":6.0,"enemies":"3 Shapes","floor":38.0,"turns":4.0},{"damage":0.0,"enemies":"Reptomancer","floor":40.0,"turns":5.0},{"damage":0.0,"enemies":"Giant Head","floor":42.0,"turns":6.0},{"damage":0.0,"enemies":"Transient","floor":45.0,"turns":6.0},{"damage":0.0,"enemies":"Mind Bloom Boss Battle","floor":47.0,"turns":1.0},{"damage":28.0,"enemies":"Time Eater","floor":50.0,"turns":10.0},{"damage":4,"enemies":"Shield and Spear","floor":54,"turns":4},{"damage":80,"enemies":"The Heart","floor":55,"turns":8}],"seed_played":"-7239142066707295781","potions_obtained":[{"floor":1.0,"key":"CunningPotion"},{"floor":7.0,"key":"Weak Potion"},{"floor":11.0,"key":"Strength Potion"},{"floor":19.0,"key":"Explosive Potion"},{"floor":21.0,"key":"SpeedPotion"},{"floor":23.0,"key":"Ancient Potion"}],"is_trial":false,"path_per_floor":["M","M","?","T","M","R","E","$","T","?","E","R","M","E","R","B",null,"M","M","$","M","$","E","M","E","T","E","$","M","R","?","R","B",null,"M","?","$","M","?","E","R","E","T","$","M","R","?","?","R","B",null,"R","$","E","B",null],"character_chosen":"THE_SILENT","items_purchased":["Infinite Blades","Cloak And Dagger","PiercingWail","Finisher","Backflip","Lantern","Pen Nib","Pantograph","Ornamental Fan","Dark Shackles"],"campfire_rested":0,"item_purchase_floors":[8,8,20,20,22,28,44,44,44,53],"current_hp_per_floor":[59,56,56,56,52,52,50,50,50,43,42,42,42,42,42,32,58,58,58,58,54,54,53,45,47,47,47,47,49,49,43,43,41,63,65,65,65,61,61,63,63,63,63,63,65,65,80,80,80,52,73,73,73,71,2],"gold":37,"neow_bonus":"RANDOM_COMMON_RELIC","is_daily":false,"chose_seed":false,"campfire_upgraded":8,"win_rate":0.0,"timestamp":1611487741,"path_taken":["M","M","?","?","?","R","E","$","T","?","E","R","M","E","R","BOSS","M","M","$","M","$","E","?","E","T","E","$","M","R","?","R","BOSS","M","?","$","M","?","E","R","E","T","$","M","R","?","?","R","BOSS","R","$","E","BOSS"],"items_purchased_type":["Card","Card","Card","Card","Card","Relic","Relic","Relic","Relic","Card"],"build_version":"2020-12-22","purchased_purges":5,"victory":true,"max_hp_per_floor":[66,66,66,66,66,66,66,66,66,66,66,66,66,66,66,66,66,66,66,66,66,66,66,66,68,68,68,68,70,70,70,70,70,70,72,72,72,74,74,76,76,76,76,76,78,78,80,80,80,80,80,80,80,82,82],"relic_stats":{"Singing Bowl":16,"counters":[28,126],"CeramicFish":180,"Pen Nib":[12],"Bag of Preparation":[24],"Letter Opener":[170],"War Paint":["Defend_G","Survivor"],"MawBank":132,"Smiling Mask":0,"Sozu":4,"Mummified Hand":[13],"Shuriken":[32],"Ornamental Fan":[128],"Pantograph":24,"obtain_stats":[{"Lantern":28,"Singing Bowl":25,"CeramicFish":4,"Bag of Preparation":27,"Incense Burner":47,"Smiling Mask":43,"Sozu":34,"HornCleat":14,"Matryoshka":23,"Mummified Hand":42,"Pantograph":44,"Red Mask":31,"Ring of the Snake":0,"The Courier":7,"Pen Nib":44,"Letter Opener":40,"War Paint":0,"Odd Mushroom":10,"MawBank":9,"SlaversCollar":17,"CaptainsWheel":11,"Shuriken":43,"Ornamental Fan":44,"Bag of Marbles":26,"TungstenRod":54},{"Lantern":16,"Singing Bowl":15,"CeramicFish":2,"Bag of Preparation":16,"Incense Burner":25,"Smiling Mask":23,"Sozu":19,"HornCleat":8,"Matryoshka":13,"Mummified Hand":23,"Pantograph":23,"Red Mask":18,"Ring of the Snake":0,"The Courier":4,"Pen Nib":23,"Letter Opener":22,"War Paint":0,"Odd Mushroom":5,"MawBank":4,"SlaversCollar":9,"CaptainsWheel":6,"Shuriken":23,"Ornamental Fan":23,"Bag of Marbles":15,"TungstenRod":27},{"Lantern":64,"Singing Bowl":60,"CeramicFish":9,"Bag of Preparation":64,"Incense Burner":104,"Smiling Mask":97,"Sozu":81,"HornCleat":32,"Matryoshka":52,"Mummified Hand":97,"Pantograph":97,"Red Mask":73,"Ring of the Snake":0,"The Courier":15,"Pen Nib":97,"Letter Opener":91,"War Paint":0,"Odd Mushroom":19,"MawBank":15,"SlaversCollar":38,"CaptainsWheel":26,"Shuriken":97,"Ornamental Fan":97,"Bag of Marbles":60,"TungstenRod":118}],"TungstenRod":15,"Ring of the Snake":[56]},"card_choices":[{"not_picked":["Deflect","PiercingWail"],"picked":"Cloak And Dagger","floor":1.0},{"not_picked":["Heel Hook","PiercingWail"],"picked":"Accuracy","floor":2.0},{"not_picked":["Escape Plan","Acrobatics"],"picked":"Blade Dance","floor":5.0},{"not_picked":["Flying Knee","Wraith Form v2"],"picked":"Dagger Spray","floor":7.0},{"not_picked":["Flechettes","Crippling Poison"],"picked":"Acrobatics","floor":10.0},{"not_picked":["Poisoned Stab","Calculated Gamble","Dagger Spray"],"picked":"SKIP","floor":11.0},{"not_picked":["Outmaneuver","Catalyst"],"picked":"Blade Dance","floor":13.0},{"not_picked":["Deflect","Deadly Poison"],"picked":"Outmaneuver","floor":14.0},{"not_picked":["Glass Knife","Unload"],"picked":"Bullet Time","floor":16.0},{"not_picked":["Catalyst","Blade Dance"],"picked":"Footwork","floor":18.0},{"not_picked":["Cloak And Dagger","Slice"],"picked":"Blur","floor":19.0},{"not_picked":["Underhanded Strike","Eviscerate","Cloak And Dagger"],"picked":"SKIP","floor":21.0},{"not_picked":["Deflect","Slice"],"picked":"Phantasmal Killer","floor":23.0},{"not_picked":["Deadly Poison","Prepared","Cloak And Dagger"],"picked":"SKIP","floor":24.0},{"not_picked":["Outmaneuver","Quick Slash","Acrobatics"],"picked":"Singing Bowl","floor":25.0},{"not_picked":["Eviscerate","Dash"],"picked":"Adrenaline","floor":27.0},{"not_picked":["Bane+1","Deadly Poison","Blade Dance"],"picked":"Singing Bowl","floor":29.0},{"not_picked":["Outmaneuver","Accuracy"],"picked":"Deflect","floor":31.0},{"not_picked":["Corpse Explosion","Tools of the Trade"],"picked":"Adrenaline","floor":33.0},{"not_picked":["Dagger Throw+1","Outmaneuver","Quick Slash"],"picked":"Singing Bowl","floor":35.0},{"not_picked":["Flying Knee","Tools of the Trade","Flechettes"],"picked":"Singing Bowl","floor":38.0},{"not_picked":["Deflect","Eviscerate","Tactician"],"picked":"Singing Bowl","floor":40.0},{"not_picked":["Outmaneuver","Dagger Spray+1"],"picked":"Skewer+1","floor":42.0},{"not_picked":["Outmaneuver","Caltrops","Underhanded Strike"],"picked":"Singing Bowl","floor":45.0},{"not_picked":["Poisoned Stab","Quick Slash+1","Dash"],"picked":"Singing Bowl","floor":47.0},{"not_picked":["Apotheosis","Deep Breath"],"picked":"Finesse","floor":48.0},{"not_picked":["Deflect","Masterful Stab","Dagger Throw"],"picked":"Singing Bowl","floor":54}],"player_experience":261108,"relics_obtained":[{"floor":4.0,"key":"CeramicFish"},{"floor":7.0,"key":"The Courier"},{"floor":9.0,"key":"MawBank"},{"floor":10.0,"key":"Odd Mushroom"},{"floor":11.0,"key":"CaptainsWheel"},{"floor":14.0,"key":"HornCleat"},{"floor":23.0,"key":"Matryoshka"},{"floor":25.0,"key":"Singing Bowl"},{"floor":26.0,"key":"Bag of Marbles"},{"floor":27.0,"key":"Bag of Preparation"},{"floor":31.0,"key":"Red Mask"},{"floor":40.0,"key":"Letter Opener"},{"floor":42.0,"key":"Mummified Hand"},{"floor":43.0,"key":"Smiling Mask"},{"floor":43.0,"key":"Shuriken"},{"floor":47.0,"key":"Incense Burner"},{"floor":54,"key":"TungstenRod"}],"event_choices":[{"damage_healed":0.0,"max_hp_gain":0.0,"max_hp_loss":0.0,"gold_gain":0.0,"event_name":"Living Wall","player_choice":"Grow","floor":3.0,"gold_loss":0.0,"damage_taken":0.0,"cards_upgraded":["Cloak And Dagger"]},{"damage_healed":0.0,"max_hp_gain":0.0,"max_hp_loss":0.0,"gold_gain":0.0,"event_name":"Mushrooms","player_choice":"Fought Mushrooms","floor":10.0,"gold_loss":0.0,"damage_taken":0.0},{"damage_healed":0.0,"max_hp_gain":0.0,"max_hp_loss":0.0,"gold_gain":0.0,"event_name":"Masked Bandits","player_choice":"Fought Bandits","floor":31.0,"gold_loss":0.0,"damage_taken":0.0},{"damage_healed":0.0,"max_hp_gain":0.0,"max_hp_loss":0.0,"gold_gain":222.0,"event_name":"Tomb of Lord Red Mask","player_choice":"Wore Mask","floor":36.0,"gold_loss":0.0,"damage_taken":0.0},{"cards_removed":["Defend_G"],"damage_healed":0.0,"max_hp_gain":0.0,"max_hp_loss":0.0,"gold_gain":0.0,"event_name":"Falling","player_choice":"Removed Skill","floor":39.0,"gold_loss":0.0,"damage_taken":0.0},{"damage_healed":0.0,"max_hp_gain":0.0,"max_hp_loss":0.0,"gold_gain":0.0,"event_name":"MindBloom","player_choice":"Fight","floor":47.0,"gold_loss":0.0,"damage_taken":0.0},{"damage_healed":0.0,"max_hp_gain":0.0,"max_hp_loss":0.0,"gold_gain":0.0,"event_name":"SensoryStone","player_choice":"Memory 1","floor":48.0,"gold_loss":0.0,"damage_taken":0.0}],"is_beta":false,"boss_relics":[{"not_picked":["Calling Bell","Busted Crown"],"picked":"SlaversCollar"},{"not_picked":["Cursed Key","Philosopher\u0027s Stone"],"picked":"Sozu"}],"items_purged_floors":[8,20,22,28,37],"is_endless":false,"potions_floor_spawned":[1,7,11,19,21,23,31,40,45,47,54],"ascension_level":17}}