{"host":"6q94iy5iz6612v89","time":1611499162,"event":{"mods":["2.2 Compatiblity","AchievementEnabler","BaseMod","Colored Map","DeckTracker","Keyboard Shortcuts","Marisa£¨Ùöéë¡¡Øª×âÞÞ£©","Minty Spire (QoL Compilation)","Permanent Neow","StSLib","SuperFastMode"],"gold_per_floor":[109,109,34,34,44,44,44,44,67,86,103,137,137,137,137,238,238,250,72,72,92,111,141,141,176,176,176,376,396,119,138,138,138,138],"floor_reached":33,"language":"KOR","playtime":849,"items_purged":["Strike_MRS","Strike_MRS","Strike_MRS"],"score":368,"play_id":"1c75466e-c4e6-4b97-afdb-881fb7080344","local_time":"20210124233922","is_ascension_mode":true,"campfire_choices":[{"data":"StarBarrage","floor":6.0,"key":"SMITH"},{"data":"PowerUp","floor":13.0,"key":"SMITH"},{"data":"OrrerysSun","floor":15.0,"key":"SMITH"},{"floor":24,"key":"REST"},{"floor":32,"key":"REST"}],"circlet_count":0,"master_deck":["Defend_MRS","Defend_MRS","Defend_MRS","Defend_MRS+1","MasterSpark+1","UpSweep","StarBarrage+1","OrrerysSun+1","PowerUp+1","PropBag+1","EnergyFlow","MagicChant","ChargingUp","GalacticHalo+1","Acceleration+1"],"relics":["BewitchedHakkero","Gambling Chip","War Paint","Vajra","Centennial Puzzle","Toxic Egg 2","Shovel","Bottled Tornado","Meat on the Bone"],"acts_visited":["Exordium","TheCity"],"potions_floor_usage":[23,23,31,33],"damage_taken":[{"damage":7.0,"enemies":"Jaw Worm","floor":1.0,"turns":4.0},{"damage":2.0,"enemies":"2 Louse","floor":5.0,"turns":2.0},{"damage":0.0,"enemies":"Cultist","floor":10.0,"turns":3.0},{"damage":0.0,"enemies":"Exordium Wildlife","floor":11.0,"turns":3.0},{"damage":5.0,"enemies":"3 Sentries","floor":12.0,"turns":5.0},{"damage":19.0,"enemies":"Hexaghost","floor":16.0,"turns":8.0},{"damage":11.0,"enemies":"3 Byrds","floor":18.0,"turns":5.0},{"damage":8.0,"enemies":"Spheric Guardian","floor":21.0,"turns":4.0},{"damage":15.0,"enemies":"Snake Plant","floor":22.0,"turns":3.0},{"damage":23,"enemies":"Gremlin Leader","floor":23,"turns":3},{"damage":51,"enemies":"Slavers","floor":25,"turns":6},{"damage":2,"enemies":"3 Cultists","floor":29,"turns":4},{"damage":7,"enemies":"Centurion and Healer","floor":31,"turns":4},{"damage":63,"enemies":"Collector","floor":33,"turns":6}],"seed_played":"67707111069002513","potions_obtained":[{"floor":5.0,"key":"AttackPotion"},{"floor":8.0,"key":"Block Potion"},{"floor":8.0,"key":"DuplicationPotion"},{"floor":12.0,"key":"AttackPotion"},{"floor":16.0,"key":"LiquidMemories"},{"floor":18.0,"key":"DuplicationPotion"},{"floor":23,"key":"FairyPotion"}],"is_trial":false,"path_per_floor":["M","?","$","?","M","R","$","?","T","M","M","E","R","?","R","B",null,"M","$","?","M","M","E","R","E","T","T","?","M","$","M","R","B"],"character_chosen":"MARISA","items_purchased":["EnergyFlow","Acceleration+1","Block Potion","Dexterity Potion"],"campfire_rested":2,"item_purchase_floors":[19,30,30,30],"current_hp_per_floor":[61,49,49,54,52,52,52,52,52,52,52,47,47,47,47,40,70,59,59,59,51,36,13,37,22,22,22,22,20,20,13,37,0,0],"gold":138,"neow_bonus":"UPGRADE_CARD","is_daily":false,"chose_seed":false,"campfire_upgraded":3,"win_rate":0.0,"timestamp":1611499162,"path_taken":["M","?","$","?","M","R","?","?","T","M","?","E","R","?","R","BOSS","M","$","?","M","?","E","R","E","T","?","?","M","$","M","R","BOSS"],"items_purchased_type":["Card","Card","Potion","Potion"],"build_version":"2020-12-22","purchased_purges":3,"victory":false,"max_hp_per_floor":[75,75,75,80,80,80,80,80,80,80,80,80,80,80,80,80,80,80,80,80,80,80,80,80,80,80,80,80,80,80,80,80,80,80],"card_choices":[{"not_picked":["PowerUp","SporeBomb"],"picked":"StarBarrage","floor":1.0},{"not_picked":["UnstableBomb","RefractionSpark"],"picked":"OrrerysSun","floor":5.0},{"not_picked":["DC","MilkyWay"],"picked":"PowerUp","floor":10.0},{"not_picked":["DarkSpark","ManaConvection","GrandCross"],"picked":"SKIP","floor":11.0},{"not_picked":["DarkSpark","ManaConvection","GrandCross"],"picked":"SKIP","floor":11.0},{"not_picked":["ManaRampage","UnstableBomb"],"picked":"PropBag","floor":12.0},{"not_picked":["AsteroidBelt","EventHorizon","ManaConvection"],"picked":"SKIP","floor":18.0},{"not_picked":["PowerUp","EventHorizon","NonDirectionalLaser+1"],"picked":"SKIP","floor":21.0},{"not_picked":["StarlightTyphoon","MysteriousBeam","BlazeAway"],"picked":"SKIP","floor":22.0},{"not_picked":["ChargeUpSpray","PulseMagic"],"picked":"ChargingUp","floor":23},{"not_picked":["UltimateShortwave+1","StarBarrage+1","SporeBomb+1"],"picked":"SKIP","floor":25},{"not_picked":["WitchOfGreed+1","ShootTheMoon"],"picked":"GalacticHalo+1","floor":29},{"not_picked":["IllusionStar+1","SporeBomb+1","WitchOfGreed"],"picked":"SKIP","floor":31}],"player_experience":1486732,"relics_obtained":[{"floor":12.0,"key":"War Paint"},{"floor":23,"key":"Centennial Puzzle"},{"floor":25,"key":"Toxic Egg 2"},{"floor":26,"key":"Shovel"},{"floor":27,"key":"Bottled Tornado"}],"event_choices":[{"damage_healed":0.0,"max_hp_gain":0.0,"max_hp_loss":0.0,"gold_gain":0.0,"event_name":"Scrap Ooze","player_choice":"Success","floor":2.0,"gold_loss":0.0,"damage_taken":12.0,"relics_obtained":["Gambling Chip"]},{"damage_healed":0.0,"max_hp_gain":5.0,"max_hp_loss":0.0,"gold_gain":0.0,"event_name":"Big Fish","player_choice":"Donut","floor":4.0,"gold_loss":0.0,"damage_taken":0.0},{"damage_healed":0.0,"max_hp_gain":0.0,"max_hp_loss":0.0,"gold_gain":0.0,"event_name":"Lab","player_choice":"Got Potions","floor":8.0,"gold_loss":0.0,"damage_taken":0.0},{"damage_healed":0.0,"max_hp_gain":0.0,"max_hp_loss":0.0,"gold_gain":0.0,"event_name":"WeMeetAgain","player_choice":"Gave Potion","floor":14.0,"gold_loss":0.0,"damage_taken":0.0,"relics_obtained":["Vajra"]},{"damage_healed":0.0,"max_hp_gain":0.0,"max_hp_loss":0.0,"gold_gain":0.0,"cards_transformed":["Strike_MRS"],"event_name":"Transmorgrifier","player_choice":"Transformed","floor":20.0,"gold_loss":0.0,"damage_taken":0.0,"cards_obtained":["MagicChant"]},{"damage_healed":0,"gold_gain":250,"player_choice":"Bet on Owner","damage_taken":0,"max_hp_gain":0,"max_hp_loss":0,"event_name":"The Joust","floor":28,"gold_loss":50}],"is_beta":false,"boss_relics":[{"not_picked":["Snecko Eye","Calling Bell"],"picked":"BewitchedHakkero"}],"items_purged_floors":[3,19,30],"is_endless":false,"potions_floor_spawned":[5,12,16,18,23],"killed_by":"Collector","ascension_level":6}}