{"host":"7z9izfsmsy4azoxx","time":1611499084,"event":{"mods":["AchievementEnabler","BaseMod","Colored Map","Custom Start","Hermit","Minty Spire (QoL Compilation)","Replay The Spire","StSLib","SuperFastMode"],"gold_per_floor":[5465582,5465582,5465582,5465310,5465323,5465323,5465338,5465358,5465358,5465377,5465395,5465395,5465395,5465418,5465418,5465418,5465418],"floor_reached":16,"language":"KOR","playtime":290,"items_purged":["Regret"],"score":263,"play_id":"d80f4961-3a99-4d99-b5a3-642bf8c65dea","local_time":"20210124233804","is_ascension_mode":true,"campfire_choices":[],"circlet_count":0,"master_deck":["AscendersBane","Strike_R","Strike_R","Strike_R","Strike_R","Strike_R","Defend_R","Defend_R","Defend_R","Defend_R","Bash","hermit:Covet","m_Survivalism","Thunderclap+1","Blood for Blood+1","Perfected Strike","Whirlwind","Flame Barrier"],"relics":["Burning Blood","Gambling Chip","Replay:Multitool","Golden Idol","MealTicket"],"acts_visited":["Exordium"],"potions_floor_usage":[16,16],"damage_taken":[{"damage":4,"enemies":"Small Slimes","floor":1,"turns":4},{"damage":16,"enemies":"2 Louse","floor":5,"turns":4},{"damage":14,"enemies":"Jaw Worm","floor":7,"turns":3},{"damage":14,"enemies":"Blue Slaver","floor":8,"turns":4},{"damage":15,"enemies":"3 Louse","floor":10,"turns":3},{"damage":11,"enemies":"Gremlin Gang","floor":11,"turns":2},{"damage":0,"enemies":"Lots of Slimes","floor":14,"turns":1},{"damage":37,"enemies":"Hexaghost","floor":16,"turns":5}],"seed_played":"-8219153898535271313","potions_obtained":[{"floor":1,"key":"Swift Potion"},{"floor":11,"key":"PowerPotion"}],"is_trial":false,"path_per_floor":["M","?","?","$","M","R","M","M","T","M","M","?","?","M","R","B"],"character_chosen":"IRONCLAD","items_purchased":["MealTicket","Thunderclap"],"campfire_rested":0,"item_purchase_floors":[4,4],"current_hp_per_floor":[70,70,44,44,34,56,48,40,40,31,26,8,8,14,36,0,0],"gold":5465418,"neow_bonus":"ONE_RARE_RELIC","is_daily":false,"chose_seed":false,"campfire_upgraded":0,"win_rate":0.0,"timestamp":1611499084,"path_taken":["M","?","?","$","M","R","M","M","T","M","?","?","?","M","R","BOSS"],"items_purchased_type":["Relic","Card"],"build_version":"2020-12-22","purchased_purges":1,"victory":false,"max_hp_per_floor":[75,75,75,75,75,75,75,75,75,75,75,75,75,75,75,75,75],"card_choices":[{"not_picked":["Battle Trance","Flex","Replay:Undeath\u0027s Touch"],"picked":"SKIP","floor":1},{"not_picked":["Abandon","Clothesline","Iron Wave"],"picked":"SKIP","floor":5},{"not_picked":["Pommel Strike","ReplayTheSpireMod:Limb From Limb"],"picked":"Blood for Blood","floor":7},{"not_picked":["Sentinel","Twin Strike"],"picked":"Perfected Strike","floor":8},{"not_picked":["Thunderclap","True Grit"],"picked":"Whirlwind","floor":10},{"not_picked":["Brutality","Sword Boomerang"],"picked":"Flame Barrier","floor":11},{"not_picked":["ReplayTheSpireMod:Strike From Hell","Reckless Charge","Warcry"],"picked":"SKIP","floor":14}],"player_experience":546888,"relics_obtained":[],"event_choices":[{"damage_healed":0,"gold_gain":0,"player_choice":"Box","damage_taken":0,"relics_obtained":["Replay:Multitool"],"max_hp_gain":0,"max_hp_loss":0,"event_name":"Big Fish","floor":2,"gold_loss":0,"cards_obtained":["Regret"]},{"damage_healed":0,"gold_gain":0,"player_choice":"Take Damage","damage_taken":26,"relics_obtained":["Golden Idol"],"max_hp_gain":0,"max_hp_loss":0,"event_name":"Golden Idol","floor":3,"gold_loss":0},{"damage_healed":0,"gold_gain":0,"player_choice":"Fled","damage_taken":18,"max_hp_gain":0,"max_hp_loss":0,"event_name":"Scrap Ooze","floor":12,"gold_loss":0},{"damage_healed":0,"gold_gain":0,"player_choice":"Ignored","damage_taken":0,"max_hp_gain":0,"max_hp_loss":0,"event_name":"Golden Shrine","floor":13,"gold_loss":0}],"is_beta":false,"boss_relics":[],"items_purged_floors":[4],"is_endless":false,"potions_floor_spawned":[1,11,14],"killed_by":"Hexaghost","ascension_level":20}}