{"host":"h51tltv0izczgxti","time":1611456536,"event":{"mods":["2.2 Compatiblity","AchievementEnabler","Act Like it!","Aspiration","BaseMod","Beaked The Cultist","Better Altar","Better Match","Better Note","Better Sensory Stone","Better Skull","Better Third Choice","Better Vampires","BetterRewards","Clockwork Mod","Gensokyo","Halation","Hallownest","Hermit","HololiveMod","Hubris","Infinite Spire","Koishi","Mad Scientist","Magitek Elite","Marisa????????","Melee Mod","Minty Spire (QoL Compilation)","Pale of the Ancients","Poor People Problems","Prisma Mod","Random Character Button","Remilia??????","Replay The Spire","Retaliation","Robot Space Explorer","Shade Mod","Spicy Shops","Spire Arcade","StS++","StSLib","Strawberry Spire","The Animator","The Bug Knight","The Gatherer","The Kombatant","The Poker Player","The Servant 0.9.4","The Wild Card","TheBandit","WarShipGirlsR/????R mod","Yuyuko"],"gold_per_floor":[113,113,132,57,25,50,50,82,82,278,278,293,293,309,309,409,409,423,423,199,209,209,209,209],"floor_reached":23,"language":"ENG","playtime":1846,"items_purged":["Koishi:BasicStrike","Koishi:BasicDefend"],"score":232,"play_id":"85288a49-c495-4368-8641-f810a65cf681","local_time":"20210123204856","is_ascension_mode":true,"campfire_choices":[{"data":"Koishi:FourthEye","floor":7,"key":"SMITH"},{"data":"Koishi:Prune","floor":13,"key":"SMITH"},{"data":"Koishi:SilentAndRestless","floor":15,"key":"SMITH"}],"circlet_count":0,"master_deck":["Koishi:BasicStrike","Koishi:BasicStrike","Koishi:BasicStrike","Koishi:BasicDefend","Koishi:BasicDefend","Koishi:BasicDefend+1","Koishi:Provoke","Koishi:StingingMind","Koishi:FourthEye+1","Koishi:SilentAndRestless+1","Koishi:VengefulSpirit","Koishi:UnconsciousUprising","Koishi:HeartAttack+1","Koishi:EmbryosDream","Koishi:FidgetySnatcher","Koishi:Prune+1","Koishi:Possession","Koishi:SubterraneanRose","Koishi:MentalBreakdown","AbeCurse","Koishi:SprinkleStarAndHeart","Koishi:Prune","Koishi:Jaunt+1"],"relics":["Koishi:ImaginaryFriend","aspiration:DSix","Gensokyo:Mercy","Ice Cream","Blue Doll","Replay:Grab Bag","Abe\u0027s Treasure","Koishi:ColorfulDays","StSpp:Magatama","Replay:Wax Seal","hubris:ToyBattleship","halation:EternalFortune","Frozen Eye"],"acts_visited":["Gensokyo:Gensokyo","Gensokyo:Gensokyoer"],"potions_floor_usage":[6,16,23,23],"damage_taken":[{"damage":1.0,"enemies":"Gensokyo:Python","floor":1.0,"turns":4.0},{"damage":0.0,"enemies":"Gensokyo:3_Fairies","floor":3.0,"turns":5.0},{"damage":46,"enemies":"Gensokyo:Aya","floor":6,"turns":12},{"damage":0,"enemies":"Gensokyo:Mamizou","floor":8,"turns":9},{"damage":1,"enemies":"Gensokyo:2_Kodama","floor":12,"turns":3},{"damage":0,"enemies":"Gensokyo:LivingMonolith","floor":14,"turns":3},{"damage":12,"enemies":"Gensokyo:Kokoro","floor":16,"turns":8},{"damage":8,"enemies":"Gensokyo:Chomper","floor":18,"turns":4},{"damage":0,"enemies":"Gensokyo:2_Gloops","floor":21,"turns":5},{"damage":23,"enemies":"Gensokyo:Reisen","floor":23,"turns":3}],"seed_played":"8460268904927161013","potions_obtained":[{"floor":3.0,"key":"EssenceOfSteel"},{"floor":12,"key":"Elixir"},{"floor":16,"key":"Swift Potion"},{"floor":18,"key":"Strength Potion"},{"floor":21,"key":"PowerPotion"}],"is_trial":false,"path_per_floor":["M","?","M","?","COS","E","R","E","T","?","?","M","R","M","R","B",null,"M","?","$","M","?","E"],"character_chosen":"KOISHI","items_purchased":["Koishi:Prune"],"campfire_rested":0,"item_purchase_floors":[20],"current_hp_per_floor":[60,60,60,60,60,38,38,42,42,42,48,47,47,47,47,59,60,56,16,16,20,23,0,0],"gold":209,"neow_bonus":"DSIX","is_daily":false,"chose_seed":false,"campfire_upgraded":3,"win_rate":0.0,"timestamp":1611456536,"path_taken":["M","?","M","?","COS","E","R","E","T","?","?","M","R","M","R","BOSS","M","?","?","?","?","E"],"items_purchased_type":["Card"],"build_version":"2020-12-22","purchased_purges":2,"victory":false,"max_hp_per_floor":[60,60,60,60,60,60,60,60,60,60,60,60,60,60,60,60,60,60,60,60,60,63,63,63],"card_choices":[{"not_picked":["Koishi:SubterraneanRose","Koishi:HeartfeltFancy"],"picked":"Koishi:StingingMind","floor":1.0},{"not_picked":["Koishi:EmbryosDream","Koishi:ReflexRadar"],"picked":"Koishi:FourthEye","floor":3.0},{"not_picked":["Koishi:Heartbroken","Koishi:GrowingPain"],"picked":"Koishi:SilentAndRestless","floor":4},{"not_picked":["Koishi:Bloodlust","Koishi:RorschachInDanmaku"],"picked":"Koishi:VengefulSpirit","floor":4},{"not_picked":["Koishi:StingingMind","Koishi:ParalyzingFear"],"picked":"Koishi:UnconsciousUprising","floor":4},{"not_picked":["Koishi:Whimsy+1","Koishi:TerrifyingSpectre+1"],"picked":"Koishi:HeartAttack+1","floor":6},{"not_picked":["Koishi:StingingMind","Koishi:Catatonia"],"picked":"Koishi:EmbryosDream","floor":6},{"not_picked":["Koishi:BramblyRoseGarden","Koishi:StingingMind"],"picked":"Koishi:FidgetySnatcher","floor":8},{"not_picked":["Koishi:TremblingHands","Koishi:JumpScare"],"picked":"Koishi:Prune","floor":10},{"not_picked":["Koishi:DanmakuParanoia","Koishi:HeartfeltFancy"],"picked":"Koishi:Possession","floor":12},{"not_picked":["Koishi:SpiritedAway","Koishi:YoukaiPolygraph"],"picked":"Koishi:SubterraneanRose","floor":14},{"not_picked":["Koishi:SuperEgo","Koishi:GrowingPain"],"picked":"Koishi:MentalBreakdown","floor":16},{"not_picked":["Koishi:EmbryosDream","Koishi:BramblyRoseGarden"],"picked":"Koishi:SprinkleStarAndHeart","floor":18},{"not_picked":["Koishi:JumpScare","Koishi:HeartfeltFancy"],"picked":"Koishi:Jaunt+1","floor":21}],"player_experience":915693,"relics_obtained":[{"floor":6,"key":"Ice Cream"},{"floor":8,"key":"Blue Doll"}],"event_choices":[{"damage_healed":0,"gold_gain":0,"player_choice":"1","damage_taken":0,"max_hp_gain":0,"max_hp_loss":0,"event_name":"betterMatch:BetterMatch","floor":4,"gold_loss":0,"cards_obtained":["betterMatch:RareCard","betterMatch:UncommonCard","betterMatch:CommonCard"]},{"damage_healed":0,"gold_gain":0,"player_choice":"RE RE UP ","damage_taken":46,"relics_obtained":["Replay:Wax Seal","hubris:ToyBattleship"],"max_hp_gain":0,"max_hp_loss":0,"event_name":"betterSkull:BetterSkull","floor":19,"gold_loss":0,"cards_upgraded":["Koishi:BasicDefend"]}],"is_beta":false,"boss_relics":[{"not_picked":["hubris:BlackHole","aspiration:IroncladSkillbook"],"picked":"Replay:Grab Bag"},{"not_picked":["Fusion Hammer","hubris:RunicObelisk"],"picked":"Abe\u0027s Treasure"},{"not_picked":["Replay:Bronze Core","Coffee Dripper"],"picked":"Koishi:ColorfulDays"},{"not_picked":["aspiration:RitualDagger","halation:LoveArrow"],"picked":"StSpp:Magatama"}],"items_purged_floors":[20,20],"is_endless":false,"potions_floor_spawned":[3,12,16,18,21],"killed_by":"Gensokyo:Reisen","ascension_level":1}}