{"host":"kw4o7b3ro2ktmmbe","time":1611452457,"event":{"mods":["BaseMod","CatGirl Mod","Evolution","Minty Spire (QoL Compilation)","StSLib"],"gold_per_floor":[119,139,152,152,172,172,22,22,22,37,37,49,49,69,69,69,69],"floor_reached":16,"language":"ENG","playtime":7388,"items_purged":[],"score":94,"play_id":"72d246ca-f69a-4bdf-ac7c-c3e2eec3db56","local_time":"20210124144057","is_ascension_mode":false,"campfire_choices":[{"data":"theCatGirl:DefensiveStance","floor":6,"key":"SMITH"},{"data":"theCatGirl:Howl","floor":8,"key":"SMITH"},{"data":"Good Instincts","floor":11,"key":"SMITH"},{"data":"theCatGirl:LearnThePattern","floor":15,"key":"SMITH"}],"circlet_count":0,"master_deck":["theCatGirl:Strike","theCatGirl:Strike","theCatGirl:Strike","theCatGirl:Strike","theCatGirl:Defend","theCatGirl:Defend","theCatGirl:Defend","theCatGirl:Defend","theCatGirl:ClawStrike","theCatGirl:Evasion","theCatGirl:ScratchFlurry","theCatGirl:Howl+1","theCatGirl:DefensiveStance+1","Good Instincts+1","theCatGirl:LearnThePattern+1"],"relics":["theCatGirl:TrainedRelic","EVO:Axolotl","Toolbox","Singing Bowl"],"acts_visited":["Exordium"],"potions_floor_usage":[14,16,16],"damage_taken":[{"damage":0.0,"enemies":"Cultist","floor":1.0,"turns":6.0},{"damage":3.0,"enemies":"Small Slimes","floor":2.0,"turns":4.0},{"damage":0.0,"enemies":"2 Louse","floor":3.0,"turns":3.0},{"damage":29,"enemies":"Gremlin Gang","floor":5,"turns":8},{"damage":4,"enemies":"3 Louse","floor":10,"turns":4},{"damage":3,"enemies":"Exordium Wildlife","floor":12,"turns":4},{"damage":1,"enemies":"Large Slime","floor":14,"turns":10},{"damage":46,"enemies":"Slime Boss","floor":16,"turns":15}],"seed_played":"5448226429984767156","potions_obtained":[{"floor":5,"key":"Swift Potion"},{"floor":10,"key":"Weak Potion"},{"floor":12,"key":"EssenceOfSteel"}],"is_trial":false,"path_per_floor":["M","M","M","?","M","R","$","R","T","M","R","M","$","M","R","B"],"character_chosen":"THE_CATGIRL","items_purchased":["Toolbox"],"campfire_rested":0,"item_purchase_floors":[7],"current_hp_per_floor":[77,74,74,74,45,45,45,45,45,43,43,42,42,41,41,0,0],"gold":69,"neow_bonus":"TEN_PERCENT_HP_BONUS","is_daily":false,"chose_seed":false,"campfire_upgraded":4,"win_rate":0.0,"timestamp":1611452457,"path_taken":["M","?","M","?","M","R","$","R","T","?","R","M","?","M","R","BOSS"],"items_purchased_type":["Relic"],"build_version":"2020-12-22","purchased_purges":0,"victory":false,"max_hp_per_floor":[77,77,77,77,77,77,77,77,77,79,79,81,81,81,81,81,81],"card_choices":[{"not_picked":["theCatGirl:SearchBackpack","theCatGirl:ChangeOfPlans","theCatGirl:SpinningStrike"],"picked":"SKIP","floor":1.0},{"not_picked":["theCatGirl:QuickStrike","theCatGirl:Prepared"],"picked":"theCatGirl:ScratchFlurry","floor":2.0},{"not_picked":["theCatGirl:TryingMyBest","theCatGirl:Prepared","theCatGirl:Stalk"],"picked":"SKIP","floor":3.0},{"not_picked":["theCatGirl:KeepAlert","theCatGirl:FinishingMove","theCatGirl:LearnByMistake"],"picked":"SKIP","floor":5},{"not_picked":["theCatGirl:BloodBath","theCatGirl:TrainWreck","theCatGirl:ExtremeSpeed"],"picked":"Singing Bowl","floor":10},{"not_picked":["theCatGirl:ScratchFlurry","theCatGirl:ElegantStrike","theCatGirl:Meow"],"picked":"Singing Bowl","floor":12},{"not_picked":["theCatGirl:ChangeOfPlans","theCatGirl:Growl"],"picked":"theCatGirl:LearnThePattern","floor":14}],"player_experience":1823691,"relics_obtained":[{"floor":9,"key":"Singing Bowl"}],"event_choices":[{"damage_healed":0,"gold_gain":0,"player_choice":"3 cards matched","damage_taken":0,"max_hp_gain":0,"max_hp_loss":0,"event_name":"Match and Keep!","floor":4,"gold_loss":0,"cards_obtained":["theCatGirl:Howl","theCatGirl:DefensiveStance","Good Instincts"]},{"damage_healed":0,"gold_gain":0,"player_choice":"3 cards matched","damage_taken":0,"max_hp_gain":0,"max_hp_loss":0,"event_name":"Match and Keep!","floor":4,"gold_loss":0,"cards_obtained":["theCatGirl:Howl","theCatGirl:DefensiveStance","Good Instincts"]}],"is_beta":false,"boss_relics":[],"items_purged_floors":[],"is_endless":false,"potions_floor_spawned":[5,10,12],"killed_by":"Slime Boss","ascension_level":0}}