{"host":"mhr97lg0mj90r8b2","time":1611478080,"event":{"mods":["BaseMod","Lobotomy","Minty Spire (QoL Compilation)","Quick Restart","StSLib"],"gold_per_floor":[118,118,131,142,158,185,185,185,208,208,236,254,254,273,273,368,368,386,397,106,106,106],"floor_reached":21,"language":"ZHS","playtime":1489,"items_purged":["Strike_G"],"score":191,"play_id":"42c2b9bf-c1f2-4d0d-b204-95488f20c30a","local_time":"20210124164800","is_ascension_mode":false,"campfire_choices":[{"floor":8,"key":"REST"},{"floor":13,"key":"REST"},{"floor":15,"key":"REST"}],"circlet_count":0,"master_deck":["Strike_G","Strike_G","Strike_G","Defend_G","Defend_G","Defend_G","Defend_G","Defend_G","Survivor","Neutralize","WallGazer","Backflip","GalaxyChild","Blade Dance","Blade Dance","OSAHOGD","GreedKing","Infinite Blades+1","Prepared","VoidDream","Escape Plan","Rudolta","LongBird","Venomology","Blade Dance+1","Acrobatics+1","Footwork"],"relics":["Ring of the Snake","CogitoBucket","Vajra","Bronze Scales","Ancient Tea Set","Calipers","HellTrain","HoveringKite","Potion Belt"],"acts_visited":["Exordium","TheCity"],"potions_floor_usage":[6,19,21],"damage_taken":[{"damage":0,"enemies":"2 Louse","floor":1,"turns":3},{"damage":2,"enemies":"Small Slimes","floor":3,"turns":4},{"damage":2,"enemies":"Cultist","floor":4,"turns":2},{"damage":5,"enemies":"Gremlin Gang","floor":5,"turns":4},{"damage":28,"enemies":"Lagavulin","floor":6,"turns":4},{"damage":16,"enemies":"Gremlin Nob","floor":11,"turns":4},{"damage":11,"enemies":"Blue Slaver","floor":12,"turns":4},{"damage":2,"enemies":"Looter","floor":14,"turns":3},{"damage":16,"enemies":"Hexaghost","floor":16,"turns":6},{"damage":6,"enemies":"2 Thieves","floor":18,"turns":3},{"damage":2,"enemies":"Chosen","floor":19,"turns":3}],"seed_played":"-3139498715375560757","potions_obtained":[{"floor":3,"key":"Explosive Potion"},{"floor":4,"key":"FearPotion"},{"floor":6,"key":"GhostInAJar"},{"floor":11,"key":"ColorlessPotion"},{"floor":14,"key":"SteroidPotion"}],"is_trial":false,"path_per_floor":["M","?","M","M","M","E","?","R","T","?","E","M","R","M","R","B",null,"M","M","$","M"],"character_chosen":"THE_SILENT","items_purchased":["Footwork","Potion Belt"],"campfire_rested":3,"item_purchase_floors":[20,20],"current_hp_per_floor":[70,67,65,63,58,30,23,44,44,44,28,17,38,36,57,41,70,64,62,62,0,0],"gold":106,"neow_bonus":"","is_daily":false,"chose_seed":false,"campfire_upgraded":0,"win_rate":0.0,"timestamp":1611478080,"path_taken":["M","?","M","M","M","E","?","R","T","?","E","M","R","M","R","BOSS","M","?","$","M"],"items_purchased_type":["Card","Relic"],"build_version":"2020-12-22","purchased_purges":1,"victory":false,"max_hp_per_floor":[70,70,70,70,70,70,70,70,70,70,70,70,70,70,70,70,70,70,70,70,70,70],"card_choices":[{"not_picked":["MHz","Wellcheers"],"picked":"WallGazer","floor":1},{"not_picked":["Deadly Poison","Dodge and Roll"],"picked":"Backflip","floor":1},{"not_picked":["BigBadWolf","BlackArmy"],"picked":"GalaxyChild","floor":3},{"not_picked":["Poisoned Stab","Reflex"],"picked":"Blade Dance","floor":3},{"not_picked":["Leg Sweep","Flechettes"],"picked":"Blade Dance","floor":4},{"not_picked":["BeautyBeast","SpiderBud"],"picked":"OSAHOGD","floor":4},{"not_picked":["BeautyBeast","BlackSwan"],"picked":"GreedKing","floor":5},{"not_picked":["Outmaneuver","Underhanded Strike"],"picked":"Infinite Blades","floor":5},{"not_picked":["Predator","Flying Knee"],"picked":"Prepared","floor":6},{"not_picked":["Wellcheers","QueenBee"],"picked":"VoidDream","floor":11},{"not_picked":["Backstab","Blade Dance"],"picked":"Escape Plan","floor":11},{"not_picked":["Prepared","Dagger Throw","Dodge and Roll"],"picked":"SKIP","floor":12},{"not_picked":["Prepared","Dagger Throw","Dodge and Roll"],"picked":"SKIP","floor":12},{"not_picked":["MeatLantern","FieryBird"],"picked":"Rudolta","floor":14},{"not_picked":["All Out Attack","Flying Knee","Sucker Punch"],"picked":"SKIP","floor":14},{"not_picked":["ShyLook","CherryBlossoms"],"picked":"LongBird","floor":16},{"not_picked":["Wraith Form v2","Glass Knife"],"picked":"Venomology","floor":16},{"not_picked":["Quick Slash+1","Crippling Poison"],"picked":"Blade Dance+1","floor":18},{"not_picked":["Dodge and Roll","Choke"],"picked":"Acrobatics+1","floor":19}],"player_experience":85682,"relics_obtained":[{"floor":6,"key":"Bronze Scales"},{"floor":9,"key":"Ancient Tea Set"},{"floor":11,"key":"Calipers"}],"event_choices":[{"damage_healed":0,"gold_gain":0,"player_choice":"Success","damage_taken":3,"relics_obtained":["Vajra"],"max_hp_gain":0,"max_hp_loss":0,"event_name":"Scrap Ooze","floor":2,"gold_loss":0},{"cards_removed":["Strike_G"],"damage_healed":0,"gold_gain":0,"player_choice":"Card Removal","damage_taken":7,"max_hp_gain":0,"max_hp_loss":0,"event_name":"Golden Wing","floor":7,"gold_loss":0},{"damage_healed":0,"gold_gain":0,"player_choice":"Upgraded","damage_taken":0,"max_hp_gain":0,"max_hp_loss":0,"event_name":"Upgrade Shrine","floor":10,"gold_loss":0,"cards_upgraded":["Infinite Blades"]}],"is_beta":false,"boss_relics":[{"not_picked":["Coffee Dripper","Runic Pyramid"],"picked":"HoveringKite"}],"items_purged_floors":[20],"is_endless":false,"potions_floor_spawned":[3,4,6,11,14],"killed_by":"Sentry and Sphere","ascension_level":0}}