{"host":"lbezuomzcjopy55u","time":1611502328,"event":{"mods":["BaseMod","Bestiary","Minty Spire (QoL Compilation)","Quick Restart","Slay-I","StSLib","Uncapped"],"gold_per_floor":[110,110,129,142,142,142,155,186,213,213,248,348,348,362,362,362,362],"floor_reached":16,"language":"ZHS","playtime":430,"items_purged":[],"score":209,"play_id":"1a899c1c-7d54-4bf1-80e1-72503e1ba67d","local_time":"20210124233208","is_ascension_mode":true,"campfire_choices":[{"data":"Whirlwind","floor":6.0,"key":"SMITH"},{"floor":10.0,"key":"REST"},{"data":"Berserk","floor":13.0,"key":"SMITH"},{"data":"Carnage","floor":15.0,"key":"SMITH"}],"circlet_count":0,"master_deck":["AscendersBane","Strike_R","Strike_R","Strike_R","Strike_R","Defend_R","Defend_R","Defend_R","Defend_R","Bash","Shrug It Off","Whirlwind+1","Carnage+1","Berserk+1","Clash"],"relics":["Burning Blood","Smiling Mask","Golden Idol","MealTicket","PreservedInsect","Art of War"],"acts_visited":["Exordium"],"potions_floor_usage":[16],"damage_taken":[{"damage":4.0,"enemies":"Jaw Worm","floor":1.0,"turns":4.0},{"damage":0.0,"enemies":"2 Louse","floor":3.0,"turns":4.0},{"damage":1.0,"enemies":"Small Slimes","floor":4.0,"turns":4.0},{"damage":15.0,"enemies":"Exordium Thugs","floor":7.0,"turns":3.0},{"damage":31.0,"enemies":"Gremlin Nob","floor":8.0,"turns":4.0},{"damage":17.0,"enemies":"Lagavulin","floor":11.0,"turns":6.0},{"damage":0.0,"enemies":"Large Slime","floor":14.0,"turns":4.0},{"damage":31,"enemies":"Slime Boss","floor":16,"turns":8}],"seed_played":"-6397981827480695202","potions_obtained":[{"floor":7.0,"key":"EssenceOfSteel"},{"floor":11.0,"key":"Explosive Potion"}],"is_trial":false,"path_per_floor":["M","?","M","M","?","R","M","E","T","R","E","?","R","M","R","B"],"character_chosen":"IRONCLAD","items_purchased":[],"campfire_rested":1,"item_purchase_floors":[],"current_hp_per_floor":[70,44,50,55,48,48,39,14,14,36,25,25,25,31,31,0,0],"gold":362,"neow_bonus":"RANDOM_COMMON_RELIC","is_daily":false,"chose_seed":false,"campfire_upgraded":3,"win_rate":0.0,"timestamp":1611502328,"path_taken":["M","?","M","M","?","R","M","E","T","R","E","?","R","?","R","BOSS"],"items_purchased_type":[],"build_version":"2020-12-22","purchased_purges":0,"victory":false,"max_hp_per_floor":[75,75,75,75,75,75,75,75,75,75,75,75,75,75,75,75,75],"card_choices":[{"not_picked":["Twin Strike","Warcry","Pommel Strike"],"picked":"SKIP","floor":1.0},{"not_picked":["Sentinel","Warcry"],"picked":"Shrug It Off","floor":3.0},{"not_picked":["Havoc","Battle Trance"],"picked":"Whirlwind","floor":4.0},{"not_picked":["True Grit","Pommel Strike"],"picked":"Carnage","floor":7.0},{"not_picked":["Warcry","Combust","Perfected Strike"],"picked":"SKIP","floor":8.0},{"not_picked":["Sword Boomerang","Intimidate"],"picked":"Berserk","floor":11.0},{"not_picked":["Whirlwind","Battle Trance"],"picked":"Clash","floor":14.0}],"player_experience":283986,"relics_obtained":[{"floor":8.0,"key":"MealTicket"},{"floor":9.0,"key":"PreservedInsect"},{"floor":11.0,"key":"Art of War"}],"event_choices":[{"damage_healed":0.0,"max_hp_gain":0.0,"max_hp_loss":0.0,"gold_gain":0.0,"event_name":"Golden Idol","player_choice":"Take Damage","floor":2.0,"gold_loss":0.0,"damage_taken":26.0,"relics_obtained":["Golden Idol"]},{"cards_removed":["Strike_R"],"damage_healed":0.0,"max_hp_gain":0.0,"max_hp_loss":0.0,"gold_gain":0.0,"event_name":"Golden Wing","player_choice":"Card Removal","floor":5.0,"gold_loss":0.0,"damage_taken":7.0},{"damage_healed":0.0,"max_hp_gain":0.0,"max_hp_loss":0.0,"gold_gain":100.0,"event_name":"Wheel of Change","player_choice":"Gold","floor":12.0,"gold_loss":0.0,"damage_taken":0.0}],"is_beta":false,"boss_relics":[],"items_purged_floors":[],"is_endless":false,"potions_floor_spawned":[7,11],"killed_by":"Slime Boss","ascension_level":18}}