{"host":"6r341r9cz00j2qc1","time":1611447977,"event":{"mods":["BaseMod","Better Third Choice","GungeonMod","Hermit","Lobotomy","LobotomyExtend","Minty Spire (QoL Compilation)","Replay The Spire","Shop Mod","StSLib"],"gold_per_floor":[112,131,131,131,146,146,184,202,282,51,51,71,87,87,362,232,272,272,312,336,350,369,383,185,185,185,314,314,334,359,359,384,399,475,475,475,475,559,203,118,118,118,118],"floor_reached":31,"language":"ENG","playtime":3120,"items_purged":[],"score":651,"play_id":"6ada869e-e520-4469-b626-82a1d4c280d6","local_time":"20210124012617","is_ascension_mode":false,"campfire_choices":[{"data":"hermit:FromBeyond","floor":6,"key":"SMITH"},{"floor":11,"key":"REST"},{"data":"hermit:HighCaliber","floor":7,"key":"SMITH"},{"floor":15,"key":"REST"},{"data":"hermit:DeadOrAlive","floor":24,"key":"SMITH"},{"data":"hermit:Grudge","floor":30,"key":"SMITH"}],"circlet_count":0,"master_deck":["hermit:Strike_Hermit","hermit:Strike_Hermit","hermit:Strike_Hermit","hermit:Strike_Hermit","hermit:Defend_Hermit","hermit:Defend_Hermit","hermit:Defend_Hermit","hermit:Defend_Hermit","hermit:Snapshot","hermit:Covet","hermit:LowProfile","Scorched","hermit:FromBeyond+1","Injury","hermit:Desperado","WhitesApple","hermit:HoleUp","hermit:Spite","hermit:HighCaliber+1","hermit:Feint","Regret","Parasite","hermit:SprayPray","OSAHOGD","hermit:SprayPray","Parasite","hermit:Grudge+1","hermit:Grudge","hermit:DeadOrAlive+1","hermit:Misfire","Parasite","hermit:Glare+1","hermit:Quickdraw","Languid","hermit:Dissolve","Parasite"],"relics":["hermit:Momento","CogitoBucket","Anchor","Golden Idol","Divine Protection","DemoMod:OrangeGuonStone","Membership Card","Lantern","LuminousBracelet","LetterFromLob","Gremlin Horn","Mercury Hourglass","Mummified Hand","Justitia_r","Ornamental Fan","Replay:Mystery Machine","Medical Kit","Kunai","HellTrain","Shuriken","ReplayTheSpireMod:Ring of Collecting","ReplayTheSpireMod:Ring of Addiction","White Beast Statue","Chameleon Ring","ReplayTheSpireMod:Ring of Challenge","DemoMod:BigBoy","Pet Ghost","MerchantsRug","Replay:Ringing Soul","ClockworkSouvenir","Replay:Multitool"],"acts_visited":["Exordium","TheCity"],"potions_floor_usage":[7,7,11,11,16,19,21,21,23,31,31,31],"damage_taken":[{"damage":1,"enemies":"Cultist","floor":1,"turns":3},{"damage":0,"enemies":"Jaw Worm","floor":2,"turns":3},{"damage":0,"enemies":"Small Slimes","floor":5,"turns":1},{"damage":34,"enemies":"Gremlin Nob","floor":7,"turns":4},{"damage":0,"enemies":"3 Louse","floor":8,"turns":4},{"damage":0,"enemies":"2 Louse","floor":1,"turns":2},{"damage":0,"enemies":"Small Slimes","floor":2,"turns":2},{"damage":15,"enemies":"Lagavulin","floor":6,"turns":4},{"damage":10,"enemies":"3 Sentries","floor":8,"turns":5},{"damage":0,"enemies":"Cultist","floor":10,"turns":2},{"damage":37,"enemies":"Looter","floor":11,"turns":5},{"damage":0,"enemies":"2 Fungi Beasts","floor":12,"turns":2},{"damage":5,"enemies":"Slime Boss","floor":16,"turns":6},{"damage":0,"enemies":"Chosen","floor":18,"turns":2},{"damage":0,"enemies":"Shell Parasite","floor":19,"turns":2},{"damage":109,"enemies":"Sentry and Sphere","floor":21,"turns":19},{"damage":0,"enemies":"Chosen and Byrds","floor":22,"turns":3},{"damage":11,"enemies":"Slavers","floor":23,"turns":3},{"damage":0,"enemies":"Gremlin Leader","floor":27,"turns":4},{"damage":90,"enemies":"Snake Plant","floor":31,"turns":6}],"seed_played":"8458779061131370228","potions_obtained":[{"floor":1,"key":"AttackPotion"},{"floor":5,"key":"ColorlessPotion"},{"floor":7,"key":"SpeedPotion"},{"floor":1,"key":"Energy Potion"},{"floor":6,"key":"Languid Potion"},{"floor":12,"key":"PowerPotion"},{"floor":16,"key":"Languid Potion"},{"floor":18,"key":"Toxic Potion"},{"floor":19,"key":"Block Potion"},{"floor":22,"key":"SkillPotion"},{"floor":25,"key":"Milkshake"},{"floor":25,"key":"SkillPotion"},{"floor":25,"key":"BlessingOfTheForge"}],"is_trial":false,"path_per_floor":["M","M","?","?","M","R","E","M","T","$","R","?","M","M","T","?","$","E","R","E","T","M","M","M","$","M","R","B",null,"M","M","?","M","M","E","R","?","T","E","$","?","R","M"],"character_chosen":"HERMIT","items_purchased":["Membership Card","Lantern","Mercury Hourglass","Medical Kit","Kunai","MerchantsRug","Replay:Ringing Soul","ClockworkSouvenir","hermit:Dissolve"],"campfire_rested":2,"item_purchase_floors":[10,10,5,13,13,28,28,28,28],"current_hp_per_floor":[74,74,71,71,71,71,37,37,37,37,59,90,90,90,90,90,76,76,76,76,76,43,43,43,43,70,71,80,80,80,80,59,61,56,56,56,56,60,63,63,63,0,0],"gold":118,"neow_bonus":"","is_daily":false,"chose_seed":false,"campfire_upgraded":4,"win_rate":0.0,"timestamp":1611447977,"path_taken":["M","M","?","?","M","R","E","M","T","$","R","?","M","M","?","?","$","E","R","E","T","M","?","M","?","M","R","BOSS","M","M","?","?","M","E","R","?","T","E","$","?","R","M"],"items_purchased_type":["Relic","Card","Relic","Relic","Relic","Relic","Relic","Relic","Card"],"build_version":"2020-12-22","purchased_purges":0,"victory":false,"max_hp_per_floor":[75,75,75,75,75,75,75,75,75,75,75,90,90,90,90,90,90,90,90,90,90,90,90,90,90,90,80,80,80,80,80,70,70,70,70,70,70,70,73,71,71,64,64],"card_choices":[{"not_picked":["Wellcheers","VoidDream","Scorched"],"picked":"Singing Bowl","floor":1},{"not_picked":["hermit:BodyArmor","hermit:Cheat"],"picked":"hermit:LowProfile","floor":1},{"not_picked":["FairyFestival","CrumblingArmor","LittleHelper"],"picked":"Singing Bowl","floor":2},{"not_picked":["ShyLook","Bloodbath"],"picked":"Scorched","floor":2},{"not_picked":["hermit:CalledShot","hermit:FlashPowder"],"picked":"hermit:FromBeyond","floor":2},{"not_picked":["GreedKing","WallGazer"],"picked":"LongBird","floor":5},{"not_picked":["hermit:Vantage","hermit:Showdown"],"picked":"hermit:Desperado","floor":5},{"not_picked":["CherryBlossoms","OSAHOGD","OldLady"],"picked":"Singing Bowl","floor":7},{"not_picked":["MeatLantern","BeautyBeast"],"picked":"WhitesApple","floor":7},{"not_picked":["hermit:GhostlyPresence","hermit:TakeAim"],"picked":"hermit:HoleUp","floor":7},{"not_picked":["Wellcheers","Murderer","WallGazer"],"picked":"Singing Bowl","floor":8},{"not_picked":["hermit:Scavenge","hermit:ItchyTrigger"],"picked":"hermit:Spite","floor":8},{"not_picked":["BeautyBeast","UniverseFragment","Porccubus"],"picked":"Singing Bowl","floor":1},{"not_picked":["hermit:TakeCover","hermit:OverwhelmingPower"],"picked":"hermit:HighCaliber","floor":1},{"not_picked":["MHz","CrumblingArmor","FairyFestival"],"picked":"Singing Bowl","floor":2},{"not_picked":["hermit:Manifest","hermit:Deadeye"],"picked":"hermit:Feint","floor":2},{"not_picked":["Murderer","Rudolta","Bloodbath"],"picked":"Singing Bowl","floor":6},{"not_picked":["Murderer","CherryBlossoms"],"picked":"PunishingBird","floor":6},{"not_picked":["hermit:Roughhouse","hermit:Coalescence","hermit:TakeAim"],"picked":"SKIP","floor":6},{"not_picked":["WallGazer","LittleHelper","OldLady"],"picked":"Singing Bowl","floor":8},{"not_picked":["hermit:Gestalt","hermit:HoleUp"],"picked":"hermit:SprayPray","floor":8},{"not_picked":["BeautyBeast","FairyFestival","CherryBlossoms"],"picked":"Singing Bowl","floor":10},{"not_picked":["Murderer","QueenBee"],"picked":"OSAHOGD","floor":10},{"not_picked":["hermit:Snipe","hermit:RoundhouseKick"],"picked":"hermit:SprayPray","floor":10},{"not_picked":["ShyLook","SnowQueen","Murderer"],"picked":"Singing Bowl","floor":11},{"not_picked":["hermit:Midnight","hermit:CursedWeapon"],"picked":"hermit:Grudge","floor":11},{"not_picked":["QueenOfHatred","BigBadWolf","Wellcheers"],"picked":"Singing Bowl","floor":12},{"not_picked":["hermit:Ricochet","hermit:Gestalt"],"picked":"hermit:Grudge","floor":12},{"not_picked":["RedShoes","Murderer","Rudolta"],"picked":"Singing Bowl","floor":16},{"not_picked":["hermit:RoundhouseKick","hermit:Magnum"],"picked":"hermit:DeadOrAlive","floor":16},{"not_picked":["SpiderBud","BlackSwan","Yin"],"picked":"Singing Bowl","floor":18},{"not_picked":["hermit:Snipe","hermit:Gestalt"],"picked":"hermit:Misfire","floor":18},{"not_picked":["GalaxyChild","LittlePrince","VoidDream"],"picked":"Singing Bowl","floor":19},{"not_picked":["hermit:Vantage","hermit:TakeAim","hermit:TakeCover"],"picked":"SKIP","floor":19},{"not_picked":["DreamingCurrent","Alriune","LittlePrince"],"picked":"Singing Bowl","floor":21},{"not_picked":["hermit:LuckOfTheDraw","hermit:Gestalt","hermit:Deadeye+1"],"picked":"SKIP","floor":21},{"not_picked":["GreedKing","GalaxyChild","RedShoes"],"picked":"Singing Bowl","floor":22},{"not_picked":["hermit:Misfire","hermit:Quickdraw+1"],"picked":"hermit:Glare+1","floor":22},{"not_picked":["Variant","LittleHelper","NakedNest"],"picked":"Singing Bowl","floor":23},{"not_picked":["hermit:FullyLoaded","hermit:Scavenge+1"],"picked":"hermit:Quickdraw","floor":23},{"not_picked":["Bloodbath","GreedKing"],"picked":"BigBird","floor":27},{"not_picked":["hermit:BlackWind","hermit:Headshot+1","hermit:Desperado+1"],"picked":"SKIP","floor":27}],"player_experience":445380,"relics_obtained":[{"floor":1,"key":"LetterFromLob"},{"floor":7,"key":"Divine Protection"},{"floor":9,"key":"DemoMod:OrangeGuonStone"},{"floor":1,"key":"LetterFromLob"},{"floor":3,"key":"Gremlin Horn"},{"floor":6,"key":"Mummified Hand"},{"floor":8,"key":"Ornamental Fan"},{"floor":9,"key":"Replay:Mystery Machine"},{"floor":23,"key":"Shuriken"},{"floor":25,"key":"ReplayTheSpireMod:Ring of Collecting"},{"floor":25,"key":"ReplayTheSpireMod:Ring of Addiction"},{"floor":25,"key":"White Beast Statue"},{"floor":25,"key":"Chameleon Ring"},{"floor":26,"key":"ReplayTheSpireMod:Ring of Challenge"},{"floor":26,"key":"DemoMod:BigBoy"},{"floor":27,"key":"Pet Ghost"}],"event_choices":[{"damage_healed":0,"gold_gain":0,"player_choice":"Relic ","damage_taken":3,"max_hp_gain":0,"max_hp_loss":0,"event_name":"betterThird:BetterScrap","floor":3,"gold_loss":0,"cards_obtained":["Eviscerate"]},{"damage_healed":0,"gold_gain":0,"player_choice":"Take Wound","damage_taken":0,"relics_obtained":["Golden Idol"],"max_hp_gain":0,"max_hp_loss":0,"event_name":"Golden Idol","floor":4,"gold_loss":0,"cards_obtained":["Injury"]},{"damage_healed":0,"gold_gain":275,"player_choice":"Desecrate","damage_taken":0,"max_hp_gain":0,"max_hp_loss":0,"event_name":"Golden Shrine","floor":4,"gold_loss":0,"cards_obtained":["Regret"]},{"damage_healed":0,"gold_gain":0,"player_choice":"Full Heal","damage_taken":0,"max_hp_gain":0,"max_hp_loss":0,"event_name":"Wheel of Change","floor":20,"gold_loss":0},{"damage_healed":0,"gold_gain":0,"player_choice":"Obtained Relic","damage_taken":0,"relics_obtained":["Replay:Multitool"],"max_hp_gain":0,"max_hp_loss":0,"event_name":"Addict","floor":29,"gold_loss":85}],"is_beta":false,"boss_relics":[{"not_picked":["Velvet Choker","Honey Jar","Pandora\u0027s Box"]}],"items_purged_floors":[],"is_endless":false,"potions_floor_spawned":[1,5,7,1,6,12,16,18,19,22,27],"killed_by":"Snake Plant","ascension_level":0}}