{"host":"iph0xvuia0glosgr","time":1611515904,"event":{"mods":["AchievementEnabler","BaseMod","Minty Spire (QoL Compilation)"],"gold_per_floor":[114,131,131,131,141,173,184,194,194,211,211,227,227,246,246,341,341,359,359,359,371,39,73,73,73,73,73,101,119,135,155,155,258,258,270,286,338,46,57,57,69,80,80,80,80,98,0,0,0],"floor_reached":48,"language":"ENG","playtime":3632,"items_purged":[],"score":503,"play_id":"5d85e5d3-530f-42cf-ad15-b78d324b2ef6","local_time":"20210124191824","is_ascension_mode":false,"campfire_choices":[{"data":"White Noise","floor":13,"key":"SMITH"},{"floor":15,"key":"REST"},{"floor":24,"key":"REST"},{"data":"Storm","floor":27,"key":"SMITH"},{"floor":32,"key":"REST"},{"floor":40,"key":"REST"}],"circlet_count":0,"master_deck":["Strike_B","Strike_B","Strike_B","Strike_B","Defend_B","Defend_B","Defend_B","Defend_B","Zap","Dualcast","Rebound","Barrage","Chill","PanicButton","All For One","Go for the Eyes","White Noise+1","FTL","Leap","Compile Driver","White Noise+1","Storm","Thunder Strike","CurseOfTheBell","Redo+1","Redo+1","Tempest+1","Static Discharge","Cold Snap","Storm+1","Machine Learning","Hologram+1","Sweeping Beam","Defragment","Biased Cognition","Rebound+1","White Noise+1","Rebound+1","Gash","Self Repair","Conserve Battery+1","Consume+1","Sweeping Beam+1","Barrage","Good Instincts+1","Writhe"],"relics":["Cracked Core","NeowsBlessing","Sundial","Toxic Egg 2","Nunchaku","Calling Bell","Regal Pillow","White Beast Statue","Lizard Tail","MutagenicStrength","Chemical X","Blue Candle","Mummified Hand","Blood Vial","Inserter","StoneCalendar","Ancient Tea Set","Singing Bowl","Red Mask"],"acts_visited":["Exordium","TheCity","TheBeyond"],"potions_floor_usage":[6,14,16,18,18,23,28,29,30,31,33,33,37,37,42,46,46,46],"damage_taken":[{"damage":0,"enemies":"2 Louse","floor":1,"turns":1},{"damage":0,"enemies":"Cultist","floor":2,"turns":1},{"damage":0,"enemies":"Small Slimes","floor":5,"turns":1},{"damage":9,"enemies":"Lagavulin","floor":6,"turns":5},{"damage":12,"enemies":"Blue Slaver","floor":7,"turns":3},{"damage":3,"enemies":"Exordium Wildlife","floor":8,"turns":3},{"damage":0,"enemies":"Large Slime","floor":10,"turns":4},{"damage":5,"enemies":"Blue Slaver","floor":12,"turns":4},{"damage":0,"enemies":"2 Fungi Beasts","floor":14,"turns":2},{"damage":30,"enemies":"Hexaghost","floor":16,"turns":9},{"damage":26,"enemies":"2 Thieves","floor":18,"turns":4},{"damage":0,"enemies":"Chosen","floor":21,"turns":4},{"damage":13,"enemies":"Book of Stabbing","floor":23,"turns":5},{"damage":32,"enemies":"Slavers","floor":28,"turns":4},{"damage":5,"enemies":"3 Cultists","floor":29,"turns":4},{"damage":11,"enemies":"Cultist and Chosen","floor":30,"turns":3},{"damage":25,"enemies":"Snake Plant","floor":31,"turns":4},{"damage":39,"enemies":"Champ","floor":33,"turns":7},{"damage":10,"enemies":"Orb Walker","floor":35,"turns":2},{"damage":3,"enemies":"3 Shapes","floor":36,"turns":3},{"damage":75,"enemies":"2 Orb Walkers","floor":37,"turns":5},{"damage":52,"enemies":"Spire Growth","floor":39,"turns":6},{"damage":21,"enemies":"Jaw Worm Horde","floor":41,"turns":4},{"damage":18,"enemies":"3 Darklings","floor":42,"turns":3},{"damage":23,"enemies":"Sphere and 2 Shapes","floor":46,"turns":4},{"damage":32,"enemies":"Spire Growth","floor":48,"turns":2}],"seed_played":"-4571536796106446810","potions_obtained":[{"floor":1,"key":"FocusPotion"},{"floor":2,"key":"FearPotion"},{"floor":7,"key":"Ancient Potion"},{"floor":12,"key":"DistilledChaos"},{"floor":14,"key":"Explosive Potion"},{"floor":16,"key":"Explosive Potion"},{"floor":18,"key":"EssenceOfSteel"},{"floor":21,"key":"FairyPotion"},{"floor":23,"key":"FearPotion"},{"floor":28,"key":"DistilledChaos"},{"floor":29,"key":"Fire Potion"},{"floor":30,"key":"Weak Potion"},{"floor":31,"key":"LiquidMemories"},{"floor":33,"key":"Block Potion"},{"floor":35,"key":"Ancient Potion"},{"floor":37,"key":"Dexterity Potion"},{"floor":39,"key":"GamblersBrew"},{"floor":41,"key":"Explosive Potion"},{"floor":42,"key":"AttackPotion"},{"floor":46,"key":"FearPotion"}],"is_trial":false,"path_per_floor":["M","M","?","?","M","E","M","M","T","M","?","M","R","M","R","B",null,"M","?","?","M","$","E","R","$","T","R","E","M","M","M","R","B",null,"M","M","?","$","M","R","M","M","T","?","?","M","?","M"],"character_chosen":"DEFECT","items_purchased":["Tempest+1","Chemical X","Static Discharge","Cold Snap","Ancient Tea Set","Gash","Self Repair","Conserve Battery+1"],"campfire_rested":4,"item_purchase_floors":[22,22,22,22,38,38,38,38],"current_hp_per_floor":[75,75,75,75,75,66,54,51,51,51,39,34,34,34,56,26,75,49,49,49,49,49,36,73,73,73,73,41,38,29,6,43,6,75,65,64,13,13,10,47,35,19,19,19,38,19,19,0,0],"gold":0,"neow_bonus":"THREE_ENEMY_KILL","is_daily":false,"chose_seed":false,"campfire_upgraded":2,"win_rate":0.0,"timestamp":1611515904,"path_taken":["M","M","?","?","M","E","?","M","T","M","?","M","R","M","R","BOSS","M","?","?","M","$","E","R","?","T","R","E","?","M","M","R","BOSS","M","M","?","$","M","R","M","M","T","?","?","M","?","M"],"items_purchased_type":["Card","Relic","Card","Card","Relic","Card","Card","Card"],"build_version":"2020-12-22","purchased_purges":0,"victory":false,"max_hp_per_floor":[75,75,75,75,75,75,75,75,75,75,75,75,75,75,75,75,75,75,75,75,75,75,75,75,75,75,75,75,75,75,75,75,75,75,75,75,75,75,75,75,75,75,75,75,75,77,77,77,77],"card_choices":[{"not_picked":["Steam","Force Field"],"picked":"Rebound","floor":1},{"not_picked":["Streamline","Scrape"],"picked":"Barrage","floor":2},{"not_picked":["Doom and Gloom","Leap"],"picked":"Go for the Eyes","floor":5},{"not_picked":["Rainbow","Beam Cell"],"picked":"White Noise","floor":6},{"not_picked":["Compile Driver","Loop"],"picked":"FTL","floor":7},{"not_picked":["Aggregate","Coolheaded"],"picked":"Leap","floor":8},{"not_picked":["Reinforced Body+1","Cold Snap"],"picked":"Compile Driver","floor":10},{"not_picked":["Force Field+1","Leap+1"],"picked":"White Noise+1","floor":12},{"not_picked":["Sweeping Beam","Rebound"],"picked":"Storm","floor":14},{"not_picked":["Core Surge","Meteor Strike"],"picked":"Thunder Strike","floor":16},{"not_picked":["Rebound","Fusion+1"],"picked":"Redo+1","floor":18},{"not_picked":["Beam Cell","Compile Driver"],"picked":"Redo+1","floor":21},{"not_picked":["Streamline+1","Hologram+1"],"picked":"Storm","floor":23},{"not_picked":["Leap+1","Fusion+1"],"picked":"Machine Learning","floor":28},{"not_picked":["Stack+1","Recycle+1"],"picked":"Hologram+1","floor":29},{"not_picked":["Doom and Gloom","Stack+1"],"picked":"Sweeping Beam","floor":30},{"not_picked":["Leap+1","Heatsinks+1"],"picked":"Defragment","floor":31},{"not_picked":["Echo Form","Hyperbeam"],"picked":"Biased Cognition","floor":33},{"not_picked":["Coolheaded+1","Darkness+1"],"picked":"Rebound+1","floor":35},{"not_picked":["Conserve Battery+1","Go for the Eyes+1"],"picked":"White Noise+1","floor":36},{"not_picked":["Glacier+1","Scrape"],"picked":"Rebound+1","floor":37},{"not_picked":["Scrape+1","Blizzard"],"picked":"Consume+1","floor":39},{"not_picked":["Doom and Gloom+1","Genetic Algorithm+1"],"picked":"Sweeping Beam+1","floor":41},{"not_picked":["Sweeping Beam","Steam+1"],"picked":"Barrage","floor":42},{"not_picked":["Swift Strike","Impatience+1"],"picked":"Good Instincts+1","floor":44},{"not_picked":["Steam+1","Cold Snap","Leap+1"],"picked":"Singing Bowl","floor":46}],"player_experience":229948,"relics_obtained":[{"floor":6,"key":"Sundial"},{"floor":9,"key":"Toxic Egg 2"},{"floor":17,"key":"Regal Pillow"},{"floor":17,"key":"White Beast Statue"},{"floor":17,"key":"Lizard Tail"},{"floor":23,"key":"Blue Candle"},{"floor":26,"key":"Mummified Hand"},{"floor":28,"key":"Blood Vial"},{"floor":37,"key":"StoneCalendar"},{"floor":43,"key":"Singing Bowl"}],"event_choices":[{"damage_healed":0,"gold_gain":0,"player_choice":"Ignored","damage_taken":0,"max_hp_gain":0,"max_hp_loss":0,"event_name":"Golden Wing","floor":3,"gold_loss":0},{"damage_healed":0,"gold_gain":0,"player_choice":"3 cards matched","damage_taken":0,"max_hp_gain":0,"max_hp_loss":0,"event_name":"Match and Keep!","floor":4,"gold_loss":0,"cards_obtained":["Chill","PanicButton","All For One"]},{"damage_healed":0,"gold_gain":0,"player_choice":"Success","damage_taken":12,"relics_obtained":["Nunchaku"],"max_hp_gain":0,"max_hp_loss":0,"event_name":"Scrap Ooze","floor":11,"gold_loss":0},{"damage_healed":0,"gold_gain":0,"player_choice":"Inject Mutagens","damage_taken":0,"relics_obtained":["MutagenicStrength"],"max_hp_gain":0,"max_hp_loss":0,"event_name":"Drug Dealer","floor":19,"gold_loss":0},{"damage_healed":0,"gold_gain":0,"player_choice":"Ignored","damage_taken":0,"max_hp_gain":0,"max_hp_loss":0,"event_name":"Ghosts","floor":20,"gold_loss":0},{"damage_healed":0,"gold_gain":0,"player_choice":"Fight","damage_taken":0,"max_hp_gain":0,"max_hp_loss":0,"event_name":"Mysterious Sphere","floor":37,"gold_loss":0},{"damage_healed":0,"gold_gain":0,"player_choice":"Memory 1","damage_taken":0,"max_hp_gain":0,"max_hp_loss":0,"event_name":"SensoryStone","floor":44,"gold_loss":0},{"damage_healed":19,"gold_gain":0,"player_choice":"Writhe","damage_taken":0,"max_hp_gain":0,"max_hp_loss":0,"event_name":"Winding Halls","floor":45,"gold_loss":0,"cards_obtained":["Writhe"]},{"damage_healed":0,"gold_gain":0,"player_choice":"Paid","damage_taken":0,"relics_obtained":["Red Mask"],"max_hp_gain":0,"max_hp_loss":0,"event_name":"Tomb of Lord Red Mask","floor":47,"gold_loss":98}],"is_beta":false,"boss_relics":[{"not_picked":["Sozu","Runic Pyramid"],"picked":"Calling Bell"},{"not_picked":["Runic Dome","Nuclear Battery"],"picked":"Inserter"}],"items_purged_floors":[],"is_endless":false,"potions_floor_spawned":[1,2,7,12,14,16,18,21,23,28,29,30,31,33,35,36,37,39,41,42,46],"killed_by":"Spire Growth","ascension_level":0}}