{"host":"7tcytdkuhw9pmcef","time":1611465802,"event":{"mods":["BaseMod","Downfall","Minty Spire (QoL Compilation)","StSLib"],"gold_per_floor":[99,110,110,130,2,2,2,17,37,68,68,84,98,58,72,169,169,169,186,186,186,198,212,212,224,234,234,244,94,94,94,109,211,211,211,231,241,256,256,256,256,69,87,87,87,101,101,101,121,121],"floor_reached":51,"language":"ENG","playtime":3618,"items_purged":["Pain"],"score":630,"play_id":"e70ca3f5-5adf-4bc9-b5d8-4cb9a14a9fe7","local_time":"20210123232322","is_ascension_mode":false,"campfire_choices":[{"floor":1,"key":"RECALL"},{"data":"champ:IronFortress","floor":6,"key":"SMITH"},{"floor":11,"key":"REST"},{"data":"1","floor":18,"key":"LIFT"},{"floor":30,"key":"REST"},{"data":"2","floor":35,"key":"LIFT"},{"data":"3","floor":40,"key":"LIFT"},{"data":"expansioncontent:DashGenerateEvil","floor":45,"key":"SMITH"},{"data":"champ:Improvising","floor":47,"key":"SMITH"}],"circlet_count":0,"master_deck":["champ:Strike","champ:Strike","champ:Strike","champ:Defend","champ:Defend","champ:Defend","champ:Defend","champ:Execute","champ:Taunt","champ:Endure","champ:BerserkersShout","champ:ShieldWall","champ:IronFortress+1","champ:Haymaker","champ:FanOfKnives","champ:AdrenalArmor","champ:FocusedBerserking","champ:DefensiveShout","champ:Improvising+1","champ:StanceDance","champ:Shatter","champ:ShieldThrow","CurseOfTheBell","champ:HeartStrike","Necronomicurse","champ:Encircle","champ:StrikeOfGenius","champ:FanOfKnives+1","champ:GutPunch","champ:IronFortress+1","Ghostly","champ:GladiatorForm","champ:FaceSlap+1","champ:RecklessLeap+1","champ:IronFortress","champ:FaceSlap","expansioncontent:DashGenerateEvil+1","champ:CrookedStrike","champ:VampiricStrike"],"relics":["champ:ChampionCrownUpgraded","WarpedTongs","champ:FightingForDummies","Calling Bell","Orichalcum","Matryoshka","Girya","Necronomicon","champ:DefensiveTrainingManual","Thread and Needle","Pantograph","Mummified Hand","Mercury Hourglass","Blood Vial","Eternal Feather"],"acts_visited":["Exordium","TheCity","TheBeyond"],"potions_floor_usage":[10,13,19,33,33,33,33,33,33,49,49],"damage_taken":[{"damage":12,"enemies":"Small Slimes","floor":2,"turns":4},{"damage":32,"enemies":"Cultist","floor":4,"turns":4},{"damage":30,"enemies":"downfall:FleeingMerchant","floor":5,"turns":4},{"damage":26,"enemies":"2 Louse","floor":8,"turns":4},{"damage":24,"enemies":"Exordium Wildlife","floor":9,"turns":5},{"damage":32,"enemies":"3 Sentries","floor":10,"turns":6},{"damage":33,"enemies":"Lots of Slimes","floor":12,"turns":4},{"damage":25,"enemies":"Exordium Thugs","floor":13,"turns":3},{"damage":12,"enemies":"downfall:FleeingMerchant","floor":14,"turns":4},{"damage":22,"enemies":"3 Louse","floor":15,"turns":3},{"damage":44,"enemies":"IC_STATUS_ARCHETYPE","floor":16,"turns":6},{"damage":10,"enemies":"Spheric Guardian","floor":19,"turns":1},{"damage":21,"enemies":"Chosen and Byrds","floor":22,"turns":4},{"damage":40,"enemies":"Snake Plant","floor":23,"turns":4},{"damage":32,"enemies":"Centurion and Healer","floor":25,"turns":5},{"damage":25,"enemies":"Snecko","floor":26,"turns":5},{"damage":44,"enemies":"Snake Plant","floor":28,"turns":5},{"damage":40,"enemies":"Centurion and Healer","floor":32,"turns":5},{"damage":68,"enemies":"DF_ARCHETYPE_CLAW","floor":33,"turns":6},{"damage":16,"enemies":"3 Shapes","floor":36,"turns":4},{"damage":25,"enemies":"Orb Walker","floor":37,"turns":3},{"damage":69,"enemies":"4 Shapes","floor":38,"turns":7},{"damage":36,"enemies":"downfall:FleeingMerchant","floor":42,"turns":4},{"damage":30,"enemies":"Spire Growth","floor":43,"turns":4},{"damage":49,"enemies":"Transient","floor":46,"turns":5},{"damage":37,"enemies":"Jaw Worm Horde","floor":49,"turns":3},{"damage":104,"enemies":"WA_ARCHETYPE_DIVINITY","floor":50,"turns":13}],"seed_played":"-3142483638091272960","potions_obtained":[{"floor":4,"key":"champ:CounterPotion"},{"floor":8,"key":"Ancient Potion"},{"floor":12,"key":"ColorlessPotion"},{"floor":15,"key":"bronze:BurnAndBuffPotion"},{"floor":19,"key":"Fruit Juice"},{"floor":25,"key":"EntropicBrew"},{"floor":28,"key":"LiquidBronze"},{"floor":38,"key":"EssenceOfSteel"},{"floor":46,"key":"Block Potion"}],"is_trial":false,"path_per_floor":["R","M","?","M","$","R","T","M","M","E","R","M","M","$","M","B",null,"R","M","?","?","M","M","T","M","M","T","M","?","R","?","M","B",null,"R","M","M","M","?","R","T","$","M","T","R","M","R","?","M","B",null],"character_chosen":"THE_CHAMP","items_purchased":["champ:IronFortress","champ:StanceDance","expansioncontent:DashGenerateEvil"],"campfire_rested":2,"item_purchase_floors":[5,14,42],"current_hp_per_floor":[99,97,97,90,85,85,85,74,70,48,77,59,49,47,45,44,99,99,104,104,88,87,62,62,60,60,60,46,46,77,77,77,84,104,104,93,93,64,91,91,91,85,85,85,85,83,83,83,63,66],"gold":121,"neow_bonus":"TEN_PERCENT_HP_BONUS","is_daily":false,"chose_seed":false,"campfire_upgraded":3,"win_rate":0.0,"timestamp":1611465802,"path_taken":["R","M","?","?","$","R","T","M","M","E","R","M","M","$","M","BOSS","R","M","?","?","M","?","T","M","?","?","M","?","R","?","M","BOSS","R","M","M","?","?","R","T","$","M","?","R","M","R","?","M","BOSS"],"items_purchased_type":["Card","Card","Card"],"build_version":"2020-12-22","purchased_purges":1,"victory":true,"max_hp_per_floor":[99,99,99,99,99,99,99,99,99,99,99,99,99,99,99,99,99,99,104,104,104,104,104,104,104,104,104,104,104,104,104,104,104,104,104,104,104,104,91,91,91,91,91,91,91,91,91,91,91,91],"card_choices":[{"not_picked":["champ:TornadoPunch","champ:BringItOn"],"picked":"champ:Endure","floor":2},{"not_picked":["champ:PreciseThrust","champ:AdrenalArmor"],"picked":"champ:BerserkersShout","floor":4},{"not_picked":["champ:FanOfKnives","champ:Backstep"],"picked":"champ:ShieldWall","floor":5},{"not_picked":["champ:CrownThrow","champ:AdrenalArmor"],"picked":"champ:Haymaker","floor":8},{"not_picked":["champ:EndlessRage","champ:SetATrap"],"picked":"champ:FanOfKnives","floor":9},{"not_picked":["champ:PreciseThrust","champ:BerserkersShout"],"picked":"champ:AdrenalArmor","floor":10},{"not_picked":["champ:PreciseThrust","champ:Circumvent"],"picked":"champ:FocusedBerserking","floor":12},{"not_picked":["champ:PreemptiveStrike","champ:FlashCut"],"picked":"champ:DefensiveShout","floor":13},{"not_picked":["champ:StanceDance","champ:BladeFlurry"],"picked":"champ:Improvising","floor":14},{"not_picked":["champ:FlashCut","champ:BringItOn"],"picked":"champ:Shatter","floor":15},{"not_picked":["champ:Devastate","champ:HoldFirm"],"picked":"champ:ShieldThrow","floor":16},{"not_picked":["champ:FlashCut","champ:CrownThrow"],"picked":"champ:HeartStrike","floor":19},{"not_picked":["champ:EnragedBash","champ:BringItOn"],"picked":"champ:Encircle","floor":22},{"not_picked":["champ:CrookedStrike","champ:Endure"],"picked":"champ:StrikeOfGenius","floor":23},{"not_picked":["champ:CrownThrow+1","champ:FlashCut"],"picked":"champ:FanOfKnives+1","floor":25},{"not_picked":["champ:BladeFlurry+1","champ:Haymaker"],"picked":"champ:GutPunch","floor":26},{"not_picked":["champ:AdrenalArmor","champ:Shatter"],"picked":"champ:IronFortress+1","floor":28},{"not_picked":["champ:AdrenalArmor","champ:EndlessRage","champ:BerserkersShout"],"picked":"SKIP","floor":32},{"not_picked":["champ:SteelEdge","champ:StrikeOfGenius"],"picked":"champ:GladiatorForm","floor":33},{"not_picked":["champ:FanOfKnives+1","champ:EnGarde"],"picked":"champ:FaceSlap+1","floor":36},{"not_picked":["champ:AdrenalArmor","champ:Circumvent"],"picked":"champ:RecklessLeap+1","floor":37},{"not_picked":["champ:BringItOn","champ:BerserkersShout"],"picked":"champ:IronFortress","floor":38},{"not_picked":["champ:FlashCut","champ:Backstep+1"],"picked":"champ:FaceSlap","floor":42},{"not_picked":["champ:FlashCut","champ:Circumvent","champ:BringItOn"],"picked":"SKIP","floor":43},{"not_picked":["champ:FaceSlap+1","champ:FanOfKnives"],"picked":"champ:CrookedStrike","floor":46},{"not_picked":["champ:Backstep+1","champ:AdrenalArmor+1"],"picked":"champ:VampiricStrike","floor":49}],"player_experience":533102,"relics_obtained":[{"floor":10,"key":"champ:FightingForDummies"},{"floor":17,"key":"Orichalcum"},{"floor":17,"key":"Matryoshka"},{"floor":17,"key":"Girya"},{"floor":21,"key":"Necronomicon"},{"floor":24,"key":"champ:DefensiveTrainingManual"},{"floor":24,"key":"Thread and Needle"},{"floor":27,"key":"Pantograph"},{"floor":27,"key":"Mummified Hand"},{"floor":41,"key":"Mercury Hourglass"},{"floor":44,"key":"Blood Vial"},{"floor":48,"key":"Eternal Feather"}],"event_choices":[{"damage_healed":0,"gold_gain":0,"player_choice":"Rummage","damage_taken":0,"relics_obtained":["WarpedTongs"],"max_hp_gain":0,"max_hp_loss":0,"event_name":"Accursed Blacksmith","floor":3,"gold_loss":0,"cards_obtained":["Pain"]},{"damage_healed":0,"gold_gain":0,"player_choice":"Ignored","damage_taken":0,"max_hp_gain":0,"max_hp_loss":0,"event_name":"NoteForYourself","floor":31,"gold_loss":0}],"is_beta":false,"boss_relics":[{"not_picked":["Velvet Choker","Fusion Hammer"],"picked":"Calling Bell"},{"not_picked":["Cursed Key","Astrolabe"],"picked":"champ:ChampionCrownUpgraded"}],"items_purged_floors":[5],"is_endless":false,"potions_floor_spawned":[4,8,12,15,19,25,28,32,38,46],"ascension_level":0}}