{"host":"shb6fs4xkmgx64v4","time":1611523837,"event":{"mods":["AchievementEnabler","BaseMod","Colored Map","Downfall","Minty Spire (QoL Compilation)","StSLib"],"gold_per_floor":[99,119,119,134,149,165,165,36,36,68,30,49,60,45,56,155,155,55,65,65,85,85,85,85,85,104,122,136,36,48,33,51,148,148,148,160,172,1,1,1,53,87,87,387,400,300,400,411,426,426,426,426,426,426],"floor_reached":52,"language":"ENG","playtime":5827,"items_purged":["Pain"],"score":738,"play_id":"91b26553-44bd-4d68-bcec-ed237d8eb89e","local_time":"20210124163037","is_ascension_mode":false,"campfire_choices":[{"floor":1.0,"key":"RECALL"},{"data":"bronze:NullPointer","floor":18.0,"key":"SMITH"},{"data":"champ:GladiatorStyle","floor":23.0,"key":"SMITH"},{"data":"champ:GladiatorStyle","floor":29.0,"key":"SMITH"},{"data":"sneckomod:Cheat","floor":35.0,"key":"SMITH"},{"floor":40.0,"key":"REST"},{"floor":43,"key":"REST"},{"floor":46,"key":"REST"}],"circlet_count":0,"master_deck":["sneckomod:Strike","sneckomod:Strike","sneckomod:Strike","sneckomod:Defend","sneckomod:Defend","sneckomod:Defend","sneckomod:TailWhip","sneckomod:SnekBite","sneckomod:Unknown","sneckomod:Unknown","sneckomod:IronFang","sneckomod:QuickMove","sneckomod:UnknownCommonSkill","sneckomod:UnknownExhaust","champ:GladiatorStyle+1","sneckomod:UnknownWeak","sneckomod:MasterEye","sneckomod:QuickMove","sneckomod:UnendingSupply","sneckomod:UnknownX","sneckomod:UnknownVulnerable","sneckomod:UnlimitedRolls","bronze:NullPointer+1","downfall:Bewildered","sneckomod:UnknownUncommonPower+1","champ:GladiatorStyle+1","sneckomod:CheapStock+1","sneckomod:UnknownVulnerable","sneckomod:UnendingSupply+1","bronze:Deprecate","sneckomod:QuickMove","sneckomod:QuickMove+1","sneckomod:DiceBoulder","sneckomod:Cheat+1","sneckomod:DiceCrush","sneckomod:DiceCrush+1","sneckomod:DiceBoulder+1","sneckomod:ImprovisedAttack","sneckomod:QuickBite+1","sneckomod:QuickBite+1","sneckomod:IronFang+1"],"relics":["sneckomod:SuperSneckoSoul","WarpedTongs","Gambling Chip","downfall:HeartBlessingRed","sneckomod:BabySnecko","Frozen Egg 2","downfall:HeartBlessingBlue","SlaversCollar","Orichalcum","sneckomod:LoadedDie","Mango","downfall:HeartBlessingGreen"],"acts_visited":["Exordium","TheCity","TheBeyond","TheEnding"],"potions_floor_usage":[42],"damage_taken":[{"damage":0.0,"enemies":"Cultist","floor":2.0,"turns":2.0},{"damage":6.0,"enemies":"2 Louse","floor":4.0,"turns":3.0},{"damage":8.0,"enemies":"Small Slimes","floor":5.0,"turns":4.0},{"damage":4.0,"enemies":"Exordium Thugs","floor":6.0,"turns":6.0},{"damage":1.0,"enemies":"downfall:FleeingMerchant","floor":8.0,"turns":4.0},{"damage":8.0,"enemies":"Lagavulin","floor":10.0,"turns":7.0},{"damage":5.0,"enemies":"downfall:FleeingMerchant","floor":11.0,"turns":4.0},{"damage":10.0,"enemies":"3 Louse","floor":12.0,"turns":6.0},{"damage":16.0,"enemies":"Gremlin Gang","floor":13.0,"turns":8.0},{"damage":12.0,"enemies":"downfall:FleeingMerchant","floor":14.0,"turns":4.0},{"damage":4.0,"enemies":"Red Slaver","floor":15.0,"turns":4.0},{"damage":7.0,"enemies":"SI_SHIV_ARCHETYPE","floor":16.0,"turns":6.0},{"damage":18.0,"enemies":"3 Byrds","floor":19.0,"turns":9.0},{"damage":24.0,"enemies":"Chosen","floor":21.0,"turns":5.0},{"damage":16.0,"enemies":"3 Cultists","floor":26.0,"turns":5.0},{"damage":0.0,"enemies":"Snecko","floor":27.0,"turns":5.0},{"damage":21.0,"enemies":"Snake Plant","floor":28.0,"turns":4.0},{"damage":11.0,"enemies":"Shelled Parasite and Fungi","floor":30.0,"turns":5.0},{"damage":12.0,"enemies":"downfall:FleeingMerchant","floor":31.0,"turns":4.0},{"damage":10.0,"enemies":"Snecko","floor":32.0,"turns":6.0},{"damage":12.0,"enemies":"IC_MUSHROOM_ARCHETYPE","floor":33.0,"turns":10.0},{"damage":24.0,"enemies":"Orb Walker","floor":36.0,"turns":4.0},{"damage":15.0,"enemies":"3 Darklings","floor":37.0,"turns":8.0},{"damage":30.0,"enemies":"downfall:FleeingMerchant","floor":38.0,"turns":4.0},{"damage":68,"enemies":"Nemesis","floor":42,"turns":11},{"damage":14,"enemies":"Maw","floor":45,"turns":8},{"damage":27,"enemies":"Jaw Worm Horde","floor":48,"turns":6},{"damage":11,"enemies":"Transient","floor":49,"turns":5},{"damage":26,"enemies":"WA_ARCHETYPE_DIVINITY","floor":50,"turns":19},{"damage":135,"enemies":"downfall:CharBossMerchant","floor":52,"turns":9}],"seed_played":"-2546187805248084422","potions_obtained":[{"floor":10.0,"key":"Slimebound:ThreeZeroPotion"},{"floor":12.0,"key":"Regen Potion"},{"floor":13.0,"key":"AttackPotion"},{"floor":15.0,"key":"BlessingOfTheForge"},{"floor":27.0,"key":"Swift Potion"},{"floor":32.0,"key":"SpeedPotion"},{"floor":33.0,"key":"EssenceOfSteel"},{"floor":45,"key":"Ancient Potion"},{"floor":48,"key":"sneckomod:MuddlingPotion"},{"floor":49,"key":"sneckomod:MuddlingPotion"}],"is_trial":false,"path_per_floor":["R","M","?","M","M","M","T","$","R","E","$","M","M","$","M","B",null,"R","M","?","M","?","R","T","?","M","M","M","R","M","$","M","B",null,"R","M","M","$","?","R","T","E","R","?","M","R","?","M","M","B",null,"E"],"character_chosen":"THE_SNECKO","items_purchased":["sneckomod:UnknownDexterity","sneckomod:QuickMove","Orichalcum"],"campfire_rested":3,"item_purchase_floors":[8,11,38],"current_hp_per_floor":[99,99,99,93,85,81,81,80,80,72,67,67,51,44,40,33,99,99,86,86,62,62,62,62,62,46,46,25,35,24,24,14,2,109,109,85,70,40,40,72,72,18,54,54,40,76,76,49,38,12,123,0,0,0],"gold":426,"neow_bonus":"TEN_PERCENT_HP_BONUS","is_daily":false,"chose_seed":false,"campfire_upgraded":4,"win_rate":0.0,"timestamp":1611523837,"path_taken":["R","M","?","?","M","M","T","$","R","E","$","M","M","$","M","BOSS","R","M","?","M","?","R","T","?","?","M","M","R","M","$","M","BOSS","R","M","M","$","?","R","T","E","R","?","?","R","?","?","M","BOSS","E"],"items_purchased_type":["Card","Card","Relic"],"build_version":"2020-12-22","purchased_purges":1,"victory":false,"max_hp_per_floor":[99,99,99,99,99,99,99,99,99,99,99,99,99,99,99,99,99,99,99,99,99,99,99,99,99,99,99,99,109,109,109,109,109,109,109,109,109,109,109,109,109,123,123,123,123,123,123,123,123,123,123,123,123,123],"card_choices":[{"not_picked":["sneckomod:RainOfDice","sneckomod:UnknownDraw"],"picked":"sneckomod:IronFang","floor":2.0},{"not_picked":["sneckomod:Unknown1Cost","sneckomod:QuickBite"],"picked":"sneckomod:QuickMove","floor":4.0},{"not_picked":["sneckomod:DiceCrush","sneckomod:SnakeSap"],"picked":"sneckomod:UnknownCommonSkill","floor":5.0},{"not_picked":["sneckomod:Nope","sneckomod:TrashToTreasure"],"picked":"sneckomod:UnknownExhaust","floor":6.0},{"not_picked":["sneckomod:UnknownColorless","sneckomod:MixItUp"],"picked":"sneckomod:UnknownBlock","floor":8.0},{"not_picked":["sneckomod:WideSting","sneckomod:UnknownDraw"],"picked":"sneckomod:UnknownWeak","floor":10.0},{"not_picked":["sneckomod:Cheat","sneckomod:UnknownX"],"picked":"sneckomod:MasterEye","floor":11.0},{"not_picked":["sneckomod:UnknownDraw","sneckomod:Unknown1Cost"],"picked":"sneckomod:UnendingSupply","floor":12.0},{"not_picked":["sneckomod:SoulDraw","sneckomod:Nope"],"picked":"sneckomod:UnknownX","floor":13.0},{"not_picked":["sneckomod:UnknownCommonAttack","sneckomod:RainOfDice"],"picked":"sneckomod:UnknownVulnerable","floor":14.0},{"not_picked":["sneckomod:Memorize","sneckomod:UnknownStrike"],"picked":"sneckomod:UnknownDexterity","floor":15.0},{"not_picked":["sneckomod:SerpentMind","sneckomod:UnknownRarePower"],"picked":"sneckomod:UnlimitedRolls","floor":16.0},{"not_picked":["sneckomod:QuickBite","sneckomod:ImprovisedGuard"],"picked":"sneckomod:UnknownClassTHE_BRONZE_AUTOMATON","floor":19.0},{"not_picked":["sneckomod:ImprovisedAttack+1","sneckomod:CheapStock"],"picked":"sneckomod:UnknownUncommonPower+1","floor":21.0},{"not_picked":["sneckomod:QuickMove+1","sneckomod:UnknownClassTHE_BRONZE_AUTOMATON+1"],"picked":"sneckomod:CheapStock+1","floor":26.0},{"not_picked":["sneckomod:QuickMove","sneckomod:SoulDraw+1"],"picked":"sneckomod:UnknownVulnerable","floor":27.0},{"not_picked":["sneckomod:SoulRoll","sneckomod:DangerNoodle"],"picked":"sneckomod:UnendingSupply+1","floor":28.0},{"not_picked":["sneckomod:UnknownUncommonAttack","sneckomod:RainOfDice"],"picked":"sneckomod:QuickMove","floor":30.0},{"not_picked":["sneckomod:UnknownCommonSkill+1","sneckomod:IronFang"],"picked":"sneckomod:QuickMove+1","floor":31.0},{"not_picked":["sneckomod:IronFang","sneckomod:UnknownWeak"],"picked":"sneckomod:DiceBoulder","floor":32.0},{"not_picked":["sneckomod:Restock","sneckomod:Unknown3Cost"],"picked":"sneckomod:Cheat","floor":33.0},{"not_picked":["sneckomod:SoulRoll+1","sneckomod:UnknownDraw+1"],"picked":"sneckomod:DiceCrush","floor":36.0},{"not_picked":["sneckomod:UnknownCommonAttack+1","sneckomod:UnknownCommonSkill"],"picked":"sneckomod:DiceCrush+1","floor":37.0},{"not_picked":["sneckomod:Nope","sneckomod:DiceBlock"],"picked":"sneckomod:DiceBoulder+1","floor":38.0},{"not_picked":["sneckomod:UnknownDexterity+1","sneckomod:UnknownRarePower+1"],"picked":"sneckomod:ImprovisedAttack","floor":42},{"not_picked":["sneckomod:UnknownDraw+1","sneckomod:RainOfDice"],"picked":"sneckomod:QuickBite+1","floor":45},{"not_picked":["sneckomod:Nope+1","sneckomod:SoulDraw+1"],"picked":"sneckomod:QuickBite+1","floor":48},{"not_picked":["sneckomod:CheapStock+1","sneckomod:SerpentIdol"],"picked":"sneckomod:IronFang+1","floor":49}],"player_experience":281318,"relics_obtained":[{"floor":10.0,"key":"Gambling Chip"},{"floor":24.0,"key":"Frozen Egg 2"},{"floor":41.0,"key":"sneckomod:LoadedDie"},{"floor":42,"key":"Mango"}],"event_choices":[{"damage_healed":0.0,"max_hp_gain":0.0,"max_hp_loss":0.0,"gold_gain":0.0,"event_name":"Accursed Blacksmith","player_choice":"Rummage","floor":3.0,"gold_loss":0.0,"damage_taken":0.0,"relics_obtained":["WarpedTongs"],"cards_obtained":["Pain"]},{"damage_healed":0.0,"max_hp_gain":0.0,"max_hp_loss":0.0,"gold_gain":0.0,"event_name":"Ghosts","player_choice":"Ignored","floor":22.0,"gold_loss":0.0,"damage_taken":0.0},{"damage_healed":0.0,"max_hp_gain":0.0,"max_hp_loss":0.0,"gold_gain":0.0,"event_name":"Vampires","player_choice":"Ignored","floor":25.0,"gold_loss":0.0,"damage_taken":0.0},{"damage_healed":0,"gold_gain":300,"player_choice":"Gold","damage_taken":0,"max_hp_gain":0,"max_hp_loss":0,"event_name":"Wheel of Change","floor":44,"gold_loss":0}],"is_beta":false,"boss_relics":[{"not_picked":["SacredBark","Runic Pyramid"],"picked":"sneckomod:SuperSneckoSoul"},{"not_picked":["sneckomod:SneckoBoss","Philosopher\u0027s Stone"],"picked":"SlaversCollar"}],"items_purged_floors":[8],"is_endless":false,"potions_floor_spawned":[10,12,13,15,27,32,33,45,48,49],"killed_by":"downfall:CharBossMerchant","ascension_level":0}}