{"host":"cgy","time":1611492439,"event":{"mods":["BaseMod","Downfall","Minty Spire (QoL Compilation)","StSLib","The Bug Knight","Warlord Emblem"],"gold_per_floor":[99,112,131,152,152,179,254,295,195,213,213,252,271,299,315,315,315,315],"floor_reached":16,"language":"ZHS","playtime":884,"items_purged":[],"score":116,"play_id":"38073723-b95c-44cd-977e-ecfdbc9fc989","local_time":"20210124204719","is_ascension_mode":false,"campfire_choices":[{"floor":1,"key":"RECALL"},{"data":"hexamod:SoulSteal","floor":9,"key":"SMITH"},{"data":"hexamod:Sear","floor":11,"key":"SMITH"}],"circlet_count":0,"master_deck":["hexamod:Strike","hexamod:Strike","hexamod:Strike","hexamod:Strike","hexamod:Defend","hexamod:Defend","hexamod:Defend","hexamod:Defend","hexamod:Sear+1","hexamod:Float","hexamod:SecondSeal","hexamod:AdvancingGuard","hexamod:SoulSteal+1","hexamod:SoulSteal+1","hexamod:SpectersWail","hexamod:Firestarter","hexamod:ChargedBarrage+1","hexamod:HauntingEcho","hexamod:ThermalTransfer"],"relics":["hexamod:SpiritBrand","The Courier","Toxic Egg 2","Smiling Mask","downfall:HeartBlessingRed","Unceasing Top"],"acts_visited":["Exordium"],"potions_floor_usage":[8,8,16],"damage_taken":[{"damage":1,"enemies":"Cultist","floor":2,"turns":3},{"damage":0,"enemies":"Jaw Worm","floor":3,"turns":4},{"damage":7,"enemies":"2 Louse","floor":4,"turns":3},{"damage":0,"enemies":"2 Fungi Beasts","floor":6,"turns":3},{"damage":17,"enemies":"3 Sentries","floor":8,"turns":7},{"damage":0,"enemies":"Blue Slaver","floor":10,"turns":3},{"damage":30,"enemies":"Gremlin Nob","floor":12,"turns":5},{"damage":0,"enemies":"3 Louse","floor":13,"turns":2},{"damage":8,"enemies":"2 Fungi Beasts","floor":14,"turns":3},{"damage":0,"enemies":"Large Slime","floor":15,"turns":3},{"damage":24,"enemies":"DF_ARCHETYPE_STREAMLINE","floor":16,"turns":3}],"seed_played":"-1012948251581205630","potions_obtained":[{"floor":2,"key":"FearPotion"},{"floor":6,"key":"Slimebound:ThreeZeroPotion"},{"floor":13,"key":"bronze:BurnAndBuffPotion"},{"floor":14,"key":"Guardian:BlockOnCardUsePotion"},{"floor":15,"key":"Weak Potion"}],"is_trial":false,"path_per_floor":["R","M","M","M","T","M","T","E","R","M","R","E","M","M","M","B"],"character_chosen":"THE_SPIRIT","items_purchased":[],"campfire_rested":0,"item_purchase_floors":[],"current_hp_per_floor":[77,76,76,69,69,69,69,52,52,52,52,22,22,14,14,0,0,0],"gold":315,"neow_bonus":"TEN_PERCENT_HP_BONUS","is_daily":false,"chose_seed":false,"campfire_upgraded":2,"win_rate":0.0,"timestamp":1611492439,"path_taken":["R","M","M","M","?","M","T","E","R","M","R","E","M","?","M","BOSS"],"items_purchased_type":[],"build_version":"2020-12-18","purchased_purges":0,"victory":false,"max_hp_per_floor":[77,77,77,77,77,77,77,77,77,77,77,77,77,77,77,77,77,77],"card_choices":[{"not_picked":["hexamod:GhostLash","hexamod:GhostShield"],"picked":"hexamod:SecondSeal","floor":2},{"not_picked":["hexamod:PhantomCloak","hexamod:HeatMetal"],"picked":"hexamod:AdvancingGuard","floor":3},{"not_picked":["hexamod:PhantomFireball","hexamod:HauntingEcho"],"picked":"hexamod:SoulSteal","floor":4},{"not_picked":["hexamod:RetreatToShadows","hexamod:BacktrackSmack","hexamod:NightmareGuise"],"picked":"SKIP","floor":6},{"not_picked":["hexamod:GhostShield+1","hexamod:ChargedBarrage+1"],"picked":"hexamod:SoulSteal+1","floor":8},{"not_picked":["hexamod:AdvancingGuard+1","hexamod:GhostShield+1"],"picked":"hexamod:SpectersWail","floor":10},{"not_picked":["hexamod:Rewind+1","hexamod:UnleashSpirits"],"picked":"hexamod:Firestarter","floor":12},{"not_picked":["hexamod:SoulSteal+1","hexamod:GhostLash"],"picked":"hexamod:ChargedBarrage+1","floor":13},{"not_picked":["hexamod:RainOfEmbers","hexamod:HeatMetal"],"picked":"hexamod:HauntingEcho","floor":14},{"not_picked":["hexamod:PhantomCloak","hexamod:GhostOfSpirePast"],"picked":"hexamod:ThermalTransfer","floor":15}],"player_experience":137655,"relics_obtained":[{"floor":5,"key":"The Courier"},{"floor":7,"key":"Toxic Egg 2"},{"floor":8,"key":"Smiling Mask"},{"floor":12,"key":"Unceasing Top"}],"event_choices":[],"is_beta":true,"boss_relics":[],"items_purged_floors":[],"is_endless":false,"potions_floor_spawned":[2,6,13,14,15],"killed_by":"DF_ARCHETYPE_STREAMLINE","ascension_level":0}}