{"host":"minbhrtlkaoly5f0","time":1611528560,"event":{"mods":["Act Like it!","BaseMod","Colored Map","Minty Spire (QoL Compilation)","Quick Restart","StSLib"],"gold_per_floor":[119,44,44,55,55,55,80,92,92,92,92,92,106,137,149,261,273,270,207,232,92,107,107,125,51,51,76,76,76,91,91,91],"floor_reached":31,"language":"ZHS","playtime":823,"items_purged":["Strike_R","Strike_R"],"score":288,"play_id":"abd4062c-a58a-4266-ae41-a0a8ab4c940e","local_time":"20210125064920","is_ascension_mode":false,"campfire_choices":[{"data":"Strike_R","floor":6.0,"key":"SMITH"},{"data":"Thunderclap","floor":10.0,"key":"SMITH"},{"floor":15.0,"key":"REST"},{"floor":23.0,"key":"REST"}],"circlet_count":0,"master_deck":["Strike_R+1","Strike_R","Defend_R","Defend_R","Bash+1","Thunderclap+1","Pummel","Demon Form","Flex+1","Twin Strike","Twin Strike+1","Flex","Whirlwind"],"relics":["Burning Blood","NeowsBlessing","White Beast Statue","Juzu Bracelet","Shuriken","MawBank","Black Star","Letter Opener","MealTicket","Sundial","MutagenicStrength"],"acts_visited":["Exordium","TheCity"],"potions_floor_usage":[],"damage_taken":[{"damage":0.0,"enemies":"Small Slimes","floor":1.0,"turns":1.0},{"damage":0.0,"enemies":"Cultist","floor":4.0,"turns":1.0},{"damage":0.0,"enemies":"Gremlin Nob","floor":7.0,"turns":1.0},{"damage":11.0,"enemies":"Jaw Worm","floor":8.0,"turns":2.0},{"damage":16.0,"enemies":"Large Slime","floor":13.0,"turns":4.0},{"damage":31.0,"enemies":"3 Sentries","floor":14.0,"turns":6.0},{"damage":48.0,"enemies":"Slime Boss","floor":16.0,"turns":10.0},{"damage":25.0,"enemies":"2 Thieves","floor":18.0,"turns":4.0},{"damage":43.0,"enemies":"3 Byrds","floor":20.0,"turns":5.0},{"damage":5.0,"enemies":"Snecko","floor":22.0,"turns":3.0},{"damage":26.0,"enemies":"Centurion and Healer","floor":24.0,"turns":3.0},{"damage":27.0,"enemies":"Slavers","floor":27.0,"turns":3.0},{"damage":28.0,"enemies":"Colosseum Slavers","floor":28.0,"turns":4.0},{"damage":6,"enemies":"3 Cultists","floor":30,"turns":3}],"seed_played":"1061088625542863106","potions_obtained":[{"floor":1.0,"key":"BloodPotion"},{"floor":7.0,"key":"PowerPotion"},{"floor":8.0,"key":"SpeedPotion"},{"floor":13.0,"key":"DistilledChaos"},{"floor":14.0,"key":"FairyPotion"},{"floor":16.0,"key":"Explosive Potion"},{"floor":18.0,"key":"Dexterity Potion"},{"floor":20.0,"key":"ColorlessPotion"},{"floor":22.0,"key":"SpeedPotion"},{"floor":24.0,"key":"Swift Potion"},{"floor":27.0,"key":"LiquidBronze"},{"floor":30,"key":"BlessingOfTheForge"}],"is_trial":false,"path_per_floor":["M","$","?","M","?","R","E","M","T","R","?","?","M","E","R","B",null,"M","?","M","$","M","R","M","$","T","E","?","?","M","?"],"character_chosen":"IRONCLAD","items_purchased":["Twin Strike","Whirlwind"],"campfire_rested":2,"item_purchase_floors":[21,25],"current_hp_per_floor":[80,80,73,79,79,79,80,75,75,75,57,57,47,38,62,20,80,61,61,24,24,25,49,29,29,29,8,14,14,14,0,0],"gold":91,"neow_bonus":"THREE_ENEMY_KILL","is_daily":false,"chose_seed":false,"campfire_upgraded":2,"win_rate":0.0,"timestamp":1611528560,"path_taken":["M","$","?","M","?","R","E","?","T","R","?","?","M","E","R","BOSS","M","?","M","$","M","R","M","$","T","E","?","?","M","?"],"items_purchased_type":["Card","Card"],"build_version":"2020-12-22","purchased_purges":2,"victory":false,"max_hp_per_floor":[80,80,80,80,80,80,80,80,80,80,80,80,80,80,80,80,80,80,80,80,80,80,80,80,80,80,80,80,80,80,80,80],"card_choices":[{"not_picked":["Rampage","Rage","True Grit"],"picked":"SKIP","floor":1.0},{"not_picked":["Sword Boomerang","Battle Trance","Pummel"],"picked":"SKIP","floor":4.0},{"not_picked":["Cleave","Pommel Strike"],"picked":"Thunderclap","floor":7.0},{"not_picked":["Thunderclap","Clothesline","Shrug It Off"],"picked":"SKIP","floor":8.0},{"not_picked":["Sword Boomerang","Shrug It Off"],"picked":"Pummel","floor":13.0},{"not_picked":["Clash","Headbutt","Rupture"],"picked":"SKIP","floor":14.0},{"not_picked":["Bludgeon","Feed"],"picked":"Demon Form","floor":16.0},{"not_picked":["Shrug It Off","Clothesline","Twin Strike"],"picked":"SKIP","floor":18.0},{"not_picked":["Disarm","Fire Breathing"],"picked":"Flex+1","floor":20.0},{"not_picked":["Shrug It Off+1","Armaments+1"],"picked":"Twin Strike+1","floor":22.0},{"not_picked":["Second Wind","Headbutt"],"picked":"Flex","floor":24.0},{"not_picked":["Flame Barrier","Barricade","Twin Strike"],"picked":"SKIP","floor":27.0},{"not_picked":["Rupture","Entrench+1","Thunderclap"],"picked":"SKIP","floor":30}],"player_experience":28895,"relics_obtained":[{"floor":7.0,"key":"White Beast Statue"},{"floor":9.0,"key":"Juzu Bracelet"},{"floor":14.0,"key":"MawBank"},{"floor":26.0,"key":"Letter Opener"},{"floor":27.0,"key":"MealTicket"},{"floor":27.0,"key":"Sundial"}],"event_choices":[{"cards_removed":["Defend_R"],"damage_healed":0.0,"max_hp_gain":0.0,"max_hp_loss":0.0,"gold_gain":0.0,"event_name":"Golden Wing","player_choice":"Card Removal","floor":3.0,"gold_loss":0.0,"damage_taken":7.0},{"damage_healed":0.0,"max_hp_gain":0.0,"max_hp_loss":0.0,"gold_gain":0.0,"event_name":"Upgrade Shrine","player_choice":"Upgraded","floor":5.0,"gold_loss":0.0,"damage_taken":0.0,"cards_upgraded":["Bash"]},{"damage_healed":0.0,"max_hp_gain":0.0,"max_hp_loss":0.0,"gold_gain":0.0,"event_name":"Scrap Ooze","player_choice":"Success","floor":11.0,"gold_loss":0.0,"damage_taken":18.0,"relics_obtained":["Shuriken"]},{"cards_removed":["Strike_R"],"damage_healed":0.0,"max_hp_gain":0.0,"max_hp_loss":0.0,"gold_gain":0.0,"event_name":"Living Wall","player_choice":"Forget","floor":12.0,"gold_loss":0.0,"damage_taken":0.0},{"cards_removed":["Defend_R"],"damage_healed":0.0,"max_hp_gain":0.0,"max_hp_loss":0.0,"gold_gain":0.0,"event_name":"Beggar","player_choice":"Gave Gold","floor":19.0,"gold_loss":75.0,"damage_taken":0.0},{"damage_healed":0.0,"max_hp_gain":0.0,"max_hp_loss":0.0,"gold_gain":0.0,"event_name":"Colosseum","player_choice":"Fight","floor":28.0,"gold_loss":0.0,"damage_taken":0.0},{"damage_healed":0.0,"max_hp_gain":0.0,"max_hp_loss":0.0,"gold_gain":0.0,"event_name":"Colosseum","player_choice":"Fled From Nobs","floor":28.0,"gold_loss":0.0,"damage_taken":0.0},{"damage_healed":0.0,"max_hp_gain":0.0,"max_hp_loss":0.0,"gold_gain":0.0,"event_name":"Drug Dealer","player_choice":"Inject Mutagens","floor":29.0,"gold_loss":0.0,"damage_taken":0.0,"relics_obtained":["MutagenicStrength"]}],"is_beta":false,"boss_relics":[{"not_picked":["Tiny House","Fusion Hammer"],"picked":"Black Star"}],"items_purged_floors":[2,21],"is_endless":false,"potions_floor_spawned":[1,7,8,13,14,16,18,20,22,24,27,28,30],"ascension_level":0}}