{"host":"ew66i0vuc7r9fnl7","time":1611506095,"event":{"mods":["Arknights The Spire","BaseMod","DeckTracker","Minty Spire (QoL Compilation)","StSLib"],"gold_per_floor":[114,114,64,79,4,4,34,34,109,109,139,154,184,199,199,299,299,314,329,344,344,359,359,389,389,389],"floor_reached":25,"language":"KOR","playtime":942,"items_purged":["True Grit"],"score":241,"play_id":"138d9796-ba83-4f7e-9bee-3fbb9d5fea45","local_time":"20210125013455","daily_mods":["Draft","ControlledChaos","Terminal"],"is_ascension_mode":false,"campfire_choices":[{"data":"Inflame","floor":6,"key":"SMITH"},{"data":"Blood for Blood","floor":8,"key":"SMITH"},{"data":"Shockwave","floor":10,"key":"SMITH"},{"data":"Pommel Strike","floor":15,"key":"SMITH"},{"floor":23,"key":"REST"}],"circlet_count":0,"master_deck":["True Grit","Blood for Blood","Pummel","Inflame+1","Warcry","Shrug It Off","Shrug It Off","Sword Boomerang","Headbutt","Pommel Strike+1","Blood for Blood+1","Shockwave+1","Body Slam","Writhe","Rupture+1"],"relics":["Burning Blood","Frozen Eye","Bottled Flame","Mercury Hourglass","Oddly Smooth Stone","Bag of Marbles","Runic Cube","Boot","Darkstone Periapt"],"acts_visited":["Exordium","TheCity"],"potions_floor_usage":[16],"damage_taken":[{"damage":0,"enemies":"Small Slimes","floor":1,"turns":2},{"damage":2,"enemies":"2 Louse","floor":4,"turns":2},{"damage":14,"enemies":"Lagavulin","floor":7,"turns":5},{"damage":9,"enemies":"3 Sentries","floor":11,"turns":4},{"damage":0,"enemies":"Jaw Worm","floor":12,"turns":2},{"damage":21,"enemies":"Gremlin Nob","floor":13,"turns":4},{"damage":4,"enemies":"Lots of Slimes","floor":14,"turns":3},{"damage":48,"enemies":"The Guardian","floor":16,"turns":8},{"damage":2,"enemies":"3 Byrds","floor":18,"turns":4},{"damage":15,"enemies":"Spheric Guardian","floor":19,"turns":4},{"damage":26,"enemies":"Centurion and Healer","floor":20,"turns":5},{"damage":9,"enemies":"Snake Plant","floor":22,"turns":3},{"damage":43,"enemies":"Book of Stabbing","floor":24,"turns":5},{"damage":9,"enemies":"3 Cultists","floor":25,"turns":3}],"seed_played":"-992185634128019100","potions_obtained":[{"floor":7,"key":"LiquidMemories"},{"floor":16,"key":"Swift Potion"},{"floor":18,"key":"Energy Potion"},{"floor":20,"key":"Explosive Potion"}],"is_trial":false,"path_per_floor":["M","?","?","M","$","R","E","R","T","R","E","M","E","M","R","B",null,"M","M","M","?","M","R","E","M"],"character_chosen":"IRONCLAD","items_purchased":[],"campfire_rested":1,"item_purchase_floors":[],"current_hp_per_floor":[78,77,76,75,74,73,65,65,65,65,62,67,52,54,54,12,62,61,52,32,32,29,46,9,0,0],"gold":389,"neow_bonus":"","is_daily":true,"chose_seed":false,"campfire_upgraded":4,"win_rate":0.0,"timestamp":1611506095,"path_taken":["M","?","?","M","?","R","E","R","T","R","E","M","E","?","R","BOSS","M","?","M","?","M","R","E","M"],"items_purchased_type":[],"build_version":"2020-12-22","purchased_purges":1,"victory":false,"max_hp_per_floor":[78,77,76,75,74,73,72,71,70,69,68,67,66,65,64,63,62,61,60,59,58,57,56,55,55,55],"card_choices":[{"not_picked":["Clash","Sword Boomerang"],"picked":"True Grit","floor":0},{"not_picked":["Anger","Dual Wield"],"picked":"Blood for Blood","floor":0},{"not_picked":["Anger","Clash"],"picked":"Pummel","floor":0},{"not_picked":["Rage","Searing Blow"],"picked":"Inflame","floor":0},{"not_picked":["Uppercut","Iron Wave"],"picked":"Warcry","floor":0},{"not_picked":["Thunderclap","Havoc"],"picked":"Shrug It Off","floor":0},{"not_picked":["Clothesline","Cleave"],"picked":"Shrug It Off","floor":0},{"not_picked":["Thunderclap","Rage"],"picked":"Sword Boomerang","floor":0},{"not_picked":["Anger","Second Wind"],"picked":"True Grit","floor":0},{"not_picked":["Clash","Twin Strike"],"picked":"Cleave","floor":0},{"not_picked":["Flex","Anger"],"picked":"Headbutt","floor":0},{"not_picked":["Anger","Flex"],"picked":"Pommel Strike","floor":0},{"not_picked":["Entrench","Twin Strike"],"picked":"Blood for Blood","floor":0},{"not_picked":["Clothesline","Flex"],"picked":"Shockwave","floor":0},{"not_picked":["Twin Strike","Wild Strike"],"picked":"Body Slam","floor":0},{"not_picked":["Intimidate","True Grit","Headbutt"],"picked":"SKIP","floor":1},{"not_picked":["Blood for Blood","Clash","Carnage"],"picked":"SKIP","floor":4},{"not_picked":["Fire Breathing","Sentinel","Juggernaut"],"picked":"SKIP","floor":7},{"not_picked":["Thunderclap","Warcry","Ghostly Armor"],"picked":"SKIP","floor":11},{"not_picked":["True Grit","Havoc","Thunderclap"],"picked":"SKIP","floor":12},{"not_picked":["Sentinel","Flex","Inflame"],"picked":"SKIP","floor":13},{"not_picked":["Pummel","Clash","Reckless Charge"],"picked":"SKIP","floor":14},{"not_picked":["Feel No Pain","Headbutt","Infernal Blade+1"],"picked":"SKIP","floor":18},{"not_picked":["Clothesline","Perfected Strike+1","Blood for Blood"],"picked":"SKIP","floor":19},{"not_picked":["Heavy Blade","Clothesline+1","Perfected Strike"],"picked":"SKIP","floor":20},{"not_picked":["Shockwave","Havoc"],"picked":"Rupture+1","floor":22},{"not_picked":["Cleave+1","Wild Strike+1","Twin Strike"],"picked":"SKIP","floor":24}],"player_experience":617139,"relics_obtained":[{"floor":7,"key":"Bottled Flame"},{"floor":9,"key":"Mercury Hourglass"},{"floor":11,"key":"Oddly Smooth Stone"},{"floor":13,"key":"Bag of Marbles"},{"floor":24,"key":"Darkstone Periapt"}],"event_choices":[{"damage_healed":0,"gold_gain":0,"player_choice":"Ignored","damage_taken":0,"max_hp_gain":0,"max_hp_loss":0,"event_name":"Liars Game","floor":2,"gold_loss":0},{"cards_removed":["Cleave"],"damage_healed":0,"gold_gain":0,"player_choice":"Card Removal","damage_taken":0,"max_hp_gain":0,"max_hp_loss":0,"event_name":"The Cleric","floor":3,"gold_loss":50},{"damage_healed":0,"gold_gain":0,"player_choice":"Opened","damage_taken":0,"relics_obtained":["Boot"],"max_hp_gain":0,"max_hp_loss":0,"event_name":"The Mausoleum","floor":21,"gold_loss":0,"cards_obtained":["Writhe"]}],"is_beta":false,"boss_relics":[{"not_picked":["Philosopher\u0027s Stone","Tiny House"],"picked":"Runic Cube"}],"items_purged_floors":[5],"is_endless":false,"potions_floor_spawned":[4,7,16,18,20],"killed_by":"3 Cultists","ascension_level":0}}