{"host":"q0qnzbgdx8oqogg9","time":1611528354,"event":{"mods":["BaseMod","Minty Spire (QoL Compilation)","StSLib"],"gold_per_floor":[113,129,129,129,146,146,173,183,183,183,196,74,87,98,98,199,199,186,186,213,213,213],"floor_reached":21,"language":"ENG","playtime":951,"items_purged":["Strike_G"],"score":281,"play_id":"a132c593-3e8f-4273-97ea-f9a43b8669a5","local_time":"20210124174554","is_ascension_mode":true,"campfire_choices":[{"data":"Skewer","floor":6,"key":"SMITH"},{"data":"Wraith Form v2","floor":10,"key":"SMITH"},{"floor":15,"key":"REST"}],"circlet_count":0,"master_deck":["AscendersBane","Strike_G","Strike_G","Strike_G","Defend_G","Defend_G","Defend_G","Defend_G","Defend_G","Survivor","Neutralize","Bouncing Flask+1","Footwork","Skewer+1","Deadly Poison","Wraith Form v2+1","Quick Slash","Leg Sweep","Wraith Form v2","RitualDagger"],"relics":["Ring of the Serpent","Pocketwatch","Regal Pillow","Paper Crane","MealTicket"],"acts_visited":["Exordium","TheCity"],"potions_floor_usage":[7],"damage_taken":[{"damage":1,"enemies":"Jaw Worm","floor":1,"turns":5},{"damage":4,"enemies":"2 Louse","floor":2,"turns":3},{"damage":2,"enemies":"Small Slimes","floor":5,"turns":4},{"damage":10,"enemies":"3 Sentries","floor":7,"turns":7},{"damage":1,"enemies":"2 Fungi Beasts","floor":8,"turns":4},{"damage":6,"enemies":"Lots of Slimes","floor":11,"turns":7},{"damage":2,"enemies":"3 Louse","floor":13,"turns":4},{"damage":3,"enemies":"Exordium Wildlife","floor":14,"turns":4},{"damage":3,"enemies":"Hexaghost","floor":16,"turns":8},{"damage":4,"enemies":"2 Thieves","floor":18,"turns":4},{"damage":30,"enemies":"3 Byrds","floor":21,"turns":5}],"seed_played":"8377660715494983568","potions_obtained":[{"floor":1,"key":"DuplicationPotion"},{"floor":2,"key":"Dexterity Potion"},{"floor":8,"key":"CultistPotion"}],"is_trial":false,"path_per_floor":["M","M","?","?","M","R","E","M","T","R","M","$","M","M","R","B",null,"M","?","T","M"],"character_chosen":"THE_SILENT","items_purchased":["Quick Slash"],"campfire_rested":1,"item_purchase_floors":[12],"current_hp_per_floor":[44,40,33,33,31,31,21,20,20,20,14,14,12,9,45,42,63,59,53,53,23,23],"gold":213,"neow_bonus":"ONE_RARE_RELIC","is_daily":false,"chose_seed":false,"campfire_upgraded":2,"win_rate":0.0,"timestamp":1611528354,"path_taken":["M","M","?","?","M","R","E","M","T","R","M","$","M","M","R","BOSS","M","?","?","M"],"items_purchased_type":["Card"],"build_version":"2020-12-22","purchased_purges":1,"victory":false,"max_hp_per_floor":[70,70,70,70,70,70,70,70,70,70,70,70,70,70,70,70,70,70,70,70,70,70],"card_choices":[{"not_picked":["Heel Hook","Predator"],"picked":"Bouncing Flask","floor":1},{"not_picked":["Blur","Masterful Stab"],"picked":"Footwork","floor":2},{"not_picked":["Bane","Prepared"],"picked":"Skewer","floor":5},{"not_picked":["Prepared","Backflip"],"picked":"Deadly Poison","floor":7},{"not_picked":["Blade Dance","Accuracy"],"picked":"Wraith Form v2","floor":8},{"not_picked":["Prepared","Blur","Footwork"],"picked":"SKIP","floor":11},{"not_picked":["Dagger Throw","Bane","Cloak And Dagger"],"picked":"SKIP","floor":13},{"not_picked":["Endless Agony","Flying Knee"],"picked":"Leg Sweep","floor":14},{"not_picked":["After Image","Die Die Die"],"picked":"Wraith Form v2","floor":16},{"not_picked":["Heel Hook+1","Outmaneuver","Distraction"],"picked":"SKIP","floor":18}],"player_experience":295526,"relics_obtained":[{"floor":7,"key":"Regal Pillow"},{"floor":9,"key":"Paper Crane"},{"floor":20,"key":"MealTicket"}],"event_choices":[{"cards_removed":["Strike_G"],"damage_healed":0,"gold_gain":0,"player_choice":"Card Removal","damage_taken":7,"max_hp_gain":0,"max_hp_loss":0,"event_name":"Golden Wing","floor":3,"gold_loss":0},{"damage_healed":0,"gold_gain":0,"player_choice":"Grow","damage_taken":0,"max_hp_gain":0,"max_hp_loss":0,"event_name":"Living Wall","floor":4,"gold_loss":0,"cards_upgraded":["Bouncing Flask"]},{"damage_healed":0,"gold_gain":0,"player_choice":"Joined the Cult","damage_taken":6,"max_hp_gain":0,"max_hp_loss":0,"event_name":"Nest","floor":19,"gold_loss":0,"cards_obtained":["RitualDagger"]}],"is_beta":false,"boss_relics":[{"not_picked":["Tiny House","Calling Bell"],"picked":"Ring of the Serpent"}],"items_purged_floors":[12],"is_endless":false,"potions_floor_spawned":[1,2,8],"killed_by":"3 Byrds","ascension_level":11}}