{"host":"gzsdmyo07u314vug","time":1611498551,"event":{"mods":["2.2 Compatiblity","Astrologer","BaseMod","Colored Powertips","GifTheSpireLib","Gremlin Mod","Hermit","Jorbs\u0027s Wanderer Trilogy","Minty Spire (QoL Compilation)","Quick Restart","Rare Cards Sparkle","Relic Stats","Replay The Spire","Robot Space Explorer","Shop Mod","StSLib","The Bug Knight","The Construct","The Cursed","The Elementalist","The Hierophant","The IronCluck","The Marked","The Necromancer","The Runesmith","The Servant 0.9.4","Unceasing Turn Reminder","everything is the same but u backflip on backflip","slay the spire mod where everything is the same but ironclad has a cowboy hat","vexMod"],"gold_per_floor":[156,5,41,95,129,129,129,129,129,200,51,51,122,196,196,307,307,354,175,221,221,271,341,341,416,416,416,462,76,76,147,147,282,282,287,90,182,196,267,267,284,284,284,353,396,418,418,463,463,392],"floor_reached":51,"language":"ENG","playtime":3422,"items_purged":["hierophant:Strike_Hierophant","hierophant:Strike_Hierophant","hierophant:Strike_Hierophant","hierophant:Punish"],"score":852,"play_id":"e1a219e5-61bb-4d70-996e-a04b07533d98","local_time":"20210124112911","is_ascension_mode":true,"campfire_choices":[{"data":"HandOfGreed","floor":6.0,"key":"SMITH"},{"data":"hierophant:ChurchCoffers","floor":8.0,"key":"SMITH"},{"data":"hierophant:Chorus","floor":12.0,"key":"SMITH"},{"data":"hierophant:OrnateBuckler","floor":15.0,"key":"SMITH"},{"data":"hierophant:Glossolalia","floor":24.0,"key":"SMITH"},{"data":"hierophant:DeathKnell","floor":30.0,"key":"SMITH"},{"floor":32.0,"key":"REST"},{"data":"hierophant:Levitation","floor":40.0,"key":"SMITH"},{"data":"hierophant:DisplayOfPower","floor":47,"key":"SMITH"},{"data":"hierophant:Sermon","floor":49,"key":"SMITH"}],"circlet_count":0,"master_deck":["hierophant:Defend_Hierophant","hierophant:Defend_Hierophant","hierophant:ChurchCoffers+1","HandOfGreed+1","hierophant:OrnateBuckler","hierophant:Chorus+1","hierophant:OrnateBuckler+1","hierophant:Sermon+1","hierophant:ThreeLashes","hierophant:DeathKnell+1","hierophant:FieryStrike+1","hierophant:ArchangelShield+1","hierophant:Glossolalia+1","hierophant:Levitation+1","hierophant:FlamingChariot","hierophant:AuricBeam+1","hierophant:Glossolalia+1","hierophant:ArchangelShield+1","hierophant:DisplayOfPower+1"],"relics":["hierophant:PropheticMaskRelic","Pocketwatch","vexMod:GhostlyGear","Philosopher\u0027s Stone","Mirror","Mummified Hand","Empty Cage","Gremlin Horn","The Courier"],"acts_visited":["Exordium","TheCity","TheBeyond"],"potions_floor_usage":[50,50],"damage_taken":[{"damage":2.0,"enemies":"2 Louse","floor":1.0,"turns":3.0},{"damage":0.0,"enemies":"Cultist","floor":3.0,"turns":3.0},{"damage":0.0,"enemies":"Small Slimes","floor":4.0,"turns":3.0},{"damage":5.0,"enemies":"Red Slaver","floor":5.0,"turns":3.0},{"damage":0.0,"enemies":"Exordium Thugs","floor":10.0,"turns":3.0},{"damage":0.0,"enemies":"Exordium Wildlife","floor":13.0,"turns":3.0},{"damage":3.0,"enemies":"Exordium Thugs","floor":14.0,"turns":2.0},{"damage":15.0,"enemies":"Fading Forest","floor":16.0,"turns":11.0},{"damage":10.0,"enemies":"2 Thieves","floor":18.0,"turns":3.0},{"damage":0.0,"enemies":"Shell Parasite","floor":20.0,"turns":4.0},{"damage":0.0,"enemies":"Snecko","floor":22.0,"turns":3.0},{"damage":0.0,"enemies":"Sentry and Sphere","floor":23.0,"turns":4.0},{"damage":2.0,"enemies":"Shelled Parasite and Fungi","floor":25.0,"turns":5.0},{"damage":12.0,"enemies":"Snake Plant","floor":28.0,"turns":2.0},{"damage":11.0,"enemies":"Sentry and Sphere","floor":31.0,"turns":5.0},{"damage":0.0,"enemies":"Collector","floor":33.0,"turns":5.0},{"damage":3.0,"enemies":"3 Darklings","floor":35.0,"turns":6.0},{"damage":8.0,"enemies":"3 Shapes","floor":37.0,"turns":4.0},{"damage":10.0,"enemies":"Writhing Mass","floor":38.0,"turns":4.0},{"damage":2.0,"enemies":"Sphere and 2 Shapes","floor":39.0,"turns":6.0},{"damage":0.0,"enemies":"Reptomancer","floor":41.0,"turns":4.0},{"damage":0.0,"enemies":"4 Shapes","floor":44.0,"turns":6.0},{"damage":0.0,"enemies":"Spire Growth","floor":45.0,"turns":4.0},{"damage":0,"enemies":"Writhing Mass","floor":46,"turns":6},{"damage":0,"enemies":"Maw","floor":48,"turns":5},{"damage":22,"enemies":"Donu and Deca","floor":50,"turns":5}],"seed_played":"-6798448642401717670","potions_obtained":[{"floor":1.0,"key":"Adrenaline Potion"},{"floor":4.0,"key":"DistilledChaos"},{"floor":13.0,"key":"Adrenaline Potion"},{"floor":22.0,"key":"Swift Potion"},{"floor":23.0,"key":"Block Potion"},{"floor":28.0,"key":"Swift Potion"},{"floor":33.0,"key":"Swift Potion"},{"floor":37.0,"key":"Weak Potion"},{"floor":38.0,"key":"Strength Potion"},{"floor":41.0,"key":"SteroidPotion"}],"is_trial":false,"path_per_floor":["M","$","M","M","M","R","?","R","T","M","$","R","M","M","R","B",null,"M","$","M","?","M","M","R","M","T","?","M","$","R","M","R","B",null,"M","$","M","M","M","R","E","?","T","M","M","M","R","M","R","B",null],"character_chosen":"HIEROPHANT","items_purchased":["hierophant:Chorus","vexMod:GhostlyGear","hierophant:ArchangelShield","Mummified Hand","hierophant:AuricBeam"],"campfire_rested":1,"item_purchase_floors":[2,11,19,29,36],"current_hp_per_floor":[66,66,66,66,61,61,61,61,61,61,61,61,61,58,58,53,68,58,58,58,52,52,52,52,50,50,50,38,38,38,27,47,47,68,65,65,57,47,45,45,45,45,45,45,45,45,45,45,45,23],"gold":392,"neow_bonus":"RANDOM_COLORLESS_2","is_daily":false,"chose_seed":false,"campfire_upgraded":9,"win_rate":0.0,"timestamp":1611498551,"path_taken":["M","$","M","M","M","R","?","R","T","M","$","R","M","?","R","BOSS","M","$","M","?","M","M","R","?","T","?","M","$","R","M","R","BOSS","M","$","M","M","?","R","E","?","T","?","M","M","R","M","R","BOSS"],"items_purchased_type":["Card","Relic","Card","Relic","Card"],"build_version":"2020-12-22","purchased_purges":4,"victory":true,"max_hp_per_floor":[68,68,68,68,68,68,68,68,68,68,68,68,68,68,68,68,68,68,68,68,68,68,68,68,68,68,68,68,68,68,68,68,68,68,68,68,68,68,68,68,68,68,68,68,68,68,68,68,68,68],"relic_stats":{"Gremlin Horn":[4,4],"counters":[26,112],"Mummified Hand":[69],"obtain_stats":[{"vexMod:GhostlyGear":11,"Gremlin Horn":41,"Mummified Hand":29,"hierophant:PropheticMaskRelic":0,"Philosopher\u0027s Stone":17,"The Courier":43,"Mirror":26,"Empty Cage":34,"Pocketwatch":9},{"vexMod:GhostlyGear":5,"Gremlin Horn":21,"Mummified Hand":14,"hierophant:PropheticMaskRelic":0,"Philosopher\u0027s Stone":8,"The Courier":21,"Mirror":13,"Empty Cage":16,"Pocketwatch":4},{"vexMod:GhostlyGear":15,"Gremlin Horn":86,"Mummified Hand":52,"hierophant:PropheticMaskRelic":0,"Philosopher\u0027s Stone":31,"The Courier":86,"Mirror":50,"Empty Cage":62,"Pocketwatch":12}],"Pocketwatch":[104]},"card_choices":[{"not_picked":["Metamorphosis","Chrysalis"],"picked":"HandOfGreed","floor":0.0},{"not_picked":["hierophant:HolyVerse","hierophant:PassingBell"],"picked":"hierophant:OrnateBuckler","floor":1.0},{"not_picked":["hierophant:PristineSoul","hierophant:Shelter","hierophant:Remorse"],"picked":"SKIP","floor":3.0},{"not_picked":["hierophant:Encroach","hierophant:PassingBell"],"picked":"hierophant:OrnateBuckler","floor":4.0},{"not_picked":["hierophant:Generosity","hierophant:AuricBeam"],"picked":"hierophant:Sermon","floor":5.0},{"not_picked":["hierophant:CursedGold","hierophant:OrnateJavelin","hierophant:MintersHammer"],"picked":"SKIP","floor":10.0},{"not_picked":["hierophant:Martyrdom","hierophant:OrnateBuckler"],"picked":"hierophant:ThreeLashes","floor":13.0},{"not_picked":["hierophant:Encroach","hierophant:RepressedViolence","hierophant:Sermon"],"picked":"SKIP","floor":14.0},{"not_picked":["hierophant:Levitation","hierophant:Cornucopia"],"picked":"hierophant:DeathKnell","floor":16.0},{"not_picked":["hierophant:Sermon","hierophant:Bribe"],"picked":"hierophant:FieryStrike+1","floor":18.0},{"not_picked":["hierophant:Upheaval","hierophant:HolyVerse","hierophant:Refuge"],"picked":"SKIP","floor":20.0},{"not_picked":["hierophant:Refuge+1","hierophant:EyeForCoin"],"picked":"hierophant:Glossolalia","floor":22.0},{"not_picked":["hierophant:SealAway","hierophant:PassingBell","hierophant:Empathy+1"],"picked":"SKIP","floor":23.0},{"not_picked":["hierophant:OrnateBuckler+1","hierophant:Patience+1","hierophant:DivineIntervention"],"picked":"SKIP","floor":25.0},{"not_picked":["hierophant:MorningPrayer","hierophant:RustyCrate+1","hierophant:Smite"],"picked":"SKIP","floor":28.0},{"not_picked":["hierophant:HolyVerse","hierophant:Empathy+1","hierophant:Purify+1"],"picked":"SKIP","floor":31.0},{"not_picked":["hierophant:MintersHammer","hierophant:BulkyChest"],"picked":"hierophant:Levitation","floor":33.0},{"not_picked":["hierophant:Zeal+1","hierophant:Remorse"],"picked":"hierophant:FlamingChariot","floor":35.0},{"not_picked":["hierophant:FieryStrike+1","hierophant:Embezzle+1","hierophant:Patience"],"picked":"SKIP","floor":37.0},{"not_picked":["hierophant:Encroach+1","hierophant:Remorse","hierophant:RepressedViolence+1"],"picked":"SKIP","floor":38.0},{"not_picked":["hierophant:DisplayOfPower","hierophant:FieryStrike+1"],"picked":"hierophant:Glossolalia+1","floor":39.0},{"not_picked":["hierophant:Levitation","hierophant:Patience+1"],"picked":"hierophant:ArchangelShield+1","floor":41.0},{"not_picked":["hierophant:DisplayOfPower","hierophant:Remorse","hierophant:RepressedViolence"],"picked":"SKIP","floor":44.0},{"not_picked":["hierophant:Remorse","hierophant:RepressedViolence"],"picked":"hierophant:DisplayOfPower","floor":44.0},{"not_picked":["hierophant:Remorse+1","hierophant:SealAway+1","hierophant:SecretStash"],"picked":"SKIP","floor":45.0},{"not_picked":["hierophant:Doubloon+1","hierophant:HammerAndAnvil","hierophant:AuricShield+1"],"picked":"SKIP","floor":46},{"not_picked":["hierophant:Generosity","hierophant:ThreeLashes","hierophant:FieryStrike"],"picked":"SKIP","floor":48}],"player_experience":766560,"relics_obtained":[{"floor":9.0,"key":"Pocketwatch"},{"floor":26.0,"key":"Mirror"},{"floor":41.0,"key":"Gremlin Horn"},{"floor":43.0,"key":"The Courier"}],"event_choices":[{"cards_removed":["hierophant:Defend_Hierophant"],"damage_healed":0.0,"max_hp_gain":0.0,"max_hp_loss":0.0,"gold_gain":0.0,"event_name":"Bonfire Elementals","player_choice":"Offered Basic","floor":7.0,"gold_loss":0.0,"damage_taken":0.0},{"damage_healed":0.0,"max_hp_gain":0.0,"max_hp_loss":0.0,"gold_gain":0.0,"event_name":"Knowing Skull","player_choice":"","floor":21.0,"potions_obtained":[],"gold_loss":0.0,"damage_taken":6.0,"cards_obtained":[]},{"damage_healed":0.0,"max_hp_gain":0.0,"max_hp_loss":0.0,"gold_gain":0.0,"event_name":"Upgrade Shrine","player_choice":"Upgraded","floor":27.0,"gold_loss":0.0,"damage_taken":0.0,"cards_upgraded":["hierophant:ArchangelShield"]},{"damage_healed":0.0,"max_hp_gain":0.0,"max_hp_loss":0.0,"gold_gain":0.0,"event_name":"Accursed Blacksmith","player_choice":"Forge","floor":42.0,"gold_loss":0.0,"damage_taken":0.0,"cards_upgraded":["hierophant:AuricBeam"]}],"is_beta":false,"boss_relics":[{"not_picked":["construct:WeddingRing","Replay:Grab Bag"],"picked":"Philosopher\u0027s Stone"},{"not_picked":["SacredBark","Calling Bell"],"picked":"Empty Cage"}],"items_purged_floors":[2,19,29,36],"is_endless":false,"potions_floor_spawned":[1,4,13,22,23,28,33,37,38,41,46],"ascension_level":2}}