{"host":"d61fcf2p3sjwe6yo","time":1611524736,"event":{"mods":["AchievementEnabler","BaseMod","Colored Map","Downfall","Minty Spire (QoL Compilation)","StSLib","SuperFastMode"],"gold_per_floor":[99,110,110,110,129,149,149,159,59,90,90,104,132,144,156,253,253,153,167,185,285,385,415,441,466,466,466,478,578,327,352,372,477,477,477,497,543,561,571,590,617,517,517,543,543,230,230,230,250,250,250,281,130,130,130,130],"floor_reached":57,"language":"ENG","playtime":4222,"items_purged":[],"score":2071,"play_id":"1c8b755c-aca3-46fb-bdd7-3e138cc83edd","local_time":"20210125004536","is_ascension_mode":true,"campfire_choices":[{"floor":1.0,"key":"RECALL"},{"data":"sneckomod:SerpentMind","floor":18,"key":"SMITH"},{"floor":27,"key":"REST"},{"floor":42,"key":"REST"},{"floor":43,"key":"REST"}],"circlet_count":0,"master_deck":["AscendersBane","sneckomod:Defend","sneckomod:Defend","sneckomod:Defend","sneckomod:TailWhip","sneckomod:SnekBite","sneckomod:Unknown","sneckomod:UnknownRareAttack+1","sneckomod:UnknownCommonAttack","sneckomod:UnknownExhaust","Meteor Strike","sneckomod:CheapStock","Terror","sneckomod:Unknown1Cost","sneckomod:MasterEye","sneckomod:UnknownClassTHE_BRONZE_AUTOMATON","sneckomod:SerpentMind+1","sneckomod:QuickBite","sneckomod:UnknownWeak","sneckomod:UnknownUncommonPower","sneckomod:UnknownBlock","sneckomod:QuickMove","sneckomod:UnknownDraw+1","sneckomod:UnknownUncommonSkill","sneckomod:QuickMove","sneckomod:QuickMove","sneckomod:UnknownBlock","sneckomod:UnknownUncommonPower","sneckomod:UnknownUncommonAttack","expansioncontent:StudyTheSpire","sneckomod:Unknown2Cost","sneckomod:Unknown1Cost+1","sneckomod:UnknownRarePower","bronze:Shell","sneckomod:UnknownCommonSkill","sneckomod:UnknownCommonAttack+1","sneckomod:QuickBite","sneckomod:UnknownCommonSkill+1","expansioncontent:LastStand+1","Adrenaline","sneckomod:Unknown2Cost+1","sneckomod:SerpentMind+1","bronze:MaxOutput+1"],"relics":["sneckomod:SneckoSoul","Mummified Hand","downfall:HeartBlessingRed","Bag of Preparation","Dream Catcher","SlaversCollar","downfall:HeartBlessingGreen","MutagenicStrength","WingedGreaves","Bottled Lightning","Pocketwatch","PreservedInsect","Gambling Chip","hexamod:BolsterEngine","Red Mask","Philosopher\u0027s Stone","Calipers","downfall:HeartBlessingBlue","Frozen Egg 2","champ:DuelingGlove","White Beast Statue"],"acts_visited":["Exordium","TheCity","TheBeyond","TheEnding"],"potions_floor_usage":[13,16,21,23,23,56],"damage_taken":[{"damage":10.0,"enemies":"2 Louse","floor":2.0,"turns":3.0},{"damage":1.0,"enemies":"Cultist","floor":5.0,"turns":3.0},{"damage":9.0,"enemies":"Jaw Worm","floor":6.0,"turns":2.0},{"damage":1.0,"enemies":"2 Fungi Beasts","floor":8.0,"turns":3.0},{"damage":15.0,"enemies":"Gremlin Nob","floor":10.0,"turns":4.0},{"damage":0.0,"enemies":"Large Slime","floor":12.0,"turns":2.0},{"damage":0,"enemies":"3 Sentries","floor":13,"turns":1},{"damage":4,"enemies":"Red Slaver","floor":14,"turns":2},{"damage":0,"enemies":"Exordium Wildlife","floor":15,"turns":2},{"damage":34,"enemies":"DF_ARCHETYPE_STREAMLINE","floor":16,"turns":8},{"damage":12,"enemies":"3 Byrds","floor":19,"turns":4},{"damage":12,"enemies":"Chosen","floor":20,"turns":4},{"damage":15,"enemies":"downfall:Augmenter","floor":21,"turns":4},{"damage":14,"enemies":"WA_ARCHETYPE_RETAIN","floor":22,"turns":6},{"damage":12,"enemies":"Gremlin Leader","floor":23,"turns":4},{"damage":10,"enemies":"Book of Stabbing","floor":25,"turns":3},{"damage":3,"enemies":"3 Cultists","floor":28,"turns":4},{"damage":0,"enemies":"downfall:FleeingMerchant","floor":30,"turns":4},{"damage":13,"enemies":"Masked Bandits","floor":31,"turns":4},{"damage":0,"enemies":"Shelled Parasite and Fungi","floor":32,"turns":5},{"damage":0,"enemies":"IC_MUSHROOM_ARCHETYPE","floor":33,"turns":5},{"damage":0,"enemies":"Orb Walker","floor":36,"turns":2},{"damage":28,"enemies":"2 Orb Walkers","floor":37,"turns":5},{"damage":7,"enemies":"3 Darklings","floor":38,"turns":4},{"damage":16,"enemies":"Maw","floor":39,"turns":7},{"damage":0,"enemies":"Sphere and 2 Shapes","floor":40,"turns":2},{"damage":0,"enemies":"Giant Head","floor":44,"turns":4},{"damage":0,"enemies":"Transient","floor":49,"turns":5},{"damage":0,"enemies":"WA_ARCHETYPE_DIVINITY","floor":50,"turns":4},{"damage":0,"enemies":"downfall:CharBossMerchant","floor":52,"turns":5},{"damage":26,"enemies":"downfall:NeowBoss","floor":55,"turns":9},{"damage":37,"enemies":"downfall:NeowBossFinal","floor":56,"turns":4}],"seed_played":"2692339012553581549","potions_obtained":[{"floor":5.0,"key":"ColorlessPotion"},{"floor":12.0,"key":"DuplicationPotion"},{"floor":13,"key":"sneckomod:MuddlingPotion"},{"floor":14,"key":"Explosive Potion"},{"floor":16,"key":"BlessingOfTheForge"},{"floor":22,"key":"Explosive Potion"},{"floor":31,"key":"Fire Potion"},{"floor":44,"key":"CultistPotion"}],"is_trial":false,"path_per_floor":["R","M","?","?","M","M","T","M","R","E","R","M","E","M","M","B",null,"R","M","M","?","?","E","T","E","?","R","M","?","$","?","M","B",null,"R","M","?","M","M","M","T","R","R","E","?","$","R","?","M","B",null,"E","$","R","B","B",null],"character_chosen":"THE_SNECKO","items_purchased":["hexamod:BolsterEngine","sneckomod:UnknownUncommonPower","sneckomod:UnknownUncommonAttack","FairyPotion","expansioncontent:StudyTheSpire","champ:DuelingGlove","sneckomod:SerpentMind+1"],"campfire_rested":3,"item_purchase_floors":[30,30,30,30,30,46,53],"current_hp_per_floor":[81,71,76,76,75,66,66,65,65,50,50,50,50,46,46,12,68,68,56,44,29,15,3,3,18,18,43,47,47,47,34,34,34,73,73,73,45,38,22,22,22,60,88,88,88,88,88,88,88,88,94,94,94,94,68,31],"gold":130,"neow_bonus":"THREE_RARE_CARDS","is_daily":false,"chose_seed":false,"campfire_upgraded":1,"win_rate":0.0,"timestamp":1611524736,"path_taken":["R","M","?","?","?","M","T","M","R","E","R","M","E","M","M","BOSS","R","M","M","?","?","E","T","E","?","R","?","?","$","?","M","BOSS","R","M","?","M","M","M","T","R","R","E","?","$","R","?","M","BOSS","E","$","R","BOSS","BOSS"],"items_purchased_type":["Relic","Card","Card","Potion","Card","Relic","Card"],"build_version":"2020-12-22","purchased_purges":0,"victory":true,"max_hp_per_floor":[81,81,86,86,86,86,86,86,86,86,86,86,86,86,86,86,86,86,86,86,86,86,86,86,86,86,86,86,86,86,86,86,86,86,86,86,86,86,86,86,86,96,96,96,96,96,96,96,96,96,96,96,96,96,96,96],"card_choices":[{"not_picked":["sneckomod:Transmogrify","sneckomod:UnknownBoss"],"picked":"sneckomod:UnknownRareAttack","floor":0.0},{"not_picked":["sneckomod:DiceCrush","sneckomod:SnekBeam"],"picked":"sneckomod:UnknownCommonAttack","floor":2.0},{"not_picked":["sneckomod:ImprovisedAttack","sneckomod:UnknownStrike"],"picked":"sneckomod:UnknownVulnerable","floor":5.0},{"not_picked":["sneckomod:QuickBite","sneckomod:DiceCrush"],"picked":"sneckomod:UnknownExhaust","floor":6.0},{"not_picked":["sneckomod:TrashToTreasure","sneckomod:UnknownCommonAttack"],"picked":"sneckomod:UnknownStrike","floor":8.0},{"not_picked":["sneckomod:SoulExchange","sneckomod:DiceBoulder"],"picked":"sneckomod:CheapStock","floor":10.0},{"not_picked":["sneckomod:DiceCrush","sneckomod:DefensiveFlair","sneckomod:RainOfDice"],"picked":"SKIP","floor":12.0},{"not_picked":["sneckomod:UnknownStrike","sneckomod:SlitherStrike"],"picked":"sneckomod:Unknown1Cost","floor":13},{"not_picked":["sneckomod:UnknownStrike","sneckomod:UnknownBlock"],"picked":"sneckomod:MasterEye","floor":14},{"not_picked":["sneckomod:UnknownCommonAttack","sneckomod:MixItUp"],"picked":"sneckomod:UnknownClassTHE_BRONZE_AUTOMATON","floor":15},{"not_picked":["sneckomod:Unknown3Cost","sneckomod:SoulExchange"],"picked":"sneckomod:SerpentMind","floor":16},{"not_picked":["sneckomod:MixItUp","sneckomod:UnknownStrength"],"picked":"sneckomod:QuickBite","floor":19},{"not_picked":["sneckomod:WideSting","sneckomod:Nope"],"picked":"sneckomod:UnknownWeak","floor":20},{"not_picked":["sneckomod:UnknownUncommonPower","sneckomod:MasterEye"],"picked":"sneckomod:QuickMove","floor":21},{"not_picked":["sneckomod:DiceBlock","sneckomod:Unknown1Cost"],"picked":"sneckomod:UnknownDraw+1","floor":22},{"not_picked":["sneckomod:UnknownVulnerable+1","sneckomod:Nope+1","sneckomod:SoulDraw"],"picked":"SKIP","floor":23},{"not_picked":["sneckomod:UnknownExhaust","sneckomod:UnknownVulnerable"],"picked":"sneckomod:UnknownUncommonSkill","floor":25},{"not_picked":["sneckomod:WideSting","sneckomod:SoulRoll"],"picked":"sneckomod:QuickMove","floor":27},{"not_picked":["sneckomod:UnknownBoss","sneckomod:Nope+1"],"picked":"sneckomod:QuickMove","floor":28},{"not_picked":["sneckomod:UnknownStrength","sneckomod:DiceCrush"],"picked":"sneckomod:UnknownBlock","floor":30},{"not_picked":["sneckomod:Unknown1Cost","sneckomod:DiceCrush"],"picked":"sneckomod:Unknown2Cost","floor":31},{"not_picked":["sneckomod:ImprovisedAttack+1","sneckomod:QuickBite"],"picked":"sneckomod:Unknown1Cost+1","floor":32},{"not_picked":["sneckomod:MorePower","sneckomod:Mudshield"],"picked":"sneckomod:UnknownRarePower","floor":33},{"not_picked":["sneckomod:PureSnecko+1","sneckomod:DiceBlock"],"picked":"sneckomod:UnknownCommonSkill","floor":36},{"not_picked":["sneckomod:ImprovisedGuard","sneckomod:DiceCrush"],"picked":"sneckomod:UnknownCommonAttack+1","floor":37},{"not_picked":["sneckomod:SoulRoll","sneckomod:CheapStock","sneckomod:UnknownX"],"picked":"SKIP","floor":38},{"not_picked":["sneckomod:TrashToTreasure+1","sneckomod:SoulRoll"],"picked":"sneckomod:QuickBite","floor":39},{"not_picked":["sneckomod:MixItUp","sneckomod:SoulRoll","sneckomod:Unknown1Cost"],"picked":"SKIP","floor":40},{"not_picked":["sneckomod:SlitherStrike","sneckomod:Transmogrify"],"picked":"sneckomod:UnknownDraw","floor":42},{"not_picked":["sneckomod:DiceBlock","sneckomod:DiceCrush+1"],"picked":"sneckomod:UnknownCommonSkill+1","floor":44},{"not_picked":["expansioncontent:PolyBeam","expansioncontent:GuardianWhirl"],"picked":"expansioncontent:LastStand+1","floor":45},{"not_picked":["sneckomod:UnknownStrike","sneckomod:SoulDraw"],"picked":"sneckomod:Unknown2Cost+1","floor":49},{"not_picked":["sneckomod:Unknown3Cost","sneckomod:UnknownCommonSkill"],"picked":"sneckomod:UnknownDraw+1","floor":52}],"player_experience":696774,"relics_obtained":[{"floor":7.0,"key":"Mummified Hand"},{"floor":10.0,"key":"Bag of Preparation"},{"floor":13,"key":"Dream Catcher"},{"floor":21,"key":"MutagenicStrength"},{"floor":22,"key":"WingedGreaves"},{"floor":22,"key":"Bottled Lightning"},{"floor":23,"key":"Pocketwatch"},{"floor":24,"key":"PreservedInsect"},{"floor":25,"key":"Gambling Chip"},{"floor":31,"key":"Red Mask"},{"floor":37,"key":"Calipers"},{"floor":44,"key":"Frozen Egg 2"},{"floor":52,"key":"White Beast Statue"}],"event_choices":[{"damage_healed":0.0,"max_hp_gain":5.0,"max_hp_loss":0.0,"gold_gain":0.0,"event_name":"Big Fish","player_choice":"Donut","floor":3.0,"gold_loss":0.0,"damage_taken":0.0},{"cards_removed":["sneckomod:Strike"],"damage_healed":0.0,"max_hp_gain":0.0,"max_hp_loss":0.0,"gold_gain":0.0,"event_name":"Bonfire Elementals","player_choice":"Offered Basic","floor":4.0,"gold_loss":0.0,"damage_taken":0.0},{"damage_healed":0,"gold_gain":0,"player_choice":"Fought Bandits","damage_taken":0,"max_hp_gain":0,"max_hp_loss":0,"event_name":"Masked Bandits","floor":31,"gold_loss":0},{"damage_healed":0,"gold_gain":0,"player_choice":"Fight","damage_taken":0,"max_hp_gain":0,"max_hp_loss":0,"event_name":"Mysterious Sphere","floor":37,"gold_loss":0}],"is_beta":false,"boss_relics":[{"not_picked":["Black Star","Coffee Dripper"],"picked":"SlaversCollar"},{"not_picked":["Calling Bell","Velvet Choker"],"picked":"Philosopher\u0027s Stone"}],"items_purged_floors":[],"is_endless":false,"potions_floor_spawned":[5,12,13,14,15,16,20,22,31,32,33,36,39,40,44,52],"ascension_level":12}}