{"host":"ifd7sfhtlbe34qll","time":1611459663,"event":{"mods":["2.2 Compatiblity","Act Like it!","BaseMod","Beaked The Cultist","Block Reminder","Colored Map","Curses Come First","Downfall","Highlight Path","Minty Spire (QoL Compilation)","Potion Indicator Mod","Quick Restart","Random Character Button","Relic Stats","StSLib","Wide Potions"],"gold_per_floor":[109,120,132,132,31,31,61,61,61,80,93,22,50,50,50,145,145,161,161,161,12,12,32,32,64,64,64,78,111,111,124,124,223,223,234,254,274,274,293,326,326,208,231,243,243,243],"floor_reached":45,"language":"ENG","playtime":2893,"items_purged":[],"score":543,"play_id":"783bd7f6-5311-4d82-9992-fb34d463df62","local_time":"20210123214103","is_ascension_mode":false,"campfire_choices":[{"data":"beaked:Windmill","floor":6.0,"key":"SMITH"},{"data":"beaked:Pecker","floor":8.0,"key":"SMITH"},{"data":"beaked:DarkPact","floor":15.0,"key":"SMITH"},{"data":"J.A.X.","floor":27.0,"key":"SMITH"},{"data":"beaked:MachineEssence","floor":30.0,"key":"SMITH"},{"data":"beaked:TuckingFeathers","floor":32.0,"key":"SMITH"},{"data":"beaked:KnowThyFoe","floor":41,"key":"SMITH"}],"circlet_count":0,"master_deck":["beaked:Defend_Y+1","beaked:Ceremony","beaked:Ceremony+1","beaked:Ceremony","beaked:Flinch","beaked:DesperateSwing+1","beaked:Flinch","beaked:Windmill+1","beaked:Pecker+1","beaked:Molting","beaked:Insight","beaked:DarkPact+1","beaked:WildInstinct+1","beaked:FakeOut+1","beaked:SacrificialDive+1","Bite+1","Bite+1","Bite+1","Bite+1","beaked:DigDeep+1","J.A.X.+1","beaked:MaddeningMurmurs+1","beaked:SacrificialDive+1","beaked:MachineEssence+1","beaked:TuckingFeathers+1","beaked:KnowThyFoe+1","beaked:WarriorEssence+1","beaked:Pecker+1","The Bomb+1","beaked:TuckingFeathers+1","beaked:CursingBlood","beaked:StickSmack+1","beaked:BraceForImpact+1","beaked:CrazyRituals","beaked:VigorBurst","downfall:Malfunctioning","beaked:CursingBlood"],"relics":["beaked:MendingPlumage","Singing Bowl","Nunchaku","Molten Egg 2","Omamori","Cursed Key","Lizard Tail","Juzu Bracelet","champ:Barbells","Potion Belt","StoneCalendar","Astrolabe","Vajra"],"acts_visited":["Exordium","TheCity","TheBeyond"],"potions_floor_usage":[35,36,40,45,45,45],"damage_taken":[{"damage":1.0,"enemies":"2 Louse","floor":1.0,"turns":3.0},{"damage":6.0,"enemies":"Cultist","floor":2.0,"turns":4.0},{"damage":3.0,"enemies":"Small Slimes","floor":3.0,"turns":4.0},{"damage":14.0,"enemies":"Gremlin Nob","floor":7.0,"turns":4.0},{"damage":16.0,"enemies":"Blue Slaver","floor":10.0,"turns":5.0},{"damage":12.0,"enemies":"Looter","floor":11.0,"turns":4.0},{"damage":26.0,"enemies":"3 Sentries","floor":13.0,"turns":8.0},{"damage":33.0,"enemies":"Slime Boss","floor":16.0,"turns":8.0},{"damage":30.0,"enemies":"Spheric Guardian","floor":18.0,"turns":7.0},{"damage":6.0,"enemies":"Shell Parasite","floor":23.0,"turns":5.0},{"damage":48.0,"enemies":"Gremlin Leader","floor":25.0,"turns":7.0},{"damage":19.0,"enemies":"Shelled Parasite and Fungi","floor":28.0,"turns":6.0},{"damage":51.0,"enemies":"Slavers","floor":29.0,"turns":5.0},{"damage":61.0,"enemies":"Sentry and Sphere","floor":31.0,"turns":8.0},{"damage":54.0,"enemies":"Champ","floor":33.0,"turns":12.0},{"damage":30,"enemies":"Orb Walker","floor":35,"turns":4},{"damage":66,"enemies":"3 Darklings","floor":36,"turns":7},{"damage":36,"enemies":"Sphere and 2 Shapes","floor":37,"turns":5},{"damage":36,"enemies":"4 Shapes","floor":39,"turns":4},{"damage":51,"enemies":"Nemesis","floor":40,"turns":7},{"damage":57,"enemies":"Jaw Worm Horde","floor":44,"turns":7},{"damage":100026,"enemies":"Giant Head","floor":45,"turns":6}],"seed_played":"7608564004430075427","potions_obtained":[{"floor":2.0,"key":"EntropicBrew"},{"floor":7.0,"key":"Regen Potion"},{"floor":23.0,"key":"beaked:MendingBrew"},{"floor":25.0,"key":"Energy Potion"},{"floor":28.0,"key":"AttackPotion"},{"floor":29.0,"key":"AttackPotion"},{"floor":33.0,"key":"Energy Potion"},{"floor":36,"key":"LiquidMemories"},{"floor":40,"key":"Weak Potion"}],"is_trial":false,"path_per_floor":["M","M","M","?","$","R","E","R","T","M","M","$","E","?","R","B",null,"M","?","?","$","?","M","?","E","T","R","M","E","R","M","R","B",null,"M","M","M","?","M","E","R","$","T","M","E"],"character_chosen":"BEAKED_THE_CULTIST","items_purchased":["beaked:Windmill","beaked:MendingBrew","beaked:DarkPact","champ:Barbells","PowerPotion","beaked:VigorBurst"],"campfire_rested":0,"item_purchase_floors":[5,5,12,21,42,42],"current_hp_per_floor":[55,55,55,55,55,55,47,47,47,44,42,42,51,39,39,23,55,37,37,37,37,37,38,38,35,35,35,38,38,38,30,30,38,38,20,29,37,37,26,26,26,31,31,34,0,0],"gold":243,"neow_bonus":"TEN_PERCENT_HP_BONUS","is_daily":false,"chose_seed":false,"campfire_upgraded":7,"win_rate":0.0,"timestamp":1611459663,"path_taken":["M","M","M","?","$","R","E","R","T","M","M","?","E","?","R","BOSS","M","?","?","$","?","M","?","E","T","R","M","E","R","M","R","BOSS","M","M","M","?","M","E","R","$","T","M","E"],"items_purchased_type":["Card","Potion","Card","Relic","Potion","Card"],"build_version":"2020-12-22","purchased_purges":0,"victory":false,"max_hp_per_floor":[55,55,55,55,55,55,55,55,55,55,55,55,55,55,55,55,55,55,55,55,55,38,38,38,38,38,38,38,38,38,38,38,38,38,38,38,38,38,38,38,38,43,43,43,43,43],"relic_stats":{"Nunchaku":[17],"Lizard Tail":19,"Singing Bowl":0,"counters":[22,129],"Astrolabe":["beaked:WarriorEssence","beaked:Pecker","The Bomb"],"StoneCalendar":[108],"Juzu Bracelet":0,"Cursed Key":1,"obtain_stats":[{"Potion Belt":25,"champ:Barbells":21,"Singing Bowl":7,"Astrolabe":34,"Vajra":40,"StoneCalendar":29,"Omamori":14,"Juzu Bracelet":20,"Cursed Key":17,"Nunchaku":9,"Lizard Tail":19,"Molten Egg 2":13,"beaked:MendingPlumage":0},{"Potion Belt":11,"champ:Barbells":9,"Singing Bowl":4,"Astrolabe":15,"Vajra":20,"StoneCalendar":13,"Omamori":7,"Juzu Bracelet":9,"Cursed Key":8,"Nunchaku":4,"Lizard Tail":9,"Molten Egg 2":7,"beaked:MendingPlumage":0},{"Potion Belt":59,"champ:Barbells":47,"Singing Bowl":15,"Astrolabe":90,"Vajra":117,"StoneCalendar":70,"Omamori":32,"Juzu Bracelet":47,"Cursed Key":40,"Nunchaku":15,"Lizard Tail":47,"Molten Egg 2":32,"beaked:MendingPlumage":0}]},"card_choices":[{"not_picked":["beaked:Tradeoff","beaked:Evade"],"picked":"beaked:Flinch","floor":1.0},{"not_picked":["beaked:Brace","beaked:Roost"],"picked":"beaked:DesperateSwing","floor":2.0},{"not_picked":["beaked:Mantra","beaked:Roost"],"picked":"beaked:Flinch","floor":3.0},{"not_picked":["beaked:MimicHuntress","beaked:Replenish"],"picked":"beaked:Pecker","floor":7.0},{"not_picked":["beaked:SacrificialAttack","beaked:Foresight"],"picked":"beaked:Molting","floor":10.0},{"not_picked":["beaked:FeelMyPain","beaked:BounceBack"],"picked":"beaked:Insight","floor":11.0},{"not_picked":["beaked:CheekyTricks","beaked:BounceBack"],"picked":"beaked:WildInstinct+1","floor":13.0},{"not_picked":["beaked:DarkTribute","beaked:CheekyTricks"],"picked":"beaked:FakeOut+1","floor":16.0},{"not_picked":["beaked:BraceForImpact","beaked:Flinch+1"],"picked":"beaked:SacrificialDive","floor":18.0},{"not_picked":["beaked:FeelMyPain","beaked:Tweet"],"picked":"beaked:DigDeep+1","floor":23.0},{"not_picked":["beaked:Poke+1","beaked:BraceForImpact"],"picked":"beaked:MaddeningMurmurs+1","floor":25.0},{"not_picked":["beaked:Tradeoff","beaked:Brace"],"picked":"beaked:SacrificialDive+1","floor":28.0},{"not_picked":["beaked:DigDeep","beaked:SurvivalInstinct"],"picked":"beaked:MachineEssence","floor":29.0},{"not_picked":["beaked:DesperateSwing+1","beaked:Daydream"],"picked":"beaked:TuckingFeathers","floor":31.0},{"not_picked":["beaked:Caw+1","beaked:FullHouse"],"picked":"beaked:KnowThyFoe","floor":33.0},{"not_picked":["beaked:Daydream+1","beaked:Insight"],"picked":"beaked:TuckingFeathers+1","floor":35},{"not_picked":["beaked:Redirect","beaked:Negation"],"picked":"beaked:CursingBlood","floor":36},{"not_picked":["beaked:TuckingFeathers+1","beaked:Foresight"],"picked":"beaked:StickSmack+1","floor":37},{"not_picked":["beaked:SurvivalInstinct+1","beaked:Roost+1"],"picked":"beaked:BraceForImpact+1","floor":39},{"not_picked":["beaked:SacrificialDive","beaked:SacrificialAttack+1"],"picked":"beaked:CrazyRituals","floor":40},{"not_picked":["beaked:WarriorEssence+1","beaked:BarbedWire"],"picked":"beaked:CursingBlood","floor":44}],"player_experience":1705345,"relics_obtained":[{"floor":7.0,"key":"Singing Bowl"},{"floor":9.0,"key":"Nunchaku"},{"floor":13.0,"key":"Molten Egg 2"},{"floor":25.0,"key":"Potion Belt"},{"floor":29.0,"key":"StoneCalendar"},{"floor":40,"key":"Vajra"}],"event_choices":[{"cards_removed":["beaked:Defend_Y"],"damage_healed":0.0,"max_hp_gain":0.0,"max_hp_loss":0.0,"gold_gain":0.0,"event_name":"Bonfire Elementals","player_choice":"Offered Basic","floor":4.0,"gold_loss":0.0,"damage_taken":0.0},{"damage_healed":0.0,"max_hp_gain":0.0,"max_hp_loss":0.0,"gold_gain":0.0,"event_name":"Scrap Ooze","player_choice":"Success","floor":14.0,"gold_loss":0.0,"damage_taken":12.0,"relics_obtained":["Omamori"]},{"damage_healed":0.0,"max_hp_gain":0.0,"max_hp_loss":0.0,"gold_gain":0.0,"event_name":"Addict","player_choice":"Stole Relic","floor":19.0,"gold_loss":0.0,"damage_taken":0.0,"relics_obtained":["Lizard Tail"],"cards_obtained":["Shame"]},{"damage_healed":0.0,"max_hp_gain":0.0,"max_hp_loss":0.0,"gold_gain":0.0,"event_name":"The Mausoleum","player_choice":"Opened","floor":20.0,"gold_loss":0.0,"damage_taken":0.0,"relics_obtained":["Juzu Bracelet"],"cards_obtained":["Writhe"]},{"damage_healed":0.0,"max_hp_gain":0.0,"max_hp_loss":17.0,"gold_gain":0.0,"event_name":"Vampires","player_choice":"Became a vampire","floor":22.0,"gold_loss":0.0,"damage_taken":0.0,"cards_obtained":["Bite","Bite","Bite","Bite","Bite"]},{"damage_healed":0.0,"max_hp_gain":0.0,"max_hp_loss":0.0,"gold_gain":0.0,"event_name":"Drug Dealer","player_choice":"Obtain J.A.X.","floor":24.0,"gold_loss":0.0,"damage_taken":0.0,"cards_obtained":["J.A.X."]},{"damage_healed":0,"gold_gain":0,"player_choice":"Ignored","damage_taken":0,"max_hp_gain":0,"max_hp_loss":0,"event_name":"Tomb of Lord Red Mask","floor":38,"gold_loss":0}],"is_beta":false,"boss_relics":[{"not_picked":["Runic Pyramid","beaked:SacrificeDoll"],"picked":"Cursed Key"},{"not_picked":["beaked:BlessedCoat","Pandora\u0027s Box"],"picked":"Astrolabe"}],"items_purged_floors":[],"is_endless":false,"potions_floor_spawned":[2,7,10,23,25,28,29,33,36,40],"killed_by":"Giant Head","ascension_level":0}}