{"host":"snn1c4qsf0fj7fzf","time":1611474910,"event":{"mods":["AchievementEnabler","Aspiration","Astrologer","BaseMod","Colored Powertips","Downfall","Duelist Mod","GifTheSpireLib","Hermit","Hubris","Infinite Spire","Lobotomy","Marisa????????","Minty Spire (QoL Compilation)","Random Character Button","Rare Cards Sparkle","Reimu??????","Replay The Spire","Shop Mod","Spire Arcade","StSLib","The Administrix","The Cursed","The Gatherer","The Hierophant","The Poker Player","The Runesmith"],"gold_per_floor":[118,68,80,80,80,106,106,135,135,201,201,126,155,167,167,270,270,284,298,298,317,66,66,66,66,93,93,53,53,53,88,88,88,88],"floor_reached":33,"language":"ENG","playtime":1345,"items_purged":["Strike_B","Sickly"],"score":277,"play_id":"f5c9e38f-9197-4404-b0a9-6d8bfa67481d","local_time":"20210124155510","is_ascension_mode":false,"campfire_choices":[{"data":"Beam Cell","floor":11,"key":"SMITH"},{"data":"Redo","floor":15,"key":"SMITH"},{"data":"Thunder Strike","floor":23,"key":"SMITH"},{"data":"Tempest","floor":25,"key":"SMITH"},{"floor":27,"key":"RECALL"},{"data":"Defragment","floor":29,"key":"SMITH"},{"data":"Dualcast","floor":32,"key":"SMITH"}],"circlet_count":0,"master_deck":["Strike_B","Strike_B","Defend_B","Defend_B","Defend_B","Defend_B","Zap+1","Dualcast+1","Melter","Streamline","Beam Cell+1","Heatsinks","Ball Lightning","Tempest+1","Redo+1","Steam","Thunder Strike+1","Defragment+1","Aggregate+1","Defragment+1","Panic Button","Runesmith:ArcReactor"],"relics":["Cracked Core","aspiration:Nostalgia","theDuelist:ChallengePuzzle","hubris:Towel","Bag of Marbles","hubris:BallOfYels","ReplayTheSpireMod:Shallot","Oddly Smooth Stone","infinitespire:SolderingIron","aspiration:RunesmithSkillbook","Ring of Hypnosis","ReplayTheSpireMod:Ring of Exchange","Sling","ZunR:ReiMu","Unceasing Top"],"acts_visited":["Exordium","TheCity"],"potions_floor_usage":[13,33,33,33],"damage_taken":[{"damage":0,"enemies":"Small Slimes","floor":1,"turns":3},{"damage":1,"enemies":"Jaw Worm","floor":3,"turns":3},{"damage":10,"enemies":"Replay:BlueRogue","floor":6,"turns":4},{"damage":21,"enemies":"Lagavulin","floor":8,"turns":5},{"damage":3,"enemies":"3 Sentries","floor":13,"turns":7},{"damage":0,"enemies":"2 Louse","floor":14,"turns":2},{"damage":15,"enemies":"Slime Boss","floor":16,"turns":9},{"damage":0,"enemies":"Spheric Guardian","floor":18,"turns":2},{"damage":3,"enemies":"3 Byrds","floor":19,"turns":3},{"damage":4,"enemies":"Snake Plant","floor":21,"turns":3},{"damage":13,"enemies":"theDuelist:KaibaA2","floor":31,"turns":4},{"damage":68,"enemies":"Collector","floor":33,"turns":6}],"seed_played":"-2441247893785957938","potions_obtained":[{"floor":1,"key":"GamblersBrew"},{"floor":10,"key":"ColorlessPotion"},{"floor":14,"key":"Energy Potion"},{"floor":16,"key":"sneckomod:MuddlingPotion"},{"floor":19,"key":"Energy Potion"}],"is_trial":false,"path_per_floor":["M","?","M","?","?","E","?","E","T","?","R","$","E","M","R","B",null,"M","M","?","M","$","R","$","R","T","R","?","R","?","E","R","B"],"character_chosen":"DEFECT","items_purchased":["Sling"],"campfire_rested":0,"item_purchase_floors":[22],"current_hp_per_floor":[75,75,74,74,74,64,64,43,43,25,25,25,22,22,22,7,75,75,72,72,68,68,68,68,68,68,68,68,68,68,55,55,0,0],"gold":88,"neow_bonus":"NOSTALGIA","is_daily":false,"chose_seed":false,"campfire_upgraded":6,"win_rate":0.0,"timestamp":1611474910,"path_taken":["M","?","M","?","?","E","?","E","T","?","R","?","E","?","R","BOSS","M","M","?","M","$","R","$","R","T","R","?","R","?","E","R","BOSS"],"items_purchased_type":["Relic"],"build_version":"2020-12-22","purchased_purges":2,"victory":false,"max_hp_per_floor":[75,75,75,75,75,75,75,75,75,75,75,75,75,75,75,75,75,75,75,75,75,75,75,75,75,75,75,75,75,75,75,75,75,75],"card_choices":[{"not_picked":["BasicCrystalCard","Streamline"],"picked":"Melter","floor":1},{"not_picked":["Rebound","Panic Button"],"picked":"Streamline","floor":3},{"not_picked":["Coolheaded","Rebound"],"picked":"Beam Cell","floor":6},{"not_picked":["Force Field","Undo"],"picked":"Heatsinks","floor":8},{"not_picked":["Auto Shields","Rebound"],"picked":"Ball Lightning","floor":10},{"not_picked":["Beam Cell","Panic Button"],"picked":"Tempest","floor":10},{"not_picked":["BasicCrystalCard","aspiration:Polymerization"],"picked":"Redo","floor":13},{"not_picked":["Biased Cognition","Fusion"],"picked":"Steam","floor":14},{"not_picked":["Creative AI","Amplify"],"picked":"Thunder Strike","floor":16},{"not_picked":["Runesmith:Grindstone","Beam Cell","Runesmith:Accelerate"],"picked":"Defragment","floor":18},{"not_picked":["Runesmith:Malloc","Gash","Runesmith:GrandSlam"],"picked":"Aggregate+1","floor":19},{"not_picked":["Go for the Eyes+1","Steam+1","Runesmith:NanitesCloud"],"picked":"Defragment+1","floor":21},{"not_picked":["Runesmith:CraftVitae+1","Runesmith:CraftSpiculum","Blizzard+1"],"picked":"Runesmith:ArcReactor","floor":31}],"player_experience":286082,"relics_obtained":[{"floor":6,"key":"Bag of Marbles"},{"floor":8,"key":"hubris:BallOfYels"},{"floor":9,"key":"ReplayTheSpireMod:Shallot"},{"floor":10,"key":"Oddly Smooth Stone"},{"floor":13,"key":"infinitespire:SolderingIron"},{"floor":20,"key":"Ring of Hypnosis"},{"floor":20,"key":"ReplayTheSpireMod:Ring of Exchange"},{"floor":31,"key":"Unceasing Top"}],"event_choices":[{"cards_removed":["Strike_B"],"damage_healed":0,"gold_gain":0,"player_choice":"Card Removal","damage_taken":0,"max_hp_gain":0,"max_hp_loss":0,"event_name":"The Cleric","floor":2,"gold_loss":50},{"damage_healed":0,"gold_gain":0,"player_choice":"Keep O-miki","damage_taken":0,"relics_obtained":["ZunR:ReiMu"],"max_hp_gain":0,"max_hp_loss":0,"event_name":"ZunEvent","floor":28,"gold_loss":40},{"damage_healed":0,"gold_gain":0,"player_choice":"Read","damage_taken":0,"max_hp_gain":0,"max_hp_loss":0,"event_name":"The Library","floor":30,"gold_loss":0,"cards_obtained":["Panic Button"]}],"is_beta":false,"boss_relics":[{"not_picked":["Ring of Chaos","bronze:MakeshiftBattery"],"picked":"aspiration:RunesmithSkillbook"}],"items_purged_floors":[12,22],"is_endless":false,"potions_floor_spawned":[1,14,16,18,19],"killed_by":"Collector","ascension_level":0}}