{"host":"dolejg1rjmkcifoo","time":1611455048,"event":{"mods":["ATMod(阿瑾Mod)","BaseMod","Conspire","HololiveMod","Koishi","LagranYue(拉格朗・月)","Lobotomy","LobotomyExtend","Luminous","Minty Spire (QoL Compilation)","Prisma Mod","Remilia（蕾米莉亚）","Replay The Spire","Spicy Shops","StSLib","The Animator"],"gold_per_floor":[115,40,51,51,51,51,51,51],"floor_reached":7,"language":"ZHS","playtime":407,"items_purged":[],"score":39,"play_id":"3cb05d0c-7c9b-4bbf-8529-f97a2c94bf67","local_time":"20210124102408","is_ascension_mode":false,"campfire_choices":[{"floor":6,"key":"RECALL"}],"circlet_count":0,"master_deck":["OSAHOGD"],"relics":["LagranYue:ArmsProficiencyRelics","AT_ATBox","LagranYue:RandomDrawCardRelic","CogitoBucket","LetterFromLob","Replay:Accelerometer"],"acts_visited":["Exordium"],"potions_floor_usage":[],"damage_taken":[{"damage":8,"enemies":"Small Slimes","floor":1,"turns":3},{"damage":1,"enemies":"2 Louse","floor":3,"turns":2},{"damage":90,"enemies":"Lagavulin","floor":7,"turns":10}],"seed_played":"6201467701495615799","potions_obtained":[{"floor":3,"key":"SpeedPotion"}],"is_trial":false,"path_per_floor":["M","$","M","?","?","R","E"],"character_chosen":"LagranYueCharacter","items_purchased":["LagranYue:SkillDisasterEquipmentCard"],"campfire_rested":0,"item_purchase_floors":[2],"current_hp_per_floor":[67,67,66,63,75,75,0,0],"gold":51,"neow_bonus":"","is_daily":false,"chose_seed":false,"campfire_upgraded":0,"win_rate":0.0,"timestamp":1611455048,"path_taken":["M","$","M","?","?","R","E"],"items_purchased_type":["Card"],"build_version":"2020-12-22","purchased_purges":0,"victory":false,"max_hp_per_floor":[75,75,75,75,75,75,75,75],"card_choices":[{"not_picked":["LagranYue:AttackRavagedCard","LagranYue:PrematureBurialCard"],"picked":"LagranYue:SkillIncompleteArchCard","floor":1},{"not_picked":["GalaxyChild","OldLady"],"picked":"Mercenary","floor":1},{"not_picked":["LagranYue:ForgingCard","LagranYue:AttackRubyCard"],"picked":"LagranYue:AttackFutureCard","floor":3},{"not_picked":["MHz","PlagueDoctor"],"picked":"OSAHOGD","floor":3}],"player_experience":110925,"relics_obtained":[{"floor":1,"key":"LetterFromLob"}],"event_choices":[{"damage_healed":0,"gold_gain":0,"player_choice":"Success","damage_taken":3,"relics_obtained":["Replay:Accelerometer"],"max_hp_gain":0,"max_hp_loss":0,"event_name":"Scrap Ooze","floor":4,"gold_loss":0}],"is_beta":false,"boss_relics":[],"items_purged_floors":[],"is_endless":false,"potions_floor_spawned":[3],"killed_by":"Lagavulin","ascension_level":0}}