{"host":"mydft8i2zzydgggw","time":1611447612,"event":{"mods":["AchievementEnabler","BaseMod","BetterRewards","Colored Map","Colored Powertips","DeckTracker","Keyboard Shortcuts","Minty Spire (QoL Compilation)","Rare Cards Sparkle","StSLib","SuperFastMode","everything is the same but u backflip on backflip"],"gold_per_floor":[118,132,143,143,143,143,143,93,118,118,146,157,174,174,174,275,275,285,285,47,47,63,90,100,127,127,127,147,147,147,177,177,282,282,293,347,77,92,103,137,137,151,206,237,237,249,282,293,293,293],"floor_reached":51,"language":"KOR","playtime":2208,"items_purged":["Darkness"],"score":1507,"play_id":"be5f9a88-a150-42c6-abeb-75c97bb99c78","local_time":"20210124092012","is_ascension_mode":true,"campfire_choices":[{"data":"Glacier","floor":6,"key":"SMITH"},{"floor":10,"key":"REST"},{"floor":15,"key":"REST"},{"floor":29,"key":"REST"},{"data":"Defend_B","floor":32,"key":"PURGE"},{"floor":41,"key":"REST"},{"data":"Zap","floor":45,"key":"PURGE"},{"floor":49,"key":"REST"}],"circlet_count":0,"master_deck":["AscendersBane","Dualcast","Turbo+1","Glacier+1","Reboot","Glacier","Capacitor","Loop","Echo Form","Coolheaded+1","Coolheaded","Coolheaded+1","Sweeping Beam","Seek","Leap","Reinforced Body","Meteor Strike","Go for the Eyes","FTL","Coolheaded","Force Field","Storm","Streamline","Glacier+1","Streamline","Undo","Parasite"],"relics":["Cracked Core","Whetstone","Letter Opener","Snecko Eye","Enchiridion","Bottled Lightning","Question Card","The Courier","Turnip","Peace Pipe","Thread and Needle","Pandora\u0027s Box","Torii","TheAbacus","Ornamental Fan","Bronze Scales","Mercury Hourglass","Juzu Bracelet"],"acts_visited":["Exordium","TheCity","TheBeyond"],"potions_floor_usage":[16,23,23,25,33,33,35,39,40,50,50],"damage_taken":[{"damage":9,"enemies":"Jaw Worm","floor":1,"turns":4},{"damage":1,"enemies":"2 Louse","floor":2,"turns":2},{"damage":11,"enemies":"Small Slimes","floor":3,"turns":4},{"damage":33,"enemies":"Gremlin Nob","floor":11,"turns":5},{"damage":6,"enemies":"3 Louse","floor":12,"turns":4},{"damage":7,"enemies":"2 Fungi Beasts","floor":13,"turns":5},{"damage":0,"enemies":"Slime Boss","floor":16,"turns":20},{"damage":5,"enemies":"3 Byrds","floor":18,"turns":6},{"damage":6,"enemies":"Spheric Guardian","floor":22,"turns":4},{"damage":2,"enemies":"Slavers","floor":23,"turns":6},{"damage":14,"enemies":"Centurion and Healer","floor":24,"turns":11},{"damage":7,"enemies":"Gremlin Leader","floor":25,"turns":7},{"damage":7,"enemies":"Sentry and Sphere","floor":28,"turns":7},{"damage":9,"enemies":"Book of Stabbing","floor":31,"turns":11},{"damage":0,"enemies":"Automaton","floor":33,"turns":8},{"damage":12,"enemies":"3 Darklings","floor":35,"turns":4},{"damage":0,"enemies":"2 Orb Walkers","floor":36,"turns":4},{"damage":0,"enemies":"Orb Walker","floor":38,"turns":4},{"damage":29,"enemies":"Writhing Mass","floor":39,"turns":6},{"damage":1,"enemies":"Reptomancer","floor":40,"turns":6},{"damage":6,"enemies":"Maw","floor":42,"turns":7},{"damage":0,"enemies":"Nemesis","floor":44,"turns":11},{"damage":0,"enemies":"Sphere and 2 Shapes","floor":46,"turns":4},{"damage":0,"enemies":"Giant Head","floor":47,"turns":9},{"damage":0,"enemies":"Writhing Mass","floor":48,"turns":7},{"damage":13,"enemies":"Time Eater","floor":50,"turns":18}],"seed_played":"4444407678226762338","potions_obtained":[{"floor":11,"key":"SpeedPotion"},{"floor":13,"key":"EssenceOfDarkness"},{"floor":16,"key":"DuplicationPotion"},{"floor":22,"key":"PotionOfCapacity"},{"floor":24,"key":"ColorlessPotion"},{"floor":28,"key":"CultistPotion"},{"floor":31,"key":"Ancient Potion"},{"floor":33,"key":"ColorlessPotion"},{"floor":35,"key":"BlessingOfTheForge"},{"floor":39,"key":"Fire Potion"},{"floor":44,"key":"AttackPotion"}],"is_trial":false,"path_per_floor":["M","M","M","?","?","R","?","?","T","R","E","M","M","?","R","B",null,"M","?","$","?","M","E","M","E","T","?","M","R","T","E","R","B",null,"M","?","$","M","M","E","R","M","T","E","R","M","E","M","R","B",null],"character_chosen":"DEFECT","items_purchased":["Bottled Lightning","Storm","TheAbacus","LiquidMemories"],"campfire_rested":5,"item_purchase_floors":[20,37,37,37],"current_hp_per_floor":[59,58,47,47,47,47,32,32,32,54,21,15,8,33,55,55,70,65,49,49,49,43,41,27,20,20,20,13,35,35,26,26,26,63,51,51,51,51,22,21,43,37,37,37,37,37,37,37,59,46],"gold":293,"neow_bonus":"REMOVE_CARD","is_daily":false,"chose_seed":false,"campfire_upgraded":1,"win_rate":0.0,"timestamp":1611447612,"path_taken":["M","M","M","?","?","R","?","?","T","R","E","M","M","?","R","BOSS","M","?","$","?","M","E","M","E","T","?","M","R","?","E","R","BOSS","M","?","$","M","M","E","R","M","T","E","R","M","E","M","R","BOSS"],"items_purchased_type":["Relic","Card","Relic","Potion"],"build_version":"2020-12-22","purchased_purges":1,"victory":true,"max_hp_per_floor":[75,75,75,75,75,75,75,75,75,75,75,75,75,75,75,75,75,75,75,75,75,75,75,75,75,75,75,75,75,75,75,75,75,75,75,75,75,75,75,75,75,75,75,75,75,75,75,75,75,75],"card_choices":[{"not_picked":["Steam","Gash"],"picked":"Turbo","floor":1},{"not_picked":["Gash","Streamline"],"picked":"Glacier","floor":2},{"not_picked":["Barrage","Hologram"],"picked":"Reboot","floor":3},{"not_picked":["Compile Driver","Redo"],"picked":"Glacier","floor":11},{"not_picked":["Steam","Redo"],"picked":"Capacitor","floor":12},{"not_picked":["Beam Cell","Thunder Strike"],"picked":"Loop","floor":13},{"not_picked":["Machine Learning","All For One"],"picked":"Echo Form","floor":16},{"not_picked":["Compile Driver+1","Go for the Eyes"],"picked":"Coolheaded+1","floor":18},{"not_picked":["Leap","Gash"],"picked":"Coolheaded","floor":22},{"not_picked":["Turbo","Blizzard"],"picked":"Coolheaded+1","floor":23},{"not_picked":["Redo","Hologram","Go for the Eyes"],"picked":"Sweeping Beam","floor":24},{"not_picked":["Auto Shields","Tempest","Compile Driver"],"picked":"Seek","floor":25},{"not_picked":["Conserve Battery","Turbo","Rebound"],"picked":"Leap","floor":28},{"not_picked":["Leap","Melter","Blizzard+1"],"picked":"Reinforced Body","floor":31},{"not_picked":["Thunder Strike","Machine Learning","Electrodynamics"],"picked":"Meteor Strike","floor":33},{"not_picked":["Redo","Hologram","Chaos"],"picked":"Coolheaded","floor":35},{"not_picked":["Streamline","Scrape+1","Sweeping Beam+1"],"picked":"Force Field","floor":36},{"not_picked":["Redo","Genetic Algorithm","Turbo"],"picked":"Streamline","floor":38},{"not_picked":["Go for the Eyes","Turbo+1","Ball Lightning"],"picked":"Glacier+1","floor":39},{"not_picked":["Stack","Hyperbeam","Cold Snap","Static Discharge"],"picked":"SKIP","floor":40},{"not_picked":["Gash+1","Hologram","Barrage"],"picked":"Streamline","floor":42},{"not_picked":["Recycle+1","Go for the Eyes+1","Compile Driver","Sweeping Beam+1"],"picked":"SKIP","floor":44},{"not_picked":["Turbo","Genetic Algorithm","Leap+1"],"picked":"Undo","floor":46},{"not_picked":["Steam","Hologram+1","Conserve Battery","Reinforced Body"],"picked":"SKIP","floor":47},{"not_picked":["Rebound+1","Coolheaded","Ball Lightning","FTL+1"],"picked":"SKIP","floor":48}],"player_experience":200877,"relics_obtained":[{"floor":9,"key":"Whetstone"},{"floor":11,"key":"Letter Opener"},{"floor":19,"key":"Enchiridion"},{"floor":23,"key":"Question Card"},{"floor":25,"key":"The Courier"},{"floor":26,"key":"Turnip"},{"floor":30,"key":"Peace Pipe"},{"floor":31,"key":"Thread and Needle"},{"floor":36,"key":"Torii"},{"floor":40,"key":"Ornamental Fan"},{"floor":43,"key":"Bronze Scales"},{"floor":44,"key":"Mercury Hourglass"},{"floor":47,"key":"Juzu Bracelet"}],"event_choices":[{"cards_removed":["Strike_B"],"damage_healed":0,"gold_gain":0,"player_choice":"Forget","damage_taken":0,"max_hp_gain":0,"max_hp_loss":0,"event_name":"Living Wall","floor":4,"gold_loss":0},{"damage_healed":0,"gold_gain":0,"player_choice":"Ignored","damage_taken":0,"max_hp_gain":0,"max_hp_loss":0,"event_name":"Liars Game","floor":5,"gold_loss":0},{"damage_healed":0,"gold_gain":0,"player_choice":"Entered Light","damage_taken":15,"max_hp_gain":0,"max_hp_loss":0,"event_name":"Shining Light","floor":7,"gold_loss":0,"cards_upgraded":["Turbo","Defend_B"]},{"cards_removed":["Defend_B"],"damage_healed":0,"gold_gain":0,"player_choice":"Card Removal","damage_taken":0,"max_hp_gain":0,"max_hp_loss":0,"event_name":"The Cleric","floor":8,"gold_loss":50},{"damage_healed":25,"gold_gain":0,"player_choice":"Banana","damage_taken":0,"max_hp_gain":0,"max_hp_loss":0,"event_name":"Big Fish","floor":14,"gold_loss":0},{"damage_healed":0,"gold_gain":0,"player_choice":"Obtained Book","damage_taken":16,"max_hp_gain":0,"max_hp_loss":0,"event_name":"Cursed Tome","floor":19,"gold_loss":0},{"cards_removed":["Defend_B"],"damage_healed":0,"gold_gain":0,"player_choice":"Elegance","damage_taken":0,"max_hp_gain":0,"max_hp_loss":0,"event_name":"Back to Basics","floor":27,"gold_loss":0},{"damage_healed":0,"gold_gain":0,"player_choice":"Fight","damage_taken":0,"max_hp_gain":0,"max_hp_loss":0,"event_name":"Mysterious Sphere","floor":36,"gold_loss":0}],"is_beta":false,"boss_relics":[{"not_picked":["FrozenCore","Ectoplasm"],"picked":"Snecko Eye"},{"not_picked":["Philosopher\u0027s Stone","Coffee Dripper"],"picked":"Pandora\u0027s Box"}],"items_purged_floors":[37],"is_endless":false,"potions_floor_spawned":[11,13,16,22,24,28,31,33,35,39,44,48],"ascension_level":12}}