{"host":"3jpcvpprzj9sjffh","time":1611475264,"event":{"mods":["AchievementEnabler","BaseMod","Colored Map","Minty Spire (QoL Compilation)","Rare Cards Sparkle","SuperFastMode","everything is the same but u backflip on backflip"],"gold_per_floor":[10,28,39,39,52,52,28,47,47,82,97,107,121,121,121,225,225,239,250,250,18,34,34,34,34,34,54,66,86,86,86,86,86,86],"floor_reached":33,"language":"KOR","playtime":1623,"items_purged":["Strike_P"],"score":253,"play_id":"9cbaad2d-aba4-4c04-b7b2-52c14bead802","local_time":"20210124170104","is_ascension_mode":false,"campfire_choices":[{"data":"Eruption","floor":6,"key":"SMITH"},{"data":"TalkToTheHand","floor":15,"key":"SMITH"},{"floor":23,"key":"REST"},{"data":"Adaptation","floor":25,"key":"SMITH"},{"floor":32,"key":"REST"}],"circlet_count":0,"master_deck":["Strike_P","Defend_P","Eruption+1","Vigilance","FollowUp","EmptyBody","CutThroughFate","CrushJoints","ClearTheMind","Halt","FearNoEvil","TalkToTheHand+1","EmptyFist","Alpha","Adaptation+1","InnerPeace","Crescendo+1","EmptyFist"],"relics":["PureWater","Meat on the Bone","Bird Faced Urn","Empty Cage","Centennial Puzzle","Yang"],"acts_visited":["Exordium","TheCity"],"potions_floor_usage":[10,13,16,22,33],"damage_taken":[{"damage":0,"enemies":"Cultist","floor":1,"turns":2},{"damage":1,"enemies":"Jaw Worm","floor":2,"turns":3},{"damage":1,"enemies":"2 Louse","floor":3,"turns":2},{"damage":4,"enemies":"Looter","floor":5,"turns":4},{"damage":4,"enemies":"3 Louse","floor":8,"turns":4},{"damage":31,"enemies":"3 Sentries","floor":10,"turns":7},{"damage":2,"enemies":"Gremlin Gang","floor":11,"turns":4},{"damage":5,"enemies":"Looter","floor":12,"turns":2},{"damage":5,"enemies":"2 Fungi Beasts","floor":13,"turns":3},{"damage":23,"enemies":"The Guardian","floor":16,"turns":13},{"damage":39,"enemies":"2 Thieves","floor":18,"turns":5},{"damage":10,"enemies":"Chosen","floor":19,"turns":4},{"damage":20,"enemies":"Snake Plant","floor":22,"turns":5},{"damage":34,"enemies":"Snecko","floor":27,"turns":6},{"damage":14,"enemies":"Centurion and Healer","floor":28,"turns":6},{"damage":13,"enemies":"Shelled Parasite and Fungi","floor":29,"turns":4},{"damage":67,"enemies":"Collector","floor":33,"turns":7}],"seed_played":"-2498077522516653562","potions_obtained":[{"floor":2,"key":"FearPotion"},{"floor":5,"key":"BottledMiracle"},{"floor":8,"key":"Weak Potion"},{"floor":11,"key":"StancePotion"},{"floor":13,"key":"EssenceOfSteel"},{"floor":18,"key":"DistilledChaos"},{"floor":28,"key":"GamblersBrew"}],"is_trial":false,"path_per_floor":["M","M","M","?","M","R","$","M","T","E","M","M","M","?","R","B",null,"M","M","?","$","M","R","?","R","T","M","M","M","?","?","R","B"],"character_chosen":"WATCHER","items_purchased":["CrushJoints","Centennial Puzzle"],"campfire_rested":2,"item_purchase_floors":[7,21],"current_hp_per_floor":[72,71,70,72,68,68,68,64,64,45,43,38,45,69,69,46,72,45,37,37,37,33,54,54,54,54,34,36,37,24,24,47,0,0],"gold":86,"neow_bonus":"REMOVE_TWO","is_daily":false,"chose_seed":false,"campfire_upgraded":3,"win_rate":0.0,"timestamp":1611475264,"path_taken":["M","?","M","?","M","R","$","M","T","E","?","M","M","?","R","BOSS","M","M","?","$","M","R","?","R","T","?","M","M","?","?","R","BOSS"],"items_purchased_type":["Card","Relic"],"build_version":"2020-12-22","purchased_purges":1,"victory":false,"max_hp_per_floor":[72,72,72,72,72,72,72,72,72,72,72,72,72,72,72,72,72,72,72,72,72,72,72,72,72,72,72,72,72,77,77,77,77,77],"card_choices":[{"not_picked":["EmptyBody","Consecrate"],"picked":"FollowUp","floor":1},{"not_picked":["Collect","BowlingBash"],"picked":"EmptyBody","floor":2},{"not_picked":["Conclude","Wallop"],"picked":"CrushJoints","floor":3},{"not_picked":["JustLucky","PathToVictory"],"picked":"CutThroughFate","floor":5},{"not_picked":["Devotion","BowlingBash"],"picked":"ClearTheMind","floor":8},{"not_picked":["Omniscience","ThirdEye"],"picked":"Halt","floor":10},{"not_picked":["Fasting2","JustLucky"],"picked":"FearNoEvil","floor":11},{"not_picked":["Protect","FlyingSleeves"],"picked":"TalkToTheHand","floor":12},{"not_picked":["ForeignInfluence","Consecrate"],"picked":"EmptyFist","floor":13},{"not_picked":["LessonLearned","Brilliance"],"picked":"Alpha","floor":16},{"not_picked":["EmptyBody","BowlingBash"],"picked":"Adaptation","floor":18},{"not_picked":["Perseverance","CutThroughFate","Conclude+1"],"picked":"SKIP","floor":19},{"not_picked":["DeceiveReality+1","Protect"],"picked":"Crescendo+1","floor":22},{"not_picked":["ClearTheMind","Prostrate","DevaForm"],"picked":"SKIP","floor":27},{"not_picked":["ClearTheMind","Conclude","CutThroughFate"],"picked":"SKIP","floor":28},{"not_picked":["FollowUp","JustLucky+1","Consecrate"],"picked":"SKIP","floor":29}],"player_experience":299188,"relics_obtained":[{"floor":9,"key":"Meat on the Bone"},{"floor":10,"key":"Bird Faced Urn"},{"floor":26,"key":"Yang"}],"event_choices":[{"cards_removed":["CrushJoints"],"damage_healed":5,"gold_gain":0,"player_choice":"Offered Common","damage_taken":0,"max_hp_gain":0,"max_hp_loss":0,"event_name":"Bonfire Elementals","floor":4,"gold_loss":0},{"cards_removed":["CrushJoints"],"damage_healed":5,"gold_gain":0,"player_choice":"Offered Special","damage_taken":0,"max_hp_gain":0,"max_hp_loss":0,"event_name":"Bonfire Elementals","floor":4,"gold_loss":0},{"damage_healed":24,"gold_gain":0,"player_choice":"Banana","damage_taken":0,"max_hp_gain":0,"max_hp_loss":0,"event_name":"Big Fish","floor":14,"gold_loss":0},{"damage_healed":0,"gold_gain":0,"player_choice":"Read","damage_taken":0,"max_hp_gain":0,"max_hp_loss":0,"event_name":"The Library","floor":20,"gold_loss":0,"cards_obtained":["InnerPeace"]},{"damage_healed":0,"gold_gain":0,"cards_transformed":["Defend_P"],"player_choice":"Transformed","damage_taken":0,"max_hp_gain":0,"max_hp_loss":0,"event_name":"Transmorgrifier","floor":24,"gold_loss":0,"cards_obtained":["EmptyFist"]},{"damage_healed":0,"gold_gain":0,"player_choice":"Shed Blood","damage_taken":18,"max_hp_gain":5,"max_hp_loss":0,"event_name":"Forgotten Altar","floor":30,"gold_loss":0},{"damage_healed":0,"gold_gain":0,"player_choice":"Ignored","damage_taken":0,"max_hp_gain":0,"max_hp_loss":0,"event_name":"Cursed Tome","floor":31,"gold_loss":0}],"is_beta":false,"boss_relics":[{"not_picked":["SlaversCollar","Fusion Hammer"],"picked":"Empty Cage"}],"items_purged_floors":[21],"is_endless":false,"potions_floor_spawned":[2,5,8,11,13,18,28],"killed_by":"Collector","ascension_level":0}}