{"host":"w2kjv12xyhtt0cv2","time":1611511452,"event":{"mods":["Act Like it!","BaseMod","Colored Map","Friendly Minions","Gensokyo","GifTheSpireLib","Highlight Path","Hubris","Kiyohime（清姬）","Marisa（F雨　魔理沙）","Minty Spire (QoL Compilation)","Quick Restart","Reimu（博丽灵梦）","Relic Stats","Replay The Spire","RumiaBox-露米娅的神秘盒子","Shop Mod","Spicy Shops","StSLib","The Cursed","The Servant 0.9.4","UnlockEverythingMod","Waifu the Spire","[功能]功能增强和修复MOD","vexMod","【功能Mod】Neow奖励","【遗物卡牌】REMEMod","没有小屋子和绿帽子啦"],"gold_per_floor":[112,112,123,298,374,400,410,441,467,496,496,507,514,19,19,116,116,131,53,53,53,53,53,53],"floor_reached":23,"language":"ZHS","playtime":1009,"items_purged":[],"score":412,"play_id":"236b88b7-287b-45b0-bdd8-97346bb67e0c","local_time":"20210125020412","is_ascension_mode":true,"campfire_choices":[{"data":"Limit Break","floor":15.0,"key":"SMITH"}],"circlet_count":0,"master_deck":["TheCursedMod:Strike_TheCursed","TheCursedMod:Strike_TheCursed","TheCursedMod:Strike_TheCursed","TheCursedMod:Strike_TheCursed","TheCursedMod:Defend_TheCursed","TheCursedMod:Defend_TheCursed","TheCursedMod:Defend_TheCursed","TheCursedMod:CursedWand","TheCursedMod:CleanUpWorkshop","TheCursedMod:Dregs","Limit Break+1","AbeCurse","TheCursedMod:SpitefulPlan","TheCursedMod:CursedStaff","Doubt","TheCursedMod:SpitefulStrike","TheCursedMod:BlessingInDisguise","TheCursedMod:RapidMovement","TheCursedMod:CircleOfAbyss","Poor:ReiMu","TheCursedMod:CircleOfAbyss","Hallucinations","hubris:Wrath","hubris:Despair"],"relics":["REME_ComplimentaryCards","Abe\u0027s Treasure","Replay:Mystery Machine","Ccalipers","Replay:Ringing Soul","YidongShenshe:ReiMu","Orichalcum","Du-Vu Doll","Kunai","Replay:Ancient Bell","Potion Belt","hubris:TinFlute","Counterbalance","Pondfish Scales","hubris:BottledHeart","hubris:Icosahedron"],"acts_visited":["Exordium","TheCity"],"potions_floor_usage":[],"damage_taken":[{"damage":2.0,"enemies":"Jaw Worm","floor":1.0,"turns":4.0},{"damage":0.0,"enemies":"Cultist","floor":3.0,"turns":3.0},{"damage":29.0,"enemies":"Lagavulin","floor":6.0,"turns":7.0},{"damage":0.0,"enemies":"2 Louse","floor":7.0,"turns":2.0},{"damage":8.0,"enemies":"Gremlin Nob","floor":8.0,"turns":3.0},{"damage":15.0,"enemies":"3 Sentries","floor":10.0,"turns":8.0},{"damage":0.0,"enemies":"Lagavulin","floor":12.0,"turns":7.0},{"damage":0.0,"enemies":"Exordium Wildlife","floor":13.0,"turns":4.0},{"damage":3.0,"enemies":"The Guardian","floor":16.0,"turns":6.0},{"damage":0.0,"enemies":"Spheric Guardian","floor":18.0,"turns":1.0},{"damage":0,"enemies":"Replay:Snechameleon","floor":23,"turns":1}],"seed_played":"-1988728147533732184","potions_obtained":[{"floor":3.0,"key":"Reflective Coating"},{"floor":7.0,"key":"FearPotion"},{"floor":10.0,"key":"SkillPotion"},{"floor":12.0,"key":"Explosive Potion"},{"floor":16.0,"key":"Adrenaline Potion"},{"floor":18.0,"key":"TheCursedMod:DregsPotion"}],"is_trial":false,"path_per_floor":["M","?","M","?","T","E","M","E","T","E","?","E","M","$","R","B",null,"M","$","?","?","?","E"],"character_chosen":"THE_CURSED","items_purchased":["Du-Vu Doll","Kunai","Pondfish Scales"],"campfire_rested":0,"item_purchase_floors":[14,14,19],"current_hp_per_floor":[66,66,66,66,72,43,43,35,35,23,26,26,26,26,26,26,77,77,77,1,1,1,1,1],"gold":53,"neow_bonus":"BOSS_RELIC","is_daily":false,"chose_seed":false,"campfire_upgraded":1,"win_rate":0.0,"timestamp":1611511452,"path_taken":["M","?","?","?","?","E","M","E","T","E","?","E","?","$","R","BOSS","M","$","?","?","?","E"],"items_purchased_type":["Relic","Relic","Relic"],"build_version":"2020-12-22","purchased_purges":0,"victory":false,"max_hp_per_floor":[75,75,75,75,81,81,81,81,81,84,87,87,87,87,87,90,93,93,93,1,1,1,1,1],"relic_stats":{"counters":[11,45],"Kunai":[2],"Orichalcum":[48],"obtain_stats":[{"Potion Belt":17,"TheCursedMod:BlackMagic101":0,"Counterbalance":17,"vexMod:BerryBomb":5,"Replay:Ancient Bell":17,"Replay:Mystery Machine":6,"Orichalcum":12,"Du-Vu Doll":14,"Replay:Ringing Soul":10,"Pondfish Scales":19,"hubris:Icosahedron":21,"Ccalipers":8,"hubris:BottledHeart":20,"YidongShenshe:ReiMu":11,"Kunai":14,"Abe\u0027s Treasure":0,"hubris:TinFlute":17,"REME_ComplimentaryCards":0},{"Potion Belt":9,"TheCursedMod:BlackMagic101":0,"Counterbalance":9,"vexMod:BerryBomb":2,"Replay:Ancient Bell":9,"Replay:Mystery Machine":3,"Orichalcum":7,"Du-Vu Doll":8,"Replay:Ringing Soul":6,"Pondfish Scales":10,"hubris:Icosahedron":10,"Ccalipers":5,"hubris:BottledHeart":10,"YidongShenshe:ReiMu":6,"Kunai":8,"Abe\u0027s Treasure":0,"hubris:TinFlute":9,"REME_ComplimentaryCards":0},{"Potion Belt":44,"TheCursedMod:BlackMagic101":0,"Counterbalance":44,"vexMod:BerryBomb":7,"Replay:Ancient Bell":44,"Replay:Mystery Machine":14,"Orichalcum":34,"Du-Vu Doll":38,"Replay:Ringing Soul":27,"Pondfish Scales":45,"hubris:Icosahedron":45,"Ccalipers":19,"hubris:BottledHeart":45,"YidongShenshe:ReiMu":27,"Kunai":38,"Abe\u0027s Treasure":0,"hubris:TinFlute":44,"REME_ComplimentaryCards":0}]},"card_choices":[{"not_picked":["TheCursedMod:WearCloak","TheCursedMod:BlessingInDisguise"],"picked":"TheCursedMod:SpitefulPlan","floor":1.0},{"not_picked":["TheCursedMod:Stretching","TheCursedMod:SmokeScreen","TheCursedMod:Grudge"],"picked":"SKIP","floor":3.0},{"not_picked":["TheCursedMod:Torture","TheCursedMod:Stigma"],"picked":"TheCursedMod:SpitefulStrike","floor":6.0},{"not_picked":["TheCursedMod:SpreadPlague","TheCursedMod:SmokeScreen"],"picked":"TheCursedMod:BlessingInDisguise","floor":7.0},{"not_picked":["TheCursedMod:HellfireBreathing","TheCursedMod:CircleOfWindfury"],"picked":"TheCursedMod:RapidMovement","floor":8.0},{"not_picked":["TheCursedMod:RavingStaff","TheCursedMod:CursedShiv"],"picked":"TheCursedMod:CircleOfAbyss","floor":10.0},{"not_picked":["TheCursedMod:ForbiddenAlchemy","TheCursedMod:SmokeScreen","TheCursedMod:Stigma"],"picked":"SKIP","floor":12.0},{"not_picked":["TheCursedMod:WearCloak","TheCursedMod:VitalStrike","TheCursedMod:CursedShiv"],"picked":"SKIP","floor":13.0},{"not_picked":["TheCursedMod:ForbiddenAlchemy","TheCursedMod:ParallelWorld"],"picked":"TheCursedMod:CircleOfAbyss","floor":16.0},{"not_picked":["Languid","CurseOfTheBell"],"picked":"Hallucinations","floor":17.0},{"not_picked":["Languid","ReplayTheSpireMod:Faulty Equipment"],"picked":"hubris:Wrath","floor":17.0},{"not_picked":["hubris:Gluttony","Poor:ReiMu"],"picked":"hubris:Despair","floor":17.0},{"not_picked":["TheCursedMod:RavingStaff","TheCursedMod:Mangle+1","TheCursedMod:SmokeScreen+1"],"picked":"SKIP","floor":18.0}],"player_experience":210268,"relics_obtained":[{"floor":5.0,"key":"vexMod:BerryBomb"},{"floor":6.0,"key":"Replay:Mystery Machine"},{"floor":8.0,"key":"Ccalipers"},{"floor":10.0,"key":"Replay:Ringing Soul"},{"floor":12.0,"key":"Orichalcum"}],"event_choices":[{"damage_healed":0.0,"max_hp_gain":0.0,"max_hp_loss":0.0,"gold_gain":0.0,"cards_transformed":["TheCursedMod:Defend_TheCursed"],"event_name":"Transmorgrifier","player_choice":"Transformed","floor":2.0,"gold_loss":0.0,"damage_taken":0.0,"cards_obtained":["TheCursedMod:CursedStaff"]},{"damage_healed":0.0,"max_hp_gain":0.0,"max_hp_loss":0.0,"gold_gain":175.0,"event_name":"Liars Game","player_choice":"AGREE","floor":4.0,"gold_loss":0.0,"damage_taken":0.0,"cards_obtained":["Doubt"]},{"damage_healed":0.0,"max_hp_gain":0.0,"max_hp_loss":0.0,"gold_gain":0.0,"event_name":"yidonshenshe","player_choice":"带走神社","floor":11.0,"gold_loss":0.0,"damage_taken":0.0,"relics_obtained":["YidongShenshe:ReiMu"],"cards_obtained":["Poor:ReiMu"]}],"is_beta":false,"boss_relics":[{"not_picked":["hubris:ScarierMask","vexMod:MegatonBomb"],"picked":"Replay:Ancient Bell"},{"not_picked":["vexMod:FocusSash","vexMod:BarristanHead"],"picked":"Potion Belt"},{"not_picked":["Meat on the Bone","Snack Pack"],"picked":"hubris:TinFlute"},{"not_picked":["StoneCalendar","SecretRecord"],"picked":"Counterbalance"}],"items_purged_floors":[],"is_endless":false,"potions_floor_spawned":[3,7,10,12,16,18],"killed_by":"Replay:Snechameleon","ascension_level":6}}