{"host":"cgy","time":1611473998,"event":{"mods":["BaseMod","Downfall","Minty Spire (QoL Compilation)","StSLib","The Bug Knight","Warlord Emblem"],"gold_per_floor":[115,115,115,128,144,173,173,188,261,272,272,287,33,52,52,148,148,167,167,167,183,203,228,20,48,48,73,86,86,86,96,96,193,193,203,222,222,232,243,243,243],"floor_reached":40,"language":"ZHS","playtime":2087,"items_purged":["WarlordEmblem:Defend_DK"],"score":477,"play_id":"45955a1d-7612-4cfc-b333-f8b68ece080e","local_time":"20210124153958","is_ascension_mode":false,"campfire_choices":[{"data":"WarlordEmblem:BloodSacrifice","floor":11,"key":"SMITH"},{"data":"WarlordEmblem:RuneMelter","floor":15,"key":"SMITH"},{"floor":29,"key":"REST"},{"data":"WarlordEmblem:RunePerfusion","floor":32,"key":"SMITH"}],"circlet_count":0,"master_deck":["WarlordEmblem:RuneStrike","WarlordEmblem:RuneStrike","WarlordEmblem:RuneStrike","WarlordEmblem:RuneStrike","WarlordEmblem:Defend_DK","WarlordEmblem:Defend_DK","WarlordEmblem:Defend_DK+1","WarlordEmblem:RuneDefend+1","WarlordEmblem:RuneHeavyStrike","WarlordEmblem:HeartStrike","WarlordEmblem:BloodStrike","WarlordEmblem:DeathShake","WarlordEmblem:BloodSacrifice+1","WarlordEmblem:RealmStorm+1","WarlordEmblem:HeartStrike+1","WarlordEmblem:RuneMelter+1","WarlordEmblem:UndeadWill","WarlordEmblem:RunePerfusion+1","WarlordEmblem:RuneInspire","Writhe","WarlordEmblem:DeathCoil+1","WarlordEmblem:RuneMelter+1","WarlordEmblem:LichkingWraith","WarlordEmblem:RuneBurn","WarlordEmblem:BodyStrike+1","WarlordEmblem:BloodSacrifice+1"],"relics":["WarlordEmblem:RuneSword","WarlordEmblem:BloodRealm","NeowsBlessing","Ice Cream","Anchor","Molten Egg 2","Medical Kit","Black Star","Orichalcum","InkBottle","Regal Pillow","Sling","HornCleat","Juzu Bracelet","Calipers","HollowMod:StagPassRelic","Matryoshka","MutagenicStrength","SlaversCollar"],"acts_visited":["Exordium","TheCity","TheBeyond"],"potions_floor_usage":[16,16,16,18,25,25,28,33,39,39],"damage_taken":[{"damage":0,"enemies":"Jaw Worm","floor":1,"turns":1},{"damage":0,"enemies":"2 Louse","floor":4,"turns":1},{"damage":0,"enemies":"Cultist","floor":5,"turns":1},{"damage":15,"enemies":"HollowMod:MossKnight","floor":6,"turns":10},{"damage":0,"enemies":"2 Fungi Beasts","floor":8,"turns":3},{"damage":2,"enemies":"Large Slime","floor":10,"turns":7},{"damage":0,"enemies":"Exordium Wildlife","floor":12,"turns":3},{"damage":0,"enemies":"2 Fungi Beasts","floor":14,"turns":1},{"damage":27,"enemies":"The Guardian","floor":16,"turns":7},{"damage":16,"enemies":"Chosen","floor":18,"turns":6},{"damage":3,"enemies":"Shell Parasite","floor":21,"turns":5},{"damage":14,"enemies":"Snake Plant","floor":22,"turns":5},{"damage":7,"enemies":"HollowMod:Nosk","floor":23,"turns":7},{"damage":36,"enemies":"Gremlin Leader","floor":25,"turns":7},{"damage":47,"enemies":"Slavers","floor":27,"turns":5},{"damage":13,"enemies":"Centurion and Healer","floor":28,"turns":5},{"damage":0,"enemies":"Chosen and Byrds","floor":31,"turns":3},{"damage":23,"enemies":"Automaton","floor":33,"turns":7},{"damage":0,"enemies":"3 Darklings","floor":35,"turns":2},{"damage":35,"enemies":"3 Shapes","floor":36,"turns":3},{"damage":21,"enemies":"Spire Growth","floor":38,"turns":6},{"damage":11,"enemies":"Jaw Worm Horde","floor":39,"turns":3},{"damage":50,"enemies":"Reptomancer","floor":40,"turns":2}],"seed_played":"8731558283511849659","potions_obtained":[{"floor":5,"key":"Energy Potion"},{"floor":6,"key":"SteroidPotion"},{"floor":14,"key":"Fire Potion"},{"floor":16,"key":"Regen Potion"},{"floor":22,"key":"Block Potion"},{"floor":27,"key":"LiquidMemories"},{"floor":28,"key":"EssenceOfSteel"},{"floor":33,"key":"CultistPotion"},{"floor":36,"key":"Weak Potion"},{"floor":38,"key":"WarlordEmblem:RuneExpandPotion"}],"is_trial":false,"path_per_floor":["M","?","?","M","M","E","?","M","T","M","R","M","$","M","R","B",null,"M","?","?","M","M","E","$","E","T","E","M","R","?","M","R","B",null,"M","M","?","M","M","E"],"character_chosen":"DeathKnight","items_purchased":["WarlordEmblem:RuneMelter","Medical Kit","Sling","Strength Potion"],"campfire_rested":1,"item_purchase_floors":[13,13,24,24],"current_hp_per_floor":[80,64,64,64,64,60,60,70,70,76,76,76,76,76,76,56,80,80,80,80,80,69,73,73,50,50,9,11,50,50,50,50,51,80,80,45,45,46,35,0,0],"gold":243,"neow_bonus":"THREE_ENEMY_KILL","is_daily":false,"chose_seed":false,"campfire_upgraded":3,"win_rate":0.0,"timestamp":1611473998,"path_taken":["M","?","?","M","?","E","?","M","T","M","R","M","$","M","R","BOSS","M","?","?","M","M","E","$","E","T","E","M","R","?","M","R","BOSS","M","M","?","M","M","E"],"items_purchased_type":["Card","Relic","Relic","Potion"],"build_version":"2020-12-18","purchased_purges":1,"victory":false,"max_hp_per_floor":[80,80,80,80,80,80,80,80,80,80,80,80,80,80,80,80,80,80,80,80,80,80,80,80,80,80,80,80,80,80,80,80,80,80,80,80,80,80,80,80,80],"card_choices":[{"not_picked":["WarlordEmblem:WinterHorn","WarlordEmblem:CurseStrike"],"picked":"WarlordEmblem:RuneBlade","floor":1},{"not_picked":["WarlordEmblem:LichBody","WarlordEmblem:FrozenWill"],"picked":"WarlordEmblem:HeartStrike","floor":4},{"not_picked":["WarlordEmblem:CurseStrike","WarlordEmblem:BodyStrike"],"picked":"WarlordEmblem:BloodStrike","floor":5},{"not_picked":["WarlordEmblem:Infect","WarlordEmblem:RuneExplode"],"picked":"WarlordEmblem:DeathShake","floor":6},{"not_picked":["WarlordEmblem:UltimateCold","WarlordEmblem:WindStrike"],"picked":"WarlordEmblem:BloodSacrifice","floor":8},{"not_picked":["WarlordEmblem:BloodStrike+1","WarlordEmblem:WinterHorn"],"picked":"WarlordEmblem:RealmStorm+1","floor":10},{"not_picked":["WarlordEmblem:WinterHorn","WarlordEmblem:FrostbiteStrike+1"],"picked":"WarlordEmblem:HeartStrike+1","floor":12},{"not_picked":["WarlordEmblem:RuneRecover","WarlordEmblem:FrozenHeart"],"picked":"WarlordEmblem:UndeadWill","floor":14},{"not_picked":["WarlordEmblem:EvilEager","WarlordEmblem:HeartOfDeath"],"picked":"WarlordEmblem:RunePerfusion","floor":16},{"not_picked":["WarlordEmblem:FrozenChain+1","WarlordEmblem:VoidDefend+1","WarlordEmblem:FrostbiteStrike+1"],"picked":"SKIP","floor":18},{"not_picked":["WarlordEmblem:CurseStrike+1","WarlordEmblem:FrozenDeath+1"],"picked":"WarlordEmblem:DeathCoil+1","floor":21},{"not_picked":["WarlordEmblem:WinterHorn+1","WarlordEmblem:ForceDeflexion","WarlordEmblem:RuneBlade+1"],"picked":"SKIP","floor":22},{"not_picked":["WarlordEmblem:RuneInspire","WarlordEmblem:RuneRecast","WarlordEmblem:DeathShake+1"],"picked":"SKIP","floor":23},{"not_picked":["WarlordEmblem:FrozenDeath+1","WarlordEmblem:EvilSee+1"],"picked":"WarlordEmblem:RuneMelter+1","floor":25},{"not_picked":["WarlordEmblem:EvilStrike+1","WarlordEmblem:FrozenHeart"],"picked":"WarlordEmblem:LichkingWraith","floor":27},{"not_picked":["WarlordEmblem:UltimateCold","WarlordEmblem:ForceDeflexion+1","WarlordEmblem:RuneExplode+1"],"picked":"SKIP","floor":28},{"not_picked":["WarlordEmblem:DeathShake+1","WarlordEmblem:RuneDiffer","WarlordEmblem:DeathStrike+1"],"picked":"SKIP","floor":31},{"not_picked":["WarlordEmblem:CondemnStrike+1","WarlordEmblem:RunePerfusion"],"picked":"WarlordEmblem:RuneBurn","floor":33},{"not_picked":["WarlordEmblem:RuneRegen","WarlordEmblem:WillOfTheNecropolis","WarlordEmblem:Execute+1"],"picked":"SKIP","floor":35},{"not_picked":["WarlordEmblem:RuneRegen","WarlordEmblem:CurseStrike+1","WarlordEmblem:EvilSee+1"],"picked":"SKIP","floor":36},{"not_picked":["WarlordEmblem:RuneDiffer","WarlordEmblem:Infect+1"],"picked":"WarlordEmblem:BodyStrike+1","floor":38},{"not_picked":["WarlordEmblem:FrozenChain","WarlordEmblem:HeartStrike+1"],"picked":"WarlordEmblem:BloodSacrifice+1","floor":39}],"player_experience":121933,"relics_obtained":[{"floor":6,"key":"Anchor"},{"floor":9,"key":"Molten Egg 2"},{"floor":23,"key":"InkBottle"},{"floor":23,"key":"Regal Pillow"},{"floor":25,"key":"HornCleat"},{"floor":25,"key":"Juzu Bracelet"},{"floor":26,"key":"Calipers"},{"floor":27,"key":"HollowMod:StagPassRelic"},{"floor":27,"key":"Matryoshka"}],"event_choices":[{"damage_healed":0,"gold_gain":0,"player_choice":"Entered Light","damage_taken":16,"max_hp_gain":0,"max_hp_loss":0,"event_name":"Shining Light","floor":2,"gold_loss":0,"cards_upgraded":["WarlordEmblem:Defend_DK","WarlordEmblem:RuneDefend"]},{"cards_removed":["WarlordEmblem:RuneBlade"],"damage_healed":0,"gold_gain":0,"player_choice":"Gave Card","damage_taken":0,"relics_obtained":["Ice Cream"],"max_hp_gain":0,"max_hp_loss":0,"event_name":"WeMeetAgain","floor":3,"gold_loss":0},{"damage_healed":0,"gold_gain":0,"player_choice":"Fled","damage_taken":0,"max_hp_gain":0,"max_hp_loss":0,"event_name":"Scrap Ooze","floor":7,"gold_loss":0},{"damage_healed":0,"gold_gain":0,"player_choice":"Read","damage_taken":0,"max_hp_gain":0,"max_hp_loss":0,"event_name":"The Library","floor":19,"gold_loss":0,"cards_obtained":["WarlordEmblem:RuneInspire"]},{"damage_healed":0,"gold_gain":0,"player_choice":"Opened","damage_taken":0,"relics_obtained":["Orichalcum"],"max_hp_gain":0,"max_hp_loss":0,"event_name":"The Mausoleum","floor":20,"gold_loss":0,"cards_obtained":["Writhe"]},{"damage_healed":0,"gold_gain":0,"player_choice":"Inject Mutagens","damage_taken":0,"relics_obtained":["MutagenicStrength"],"max_hp_gain":0,"max_hp_loss":0,"event_name":"Drug Dealer","floor":30,"gold_loss":0},{"damage_healed":0,"gold_gain":0,"player_choice":"Ignored","damage_taken":0,"max_hp_gain":0,"max_hp_loss":0,"event_name":"Tomb of Lord Red Mask","floor":37,"gold_loss":0}],"is_beta":true,"boss_relics":[{"not_picked":["WarlordEmblem:DKHelm","Runic Pyramid"],"picked":"Black Star"},{"not_picked":["Calling Bell","Astrolabe"],"picked":"SlaversCollar"}],"items_purged_floors":[13],"is_endless":false,"potions_floor_spawned":[5,6,14,16,22,27,28,33,36,38],"killed_by":"Reptomancer","ascension_level":0}}