{"host":"kkheweh6jrpo3b02","time":1611511130,"event":{"mods":["AchievementEnabler","BaseMod","Colored Map","Googly Eyes","Jorbs\u0027s Wanderer Trilogy","Minty Spire (QoL Compilation)","Quick Restart","Replay The Spire","StSLib","SuperFastMode","The Construct"],"gold_per_floor":[113,136,71,90,90,90,117,117,117,67,80,99,99,109,109,212,212,232,253,253,106,154,154,183,183,206,241,53,53,53,128,128,226,226,246,265,265,279,296,296,314,314,339,354,380,112,127,152,152],"floor_reached":48,"language":"ENG","playtime":5598,"items_purged":["Injury","stsjorbsmod:Strike_Wanderer+1","stsjorbsmod:Defend_Wanderer"],"score":893,"play_id":"dabdf404-2c59-4d20-b3fa-8bb05aba2788","local_time":"20210124125850","is_ascension_mode":true,"campfire_choices":[{"data":"stsjorbsmod:Inferno","floor":6,"key":"SMITH"},{"data":"stsjorbsmod:Inferno","floor":8,"key":"SMITH"},{"data":"stsjorbsmod:Fireball","floor":15,"key":"SMITH"},{"data":"stsjorbsmod:Feast","floor":23,"key":"SMITH"},{"data":"stsjorbsmod:FindFamiliar","floor":25,"key":"SMITH"},{"data":"Pot Of Greed","floor":30,"key":"SMITH"},{"data":"Pot Of Greed","floor":32,"key":"SMITH"},{"data":"Pot Of Greed","floor":40,"key":"SMITH"},{"data":"stsjorbsmod:Channel","floor":42,"key":"SMITH"}],"circlet_count":0,"master_deck":["stsjorbsmod:ForbiddenGrimoire+1","stsjorbsmod:Strike_Wanderer+1","stsjorbsmod:Strike_Wanderer+1","stsjorbsmod:Defend_Wanderer+1","stsjorbsmod:Defend_Wanderer","stsjorbsmod:FreshAdventure","stsjorbsmod:EyeOfTheStorm","stsjorbsmod:Channel+1","stsjorbsmod:FranticSearch+1","stsjorbsmod:Inferno+1","stsjorbsmod:Inferno+1","stsjorbsmod:Firebolt","stsjorbsmod:Fireball+1","stsjorbsmod:Feast+1","stsjorbsmod:FindFamiliar+1","stsjorbsmod:BurningFlask+1","stsjorbsmod:MageArmor","Pot Of Greed+1","Pot Of Greed+1","stsjorbsmod:Thorns","stsjorbsmod:Fireball+1","Ghostly","Ghostly","Ghostly","Ghostly","Ghostly","Pot Of Greed+1","stsjorbsmod:Index","stsjorbsmod:Pyromancy"],"relics":["stsjorbsmod:GrimoireRelic","NeowsBlessing","ReplayTheSpireMod:Lightbulb","ReplayTheSpireMod:CursedCoin","Replay:Accelerometer","Replay:Bottled Eggs","Replay:Bronze Core","Chameleon Ring","Mirror","Grinning Jar","Pen Nib","DollysMirror","Empty Cage","Pet Ghost","Gremlin Food","TheAbacus","Vajra"],"acts_visited":["Exordium","TheCity","TheBeyond"],"potions_floor_usage":[22,33,38],"damage_taken":[{"damage":0,"enemies":"Cultist","floor":1,"turns":1},{"damage":0,"enemies":"Jaw Worm","floor":4,"turns":1},{"damage":0,"enemies":"Lagavulin","floor":7,"turns":2},{"damage":5,"enemies":"2 Louse","floor":11,"turns":3},{"damage":5,"enemies":"Looter","floor":12,"turns":3},{"damage":12,"enemies":"Large Slime","floor":14,"turns":5},{"damage":24,"enemies":"Hexaghost","floor":16,"turns":7},{"damage":12,"enemies":"Shell Parasite","floor":18,"turns":2},{"damage":0,"enemies":"Chosen","floor":19,"turns":3},{"damage":0,"enemies":"3 Cultists","floor":22,"turns":4},{"damage":18,"enemies":"Gremlin Leader","floor":24,"turns":5},{"damage":15,"enemies":"Slavers","floor":27,"turns":3},{"damage":21,"enemies":"Pondfish","floor":33,"turns":8},{"damage":12,"enemies":"3 Shapes","floor":35,"turns":5},{"damage":0,"enemies":"Orb Walker","floor":36,"turns":5},{"damage":0,"enemies":"4 Shapes","floor":38,"turns":2},{"damage":3,"enemies":"Jaw Worm Horde","floor":39,"turns":4},{"damage":1,"enemies":"Transient","floor":41,"turns":5},{"damage":0,"enemies":"3 Darklings","floor":44,"turns":1},{"damage":0,"enemies":"Reptomancer","floor":45,"turns":5},{"damage":0,"enemies":"Spire Growth","floor":47,"turns":6},{"damage":23,"enemies":"R_Hoarder","floor":48,"turns":8}],"seed_played":"382991050787040911","potions_obtained":[{"floor":1,"key":"PowerPotion"},{"floor":16,"key":"PowerPotion"},{"floor":18,"key":"stsjorbsmod:DimensionDoorPotion"},{"floor":33,"key":"CultistPotion"},{"floor":35,"key":"Weak Potion"},{"floor":36,"key":"Block Potion"},{"floor":41,"key":"Adrenaline Potion"}],"is_trial":false,"path_per_floor":["M","T","$","M","?","R","E","R","T","$","M","M","$","M","R","B",null,"M","M","?","$","M","R","E","R","T","E","$","?","R","?","R","B",null,"M","M","$","M","M","R","M","R","T","M","E","$","M","E"],"character_chosen":"WANDERER","items_purchased":["ReplayTheSpireMod:CursedCoin","stsjorbsmod:FranticSearch","stsjorbsmod:Inferno","stsjorbsmod:Firebolt","stsjorbsmod:BurningFlask","stsjorbsmod:Thorns","DollysMirror","TheAbacus"],"campfire_rested":0,"item_purchase_floors":[3,3,3,10,21,28,28,46],"current_hp_per_floor":[68,68,68,68,68,68,70,70,70,70,66,62,62,53,53,29,70,59,61,61,61,72,72,60,60,60,50,50,41,41,37,37,16,41,32,40,40,49,54,54,55,55,55,55,57,57,59,37,37],"gold":152,"neow_bonus":"THREE_ENEMY_KILL","is_daily":false,"chose_seed":false,"campfire_upgraded":9,"win_rate":0.0,"timestamp":1611511130,"path_taken":["M","?","$","?","?","R","E","R","T","$","?","M","$","M","R","BOSS","M","M","?","$","M","R","E","R","T","E","$","?","R","?","R","BOSS","M","?","$","M","M","R","M","R","T","M","E","$","M","E"],"items_purchased_type":["Relic","Card","Card","Card","Card","Card","Relic","Relic"],"build_version":"2020-12-22","purchased_purges":3,"victory":false,"max_hp_per_floor":[68,68,68,68,68,68,70,70,70,70,70,70,70,70,70,70,70,70,70,70,70,76,76,78,78,78,82,82,41,41,41,41,41,41,41,43,43,51,55,55,55,55,55,55,57,57,59,59,59],"card_choices":[{"not_picked":["stsjorbsmod:DoubleCheck","stsjorbsmod:WanderingMind"],"picked":"stsjorbsmod:Channel","floor":1},{"not_picked":["stsjorbsmod:OldPocket","stsjorbsmod:Stalwart"],"picked":"stsjorbsmod:Patron","floor":4},{"not_picked":["stsjorbsmod:Mania","stsjorbsmod:WeightOfMemory"],"picked":"stsjorbsmod:Inferno","floor":7},{"not_picked":["stsjorbsmod:ArcaneWeapon","stsjorbsmod:TrueStrike","stsjorbsmod:Prepare"],"picked":"SKIP","floor":11},{"not_picked":["stsjorbsmod:UnseenServant","stsjorbsmod:LoseGrip","stsjorbsmod:Mania"],"picked":"SKIP","floor":12},{"not_picked":["stsjorbsmod:Aid","stsjorbsmod:MagicMissiles"],"picked":"stsjorbsmod:Fireball","floor":14},{"not_picked":["stsjorbsmod:Rediscovery","stsjorbsmod:SiphonEnergy"],"picked":"stsjorbsmod:Feast","floor":16},{"not_picked":["stsjorbsmod:ChainLightning","stsjorbsmod:ChatteringStrike","stsjorbsmod:RayOfFrost+1"],"picked":"SKIP","floor":18},{"not_picked":["stsjorbsmod:Stalwart","stsjorbsmod:Message"],"picked":"stsjorbsmod:FindFamiliar","floor":19},{"not_picked":["stsjorbsmod:Hibernate","stsjorbsmod:UnseenServant","stsjorbsmod:Will"],"picked":"SKIP","floor":22},{"not_picked":["stsjorbsmod:ChainLightning","stsjorbsmod:Mending"],"picked":"stsjorbsmod:MageArmor","floor":24},{"not_picked":["stsjorbsmod:ParryingBlow","stsjorbsmod:ChainLightning","stsjorbsmod:OldPocket"],"picked":"SKIP","floor":27},{"not_picked":["stsjorbsmod:ChainLightning+1","stsjorbsmod:Prestidigitation+1","stsjorbsmod:LocateObject+1"],"picked":"SKIP","floor":35},{"not_picked":["stsjorbsmod:Determination","stsjorbsmod:DisguiseSelf"],"picked":"stsjorbsmod:Index","floor":36},{"not_picked":["stsjorbsmod:Materialize+1","stsjorbsmod:Aid+1","stsjorbsmod:Channel"],"picked":"SKIP","floor":38},{"not_picked":["stsjorbsmod:BlackTentacles+1","stsjorbsmod:RefuseToForget+1","stsjorbsmod:Fear"],"picked":"SKIP","floor":39},{"not_picked":["stsjorbsmod:Mending","stsjorbsmod:Will+1","stsjorbsmod:BookOfTongues+1"],"picked":"SKIP","floor":41},{"not_picked":["stsjorbsmod:WanderingMind+1","stsjorbsmod:Mindworm+1","stsjorbsmod:ChatteringStrike+1"],"picked":"SKIP","floor":44},{"not_picked":["stsjorbsmod:Mending+1","stsjorbsmod:Hurt","stsjorbsmod:LocateObject+1"],"picked":"SKIP","floor":45},{"not_picked":["stsjorbsmod:FindFamiliar","stsjorbsmod:Will","stsjorbsmod:WeightOfMemory+1"],"picked":"SKIP","floor":47},{"not_picked":["stsjorbsmod:BookOfTongues+1","stsjorbsmod:MagicMissiles+1"],"picked":"stsjorbsmod:Pyromancy","floor":48}],"player_experience":493412,"relics_obtained":[{"floor":2,"key":"ReplayTheSpireMod:Lightbulb"},{"floor":7,"key":"Replay:Accelerometer"},{"floor":9,"key":"Replay:Bottled Eggs"},{"floor":24,"key":"Mirror"},{"floor":26,"key":"Grinning Jar"},{"floor":27,"key":"Pen Nib"},{"floor":43,"key":"Pet Ghost"},{"floor":45,"key":"Gremlin Food"},{"floor":48,"key":"Vajra"}],"event_choices":[{"damage_healed":0,"gold_gain":0,"player_choice":"Upgraded","damage_taken":0,"max_hp_gain":0,"max_hp_loss":0,"event_name":"Upgrade Shrine","floor":5,"gold_loss":0,"cards_upgraded":["stsjorbsmod:FranticSearch"]},{"damage_healed":0,"gold_gain":0,"player_choice":"Became a Ghost","damage_taken":0,"max_hp_gain":0,"max_hp_loss":41,"event_name":"Ghosts","floor":29,"gold_loss":0,"cards_obtained":["Ghostly","Ghostly","Ghostly","Ghostly","Ghostly"]},{"damage_healed":0,"gold_gain":75,"player_choice":"Touch","damage_taken":4,"max_hp_gain":0,"max_hp_loss":0,"event_name":"FaceTrader","floor":31,"gold_loss":0}],"is_beta":false,"boss_relics":[{"not_picked":["Replay:Drink Me","ReplayTheSpireMod:DimensionalGlitch"],"picked":"Replay:Bronze Core"},{"not_picked":["Pandora\u0027s Box","construct:ClawGrip"],"picked":"Empty Cage"}],"items_purged_floors":[3,21,46],"is_endless":false,"potions_floor_spawned":[1,16,18,19,33,35,36,41,45],"killed_by":"R_Hoarder","ascension_level":3}}