{"host":"3jpcvpprzj9sjffh","time":1611493983,"event":{"mods":["AchievementEnabler","BaseMod","Colored Map","Minty Spire (QoL Compilation)","Rare Cards Sparkle","SuperFastMode","everything is the same but u backflip on backflip"],"gold_per_floor":[116,63,73,89,107,107,142,142,168,184,184,209,222,222,222,320,320,340,3,3,19,38,38,38],"floor_reached":23,"language":"KOR","playtime":787,"items_purged":["Strike_R"],"score":203,"play_id":"dc7a119b-5bd4-4b8e-9a5c-4db162e9eb7b","local_time":"20210124221303","is_ascension_mode":false,"campfire_choices":[{"data":"Bash","floor":6,"key":"SMITH"},{"floor":11,"key":"REST"},{"floor":15,"key":"REST"}],"circlet_count":0,"master_deck":["Strike_R+1","Strike_R","Strike_R","Defend_R","Defend_R","Bash+1","Heavy Blade","Armaments","Pommel Strike","Pummel","Cleave","Perfected Strike","Demon Form","Flex+1","Bloodletting","Double Tap","Rage+1","Wild Strike","Carnage"],"relics":["Burning Blood","Strawberry","Tiny Chest","SlaversCollar","Letter Opener"],"acts_visited":["Exordium","TheCity"],"potions_floor_usage":[7,13,16,16,23],"damage_taken":[{"damage":1,"enemies":"Cultist","floor":1,"turns":3},{"damage":6,"enemies":"Jaw Worm","floor":3,"turns":3},{"damage":0,"enemies":"Small Slimes","floor":4,"turns":3},{"damage":14,"enemies":"Blue Slaver","floor":5,"turns":3},{"damage":45,"enemies":"Lagavulin","floor":7,"turns":7},{"damage":13,"enemies":"Red Slaver","floor":10,"turns":2},{"damage":20,"enemies":"Gremlin Nob","floor":12,"turns":4},{"damage":11,"enemies":"Large Slime","floor":13,"turns":4},{"damage":44,"enemies":"The Guardian","floor":16,"turns":9},{"damage":13,"enemies":"Chosen","floor":18,"turns":4},{"damage":24,"enemies":"Shell Parasite","floor":21,"turns":5},{"damage":48,"enemies":"3 Cultists","floor":22,"turns":5},{"damage":0,"enemies":"Slavers","floor":23,"turns":1}],"seed_played":"3042182196185700384","potions_obtained":[{"floor":1,"key":"Regen Potion"},{"floor":5,"key":"Ancient Potion"},{"floor":10,"key":"Swift Potion"},{"floor":12,"key":"Strength Potion"},{"floor":13,"key":"EssenceOfSteel"},{"floor":21,"key":"Energy Potion"},{"floor":22,"key":"Weak Potion"}],"is_trial":false,"path_per_floor":["M","$","M","M","M","R","E","?","T","M","R","E","M","?","R","B",null,"M","$","?","M","M","E"],"character_chosen":"IRONCLAD","items_purchased":["Armaments","Letter Opener"],"campfire_rested":2,"item_purchase_floors":[2,19],"current_hp_per_floor":[72,72,72,72,64,64,41,41,41,34,57,43,38,22,45,7,79,72,72,72,54,12,12,12],"gold":38,"neow_bonus":"REMOVE_TWO","is_daily":false,"chose_seed":false,"campfire_upgraded":1,"win_rate":0.0,"timestamp":1611493983,"path_taken":["M","$","M","M","M","R","E","?","T","?","R","E","M","?","R","BOSS","M","$","?","M","M","E"],"items_purchased_type":["Card","Relic"],"build_version":"2020-12-22","purchased_purges":1,"victory":false,"max_hp_per_floor":[72,72,72,72,72,72,79,79,79,79,79,79,79,79,79,79,79,79,79,79,79,79,79,79],"card_choices":[{"not_picked":["Evolve","Clothesline"],"picked":"Heavy Blade","floor":1},{"not_picked":["Wild Strike","Pummel"],"picked":"Pommel Strike","floor":3},{"not_picked":["Flame Barrier","Fire Breathing"],"picked":"Pummel","floor":4},{"not_picked":["Evolve","Armaments"],"picked":"Cleave","floor":5},{"not_picked":["Shrug It Off","Clothesline"],"picked":"Perfected Strike","floor":7},{"not_picked":["Body Slam","Reckless Charge"],"picked":"Demon Form","floor":10},{"not_picked":["Pommel Strike","Anger"],"picked":"Flex","floor":12},{"not_picked":["Flex","Body Slam"],"picked":"Bloodletting","floor":13},{"not_picked":["Demon Form","Impervious"],"picked":"Double Tap","floor":16},{"not_picked":["Iron Wave+1","Headbutt"],"picked":"Rage+1","floor":18},{"not_picked":["Clash","Iron Wave+1"],"picked":"Wild Strike","floor":21},{"not_picked":["Pummel","Body Slam"],"picked":"Carnage","floor":22}],"player_experience":300811,"relics_obtained":[{"floor":7,"key":"Strawberry"},{"floor":12,"key":"Tiny Chest"}],"event_choices":[{"cards_removed":["Defend_R"],"damage_healed":0,"gold_gain":0,"player_choice":"Purged","damage_taken":0,"max_hp_gain":0,"max_hp_loss":0,"event_name":"Purifier","floor":8,"gold_loss":0},{"damage_healed":0,"gold_gain":0,"player_choice":"Entered Light","damage_taken":16,"max_hp_gain":0,"max_hp_loss":0,"event_name":"Shining Light","floor":14,"gold_loss":0,"cards_upgraded":["Flex","Strike_R"]}],"is_beta":false,"boss_relics":[{"not_picked":["Velvet Choker","Philosopher\u0027s Stone"],"picked":"SlaversCollar"}],"items_purged_floors":[19],"is_endless":false,"potions_floor_spawned":[1,5,10,12,13,21,22],"killed_by":"Slavers","ascension_level":0}}