{"host":"wttmrzzrx8nzm6lv","time":1611490916,"event":{"mods":["Arknights The Spire","BaseMod","Marisa£®ÏF”Í°°ƒß¿Ì…≥£©","Minty Spire (QoL Compilation)","Remilia£®¿Ÿ√◊¿Ú—«£©","StSLib","Youmu£®ªÍ∆«—˝√Œ£©"],"gold_per_floor":[119,133,208,208,226,259,272,272,345,345,187,187,206,225,225,328,328,344,344,364,172,172,172],"floor_reached":22,"language":"ZHS","playtime":1656,"items_purged":["ats:Strike C","ats:Strike V"],"score":186,"play_id":"312cb472-1e27-46a7-afce-6c778f1c36fe","local_time":"20210124202156","is_ascension_mode":false,"campfire_choices":[{"data":"ats:Emotion Absorption","floor":8,"key":"SMITH"},{"floor":10,"key":"DIG"},{"data":"ats:Serious Mode","floor":12,"key":"SMITH"},{"floor":15,"key":"DIG"}],"circlet_count":0,"master_deck":["ats:Strike G","ats:Strike S","ats:Armor Crushing Shot","ats:Defend","ats:Defend","ats:Defend","ats:Defend","ats:Emotion Absorption+1","ats:Charging Defense","ats:Neurotoxin","ats:Rapid Magazine","ats:Directed Diagnosis","ats:Healing Drone","ats:Explosion Area Strengthen","ats:Serious Mode+1","ats:Apocalypse","ats:Roar Of Ursus","ats:Echo Reverb","ats:Flexible Camouflage","ats:Composite Medical Shells"],"relics":["ats:Sanity","NeowsBlessing","ats:Originium","Shovel","Ornamental Fan","Art of War","Letter Opener","SlaversCollar","Toy Ornithopter"],"acts_visited":["Exordium","TheCity"],"potions_floor_usage":[7,13],"damage_taken":[{"damage":0,"enemies":"Jaw Worm","floor":1,"turns":1},{"damage":0,"enemies":"Cultist","floor":2,"turns":1},{"damage":0,"enemies":"Small Slimes","floor":5,"turns":1},{"damage":56,"enemies":"Lagavulin","floor":6,"turns":10},{"damage":6,"enemies":"Gremlin Gang","floor":7,"turns":11},{"damage":7,"enemies":"Exordium Wildlife","floor":13,"turns":3},{"damage":11,"enemies":"Large Slime","floor":14,"turns":5},{"damage":62,"enemies":"The Guardian","floor":16,"turns":15},{"damage":72,"enemies":"3 Byrds","floor":18,"turns":7},{"damage":26,"enemies":"Chosen","floor":20,"turns":6},{"damage":30,"enemies":"Centurion and Healer","floor":22,"turns":4}],"seed_played":"-324747302688553967","potions_obtained":[{"floor":5,"key":"Energy Potion"},{"floor":6,"key":"ats:Top Emergency Sanity Potion"},{"floor":13,"key":"Fruit Juice"}],"is_trial":false,"path_per_floor":["M","M","?","?","M","E","M","R","T","R","$","R","M","M","R","B",null,"M","?","M","$","M"],"character_chosen":"DOCTOR_CLASS","items_purchased":["ats:Explosion Area Strengthen","ats:Serious Mode","ats:Flexible Camouflage","ats:Composite Medical Shells"],"campfire_rested":0,"item_purchase_floors":[11,11,21,21],"current_hp_per_floor":[72,72,61,61,61,5,19,19,19,19,19,19,28,39,39,36,77,27,27,17,17,0,0],"gold":172,"neow_bonus":"THREE_ENEMY_KILL","is_daily":false,"chose_seed":false,"campfire_upgraded":2,"win_rate":0.0,"timestamp":1611490916,"path_taken":["M","M","?","?","M","E","M","R","T","R","$","R","?","M","R","BOSS","M","?","M","$","M"],"items_purchased_type":["Card","Card","Card","Card"],"build_version":"2020-12-22","purchased_purges":2,"victory":false,"max_hp_per_floor":[72,72,72,72,72,72,72,72,72,72,72,72,77,77,77,77,77,77,77,77,77,77,77],"card_choices":[{"not_picked":["ats:Very Hot Blade","ats:Powerful Strike"],"picked":"ats:Charging Defense","floor":1},{"not_picked":["ats:Guard Mode","ats:Demon Strength"],"picked":"ats:Neurotoxin","floor":2},{"not_picked":["ats:Shell Defense","ats:Absolute Focus"],"picked":"ats:Rapid Magazine","floor":5},{"not_picked":["ats:Hammer On","ats:Powerful Strike"],"picked":"ats:Directed Diagnosis","floor":6},{"not_picked":["ats:Cat Scratch","ats:Consecutive Shot Auto"],"picked":"ats:Healing Drone","floor":7},{"not_picked":["ats:Blood Oath","ats:Assault Order"],"picked":"ats:Apocalypse","floor":13},{"not_picked":["ats:Explosion Area Strengthen","ats:Serious Mode"],"picked":"ats:Roar Of Ursus","floor":14},{"not_picked":["ats:Nebulous Foxfire","ats:Soul Rend"],"picked":"ats:Echo Reverb","floor":16},{"not_picked":["ats:Cat Scratch","ats:Hammer On","ats:Shell Defense"],"picked":"SKIP","floor":18},{"not_picked":["ats:Cat Scratch","ats:Hammer On","ats:Shell Defense"],"picked":"SKIP","floor":18},{"not_picked":["ats:Automatic Cover","ats:Apocalypse","ats:Red Shift"],"picked":"SKIP","floor":20}],"player_experience":743144,"relics_obtained":[{"floor":6,"key":"ats:Originium"},{"floor":6,"key":"Shovel"},{"floor":9,"key":"Ornamental Fan"},{"floor":10,"key":"Art of War"},{"floor":15,"key":"Letter Opener"}],"event_choices":[{"damage_healed":0,"gold_gain":75,"player_choice":"Gather Gold","damage_taken":11,"max_hp_gain":0,"max_hp_loss":0,"event_name":"World of Goop","floor":3,"gold_loss":0},{"damage_healed":0,"gold_gain":0,"player_choice":"Ignored","damage_taken":0,"max_hp_gain":0,"max_hp_loss":0,"event_name":"NoteForYourself","floor":4,"gold_loss":0},{"damage_healed":0,"gold_gain":0,"player_choice":"Gave Potion","damage_taken":0,"relics_obtained":["Toy Ornithopter"],"max_hp_gain":0,"max_hp_loss":0,"event_name":"WeMeetAgain","floor":19,"gold_loss":0}],"is_beta":false,"boss_relics":[{"not_picked":["Empty Cage","Velvet Choker"],"picked":"SlaversCollar"}],"items_purged_floors":[11,21],"is_endless":false,"potions_floor_spawned":[5,6,13],"killed_by":"Centurion and Healer","ascension_level":0}}