{"host":"k2mw1od0xoi9pcfj","time":1611493158,"event":{"mods":["BaseMod","Hermit","Highlight Path","Minty Spire (QoL Compilation)","Permanent Neow","Relic Stats","StSLib"],"gold_per_floor":[117,128,128,138,151,184,184,211,211,211,236,246,246,257,257,356,356,356],"floor_reached":17,"language":"ENG","playtime":875,"items_purged":[],"score":212,"play_id":"d72b14c8-bbf4-4b0f-bf66-7d2d7a8c40ba","local_time":"20210124065918","is_ascension_mode":true,"campfire_choices":[{"data":"Limit Break","floor":7,"key":"SMITH"},{"data":"Flex","floor":10,"key":"SMITH"},{"floor":15,"key":"RECALL"}],"circlet_count":0,"master_deck":["Strike_R","Strike_R","Strike_R","Strike_R","Strike_R","Defend_R","Defend_R","Defend_R","Defend_R","Bash","Limit Break+1","Iron Wave","Flex+1","Clash","Twin Strike","True Grit+1","Heavy Blade","Headbutt","Pommel Strike","Flex","Feed"],"relics":["Burning Blood","Pen Nib","Paper Frog","Kunai","Mercury Hourglass","Black Star"],"acts_visited":["Exordium","TheCity"],"potions_floor_usage":[6,11],"damage_taken":[{"damage":1,"enemies":"Cultist","floor":1,"turns":4},{"damage":8,"enemies":"Jaw Worm","floor":2,"turns":3},{"damage":0,"enemies":"Small Slimes","floor":4,"turns":3},{"damage":12,"enemies":"3 Louse","floor":5,"turns":4},{"damage":19,"enemies":"3 Sentries","floor":6,"turns":7},{"damage":19,"enemies":"Lagavulin","floor":8,"turns":5},{"damage":0,"enemies":"Gremlin Nob","floor":11,"turns":3},{"damage":4,"enemies":"2 Fungi Beasts","floor":12,"turns":2},{"damage":0,"enemies":"Exordium Thugs","floor":14,"turns":3},{"damage":55,"enemies":"Hexaghost","floor":16,"turns":8}],"seed_played":"4413530255390035513","potions_obtained":[{"floor":3,"key":"GamblersBrew"},{"floor":3,"key":"DistilledChaos"},{"floor":3,"key":"Regen Potion"},{"floor":4,"key":"DuplicationPotion"},{"floor":6,"key":"HeartOfIron"},{"floor":14,"key":"DistilledChaos"}],"is_trial":false,"path_per_floor":["M","M","?","M","M","E","R","E","T","R","E","M","?","M","R","B",null],"character_chosen":"IRONCLAD","items_purchased":[],"campfire_rested":0,"item_purchase_floors":[],"current_hp_per_floor":[80,78,78,80,74,61,61,48,48,48,54,56,56,62,62,13,80,80],"gold":356,"neow_bonus":"ONE_RANDOM_RARE_CARD","is_daily":false,"chose_seed":false,"campfire_upgraded":2,"win_rate":0.0,"timestamp":1611493158,"path_taken":["M","M","?","M","M","E","R","E","T","R","E","?","?","M","R","BOSS"],"items_purchased_type":[],"build_version":"2020-12-22","purchased_purges":0,"victory":false,"max_hp_per_floor":[80,80,80,80,80,80,80,80,80,80,80,80,80,80,80,80,80,80],"relic_stats":{"counters":[10,42],"Pen Nib":[4],"Black Star":0,"Kunai":[4],"obtain_stats":[{"Pen Nib":6,"Black Star":17,"Kunai":9,"Burning Blood":0,"Paper Frog":8,"Mercury Hourglass":11},{"Pen Nib":5,"Black Star":10,"Kunai":6,"Burning Blood":0,"Paper Frog":6,"Mercury Hourglass":7},{"Pen Nib":21,"Black Star":42,"Kunai":26,"Burning Blood":0,"Paper Frog":26,"Mercury Hourglass":29}],"Burning Blood":51,"Mercury Hourglass":[42]},"card_choices":[{"not_picked":["Clash","Rupture"],"picked":"Iron Wave","floor":1},{"not_picked":["Battle Trance","Anger"],"picked":"Flex","floor":2},{"not_picked":["Body Slam","Warcry"],"picked":"Clash","floor":4},{"not_picked":["Dark Embrace","Anger"],"picked":"Twin Strike","floor":5},{"not_picked":["Feel No Pain","Bloodletting"],"picked":"True Grit","floor":6},{"not_picked":["Clash","Iron Wave"],"picked":"Heavy Blade","floor":8},{"not_picked":["Bludgeon","Uppercut"],"picked":"Headbutt","floor":11},{"not_picked":["Sever Soul","Warcry"],"picked":"Pommel Strike","floor":12},{"not_picked":["Havoc","Intimidate"],"picked":"Flex","floor":14},{"not_picked":["Limit Break","Exhume"],"picked":"Feed","floor":16}],"player_experience":664780,"relics_obtained":[{"floor":6,"key":"Pen Nib"},{"floor":8,"key":"Paper Frog"},{"floor":9,"key":"Kunai"},{"floor":11,"key":"Mercury Hourglass"}],"event_choices":[{"damage_healed":0,"gold_gain":0,"player_choice":"Got Potions","damage_taken":0,"max_hp_gain":0,"max_hp_loss":0,"event_name":"Lab","floor":3,"gold_loss":0},{"damage_healed":0,"gold_gain":0,"player_choice":"Upgraded","damage_taken":0,"max_hp_gain":0,"max_hp_loss":0,"event_name":"Upgrade Shrine","floor":13,"gold_loss":0,"cards_upgraded":["True Grit"]}],"is_beta":false,"boss_relics":[{"not_picked":["SlaversCollar","Empty Cage"],"picked":"Black Star"}],"items_purged_floors":[],"is_endless":false,"potions_floor_spawned":[4,6,14],"ascension_level":1}}