{"host":"syozzdlzcqop4jia","time":1611531143,"event":{"mods":["BaseMod","Colored Powertips","Minty Spire (QoL Compilation)","Quick Restart"],"gold_per_floor":[110,126,144,48,65,65,65,76,76,76,76,110,135,160,160,272,281,306,306,123,148,73,73,95,129,153,162,162,179,179,192,192,297,297,315,343,193,221,221,221],"floor_reached":39,"language":"ENG","playtime":2872,"items_purged":["Strike_R"],"score":471,"play_id":"8056a287-469d-4614-8b20-60b8df70317d","local_time":"20210125003223","is_ascension_mode":true,"campfire_choices":[{"data":"Seeing Red","floor":6,"key":"SMITH"},{"floor":15,"key":"REST"},{"data":"Bludgeon","floor":23,"key":"SMITH"},{"floor":28,"key":"REST"},{"floor":30,"key":"REST"},{"floor":32,"key":"REST"}],"circlet_count":0,"master_deck":["Strike_R","Strike_R","Strike_R","Strike_R","Defend_R","Defend_R","Defend_R","Defend_R","Bash","Rampage+1","Rage","Rage","Heavy Blade","Seeing Red+1","Pommel Strike","Sword Boomerang","Twin Strike","Cleave","Bludgeon","Bludgeon+1","CurseOfTheBell","Clothesline+1","Ghostly Armor","Cleave","Heavy Blade+1","Seeing Red+1","Inflame+1","Flex+1"],"relics":["Burning Blood","CeramicFish","Bronze Scales","Calling Bell","Ancient Tea Set","Gremlin Horn","Gambling Chip","Pen Nib","Singing Bowl","Art of War","Black Star","Orichalcum"],"acts_visited":["Exordium","TheCity","TheBeyond"],"potions_floor_usage":[2,13,25,33,36],"damage_taken":[{"damage":1,"enemies":"Cultist","floor":1,"turns":3},{"damage":2,"enemies":"Jaw Worm","floor":2,"turns":3},{"damage":11,"enemies":"Small Slimes","floor":3,"turns":4},{"damage":12,"enemies":"Exordium Thugs","floor":5,"turns":5},{"damage":1,"enemies":"2 Fungi Beasts","floor":8,"turns":3},{"damage":18,"enemies":"Lagavulin","floor":12,"turns":5},{"damage":20,"enemies":"Lots of Slimes","floor":13,"turns":4},{"damage":6,"enemies":"Looter","floor":14,"turns":3},{"damage":59,"enemies":"Slime Boss","floor":16,"turns":11},{"damage":5,"enemies":"Spheric Guardian","floor":18,"turns":3},{"damage":16,"enemies":"2 Thieves","floor":21,"turns":4},{"damage":33,"enemies":"Snake Plant","floor":24,"turns":3},{"damage":34,"enemies":"Slavers","floor":25,"turns":4},{"damage":32,"enemies":"Shelled Parasite and Fungi","floor":29,"turns":6},{"damage":0,"enemies":"Centurion and Healer","floor":31,"turns":4},{"damage":132,"enemies":"Automaton","floor":33,"turns":11},{"damage":55,"enemies":"3 Shapes","floor":35,"turns":4},{"damage":13,"enemies":"Orb Walker","floor":36,"turns":3},{"damage":36,"enemies":"Writhing Mass","floor":38,"turns":6},{"damage":30,"enemies":"Jaw Worm Horde","floor":39,"turns":3}],"seed_played":"-8369293285468067816","potions_obtained":[{"floor":0,"key":"EssenceOfSteel"},{"floor":0,"key":"Fruit Juice"},{"floor":0,"key":"FairyPotion"},{"floor":2,"key":"Strength Potion"},{"floor":5,"key":"FairyPotion"},{"floor":16,"key":"Ancient Potion"},{"floor":18,"key":"SteroidPotion"},{"floor":29,"key":"Fire Potion"},{"floor":35,"key":"BloodPotion"},{"floor":36,"key":"ColorlessPotion"}],"is_trial":false,"path_per_floor":["M","M","M","$","M","R","?","M","T","?","?","E","M","M","R","B",null,"M","?","$","M","$","R","M","E","T","?","R","M","R","M","R","B",null,"M","M","$","M","M"],"character_chosen":"IRONCLAD","items_purchased":["Heavy Blade","Seeing Red","Ghostly Armor","Pen Nib","Orichalcum"],"campfire_rested":4,"item_purchase_floors":[4,4,20,20,37],"current_hp_per_floor":[80,85,80,80,74,74,74,79,79,79,71,59,45,45,70,17,85,85,85,85,75,75,75,48,22,22,22,48,24,50,58,85,19,93,46,58,58,28,0,0],"gold":221,"neow_bonus":"THREE_SMALL_POTIONS","is_daily":false,"chose_seed":false,"campfire_upgraded":2,"win_rate":0.0,"timestamp":1611531143,"path_taken":["M","M","?","$","M","R","?","M","T","?","?","E","?","M","R","BOSS","M","?","$","M","$","R","M","E","T","?","R","M","R","?","R","BOSS","M","M","$","M","M"],"items_purchased_type":["Card","Card","Card","Relic","Relic"],"build_version":"2020-12-22","purchased_purges":1,"victory":false,"max_hp_per_floor":[80,85,85,85,85,85,85,85,85,85,85,85,85,85,85,85,85,85,85,85,85,85,85,85,87,87,87,87,89,89,91,91,93,93,95,95,95,95,95,95],"card_choices":[{"not_picked":["Anger","Headbutt"],"picked":"Rampage","floor":1},{"not_picked":["Cleave","Warcry"],"picked":"Rage","floor":2},{"not_picked":["Dark Embrace","Twin Strike"],"picked":"Rage","floor":3},{"not_picked":["Fire Breathing","Headbutt"],"picked":"Pommel Strike","floor":5},{"not_picked":["Ghostly Armor","Havoc"],"picked":"Sword Boomerang","floor":8},{"not_picked":["Sword Boomerang","Clash"],"picked":"Twin Strike","floor":12},{"not_picked":["Battle Trance","Heavy Blade"],"picked":"Cleave","floor":13},{"not_picked":["Wild Strike","Headbutt"],"picked":"Bludgeon","floor":14},{"not_picked":["Corruption","Offering"],"picked":"Bludgeon","floor":16},{"not_picked":["Perfected Strike","Wild Strike"],"picked":"Clothesline+1","floor":18},{"not_picked":["Uppercut","Twin Strike"],"picked":"Cleave","floor":21},{"not_picked":["Cleave","Pommel Strike"],"picked":"Heavy Blade+1","floor":24},{"not_picked":["True Grit","Blood for Blood","Battle Trance+1"],"picked":"Singing Bowl","floor":25},{"not_picked":["Havoc","Burning Pact","Sword Boomerang"],"picked":"Singing Bowl","floor":29},{"not_picked":["Clothesline+1","Disarm","Dropkick"],"picked":"Singing Bowl","floor":31},{"not_picked":["Impervious","Bludgeon","Immolate"],"picked":"Singing Bowl","floor":33},{"not_picked":["Armaments+1","Cleave","Wild Strike+1"],"picked":"Singing Bowl","floor":35},{"not_picked":["Cleave","Metallicize"],"picked":"Inflame+1","floor":36},{"not_picked":["Rampage","Iron Wave"],"picked":"Flex+1","floor":38}],"player_experience":362071,"relics_obtained":[{"floor":9,"key":"CeramicFish"},{"floor":12,"key":"Bronze Scales"},{"floor":17,"key":"Ancient Tea Set"},{"floor":17,"key":"Gremlin Horn"},{"floor":17,"key":"Gambling Chip"},{"floor":25,"key":"Singing Bowl"},{"floor":26,"key":"Art of War"}],"event_choices":[{"damage_healed":0,"gold_gain":0,"player_choice":"Grow","damage_taken":0,"max_hp_gain":0,"max_hp_loss":0,"event_name":"Living Wall","floor":7,"gold_loss":0,"cards_upgraded":["Rampage"]},{"damage_healed":0,"gold_gain":0,"player_choice":"Ignored","damage_taken":0,"max_hp_gain":0,"max_hp_loss":0,"event_name":"Golden Idol","floor":10,"gold_loss":0},{"damage_healed":0,"gold_gain":0,"player_choice":"Damaged","damage_taken":8,"max_hp_gain":0,"max_hp_loss":0,"event_name":"Wheel of Change","floor":11,"gold_loss":0},{"damage_healed":0,"gold_gain":0,"player_choice":"Ignored","damage_taken":0,"max_hp_gain":0,"max_hp_loss":0,"event_name":"Ghosts","floor":19,"gold_loss":0},{"damage_healed":0,"gold_gain":0,"player_choice":"Copied","damage_taken":0,"max_hp_gain":0,"max_hp_loss":0,"event_name":"Duplicator","floor":27,"gold_loss":0,"cards_obtained":["Seeing Red"]}],"is_beta":false,"boss_relics":[{"not_picked":["Tiny House","Coffee Dripper"],"picked":"Calling Bell"},{"not_picked":["Cursed Key","Snecko Eye"],"picked":"Black Star"}],"items_purged_floors":[22],"is_endless":false,"potions_floor_spawned":[2,5,12,16,18,29,35,36],"killed_by":"Jaw Worm Horde","ascension_level":2}}