{"host":"c97twqu0op5dg8i4","time":1611519113,"event":{"mods":["AchievementEnabler","BaseMod","Colored Map","Minty Spire (QoL Compilation)","Permanent Neow"],"gold_per_floor":[166,166,241,241,251,282,282,294,294,2,34,34,52,64,64,162,162,175,175,189,11,11,11,11],"floor_reached":23,"language":"ENG","playtime":727,"items_purged":["Strike_G"],"score":319,"play_id":"90d76a1d-2713-4dfb-9107-8488ff28f43c","local_time":"20210124151153","is_ascension_mode":true,"campfire_choices":[{"data":"Blade Dance","floor":7,"key":"SMITH"},{"floor":12,"key":"REST"},{"floor":15,"key":"REST"}],"circlet_count":0,"master_deck":["Strike_G","Strike_G","Strike_G+1","Strike_G","Defend_G+1","Defend_G","Defend_G","Defend_G","Defend_G","Survivor+1","Neutralize","Catalyst","Escape Plan","Blade Dance+1","Deadly Poison","Deadly Poison","Corpse Explosion","Slice","Calculated Gamble","Accuracy","Blade Dance"],"relics":["Tiny House","Mango","Singing Bowl","Akabeko","Shuriken","Omamori","Black Star"],"acts_visited":["Exordium","TheCity"],"potions_floor_usage":[6,6,13,23],"damage_taken":[{"damage":1,"enemies":"2 Louse","floor":1,"turns":5},{"damage":5,"enemies":"Jaw Worm","floor":5,"turns":5},{"damage":8,"enemies":"Lagavulin","floor":6,"turns":6},{"damage":5,"enemies":"Small Slimes","floor":8,"turns":2},{"damage":20,"enemies":"3 Sentries","floor":11,"turns":9},{"damage":6,"enemies":"Red Slaver","floor":13,"turns":3},{"damage":15,"enemies":"3 Louse","floor":14,"turns":4},{"damage":32,"enemies":"The Guardian","floor":16,"turns":9},{"damage":24,"enemies":"Shell Parasite","floor":18,"turns":3},{"damage":12,"enemies":"Chosen","floor":20,"turns":5},{"damage":54,"enemies":"Gremlin Leader","floor":23,"turns":5}],"seed_played":"4365928025171578302","potions_obtained":[{"floor":0,"key":"PowerPotion"},{"floor":1,"key":"DistilledChaos"},{"floor":6,"key":"Dexterity Potion"},{"floor":13,"key":"Fruit Juice"}],"is_trial":false,"path_per_floor":["M","?","?","T","M","E","R","M","T","$","E","R","M","M","R","B",null,"M","?","M","$","?","E"],"character_chosen":"THE_SILENT","items_purchased":["Deadly Poison","Shuriken","Accuracy","Blade Dance"],"campfire_rested":2,"item_purchase_floors":[10,10,21,21],"current_hp_per_floor":[67,52,41,55,50,44,44,39,39,39,21,48,49,34,64,32,83,59,64,52,52,52,0,0],"gold":11,"neow_bonus":"BOSS_RELIC","is_daily":false,"chose_seed":false,"campfire_upgraded":1,"win_rate":0.0,"timestamp":1611519113,"path_taken":["M","?","?","?","M","E","R","M","T","$","E","R","M","M","R","BOSS","M","?","?","$","?","E"],"items_purchased_type":["Card","Relic","Card","Card"],"build_version":"2020-12-22","purchased_purges":1,"victory":false,"max_hp_per_floor":[75,75,75,89,89,91,91,91,91,91,93,93,100,100,100,100,100,100,100,100,100,100,100,100],"card_choices":[{"not_picked":["Endless Agony","Dagger Spray"],"picked":"Catalyst","floor":0},{"not_picked":["Well Laid Plans","Flechettes"],"picked":"Escape Plan","floor":1},{"not_picked":["Bane","Dodge and Roll"],"picked":"Blade Dance","floor":5},{"not_picked":["Heel Hook","Underhanded Strike","Outmaneuver"],"picked":"Singing Bowl","floor":6},{"not_picked":["Sucker Punch","Backflip"],"picked":"Deadly Poison","floor":8},{"not_picked":["Well Laid Plans","Heel Hook","Dodge and Roll"],"picked":"Singing Bowl","floor":11},{"not_picked":["Dagger Throw","Sucker Punch","Distraction"],"picked":"Singing Bowl","floor":13},{"not_picked":["Deadly Poison","Dagger Throw"],"picked":"Slice","floor":14},{"not_picked":["Venomology","Night Terror"],"picked":"Corpse Explosion","floor":16},{"not_picked":["Outmaneuver","Quick Slash+1"],"picked":"Slice","floor":18},{"not_picked":["Underhanded Strike+1","Deflect"],"picked":"Calculated Gamble","floor":20}],"player_experience":298301,"relics_obtained":[{"floor":4,"key":"Mango"},{"floor":6,"key":"Singing Bowl"},{"floor":9,"key":"Akabeko"},{"floor":11,"key":"Omamori"}],"event_choices":[{"damage_healed":0,"gold_gain":0,"player_choice":"Entered Light","damage_taken":15,"max_hp_gain":0,"max_hp_loss":0,"event_name":"Shining Light","floor":2,"gold_loss":0,"cards_upgraded":["Strike_G","Defend_G"]},{"damage_healed":0,"gold_gain":75,"player_choice":"Gather Gold","damage_taken":11,"max_hp_gain":0,"max_hp_loss":0,"event_name":"World of Goop","floor":3,"gold_loss":0},{"cards_removed":["Slice"],"damage_healed":5,"gold_gain":0,"player_choice":"Offered Common","damage_taken":0,"max_hp_gain":0,"max_hp_loss":0,"event_name":"Bonfire Elementals","floor":19,"gold_loss":0},{"cards_removed":["Slice"],"damage_healed":5,"gold_gain":0,"player_choice":"Offered Special","damage_taken":0,"max_hp_gain":0,"max_hp_loss":0,"event_name":"Bonfire Elementals","floor":19,"gold_loss":0},{"damage_healed":0,"gold_gain":0,"player_choice":"Smashed Altar","damage_taken":0,"max_hp_gain":0,"max_hp_loss":0,"event_name":"Forgotten Altar","floor":22,"gold_loss":0,"cards_obtained":["Decay"]}],"is_beta":false,"boss_relics":[{"not_picked":["Runic Pyramid","HoveringKite"],"picked":"Black Star"}],"items_purged_floors":[21],"is_endless":false,"potions_floor_spawned":[1,6,13],"killed_by":"Gremlin Leader","ascension_level":7}}