{"host":"uoq8e77duj6rs50g","time":1611528894,"event":{"mods":["BaseMod","Better Altar","Better Match","Better Note","Better Sensory Stone","Better Skull","Better Third Choice","BetterRewards","Block Reminder","ChefMod","Curses Come First","Hermit","Hubris","Ironclad Rager","Minty Spire (QoL Compilation)","Relic Stats","Replay The Spire","Shade Mod","StSLib","The Blue Laboratory","The Cursed","The Dragon Tamer","The Exalted","The Judge","The Marked","The Runesmith","The Servant 0.9.4","TheSwordswoman","Uncapped","WarShipGirlsR/????R mod"],"gold_per_floor":[111,125,143,143,160,42,73,73,73,99,115,149,149,162,162,259,259,271,285,285,201,216,216,216,242,290,322,322,322,26,44,44,146,246,261,280,280,297,297,297,297,309,309,309,309,323,323,323],"floor_reached":47,"language":"ENG","playtime":3747,"items_purged":[],"score":685,"play_id":"f1f17b5a-c7d2-40a8-9165-cb1febb33777","local_time":"20210124175454","is_ascension_mode":false,"campfire_choices":[{"floor":8.0,"key":"REST"},{"floor":13.0,"key":"REST"},{"floor":15.0,"key":"REST"},{"floor":23.0,"key":"RECALL"},{"floor":28.0,"key":"REST"},{"floor":32.0,"key":"REST"},{"floor":40.0,"key":"REST"},{"floor":45.0,"key":"REST"}],"circlet_count":0,"master_deck":["theMarked:Strike","theMarked:Strike+1","theMarked:Strike","theMarked:Strike+1","theMarked:Defend","theMarked:Defend+1","theMarked:Defend+1","theMarked:Defend+1","theMarked:SoldierOfQuellstein","theMarked:EmpowerWeapon","theMarked:Polarize","theMarked:HeightenedSenses","LessonLearned+1","theMarked:StartUp","theMarked:MagusForm","theMarked:ElectricStrings","theMarked:MysticalArsenal","theMarked:WardOff","theMarked:EmpowerWeapon","theMarked:Static","theMarked:Improvise","theMarked:ChannelForce","theMarked:GodGivenPower","theMarked:AttractMetal","theMarked:Aftermath","theMarked:OneWithTheBlade","theMarked:Overcharge+1","theMarked:Friction","theMarked:SwordAndMagic","theMarked:EnhanceMovement","theMarked:Abjuration","theMarked:Convert+1","theMarked:Challenge","theMarked:WardOff","theMarked:ChainLightning+1","theMarked:Electrify","theMarked:SelfDefenseTraining+1","theMarked:Vacuum+1","theMarked:LightningStrikesTwice+1","theMarked:Convert","theMarked:StartUp+1"],"relics":["theMarked:ArtifactOfAir","NeowsBlessing","Replay:Wax Seal","Bromod:ArcaneGuardian","Blue Candle","Bromod:ArcaneConsequence","StrikeDummy","Replay:Grab Bag","hubris:RunicObelisk","Fusion Hammer","hubris:ScarierMask","hubris:Icosahedron","Replay:Kaleidoscope","Toy Ornithopter","hubris:Reverence","Strawberry","Replay:Wanted Poster","hubris:GlazedTorus"],"acts_visited":["Exordium","TheCity","TheBeyond"],"potions_floor_usage":[],"damage_taken":[{"damage":0.0,"enemies":"Cultist","floor":1.0,"turns":1.0},{"damage":0.0,"enemies":"Jaw Worm","floor":2.0,"turns":1.0},{"damage":0.0,"enemies":"2 Louse","floor":3.0,"turns":2.0},{"damage":4.0,"enemies":"2 Fungi Beasts","floor":5.0,"turns":4.0},{"damage":22.0,"enemies":"Lagavulin","floor":7.0,"turns":9.0},{"damage":12.0,"enemies":"Gremlin Nob","floor":10.0,"turns":4.0},{"damage":2.0,"enemies":"Gremlin Gang","floor":11.0,"turns":6.0},{"damage":25.0,"enemies":"Lagavulin","floor":12.0,"turns":8.0},{"damage":2.0,"enemies":"Looter","floor":14.0,"turns":2.0},{"damage":42.0,"enemies":"Hexaghost","floor":16.0,"turns":11.0},{"damage":6.0,"enemies":"Shell Parasite","floor":18.0,"turns":5.0},{"damage":0.0,"enemies":"3 Byrds","floor":19.0,"turns":5.0},{"damage":0.0,"enemies":"3 Cultists","floor":22.0,"turns":4.0},{"damage":16.0,"enemies":"Slavers","floor":25.0,"turns":5.0},{"damage":0.0,"enemies":"Gremlin Leader","floor":27.0,"turns":6.0},{"damage":0.0,"enemies":"Centurion and Healer","floor":31.0,"turns":2.0},{"damage":65.0,"enemies":"Pondfish","floor":33.0,"turns":11.0},{"damage":10.0,"enemies":"Orb Walker","floor":35.0,"turns":4.0},{"damage":7.0,"enemies":"3 Shapes","floor":36.0,"turns":4.0},{"damage":40.0,"enemies":"Maw","floor":38.0,"turns":8.0},{"damage":38.0,"enemies":"Spire Growth","floor":42.0,"turns":5.0},{"damage":17.0,"enemies":"4 Shapes","floor":46.0,"turns":5.0},{"damage":10,"enemies":"Maw","floor":47,"turns":1}],"seed_played":"-5082198684593456989","potions_obtained":[{"floor":2.0,"key":"BlessingOfTheForge"},{"floor":7.0,"key":"ColorlessPotion"},{"floor":11.0,"key":"blueLaboratory:Moonshine"},{"floor":12.0,"key":"AttackPotion"},{"floor":18.0,"key":"Elixir"},{"floor":19.0,"key":"blueLaboratory:TrueEctoplasm"},{"floor":22.0,"key":"FearPotion"},{"floor":46.0,"key":"theMarked:ChargePotion"}],"is_trial":false,"path_per_floor":["M","M","M","?","M","$","E","R","T","E","M","E","R","M","R","B",null,"M","M","?","$","M","R","?","E","T","E","R","?","$","M","R","B",null,"M","M","$","M","?","R","?","M","T","?","R","M","M"],"character_chosen":"THE_DEFAULT","items_purchased":["theMarked:MagusForm","theMarked:ElectricStrings","theMarked:Aftermath","theMarked:OneWithTheBlade","theMarked:Abjuration","Strawberry"],"campfire_rested":7,"item_purchase_floors":[6,6,21,21,30,30],"current_hp_per_floor":[70,70,70,62,58,58,36,57,57,45,43,18,39,37,58,16,70,64,64,64,64,64,64,64,54,54,54,70,42,49,49,72,7,77,67,60,60,20,20,43,43,5,5,5,26,9,0,0],"gold":323,"neow_bonus":"THREE_ENEMY_KILL","is_daily":false,"chose_seed":false,"campfire_upgraded":0,"win_rate":0.0,"timestamp":1611528894,"path_taken":["M","?","?","?","M","$","E","R","T","E","M","E","R","M","R","BOSS","M","M","?","$","M","R","?","E","T","E","R","?","$","M","R","BOSS","M","M","$","M","?","R","?","M","T","?","R","M","M"],"items_purchased_type":["Card","Card","Card","Card","Card","Relic"],"build_version":"2020-12-22","purchased_purges":0,"victory":false,"max_hp_per_floor":[70,70,70,70,70,70,70,70,70,70,70,70,70,70,70,70,70,70,70,70,70,70,70,70,70,70,70,70,70,77,77,77,77,77,77,77,77,77,77,77,73,73,73,73,73,73,73,73],"relic_stats":{"counters":[23,113],"Blue Candle":[0],"obtain_stats":[{"NeowsBlessing":0,"Blue Candle":9,"Replay:Grab Bag":17,"Replay:Kaleidoscope":25,"hubris:RunicObelisk":17,"Bromod:ArcaneConsequence":10,"Replay:Wanted Poster":34,"theMarked:ArtifactOfAir":0,"hubris:Icosahedron":24,"Strawberry":30,"hubris:ScarierMask":17,"Fusion Hammer":17,"Replay:Wax Seal":4,"StrikeDummy":12,"Bromod:ArcaneGuardian":7,"Toy Ornithopter":27,"hubris:Reverence":29,"hubris:GlazedTorus":43},{"NeowsBlessing":0,"Blue Candle":5,"Replay:Grab Bag":10,"Replay:Kaleidoscope":14,"hubris:RunicObelisk":10,"Bromod:ArcaneConsequence":6,"Replay:Wanted Poster":17,"theMarked:ArtifactOfAir":0,"hubris:Icosahedron":13,"Strawberry":15,"hubris:ScarierMask":10,"Fusion Hammer":10,"Replay:Wax Seal":3,"StrikeDummy":8,"Bromod:ArcaneGuardian":5,"Toy Ornithopter":15,"hubris:Reverence":15,"hubris:GlazedTorus":21},{"NeowsBlessing":0,"Blue Candle":17,"Replay:Grab Bag":48,"Replay:Kaleidoscope":67,"hubris:RunicObelisk":48,"Bromod:ArcaneConsequence":21,"Replay:Wanted Poster":86,"theMarked:ArtifactOfAir":0,"hubris:Icosahedron":62,"Strawberry":73,"hubris:ScarierMask":48,"Fusion Hammer":48,"Replay:Wax Seal":4,"StrikeDummy":35,"Bromod:ArcaneGuardian":17,"Toy Ornithopter":73,"hubris:Reverence":73,"hubris:GlazedTorus":107}],"Toy Ornithopter":0},"card_choices":[{"not_picked":["theMarked:Parkour","theMarked:SwordAndMagic"],"picked":"theMarked:EmpowerWeapon","floor":1.0},{"not_picked":["theMarked:Pokerface","theMarked:EmpowerWeapon"],"picked":"theMarked:Polarize","floor":2.0},{"not_picked":["theMarked:TwofoldDefense","theMarked:TakeCover"],"picked":"theMarked:HeightenedSenses","floor":3.0},{"not_picked":["theMarked:RepellingDischarge","theMarked:Parkour"],"picked":"theMarked:StartUp","floor":5.0},{"not_picked":["theMarked:WastefulAttack","theMarked:Parry"],"picked":"theMarked:MysticalArsenal","floor":7.0},{"not_picked":["theMarked:ShockingTouch","theMarked:Static"],"picked":"theMarked:WardOff","floor":10.0},{"not_picked":["theMarked:Seal","theMarked:MysticalArsenal"],"picked":"theMarked:EmpowerWeapon","floor":11.0},{"not_picked":["theMarked:BanishingStrike","theMarked:TakeCover"],"picked":"theMarked:Static","floor":12.0},{"not_picked":["theMarked:Levitate","theMarked:WastefulAttack"],"picked":"theMarked:Improvise","floor":14.0},{"not_picked":["theMarked:DispelDoubt","theMarked:ThrowWeapon"],"picked":"theMarked:ChannelForce","floor":16.0},{"not_picked":["theMarked:Electrify","theMarked:ResourceFulStrike"],"picked":"theMarked:GodGivenPower","floor":18.0},{"not_picked":["theMarked:Aftermath+1","theMarked:Convert"],"picked":"theMarked:AttractMetal","floor":19.0},{"not_picked":["theMarked:WardOff","theMarked:Memento"],"picked":"theMarked:Overcharge+1","floor":22.0},{"not_picked":["theMarked:WastefulAttack","theMarked:TakeCover+1"],"picked":"theMarked:Friction","floor":25.0},{"not_picked":["theMarked:Levitate","theMarked:ResourceFulStrike+1"],"picked":"theMarked:SwordAndMagic","floor":27.0},{"not_picked":["theMarked:EmpowerWeapon+1","theMarked:Improvise"],"picked":"theMarked:EnhanceMovement","floor":29.0},{"not_picked":["theMarked:CreepingChasm","theMarked:Frustration"],"picked":"theMarked:Convert+1","floor":31.0},{"not_picked":["theMarked:ThrowWeapon","theMarked:TurnInvisible"],"picked":"theMarked:Challenge","floor":33.0},{"not_picked":["theMarked:ShockingTouch+1","theMarked:Overthink"],"picked":"theMarked:WardOff","floor":35.0},{"not_picked":["theMarked:TunnelVision","theMarked:Reabsorb"],"picked":"theMarked:ChainLightning+1","floor":36.0},{"not_picked":["theMarked:Seal","theMarked:Polarize+1"],"picked":"theMarked:Electrify","floor":38.0},{"not_picked":["theMarked:ComboAttacks+1","theMarked:Overthink+1"],"picked":"theMarked:SelfDefenseTraining+1","floor":39.0},{"not_picked":["theMarked:Levitate+1","theMarked:UnarmedFury+1"],"picked":"theMarked:Vacuum+1","floor":39.0},{"not_picked":["theMarked:Convert","theMarked:TwofoldDefense"],"picked":"theMarked:LightningStrikesTwice+1","floor":42.0},{"not_picked":["theMarked:TunnelVision","theMarked:ElectricStrings+1"],"picked":"theMarked:StartUp+1","floor":46.0}],"player_experience":427057,"relics_obtained":[{"floor":7.0,"key":"Bromod:ArcaneGuardian"},{"floor":9.0,"key":"Blue Candle"},{"floor":10.0,"key":"Bromod:ArcaneConsequence"},{"floor":12.0,"key":"StrikeDummy"},{"floor":25.0,"key":"Replay:Kaleidoscope"},{"floor":27.0,"key":"Toy Ornithopter"},{"floor":29.0,"key":"hubris:Reverence"},{"floor":43.0,"key":"hubris:GlazedTorus"}],"event_choices":[{"damage_healed":0.0,"max_hp_gain":0.0,"max_hp_loss":0.0,"gold_gain":0.0,"event_name":"betterNote:BetterNote","player_choice":"Ignored","floor":20.0,"gold_loss":0.0,"damage_taken":0.0,"cards_obtained":["TheCursedMod:Strike_TheCursed"]},{"damage_healed":0.0,"max_hp_gain":0.0,"max_hp_loss":0.0,"gold_gain":0.0,"event_name":"betterMatch:BetterMatch","player_choice":"2","floor":39.0,"gold_loss":0.0,"damage_taken":0.0,"cards_obtained":["betterMatch:UncommonCard","betterMatch:RareCard"]},{"damage_healed":0.0,"max_hp_gain":0.0,"max_hp_loss":4.0,"gold_gain":0.0,"event_name":"Winding Halls","player_choice":"Max HP","floor":41.0,"gold_loss":0.0,"damage_taken":0.0},{"damage_healed":0.0,"max_hp_gain":0.0,"max_hp_loss":0.0,"gold_gain":0.0,"cards_transformed":["theMarked:Strike"],"event_name":"Transmorgrifier","player_choice":"Transformed","floor":44.0,"gold_loss":0.0,"damage_taken":0.0,"cards_obtained":["theMarked:Convert"]}],"is_beta":false,"boss_relics":[{"not_picked":["SacredBark","Kintsugi"],"picked":"Replay:Grab Bag"},{"not_picked":["Coffee Dripper","hubris:GrandSneckoEye"],"picked":"hubris:RunicObelisk"},{"not_picked":["Abe\u0027s Treasure","hubris:CrackedHourglass"],"picked":"Fusion Hammer"},{"not_picked":["hubris:Stopwatch","hubris:BlackHole"],"picked":"hubris:ScarierMask"},{"not_picked":["theMarked:BronzeBlade","Ring of Chaos"],"picked":"Replay:Wanted Poster"}],"items_purged_floors":[],"is_endless":false,"potions_floor_spawned":[2,7,11,12,18,19,22,42,46],"killed_by":"Maw","ascension_level":0}}