{"host":"pl1fbpkom0aq337f","time":1611506082,"event":{"mods":["AchievementEnabler","BaseMod","Colored Map","Downfall","Minty Spire (QoL Compilation)","StSLib","The Servant 0.9.4"],"gold_per_floor":[99,116,132,152,77,27,97,97,109,139,170,20,36,55,55,66,165,165,115,25,45,45,30,42,42,42,59,9,23,38,38,14,33,62,77,182,182,132,143,143,18,18,18,45,45,45,72,122,72,103,53,66,81,81],"floor_reached":55,"language":"ENG","playtime":3325,"items_purged":["downfall:Malfunctioning","Slimebound:Tackle","Slimebound:Strike_Slimebound"],"score":751,"play_id":"80764e43-21d2-4d99-a819-d34a1994c90f","local_time":"20210124173442","is_ascension_mode":false,"campfire_choices":[{"data":"Slimebound:CorrosiveSpit","floor":1.0,"key":"SMITH"},{"floor":6.0,"key":"RECALL"},{"data":"Slimebound:MinionMaster","floor":12.0,"key":"SMITH"},{"data":"Slimebound:FirmFortitude","floor":19.0,"key":"SMITH"},{"data":"Slimebound:SlimeBarrage","floor":25.0,"key":"SMITH"},{"data":"Slimebound:FirmFortitude","floor":28.0,"key":"SMITH"},{"data":"Slimebound:Repurpose","floor":31.0,"key":"SMITH"},{"data":"Slimebound:SelfFormingGoo","floor":38.0,"key":"SMITH"},{"data":"expansioncontent:YouAreMine","floor":46,"key":"SMITH"},{"data":"expansioncontent:AwakenDeath","floor":49,"key":"SMITH"},{"floor":51,"key":"REST"}],"circlet_count":0,"master_deck":["Slimebound:Strike_Slimebound","Slimebound:Strike_Slimebound","Slimebound:Defend_Slimebound","Slimebound:Defend_Slimebound","Slimebound:Defend_Slimebound","Slimebound:Defend_Slimebound+1","Slimebound:Split+1","Slimebound:CorrosiveSpit+1","Slimebound:ForwardTackle","Slimebound:LeechEnergy","Slimebound:MinionMaster+1","Slimebound:SplitBruiser","Slimebound:GoopSpray+1","Slimebound:FirmFortitude+1","Slimebound:SlimeBarrage+1","Slimebound:FirmFortitude+1","Slimebound:SlimeTap","Slimebound:Prepare+1","Slimebound:LeadByExample+1","Slimebound:SplitMire+1","Slimebound:Repurpose+1","Slimebound:MinionMaster","Slimebound:SlimeBrawl","Slimebound:SelfFormingGoo+1","expansioncontent:AwakenDeath","expansioncontent:AwakenDeath+1","expansioncontent:YouAreMine+1"],"relics":["Slimebound:AbsorbEndCombat","Unceasing Top","Slimebound:GreedOozeRelic","Matryoshka","Regal Pillow","CaptainsWheel","Pocketwatch","downfall:HeartBlessingRed","Velvet Choker","CultistMask","Darkstone Periapt","Pantograph","Bottled Lightning","Bronze Scales","Snecko Eye","Meat on the Bone","Singing Bowl","Torii","Sundial"],"acts_visited":["Exordium","TheCity","TheBeyond"],"potions_floor_usage":[43],"damage_taken":[{"damage":1.0,"enemies":"Jaw Worm","floor":2.0,"turns":4.0},{"damage":2.0,"enemies":"2 Louse","floor":3.0,"turns":3.0},{"damage":5.0,"enemies":"Small Slimes","floor":4.0,"turns":3.0},{"damage":12.0,"enemies":"Exordium Thugs","floor":9.0,"turns":4.0},{"damage":16.0,"enemies":"Lagavulin","floor":11.0,"turns":5.0},{"damage":6.0,"enemies":"2 Fungi Beasts","floor":13.0,"turns":3.0},{"damage":0.0,"enemies":"3 Louse","floor":14.0,"turns":2.0},{"damage":0.0,"enemies":"Large Slime","floor":16.0,"turns":4.0},{"damage":7.0,"enemies":"SI_SHIV_ARCHETYPE","floor":17.0,"turns":6.0},{"damage":3.0,"enemies":"downfall:FleeingMerchant","floor":20.0,"turns":4.0},{"damage":5.0,"enemies":"Chosen","floor":21.0,"turns":4.0},{"damage":0.0,"enemies":"downfall:FleeingMerchant","floor":23.0,"turns":4.0},{"damage":0.0,"enemies":"Snecko","floor":24.0,"turns":4.0},{"damage":6.0,"enemies":"Snake Plant","floor":27.0,"turns":3.0},{"damage":5.0,"enemies":"Cultist and Chosen","floor":29.0,"turns":3.0},{"damage":21.0,"enemies":"Shelled Parasite and Fungi","floor":30.0,"turns":4.0},{"damage":0.0,"enemies":"downfall:FleeingMerchant","floor":32.0,"turns":1.0},{"damage":10.0,"enemies":"Snecko","floor":33.0,"turns":3.0},{"damage":15.0,"enemies":"Gremlin Leader","floor":34.0,"turns":3.0},{"damage":0.0,"enemies":"Cultist and Chosen","floor":35.0,"turns":3.0},{"damage":39.0,"enemies":"IC_MUSHROOM_ARCHETYPE","floor":36.0,"turns":5.0},{"damage":15.0,"enemies":"Orb Walker","floor":39.0,"turns":3.0},{"damage":3.0,"enemies":"3 Darklings","floor":40.0,"turns":2.0},{"damage":0,"enemies":"3 Darklings","floor":43,"turns":4},{"damage":75,"enemies":"Giant Head","floor":47,"turns":8},{"damage":0,"enemies":"Giant Head","floor":48,"turns":3},{"damage":112,"enemies":"Reptomancer","floor":50,"turns":5},{"damage":0,"enemies":"4 Shapes","floor":52,"turns":3},{"damage":4,"enemies":"Maw","floor":53,"turns":4},{"damage":41,"enemies":"WA_ARCHETYPE_DIVINITY","floor":54,"turns":7}],"seed_played":"-1535460815675708922","potions_obtained":[{"floor":3.0,"key":"Ancient Potion"},{"floor":13.0,"key":"DistilledChaos"},{"floor":14.0,"key":"sneckomod:MuddlingPotion"},{"floor":24.0,"key":"EssenceOfSteel"},{"floor":33.0,"key":"SmokeBomb"},{"floor":34.0,"key":"Slimebound:SlimedPotion"},{"floor":50,"key":"Weak Potion"},{"floor":52,"key":"SkillPotion"}],"is_trial":false,"path_per_floor":["R","M","M","M","?","R","T","T","M","?","E","R","M","M","?","M","B",null,"R","$","M","?","$","M","R","T","M","R","M","M","R","$","M","E","M","B",null,"R","M","M","$","?","?","T","T","R","E","?","R","E","R","M","M","B",null],"character_chosen":"SLIMEBOUND","items_purchased":["Bottled Lightning"],"campfire_rested":1,"item_purchase_floors":[32],"current_hp_per_floor":[47,50,50,49,49,49,49,49,39,39,29,29,27,29,29,33,34,65,65,64,63,63,65,65,65,65,62,62,59,42,42,42,36,25,29,19,65,65,50,49,49,39,45,45,45,45,42,69,69,36,71,73,74,48],"gold":81,"neow_bonus":"ONE_RARE_RELIC","is_daily":false,"chose_seed":false,"campfire_upgraded":9,"win_rate":0.0,"timestamp":1611506082,"path_taken":["R","M","M","M","?","R","T","T","M","?","E","R","?","M","?","M","BOSS","R","$","M","?","$","?","R","T","M","R","M","M","R","$","M","E","M","BOSS","R","M","M","$","?","?","T","T","R","E","?","R","E","R","M","M","BOSS"],"items_purchased_type":["Relic"],"build_version":"2020-12-22","purchased_purges":3,"victory":true,"max_hp_per_floor":[65,65,65,65,65,65,65,65,65,65,65,65,65,65,65,65,65,65,65,65,65,65,65,65,65,65,65,65,65,65,65,65,65,65,65,65,65,65,65,65,65,65,65,65,65,65,67,69,69,71,71,73,75,75],"card_choices":[{"not_picked":["Slimebound:Schlurp","Slimebound:Prepare"],"picked":"Slimebound:ForwardTackle","floor":2.0},{"not_picked":["Slimebound:ItLooksTasty","Slimebound:AcidTongue"],"picked":"Slimebound:LeechEnergy","floor":3.0},{"not_picked":["Slimebound:ProtectTheBoss","Slimebound:Prepare"],"picked":"Slimebound:MinionMaster","floor":4.0},{"not_picked":["Slimebound:GoopSpray","Slimebound:Prepare"],"picked":"Slimebound:SplitBruiser","floor":9.0},{"not_picked":["Slimebound:Schlurp","Slimebound:LeechingTouch"],"picked":"Slimebound:GoopSpray","floor":11.0},{"not_picked":["Slimebound:LeechingTouch","Slimebound:TongueLash"],"picked":"Slimebound:FirmFortitude","floor":13.0},{"not_picked":["Slimebound:SlimeSpikes","Slimebound:LevelUp"],"picked":"Slimebound:SlimeBarrage","floor":14.0},{"not_picked":["Slimebound:Grow","Slimebound:LivingWall","Slimebound:Replication"],"picked":"SKIP","floor":16.0},{"not_picked":["Slimebound:OneTwoCombo","Slimebound:WasteNot"],"picked":"Slimebound:FirmFortitude","floor":17.0},{"not_picked":["Slimebound:SamplingLick","Slimebound:LeechingTouch","Slimebound:ComboTackle"],"picked":"SKIP","floor":20.0},{"not_picked":["Slimebound:ItLooksTasty+1","Slimebound:LivingWall"],"picked":"Slimebound:SlimeTap","floor":21.0},{"not_picked":["Slimebound:FinishingTackle","Slimebound:RainOfGoop+1"],"picked":"Slimebound:Prepare+1","floor":23.0},{"not_picked":["Slimebound:SplitMire","Slimebound:ComboTackle"],"picked":"Slimebound:LeadByExample+1","floor":24.0},{"not_picked":["Slimebound:SamplingLick","Slimebound:DisruptingSlam"],"picked":"Slimebound:SplitMire+1","floor":27.0},{"not_picked":["Slimebound:Nibble","Slimebound:SlimeBrawl"],"picked":"Slimebound:Repurpose","floor":29.0},{"not_picked":["Slimebound:SlimeSpikes","Slimebound:Schlurp","Slimebound:FlameTackle"],"picked":"SKIP","floor":30.0},{"not_picked":["Slimebound:SplitAcid","Slimebound:GoopTackle"],"picked":"Slimebound:MinionMaster","floor":32.0},{"not_picked":["Slimebound:GrowthPunch","Slimebound:LivingWall","Slimebound:GoopTackle"],"picked":"SKIP","floor":33.0},{"not_picked":["Slimebound:SplitLeeching","Slimebound:LeechingTouch"],"picked":"Slimebound:SlimeBrawl","floor":34.0},{"not_picked":["Slimebound:PressTheAttack","Slimebound:LeechingTouch","Slimebound:SlimeBrawl"],"picked":"SKIP","floor":35.0},{"not_picked":["Slimebound:OozeBath","Slimebound:DouseInSlime"],"picked":"Slimebound:SelfFormingGoo","floor":36.0},{"not_picked":["Slimebound:LeechEnergy","Slimebound:FlameTackle","Slimebound:ForwardTackle"],"picked":"SKIP","floor":39.0},{"not_picked":["expansioncontent:YouAreMine","expansioncontent:LastStand"],"picked":"expansioncontent:AwakenDeath","floor":42.0},{"not_picked":["expansioncontent:YouAreMine","expansioncontent:LastStand"],"picked":"expansioncontent:AwakenDeath","floor":42.0},{"not_picked":["expansioncontent:Hexaburn","expansioncontent:GuardianWhirl"],"picked":"expansioncontent:YouAreMine","floor":42.0},{"not_picked":["Slimebound:SamplingLick","Slimebound:ProtectTheBoss","Slimebound:RollThrough+1"],"picked":"Singing Bowl","floor":47},{"not_picked":["Slimebound:LivingWall+1","Slimebound:LeechingTouch+1","Slimebound:BestDefense"],"picked":"Singing Bowl","floor":48},{"not_picked":["Slimebound:SplitAcid","Slimebound:MegaLick+1","Slimebound:SlimeSpikes+1"],"picked":"Singing Bowl","floor":50},{"not_picked":["Slimebound:HauntingLick+1","Slimebound:ItLooksTasty","Slimebound:ComboTackle"],"picked":"Singing Bowl","floor":52},{"not_picked":["Slimebound:SpikyOuterGoop","Slimebound:SlimeSpikes","Slimebound:SamplingLick+1"],"picked":"Singing Bowl","floor":53}],"player_experience":484645,"relics_obtained":[{"floor":7.0,"key":"Matryoshka"},{"floor":8.0,"key":"Regal Pillow"},{"floor":8.0,"key":"CaptainsWheel"},{"floor":11.0,"key":"Pocketwatch"},{"floor":26.0,"key":"Darkstone Periapt"},{"floor":26.0,"key":"Pantograph"},{"floor":34.0,"key":"Bronze Scales"},{"floor":45,"key":"Meat on the Bone"},{"floor":47,"key":"Singing Bowl"},{"floor":48,"key":"Torii"},{"floor":50,"key":"Sundial"}],"event_choices":[{"damage_healed":0.0,"max_hp_gain":0.0,"max_hp_loss":0.0,"gold_gain":0.0,"event_name":"FaceTrader","player_choice":"Trade","floor":22.0,"gold_loss":0.0,"damage_taken":0.0,"relics_obtained":["CultistMask"]}],"is_beta":false,"boss_relics":[{"not_picked":["Empty Cage","Sozu"],"picked":"Velvet Choker"},{"not_picked":["SlaversCollar","Black Star"],"picked":"Snecko Eye"}],"items_purged_floors":[20,32,41],"is_endless":false,"potions_floor_spawned":[3,13,14,21,24,33,34,35,50,52,53],"ascension_level":0}}