{"host":"ucdtmwoyjdi175gg","time":1611461761,"event":{"mods":["2.2 Compatiblity","Act Like it!","Aspiration","BaseMod","Beaked The Cultist","Bestiary","Better Third Choice","CapriCore","Chen","Ekko","Filter the Spire","Friendly Minions","Gensokyo","Halation","Hermit","HololiveMod","KinomotoSakuraMod(????)","Koishi","Lobotomy","Luminous","Marisa????????","Marked Mod","Minty Spire (QoL Compilation)","Nova Terra(??·??)","Quick Restart","Relic Stats","Remilia??????","Replay The Spire","Somnambulant","StSLib","Td1madao Mod","The Administrix","The Bug Knight","The Fake Hero","The Hierophant","The Immortal","The Jungle","The Marked","The Servant 0.9.4","TheSwordswoman","Yuyuko","??????REMEMod"],"gold_per_floor":[118,128,128,128,128,128,139,171,221,149,165,230,230,243,243,347,347,364,364,46,41,60,60,87,87,87,87,120,140,140,140,140,240,240,305,245,245,305,148,229,229,278,325,325,393,508,547,160,160,223,223,223,34,97,119,119,119],"floor_reached":55,"language":"ENG","playtime":12302,"items_purged":[],"score":863,"play_id":"fd4975d8-6861-48c4-bf25-2794becb6141","local_time":"20210123221601","is_ascension_mode":false,"campfire_choices":[{"data":"MokouMod:Ventilation","floor":6.0,"key":"SMITH"},{"floor":15.0,"key":"REST"},{"floor":23,"key":"REST"},{"floor":25,"key":"REST"},{"floor":30,"key":"REST"},{"floor":32,"key":"RECALL"},{"floor":41,"key":"REST"},{"data":"MokouMod:RisingSunBarrier","floor":44,"key":"SMITH"},{"floor":49,"key":"DIG"},{"data":"REME_BattleFury","floor":52,"key":"SMITH"}],"circlet_count":0,"master_deck":["MokouMod:Strike","MokouMod:Strike","MokouMod:Strike","MokouMod:Strike","MokouMod:Strike","MokouMod:Defend","MokouMod:Defend","MokouMod:Defend","MokouMod:Defend","MokouMod:HeatSpark","ScarletCoffin","MokouMod:Ventilation+1","MokouMod:FujiyamaVolcano","MokouMod:AdaptivePyromancy","MokouMod:IgnitionBarrier","MokouMod:RisingSunBarrier+1","MokouMod:RisingSunBarrier+1","MokouMod:Ventilation+1","MokouMod:ScorchedEarth","MokouMod:ScorchingColumn","MokouMod:Firecracker","MokouMod:Geothermal","Replay:Sssssssssshield","MokouMod:HeartofFire+1","MokouMod:ResonanceReactor+1","MokouMod:Rebirth","MokouMod:IgnitionBlast+1","Pot Of Greed","Pot Of Greed","Pot Of Greed","REME_BattleFury+1","MokouMod:TemporalFireSeal+1","Secret Weapon","MokouMod:IllusoryBattlefield","MokouMod:EnchantingBambooForest","CurseOfTheBell","MokouMod:WarmUp+1","Midas Touch","MokouMod:IgnitionBlast+1","Pot Of Greed","MokouMod:Extinguish","MokouMod:Combust+1","MokouMod:DanceofFlames+1","MokouMod:Afterburner","ReplayTheSpireMod:Necrogeddon","MokouMod:ControlledCombustion+1","MokouMod:CrimsonArmoury+1","MokouMod:Wildfire+1","MokouMod:HouraiForge","Replay:BasicMightCard+1","Apotheosis","Survey Options+1","Pot Of Greed"],"relics":["MokouMod:PhoenixFeather","REME_ComplimentaryCards","Oddly Smooth Stone","Matryoshka","Replay:Kaleidoscope","halation:PrussianBluePaint","Vajra","Question Card","Mango","Prayer Wheel","REME_LowDesire","Regal Pillow","War Paint","Replay:Accelerometer","Sundial","Grinning Jar","aspiration:HiddenCompartment","halation:QuantumPhysicsTextbook","REME_LimitBreaker","Meat on the Bone","Calling Bell","Orichalcum","REME_ArchaeologicalTools","Counterbalance","Replay:Bandana","ReplayTheSpireMod:TigerMarble","White Beast Statue","Gremlin Food","Simple Rune","Frozen Egg 2","Strange Spoon","halation:SwordOfLegend","Boot"],"acts_visited":["Exordium","TheCity","TheBeyond","TheEnding"],"potions_floor_usage":[28,29,29,33,40,45,46,46,50,54,55,55],"damage_taken":[{"damage":1.0,"enemies":"Cultist","floor":1.0,"turns":3.0},{"damage":1.0,"enemies":"Jaw Worm","floor":2.0,"turns":4.0},{"damage":4.0,"enemies":"Jaw Worm","floor":4.0,"turns":6.0},{"damage":12.0,"enemies":"2 Louse","floor":7.0,"turns":2.0},{"damage":14.0,"enemies":"Gremlin Nob","floor":8.0,"turns":3.0},{"damage":1.0,"enemies":"2 Fungi Beasts","floor":11.0,"turns":4.0},{"damage":33.0,"enemies":"Gremlin Nob","floor":12.0,"turns":9.0},{"damage":0.0,"enemies":"Lots of Slimes","floor":14.0,"turns":1.0},{"damage":29.0,"enemies":"The Guardian","floor":16.0,"turns":11.0},{"damage":12.0,"enemies":"Chosen","floor":18.0,"turns":7.0},{"damage":27,"enemies":"2 Thieves","floor":21,"turns":4},{"damage":17,"enemies":"Snecko","floor":22,"turns":6},{"damage":131,"enemies":"Slavers","floor":24,"turns":12},{"damage":29,"enemies":"Gremlin Leader","floor":28,"turns":9},{"damage":12,"enemies":"Shelled Parasite and Fungi","floor":29,"turns":5},{"damage":5,"enemies":"Automaton","floor":33,"turns":9},{"damage":13,"enemies":"3 Darklings","floor":35,"turns":3},{"damage":11,"enemies":"3 Shapes","floor":38,"turns":5},{"damage":97,"enemies":"Nemesis","floor":40,"turns":12},{"damage":13,"enemies":"Giant Head","floor":42,"turns":8},{"damage":6,"enemies":"Sphere and 2 Shapes","floor":45,"turns":7},{"damage":19,"enemies":"4 Shapes","floor":46,"turns":14},{"damage":8,"enemies":"Maw","floor":47,"turns":11},{"damage":81,"enemies":"Donu and Deca","floor":50,"turns":13},{"damage":124,"enemies":"Shield and Spear","floor":54,"turns":10},{"damage":51,"enemies":"The Heart","floor":55,"turns":5}],"seed_played":"-2758581551374313949","potions_obtained":[{"floor":1.0,"key":"GamblersBrew"},{"floor":4.0,"key":"Swift Potion"},{"floor":4.0,"key":"Fire Potion"},{"floor":12.0,"key":"CultistPotion"},{"floor":16.0,"key":"REME_GoldPotion"},{"floor":24,"key":"DuplicationPotion"},{"floor":28,"key":"Reflective Coating"},{"floor":29,"key":"REME_GoldPotion"},{"floor":33,"key":"Languid Potion"},{"floor":38,"key":"Flashbang"},{"floor":42,"key":"ColorlessPotion"},{"floor":45,"key":"Venom Potion"},{"floor":46,"key":"Strength Potion"},{"floor":47,"key":"FearPotion"},{"floor":54,"key":"CultistPotion"}],"is_trial":false,"path_per_floor":["M","M","$","?","$","R","M","E","T","$","M","?","?","M","R","B",null,"M","$","$","M","M","R","E","R","T","?","E","M","R","?","R","B",null,"M","$","?","M","$","E","R","E","T","R","M","M","M","$","R","B",null,"R","$","E","B"],"character_chosen":"MKU","items_purchased":["MokouMod:RisingSunBarrier","Replay:Accelerometer","MokouMod:ResonanceReactor+1","MokouMod:IgnitionBlast+1","ReplayTheSpireMod:TigerMarble","Frozen Egg 2","Strange Spoon","Apotheosis"],"campfire_rested":5,"item_purchase_floors":[10,20,20,36,39,48,48,53],"current_hp_per_floor":[74,73,73,69,69,69,57,43,43,43,42,23,23,23,49,20,89,77,77,77,50,33,74,2,43,43,43,14,14,55,64,64,59,89,76,76,76,65,65,34,75,62,62,62,56,49,53,53,53,31,89,89,89,27,0,0,0],"gold":119,"neow_bonus":"ONE_RANDOM_RARE_CARD","is_daily":false,"chose_seed":false,"campfire_upgraded":3,"win_rate":0.0,"timestamp":1611461761,"path_taken":["M","?","$","?","$","R","M","E","T","$","M","?","?","M","R","BOSS","M","?","$","M","M","R","E","R","T","?","E","M","R","?","R","BOSS","M","$","?","M","$","E","R","E","T","R","M","M","M","$","R","BOSS","R","$","E","BOSS"],"items_purchased_type":["Card","Relic","Card","Card","Relic","Relic","Relic","Card"],"build_version":"2020-12-22","purchased_purges":0,"victory":false,"max_hp_per_floor":[75,75,75,75,75,75,75,75,75,75,75,89,89,89,89,89,89,89,89,89,89,89,89,89,89,89,89,89,89,89,89,89,89,89,89,89,89,89,89,89,89,89,89,89,89,89,89,89,89,89,89,89,89,89,89,89,89],"relic_stats":{"Strange Spoon":[29],"Regal Pillow":60,"counters":[26,183],"Sundial":[8],"Prayer Wheel":10,"War Paint":["MokouMod:Defend","MokouMod:Ventilation"],"Orichalcum":[96],"Question Card":30,"Boot":[0],"obtain_stats":[{"Replay:Accelerometer":20,"Regal Pillow":17,"Vajra":9,"Mango":12,"halation:StarCompass":37,"Boot":54,"Replay:Bandana":38,"Matryoshka":7,"halation:PrussianBluePaint":9,"Sundial":24,"Prayer Wheel":12,"REME_ArchaeologicalTools":34,"REME_LowDesire":17,"Gremlin Food":42,"halation:QuantumPhysicsTextbook":26,"Counterbalance":34,"Oddly Smooth Stone":1,"Replay:Kaleidoscope":8,"War Paint":17,"REME_LimitBreaker":27,"Orichalcum":34,"Frozen Egg 2":48,"Question Card":11,"aspiration:HiddenCompartment":26,"White Beast Statue":40,"Calling Bell":34,"Strange Spoon":48,"halation:SwordOfLegend":49,"MokouMod:PhoenixFeather":0,"Simple Rune":46,"ReplayTheSpireMod:TigerMarble":39,"Grinning Jar":24,"REME_ComplimentaryCards":0,"Meat on the Bone":28},{"Replay:Accelerometer":10,"Regal Pillow":9,"Vajra":5,"Mango":7,"halation:StarCompass":17,"Boot":25,"Replay:Bandana":18,"Matryoshka":4,"halation:PrussianBluePaint":5,"Sundial":13,"Prayer Wheel":7,"REME_ArchaeologicalTools":16,"REME_LowDesire":9,"Gremlin Food":20,"halation:QuantumPhysicsTextbook":13,"Counterbalance":16,"Oddly Smooth Stone":1,"Replay:Kaleidoscope":5,"War Paint":9,"REME_LimitBreaker":13,"Orichalcum":16,"Frozen Egg 2":23,"Question Card":6,"aspiration:HiddenCompartment":13,"White Beast Statue":19,"Calling Bell":16,"Strange Spoon":23,"halation:SwordOfLegend":23,"MokouMod:PhoenixFeather":0,"Simple Rune":22,"ReplayTheSpireMod:TigerMarble":18,"Grinning Jar":13,"REME_ComplimentaryCards":0,"Meat on the Bone":14},{"Replay:Accelerometer":50,"Regal Pillow":43,"Vajra":18,"Mango":31,"halation:StarCompass":98,"Boot":178,"Replay:Bandana":103,"Matryoshka":15,"halation:PrussianBluePaint":18,"Sundial":72,"Prayer Wheel":31,"REME_ArchaeologicalTools":95,"REME_LowDesire":43,"Gremlin Food":123,"halation:QuantumPhysicsTextbook":72,"Counterbalance":95,"Oddly Smooth Stone":3,"Replay:Kaleidoscope":18,"War Paint":43,"REME_LimitBreaker":72,"Orichalcum":95,"Frozen Egg 2":155,"Question Card":22,"aspiration:HiddenCompartment":72,"White Beast Statue":115,"Calling Bell":95,"Strange Spoon":155,"halation:SwordOfLegend":155,"MokouMod:PhoenixFeather":0,"Simple Rune":144,"ReplayTheSpireMod:TigerMarble":103,"Grinning Jar":72,"REME_ComplimentaryCards":0,"Meat on the Bone":81}],"Meat on the Bone":72},"card_choices":[{"not_picked":["MokouMod:Stoke","MokouMod:InfernalWave"],"picked":"MokouMod:FujiyamaVolcano","floor":1.0},{"not_picked":["MokouMod:RoaringFlare","MokouMod:IcarusDive"],"picked":"MokouMod:AdaptivePyromancy","floor":2.0},{"not_picked":["MokouMod:Ember","MokouMod:Singe"],"picked":"MokouMod:IgnitionBarrier","floor":7.0},{"not_picked":["MokouMod:CrimsonFlare","MokouMod:ResoluteFlare"],"picked":"MokouMod:RisingSunBarrier","floor":8.0},{"not_picked":["MokouMod:ResoluteFlare","MokouMod:IgnitionBlast"],"picked":"MokouMod:Ventilation","floor":11.0},{"not_picked":["MokouMod:Stoke","MokouMod:Singe","MokouMod:FlickeringFlame"],"picked":"MokouMod:ScorchedEarth","floor":12.0},{"not_picked":["MokouMod:UncontrollableSolarReaction","MokouMod:EternalBurstReactor","MokouMod:AdaptivePyromancy"],"picked":"MokouMod:ScorchingColumn","floor":14.0},{"not_picked":["MokouMod:ThermalPressure","MokouMod:BlazingComet","MokouMod:TemporalFireSeal"],"picked":"MokouMod:Firecracker","floor":14.0},{"not_picked":["MokouMod:SearingBlow","MokouMod:ResonatingAura","MokouMod:PhoenixForm"],"picked":"MokouMod:Geothermal","floor":16.0},{"not_picked":["MokouMod:BurningDraft","MokouMod:Cataclysm+1","MokouMod:Ember","MokouMod:ThermalPressure"],"picked":"Replay:Sssssssssshield","floor":18.0},{"not_picked":["MokouMod:FusionFlare","MokouMod:BlazingComet+1","MokouMod:Combust","REME_EyeOfCthun"],"picked":"MokouMod:HeartofFire","floor":18.0},{"not_picked":["MokouMod:ShiftIgnition+1","MokouMod:ScorchingColumn+1","MokouMod:Stoke","Chrysalis"],"picked":"MokouMod:Rebirth","floor":21},{"not_picked":["MokouMod:Sear","MokouMod:BlazingComet","MokouMod:Overheat","MokouMod:BurningDraft","Finesse"],"picked":"SKIP","floor":21},{"not_picked":["MokouMod:IndiscriminateIgnition+1","MokouMod:Overheat+1","MokouMod:UncontrollableSolarReaction","Replay:Sssssssssshield"],"picked":"MokouMod:IgnitionBlast+1","floor":22},{"not_picked":["MokouMod:Ember","MokouMod:Stoke","MokouMod:ResoluteFlare","MokouMod:RetainTemperature","Deep Breath"],"picked":"SKIP","floor":22},{"not_picked":["MokouMod:FujiyamaVolcano","MokouMod:InfernalWave+1","MokouMod:ResoluteFlare","MokouMod:RetainTemperature"],"picked":"REME_BattleFury","floor":24},{"not_picked":["MokouMod:ResonatingAura","MokouMod:IcarusDive","MokouMod:FlareStarter","REME_AllRoundStrike"],"picked":"MokouMod:TemporalFireSeal+1","floor":28},{"not_picked":["MokouMod:InfernalWave","MokouMod:Ember","MokouMod:Stoke","MokouMod:BurningDraft"],"picked":"Secret Weapon","floor":29},{"not_picked":["MokouMod:InfernalWave","MokouMod:AdaptivePyromancy","MokouMod:RetainTemperature","Swift Strike+1"],"picked":"MokouMod:IllusoryBattlefield","floor":29},{"not_picked":["MokouMod:ExplosiveFlame","MokouMod:RadiantBlade","MokouMod:PhoenixForm","Madness+1"],"picked":"MokouMod:EnchantingBambooForest","floor":33},{"not_picked":["MokouMod:ShiftIgnition","MokouMod:Firecracker","MokouMod:RoaringFlare+1","REME_BuildACard"],"picked":"MokouMod:WarmUp+1","floor":35},{"not_picked":["MokouMod:AdaptivePyromancy","MokouMod:ImperishableFlame","MokouMod:Stoke","MokouMod:ResoluteFlare+1"],"picked":"Midas Touch","floor":35},{"not_picked":["MokouMod:EternalBurstReactor","MokouMod:IndiscriminateIgnition+1","MokouMod:SearingShot","ReplayTheSpireMod:Necrogeddon"],"picked":"MokouMod:Extinguish","floor":38},{"not_picked":["MokouMod:FlareStarter","MokouMod:BlazingComet","MokouMod:InfernalWave+1","REME_AllRoundStrike"],"picked":"MokouMod:Combust+1","floor":38},{"not_picked":["MokouMod:FlareStarter+1","MokouMod:SearingBlow","MokouMod:InfernalWave","Chrysalis"],"picked":"MokouMod:DanceofFlames+1","floor":40},{"not_picked":["MokouMod:FlamingFireTalons","MokouMod:IndiscriminateIgnition+1","MokouMod:PhoenixFeathers","Midas Touch"],"picked":"MokouMod:Afterburner","floor":42},{"not_picked":["MokouMod:RoaringFlare+1","MokouMod:FlareStarter+1","MokouMod:UncontrollableSolarReaction+1","MokouMod:FlickeringFlame"],"picked":"ReplayTheSpireMod:Necrogeddon","floor":45},{"not_picked":["MokouMod:DanceofFlames+1","MokouMod:FujiyamaVolcano+1","MokouMod:BurningDraft","Midas Touch"],"picked":"MokouMod:ControlledCombustion+1","floor":45},{"not_picked":["MokouMod:Singe+1","MokouMod:Firecracker+1","MokouMod:FlickeringFlame+1","REME_MawOfCthun"],"picked":"MokouMod:CrimsonArmoury+1","floor":46},{"not_picked":["MokouMod:Firecracker+1","MokouMod:Singe+1","MokouMod:AdaptivePyromancy","Poisoned Strike"],"picked":"MokouMod:Wildfire+1","floor":46},{"not_picked":["MokouMod:Ember+1","MokouMod:Overheat+1","MokouMod:DanceofFlames","REME_Flogging"],"picked":"MokouMod:HouraiForge","floor":47},{"not_picked":["MokouMod:Overheat","MokouMod:BurningDraft","MokouMod:InfernalWave","MokouMod:ScorchingColumn+1"],"picked":"Replay:BasicMightCard+1","floor":47},{"not_picked":["MokouMod:UncontrollableSolarReaction","MokouMod:Stoke","MokouMod:ResoluteFlare+1","MokouMod:SearingShot+1"],"picked":"Survey Options+1","floor":54}],"player_experience":1694790,"relics_obtained":[{"floor":1.0,"key":"Oddly Smooth Stone"},{"floor":7.0,"key":"Matryoshka"},{"floor":8.0,"key":"Replay:Kaleidoscope"},{"floor":9.0,"key":"halation:PrussianBluePaint"},{"floor":9.0,"key":"Vajra"},{"floor":11.0,"key":"Question Card"},{"floor":12.0,"key":"Mango"},{"floor":12.0,"key":"Prayer Wheel"},{"floor":17.0,"key":"Regal Pillow"},{"floor":17.0,"key":"War Paint"},{"floor":24,"key":"Sundial"},{"floor":24,"key":"Grinning Jar"},{"floor":26,"key":"aspiration:HiddenCompartment"},{"floor":26,"key":"halation:QuantumPhysicsTextbook"},{"floor":28,"key":"Meat on the Bone"},{"floor":34,"key":"Orichalcum"},{"floor":34,"key":"REME_ArchaeologicalTools"},{"floor":34,"key":"Counterbalance"},{"floor":38,"key":"Replay:Bandana"},{"floor":40,"key":"White Beast Statue"},{"floor":42,"key":"Gremlin Food"},{"floor":46,"key":"Simple Rune"},{"floor":49,"key":"halation:SwordOfLegend"},{"floor":54,"key":"Boot"}],"event_choices":[{"damage_healed":0.0,"max_hp_gain":0.0,"max_hp_loss":0.0,"gold_gain":0.0,"event_name":"Dead Adventurer","player_choice":"Searched \u00271\u0027 times","floor":12.0,"gold_loss":0.0,"damage_taken":0.0},{"damage_healed":0.0,"max_hp_gain":0.0,"max_hp_loss":0.0,"gold_gain":0.0,"event_name":"Accursed Blacksmith","player_choice":"Forge","floor":13.0,"gold_loss":0.0,"damage_taken":0.0,"cards_upgraded":["MokouMod:RisingSunBarrier"]}],"is_beta":false,"boss_relics":[{"not_picked":["Pandora\u0027s Box","halation:LoveArrow"],"picked":"REME_LowDesire"},{"not_picked":["Astrolabe","Replay:Wanted Poster"],"picked":"Calling Bell"}],"items_purged_floors":[],"is_endless":false,"potions_floor_spawned":[1,4,12,16,24,28,29,33,38,42,45,46,47,54],"killed_by":"The Heart","ascension_level":0}}