{"host":"hf83sijwe64ts2lm","time":1611516911,"event":{"mods":["2.2 Compatiblity","BaseMod","Better Altar","Better Match","Better Note","Better Sensory Stone","Better Skull","Better Third Choice","Colored Map","Colored Powertips","Highlight Path","Hubris","Infinite Spire","Minty Spire (QoL Compilation)","Quick Restart","Rare Cards Sparkle","Relic Stats","Replay The Spire","Shop Mod","Spicy Shops","StSLib","Thieving Mod"],"gold_per_floor":[110,110,120,137,137,137,180,180,180,180,203,222,222,237,237,360,360,385,385,19,43,63,104,104,128,128,161,174,197,217,142,142,142,142],"floor_reached":33,"language":"ENG","playtime":562,"items_purged":["Replay:Hysterical Blindness"],"score":376,"play_id":"9c18f571-deb2-40ad-9527-44c4f176d616","local_time":"20210124143511","is_ascension_mode":true,"campfire_choices":[{"data":"hubris:PowerSurge","floor":6,"key":"SMITH"},{"floor":8,"key":"REST"},{"floor":13,"key":"REST"},{"floor":15,"key":"REST"},{"floor":24,"key":"REST"},{"floor":32,"key":"REST"}],"circlet_count":0,"master_deck":["Strike_B","Strike_B","Strike_B","Strike_B","Defend_B","Defend_B","Defend_B","Defend_B","Zap","hubris:PowerSurge+1","Beam Cell","Steam","Ball Lightning","Ball Lightning","Barrage","Stack","Conserve Battery","Electrodynamics","Barrage","Redo+1","Hologram","Doom and Gloom","Auto Shields","Consume","Streamline+1","Melter"],"relics":["Cracked Core","Golden Idol","infinitespire:SolderingIron","Iron Hammer","hubris:FunFungus","Replay:Baseball","hubris:Spice","Bottled Lightning"],"acts_visited":["Exordium","TheCity"],"potions_floor_usage":[12,12,16,16,23,28,28],"damage_taken":[{"damage":9,"enemies":"2 Louse","floor":1,"turns":2},{"damage":1,"enemies":"Cultist","floor":3,"turns":3},{"damage":7,"enemies":"Jaw Worm","floor":4,"turns":2},{"damage":10,"enemies":"3 Sentries","floor":7,"turns":5},{"damage":1,"enemies":"2 Fungi Beasts","floor":11,"turns":2},{"damage":32,"enemies":"Gremlin Gang","floor":12,"turns":3},{"damage":14,"enemies":"Red Slaver","floor":14,"turns":2},{"damage":11,"enemies":"Slime Boss","floor":16,"turns":7},{"damage":10,"enemies":"Spheric Guardian","floor":18,"turns":4},{"damage":22,"enemies":"2 Thieves","floor":21,"turns":2},{"damage":10,"enemies":"Snake Plant","floor":22,"turns":4},{"damage":24,"enemies":"Gremlin Leader","floor":23,"turns":4},{"damage":16,"enemies":"Book of Stabbing","floor":27,"turns":4},{"damage":0,"enemies":"Centurion and Healer","floor":28,"turns":3},{"damage":4,"enemies":"Shelled Parasite and Fungi","floor":29,"turns":2},{"damage":0,"enemies":"Cultist and Chosen","floor":30,"turns":3},{"damage":45,"enemies":"Champ","floor":33,"turns":5}],"seed_played":"8443072512189537726","potions_obtained":[{"floor":3,"key":"Languid Potion"},{"floor":4,"key":"Languid Potion"},{"floor":11,"key":"SkillPotion"},{"floor":12,"key":"Block Potion"},{"floor":22,"key":"SteroidPotion"},{"floor":23,"key":"Milkshake"},{"floor":27,"key":"Adrenaline Potion"}],"is_trial":false,"path_per_floor":["M","?","M","M","?","R","E","R","T","?","M","M","R","M","R","B",null,"M","?","$","M","M","E","R","T","T","E","M","M","M","?","R","B"],"character_chosen":"DEFECT","items_purchased":["Iron Hammer","Barrage"],"campfire_rested":5,"item_purchase_floors":[20,20],"current_hp_per_floor":[59,59,58,51,51,51,41,63,63,63,62,30,52,38,60,49,69,59,59,59,37,27,3,25,25,33,17,18,14,14,14,38,0,0],"gold":142,"neow_bonus":"THREE_CARDS","is_daily":false,"chose_seed":false,"campfire_upgraded":1,"win_rate":0.0,"timestamp":1611516911,"path_taken":["M","?","?","M","?","R","E","R","T","?","M","?","R","M","R","BOSS","M","?","$","M","M","E","R","?","T","E","?","M","M","?","R","BOSS"],"items_purchased_type":["Relic","Card"],"build_version":"2020-12-22","purchased_purges":1,"victory":false,"max_hp_per_floor":[75,75,75,75,75,75,75,75,75,75,75,75,75,75,75,75,75,75,75,75,75,75,75,75,75,83,83,83,83,83,83,83,83,83],"relic_stats":{"counters":[17,57],"Golden Idol":87,"obtain_stats":[{"Replay:Baseball":25,"infinitespire:SolderingIron":7,"Golden Idol":5,"hubris:Spice":26,"Iron Hammer":20,"hubris:FunFungus":23,"Bottled Lightning":27,"Cracked Core":0},{"Replay:Baseball":12,"infinitespire:SolderingIron":4,"Golden Idol":3,"hubris:Spice":12,"Iron Hammer":9,"hubris:FunFungus":12,"Bottled Lightning":13,"Cracked Core":0},{"Replay:Baseball":40,"infinitespire:SolderingIron":12,"Golden Idol":7,"hubris:Spice":40,"Iron Hammer":30,"hubris:FunFungus":40,"Bottled Lightning":44,"Cracked Core":0}]},"card_choices":[{"not_picked":["Heatsinks","Rebound"],"picked":"hubris:PowerSurge","floor":0},{"not_picked":["Panic Button","Scrape"],"picked":"Beam Cell","floor":1},{"not_picked":["Scrape","Force Field"],"picked":"Steam","floor":3},{"not_picked":["Sunder","Force Field"],"picked":"Ball Lightning","floor":4},{"not_picked":["Biased Cognition","Streamline"],"picked":"Ball Lightning","floor":7},{"not_picked":["Skim","FTL"],"picked":"Barrage","floor":11},{"not_picked":["Cold Snap","Doom and Gloom"],"picked":"Stack","floor":12},{"not_picked":["Gash","Force Field"],"picked":"Conserve Battery","floor":14},{"not_picked":["Echo Form","Core Surge"],"picked":"Electrodynamics","floor":16},{"not_picked":["ReplayTheSpireMod:Repulse","Gash"],"picked":"Compile Driver","floor":18},{"not_picked":["Coolheaded+1","Force Field"],"picked":"Redo+1","floor":21},{"not_picked":["ReplaySort","BasicCrystalCard"],"picked":"Hologram","floor":22},{"not_picked":["Thunder Strike","All For One"],"picked":"Doom and Gloom","floor":23},{"not_picked":["Steam","Ball Lightning"],"picked":"Auto Shields","floor":27},{"not_picked":["ReplayTheSpireMod:System Scan","Sweeping Beam+1"],"picked":"Consume","floor":28},{"not_picked":["Coolheaded","Barrage"],"picked":"Streamline+1","floor":29},{"not_picked":["Fission","Recycle"],"picked":"Melter","floor":30}],"player_experience":137387,"relics_obtained":[{"floor":7,"key":"infinitespire:SolderingIron"},{"floor":23,"key":"hubris:FunFungus"},{"floor":25,"key":"Replay:Baseball"},{"floor":26,"key":"hubris:Spice"},{"floor":27,"key":"Bottled Lightning"}],"event_choices":[{"cards_removed":["Dualcast"],"damage_healed":0,"gold_gain":0,"player_choice":"Offered Basic","damage_taken":0,"max_hp_gain":0,"max_hp_loss":0,"event_name":"Bonfire Elementals","floor":2,"gold_loss":0},{"damage_healed":0,"gold_gain":0,"player_choice":"Take Wound","damage_taken":0,"relics_obtained":["Golden Idol"],"max_hp_gain":0,"max_hp_loss":0,"event_name":"Golden Idol","floor":5,"gold_loss":0,"cards_obtained":["Injury"]},{"damage_healed":0,"gold_gain":0,"cards_transformed":["Injury"],"player_choice":"Transformed","damage_taken":0,"max_hp_gain":0,"max_hp_loss":0,"event_name":"Transmorgrifier","floor":10,"gold_loss":0,"cards_obtained":["Replay:Hysterical Blindness"]},{"cards_removed":["Compile Driver"],"damage_healed":0,"gold_gain":0,"player_choice":"Gave Gold","damage_taken":0,"max_hp_gain":0,"max_hp_loss":0,"event_name":"Beggar","floor":31,"gold_loss":75}],"is_beta":false,"boss_relics":[{"not_picked":["Painkiller Herb","Replay:Bronze Core","ReplayTheSpireMod:DimensionalGlitch"]}],"items_purged_floors":[20],"is_endless":false,"potions_floor_spawned":[3,4,11,12,22,23,27],"killed_by":"Champ","ascension_level":6}}