{"host":"ywif2ugnepgiw45s","time":1611504703,"event":{"mods":["Act Like it!","BaseMod","Better Skull","Downfall","Elementarium","GifTheSpireLib","Hermit","Marisa????????","Minty Spire (QoL Compilation)","READ ME - Guardian Mod","Replay The Spire","Shade Mod","Shop Mod","StSLib","The Cursed","The Jungle","The Runesmith","The Servant 0.9.4"],"gold_per_floor":[0,16,16,16,1,176,176,176,206,206,237,252,252,272,287,383,383,383,401,421,436,117,17,17,2,2,2,13,23,43,62,79,174,174,74,174,191,191,285,295,321,321,355,374,274,274,293,16,33,33,33,64,64,64,64,64,64,64],"floor_reached":56,"language":"ENG","playtime":3773,"items_purged":["Doubt","Shame","downfall:Aged"],"score":714,"play_id":"b45e3be3-697f-413e-a4af-7d6697fba9a4","local_time":"20210124111143","is_ascension_mode":false,"campfire_choices":[{"data":"bronze:Goto","floor":1,"key":"SMITH"},{"data":"bronze:ChosenStrike","floor":10,"key":"SMITH"},{"data":"bronze:BronzeArmor","floor":13,"key":"SMITH"},{"floor":18,"key":"RECALL"},{"data":"bronze:Mutator","floor":23,"key":"SMITH"},{"data":"bronze:Return","floor":26,"key":"SMITH"},{"data":"bronze:HardenedForm","floor":35,"key":"SMITH"},{"data":"expansioncontent:Chronoboost","floor":42,"key":"SMITH"},{"floor":45,"key":"REST"},{"floor":54,"key":"REST"}],"circlet_count":0,"master_deck":["bronze:Strike","bronze:Strike","bronze:Defend","bronze:Defend","bronze:Defend","bronze:Defend","bronze:Replicate+1","bronze:Goto+1","bronze:HardenedForm+1","bronze:Branch","bronze:ChosenStrike+1","bronze:Return+1","bronze:Safeguard","bronze:BronzeArmor+1","bronze:HyperBeam","bronze:Boost","bronze:Mutator+1","bronze:Repair","bronze:FineTuning+1","bronze:DarkDash+1","expansioncontent:QuickStudy+1","bronze:BuggyMess+1","bronze:ItsAFeature","bronze:Frontload","bronze:Verify","expansioncontent:Chronoboost+1","bronze:SpaghettiCode","bronze:Fortify+1","Replay:Hysterical Blindness","bronze:ChildClass+1"],"relics":["bronze:BronzeCore","downfall:ShatteredFragment","Simple Rune","Divine Protection","Replay:WaspNest","ReplayTheSpireMod:Shallot","SacredBark","downfall:HeartBlessingRed","ChewingGum","downfall:HeartBlessingBlue","downfall:ExtraCursedKey","Whetstone","Lantern","downfall:HeartBlessingGreen","bronze:BottledCode","Replay:Baseball","Replay:Bottled Eggs"],"acts_visited":["Exordium","Exordium","TheBeyond","TheEnding"],"potions_floor_usage":[5,11,25,39,43,44,55,55],"damage_taken":[{"damage":1,"enemies":"Jaw Worm","floor":2,"turns":4},{"damage":0,"enemies":"downfall:FleeingMerchant","floor":5,"turns":4},{"damage":11,"enemies":"3 Sentries","floor":9,"turns":7},{"damage":0,"enemies":"Gremlin Nob","floor":11,"turns":2},{"damage":0,"enemies":"2 Louse","floor":12,"turns":4},{"damage":0,"enemies":"Small Slimes","floor":14,"turns":2},{"damage":0,"enemies":"Exordium Thugs","floor":15,"turns":3},{"damage":13,"enemies":"SI_SHIV_ARCHETYPE","floor":16,"turns":6},{"damage":0,"enemies":"theJungle:5_Spyders","floor":19,"turns":6},{"damage":5,"enemies":"theJungle:GiantWrat","floor":20,"turns":5},{"damage":0,"enemies":"theJungle:Snecko_Cultist_And_Trap","floor":21,"turns":5},{"damage":0,"enemies":"downfall:FleeingMerchant","floor":22,"turns":4},{"damage":0,"enemies":"downfall:FleeingMerchant","floor":25,"turns":4},{"damage":0,"enemies":"theJungle:Lyon","floor":28,"turns":3},{"damage":6,"enemies":"theJungle:2_Flameangoes","floor":29,"turns":6},{"damage":5,"enemies":"theJungle:SlimyTreeVines","floor":30,"turns":7},{"damage":0,"enemies":"theJungle:2_Snecko_Cultists","floor":31,"turns":5},{"damage":0,"enemies":"theJungle:JungleHuntersEncounter","floor":32,"turns":5},{"damage":26,"enemies":"DF_ARCHETYPE_CLAW","floor":33,"turns":8},{"damage":0,"enemies":"3 Darklings","floor":37,"turns":4},{"damage":5,"enemies":"downfall:FleeingMerchant","floor":39,"turns":3},{"damage":0,"enemies":"Orb Walker","floor":40,"turns":4},{"damage":90,"enemies":"Reptomancer","floor":43,"turns":9},{"damage":0,"enemies":"Transient","floor":44,"turns":5},{"damage":14,"enemies":"3 Darklings","floor":47,"turns":4},{"damage":0,"enemies":"Sphere and 2 Shapes","floor":49,"turns":4},{"damage":50,"enemies":"WA_ARCHETYPE_DIVINITY","floor":50,"turns":12},{"damage":94,"enemies":"downfall:CharBossMerchant","floor":52,"turns":10},{"damage":35,"enemies":"downfall:NeowBoss","floor":55,"turns":15},{"damage":70,"enemies":"downfall:NeowBossFinal","floor":56,"turns":5}],"seed_played":"6426749783457835851","potions_obtained":[{"floor":2,"key":"Fire Potion"},{"floor":9,"key":"champ:CounterPotion"},{"floor":21,"key":"Explosive Potion"},{"floor":28,"key":"Guardian:BlockOnCardUsePotion"},{"floor":29,"key":"Weak Potion"},{"floor":43,"key":"Flashbang"},{"floor":44,"key":"SteroidPotion"},{"floor":47,"key":"Strength Potion"}],"is_trial":false,"path_per_floor":["R","M","?","T","$","?","T","?","E","R","E","M","R","M","M","B",null,"R","M","M","M","$","R","T","$","R","?","M","M","M","M","M","B",null,"R","?","M","?","?","M","T","R","E","M","R","?","M","$","M","B",null,"E","$","R","B","B"],"character_chosen":"THE_AUTOMATON","items_purchased":["expansioncontent:QuickStudy+1","PowerPotion","bronze:SpaghettiCode","Replay:Baseball"],"campfire_rested":2,"item_purchase_floors":[22,22,39,48],"current_hp_per_floor":[70,69,48,48,48,48,48,48,37,37,37,37,37,37,37,24,70,70,70,65,70,70,70,70,70,70,70,70,70,70,70,70,44,70,80,80,80,80,75,75,75,75,30,37,61,61,54,54,62,19,70,9,9,30,30,0,0,0],"gold":64,"neow_bonus":"THREE_RARE_CARDS","is_daily":false,"chose_seed":false,"campfire_upgraded":7,"win_rate":0.0,"timestamp":1611504703,"path_taken":["R","M","?","?","$","?","T","?","E","R","E","?","R","M","M","BOSS","R","M","M","M","$","R","T","?","R","?","M","?","M","M","M","BOSS","R","?","M","?","?","?","T","R","E","M","R","?","M","?","M","BOSS","E","$","R","BOSS","BOSS"],"items_purchased_type":["Card","Potion","Card","Relic"],"build_version":"2020-12-22","purchased_purges":3,"victory":false,"max_hp_per_floor":[70,70,70,70,70,70,70,70,70,70,70,70,70,70,70,70,70,70,70,70,70,70,70,70,70,70,70,70,70,70,70,70,70,70,80,80,80,80,80,80,80,80,80,80,80,70,70,70,70,70,70,70,70,70,70,70,70,70],"card_choices":[{"not_picked":["bronze:SpaghettiCode","bronze:RecursiveStrike"],"picked":"bronze:HardenedForm","floor":0},{"not_picked":["bronze:ClassDefault","bronze:CutThrough"],"picked":"bronze:Branch","floor":2},{"not_picked":["bronze:Frontload","bronze:Break","bronze:BitShift"],"picked":"SKIP","floor":5},{"not_picked":["bronze:DelayedSlice","bronze:ItsAFeature"],"picked":"bronze:Return","floor":9},{"not_picked":["bronze:Optimize","bronze:Deprecate"],"picked":"bronze:Safeguard","floor":11},{"not_picked":["bronze:BugBarrage","bronze:Frontload"],"picked":"bronze:BronzeArmor","floor":12},{"not_picked":["bronze:WildBeam","bronze:BuggyMess"],"picked":"bronze:HyperBeam","floor":14},{"not_picked":["bronze:Overheat","bronze:WildBeam"],"picked":"bronze:Boost","floor":15},{"not_picked":["bronze:HardenedForm","bronze:ThunderWave"],"picked":"bronze:Mutator","floor":16},{"not_picked":["bronze:Shield+1","bronze:Overheat"],"picked":"bronze:Repair","floor":19},{"not_picked":["bronze:Shell","bronze:CutThrough"],"picked":"bronze:FineTuning+1","floor":20},{"not_picked":["bronze:ChildClass","bronze:Overheat"],"picked":"bronze:DarkDash+1","floor":21},{"not_picked":["bronze:Deprecate","bronze:OilSpill+1","bronze:BugBarrage"],"picked":"SKIP","floor":22},{"not_picked":["bronze:CleanCode","bronze:ChosenStrike","bronze:Deprecate+1"],"picked":"SKIP","floor":25},{"not_picked":["bronze:Branch","bronze:Invalidate","bronze:Iterate"],"picked":"SKIP","floor":28},{"not_picked":["bronze:DelayedGuard","bronze:Branch","bronze:Turbo+1"],"picked":"SKIP","floor":29},{"not_picked":["bronze:Iterate+1","bronze:Shield+1"],"picked":"bronze:BuggyMess+1","floor":30},{"not_picked":["bronze:ForLoop","bronze:ForceShield+1"],"picked":"bronze:ItsAFeature","floor":31},{"not_picked":["bronze:ItsAFeature","bronze:Iterate+1"],"picked":"bronze:Frontload","floor":32},{"not_picked":["bronze:Format","bronze:CleanCode"],"picked":"bronze:Verify","floor":33},{"not_picked":["bronze:OilSpill+1","bronze:NullPointer+1","bronze:WhirlingStrike+1"],"picked":"SKIP","floor":37},{"not_picked":["expansioncontent:YouAreMine","Replay:SS_forest_2"],"picked":"expansioncontent:Chronoboost","floor":38},{"not_picked":["bronze:BuggyMess+1","bronze:CutThrough+1","bronze:Turbo+1"],"picked":"SKIP","floor":39},{"not_picked":["bronze:Branch","bronze:DarkDash"],"picked":"bronze:Fortify+1","floor":40},{"not_picked":["bronze:DelayedSlice","bronze:Deprecate","bronze:DigitalCarnage+1"],"picked":"SKIP","floor":43},{"not_picked":["bronze:BuggyMess+1","bronze:Overload+1","bronze:Turbo+1"],"picked":"SKIP","floor":44},{"not_picked":["bronze:ItsAFeature","bronze:OilSpill+1","bronze:Verify"],"picked":"SKIP","floor":47},{"not_picked":["bronze:BugBarrage","bronze:Turbo+1","bronze:DelayedGuard"],"picked":"SKIP","floor":49},{"not_picked":["bronze:CutThrough","bronze:Overheat"],"picked":"bronze:ChildClass+1","floor":52}],"player_experience":1738824,"relics_obtained":[{"floor":4,"key":"Simple Rune"},{"floor":7,"key":"Divine Protection"},{"floor":9,"key":"Replay:WaspNest"},{"floor":11,"key":"ReplayTheSpireMod:Shallot"},{"floor":41,"key":"Whetstone"},{"floor":43,"key":"Lantern"},{"floor":52,"key":"Replay:Bottled Eggs"}],"event_choices":[{"cards_removed":["bronze:Strike"],"damage_healed":0,"gold_gain":0,"player_choice":"Offered Basic","damage_taken":0,"max_hp_gain":0,"max_hp_loss":0,"event_name":"Bonfire Elementals","floor":27,"gold_loss":0}],"is_beta":false,"boss_relics":[{"not_picked":["ReplayTheSpireMod:DimensionalGlitch","Cursed Key"],"picked":"SacredBark"},{"not_picked":["Philosopher\u0027s Stone","Replay:Drink Me"],"picked":"ChewingGum"}],"items_purged_floors":[22,39,48],"is_endless":false,"potions_floor_spawned":[2,9,21,28,29,30,32,37,43,44,47],"killed_by":"downfall:NeowBossFinal","ascension_level":0}}