{"host":"rhi1xaphgh1gkral","time":1611509171,"event":{"mods":["Aspiration","BaseMod","Conspire","Downfall","Energized Spire","GifTheSpireLib","Halation","Hubris","Infinite Spire","Ironclad Rager","Jedi Mod","Minty Spire (QoL Compilation)","Replay The Spire","StSLib","Stuff the Spire","vexMod"],"gold_per_floor":[99,115,130,130,150,150,150,182,182,219,278,23,23,30,61,79,79,79],"floor_reached":16,"language":"ENG","playtime":2552,"items_purged":[],"score":102,"play_id":"7dce6cec-6056-4aed-a9f4-368e3e6b6b8e","local_time":"20210124142611","is_ascension_mode":false,"campfire_choices":[{"data":"bronze:Replicate","floor":1,"key":"SMITH"},{"floor":13,"key":"REST"}],"circlet_count":0,"master_deck":["bronze:Strike","bronze:Strike","bronze:Strike","bronze:Strike","bronze:Defend","bronze:Defend","bronze:Defend","bronze:Defend","bronze:Replicate+1","bronze:Goto","bronze:DelayedSlice","bronze:WhirlingStrike","bronze:Frontload","bronze:Replicate+1","bronze:BugBarrage","bronze:DelayedGuard","bronze:HyperBeam","bronze:CloningBeam","bronze:Optimize","bronze:WhirlingStrike","bronze:Shield","Replay:SS_hec_1","bronze:FollowUp"],"relics":["m_BronzeBlood","Replay:Bandana","infinitespire:Cubic Diamond","Simple Rune"],"acts_visited":["Exordium"],"potions_floor_usage":[16],"damage_taken":[{"damage":2,"enemies":"2 Louse","floor":2,"turns":3},{"damage":1,"enemies":"Jaw Worm","floor":3,"turns":4},{"damage":6,"enemies":"Cultist","floor":5,"turns":3},{"damage":8,"enemies":"3 Louse","floor":8,"turns":2},{"damage":20,"enemies":"conspire:2 RoseBushes","floor":10,"turns":3},{"damage":6,"enemies":"3 Sentries","floor":11,"turns":4},{"damage":2,"enemies":"downfall:FleeingMerchant","floor":12,"turns":4},{"damage":15,"enemies":"downfall:FleeingMerchant","floor":14,"turns":4},{"damage":1,"enemies":"2 Fungi Beasts","floor":15,"turns":3},{"damage":116,"enemies":"SI_SHIV_ARCHETYPE","floor":16,"turns":10}],"seed_played":"2526265706978678131","potions_obtained":[{"floor":2,"key":"FairyPotion"},{"floor":10,"key":"Swift Potion"},{"floor":15,"key":"Weak Potion"}],"is_trial":false,"path_per_floor":["R","M","M","?","M","?","T","M","?","M","E","$","R","$","M","B"],"character_chosen":"THE_AUTOMATON","items_purchased":["bronze:Optimize","bronze:WhirlingStrike","bronze:Shield","Replay:SS_hec_1"],"campfire_rested":1,"item_purchase_floors":[12,12,12,12],"current_hp_per_floor":[77,75,74,74,68,68,68,60,60,46,46,50,73,64,69,0,0,0],"gold":79,"neow_bonus":"TEN_PERCENT_HP_BONUS","is_daily":false,"chose_seed":false,"campfire_upgraded":1,"win_rate":0.0,"timestamp":1611509171,"path_taken":["R","M","M","?","M","?","T","?","?","M","E","?","R","$","M","BOSS"],"items_purchased_type":["Card","Card","Card","Card"],"build_version":"2020-12-22","purchased_purges":0,"victory":false,"max_hp_per_floor":[77,77,77,77,77,77,77,77,77,77,77,77,77,77,77,77,77,77],"card_choices":[{"not_picked":["bronze:WildBeam","bronze:CutThrough"],"picked":"bronze:DelayedSlice","floor":2},{"not_picked":["bronze:Fortify","bronze:Shield"],"picked":"bronze:WhirlingStrike","floor":3},{"not_picked":["bronze:ForceShield","bronze:Shield"],"picked":"bronze:Frontload","floor":5},{"not_picked":["bronze:Invalidate","bronze:Mutator"],"picked":"bronze:BugBarrage","floor":8},{"not_picked":["bronze:BugBarrage","bronze:OilSpill"],"picked":"bronze:DelayedGuard","floor":10},{"not_picked":["bronze:Invalidate","bronze:BugBarrage"],"picked":"bronze:HyperBeam","floor":11},{"not_picked":["Impervious","bronze:BuggyMess"],"picked":"bronze:CloningBeam","floor":12},{"not_picked":["bronze:FineTuning","Wild Strike","bronze:ChildClass"],"picked":"SKIP","floor":14},{"not_picked":["bronze:Safeguard","bronze:DelayedSlice"],"picked":"bronze:FollowUp","floor":15}],"player_experience":131121,"relics_obtained":[{"floor":7,"key":"Replay:Bandana"},{"floor":11,"key":"Simple Rune"}],"event_choices":[],"is_beta":false,"boss_relics":[],"items_purged_floors":[],"is_endless":false,"potions_floor_spawned":[2,10,15],"killed_by":"SI_SHIV_ARCHETYPE","ascension_level":0}}