{"host":"d54lcqy5t45er8jx","time":1611494770,"event":{"mods":["2.2 Compatiblity","BaseMod","CapriCore","Defuse TimeMaze Blight","Hermit","Hubris","Infinite Spire","Marisa£¨Ùöéë¡¡Øª×âÞÞ£©","Minty Spire (QoL Compilation)","Rare Cards Sparkle","Relic Stats","StSLib","The Animator","The Cursed","The Immortal","The Servant 0.9.4","WarShipGirlsR/??á´Ò³R mod"],"gold_per_floor":[111,130,152,152,152,152,152,152],"floor_reached":7,"language":"ENG","playtime":396,"items_purged":[],"score":78,"play_id":"eb3e579e-fa33-4565-9396-430dfff9f320","local_time":"20210124222610","daily_mods":["Heirloom","DeadlyEvents","Elite Swarm","Uncertain Future"],"is_ascension_mode":true,"campfire_choices":[{"data":"infinitespire:Gouge","floor":6,"key":"SMITH"}],"circlet_count":0,"master_deck":["AscendersBane","animator:Strike_GoblinSlayer","animator:Defend_GoblinSlayer","animator:Strike","animator:Strike","animator:Strike","animator:Defend","animator:Defend","animator:Defend","animator:LizardPriest","animator:DwarfShaman","animator:Entoma","animator:GazelDwargon","animator:RoryMercury","infinitespire:Gouge+1"],"relics":["animator:LivingPicture","animator:TheMissingPiece","Mango","hubris:Towel"],"acts_visited":["Exordium"],"potions_floor_usage":[],"damage_taken":[{"damage":0,"enemies":"2 Louse","floor":1,"turns":4},{"damage":29,"enemies":"Jaw Worm","floor":2,"turns":6},{"damage":0,"enemies":"Cultist","floor":3,"turns":5},{"damage":22,"enemies":"3 Sentries","floor":7,"turns":11}],"seed_played":"-528001520711187271","potions_obtained":[],"is_trial":true,"path_per_floor":["M","M","M","?","?","R","E"],"character_chosen":"THE_ANIMATOR","items_purchased":[],"campfire_rested":0,"item_purchase_floors":[],"current_hp_per_floor":[68,39,39,39,20,20,0,0],"gold":152,"neow_bonus":"","is_daily":false,"chose_seed":false,"campfire_upgraded":1,"win_rate":0.0,"timestamp":1611494770,"path_taken":["M","M","M","?","?","R","E"],"items_purchased_type":[],"build_version":"2020-12-22","purchased_purges":0,"victory":false,"max_hp_per_floor":[74,74,74,74,74,74,74,74],"relic_stats":{"counters":[4,25],"obtain_stats":[{"animator:TheMissingPiece":0,"Mango":0,"animator:LivingPicture":0,"hubris:Towel":4},{"animator:TheMissingPiece":0,"Mango":0,"animator:LivingPicture":0,"hubris:Towel":3},{"animator:TheMissingPiece":0,"Mango":0,"animator:LivingPicture":0,"hubris:Towel":14}]},"card_choices":[{"not_picked":["animator:Kuribayashi","animator:DwarfShaman"],"picked":"animator:Entoma","floor":1},{"not_picked":["animator:RoyMustang","animator:Rider"],"picked":"animator:GazelDwargon","floor":2},{"not_picked":["animator:Archer","animator:Sloth"],"picked":"animator:RoryMercury","floor":3},{"not_picked":["infinitespire:FutureSight","infinitespire:TheBestDefense"],"picked":"infinitespire:Gouge","floor":5}],"player_experience":896745,"relics_obtained":[],"event_choices":[],"is_beta":false,"boss_relics":[],"items_purged_floors":[],"is_endless":false,"potions_floor_spawned":[],"killed_by":"3 Sentries","ascension_level":18}}