{"host":"yvb207ks1sg3cxef","time":1611508594,"event":{"mods":["2.2 Compatiblity","BaseMod","Bestiary","Colored Powertips","Minty Spire (QoL Compilation)","Permanent Neow","Quick Restart","Relic Stats","StSLib"],"gold_per_floor":[364,11,29,39,39,74,74,92,146,176,192,203,203,231,231,303,303,318,318,7,21,35,35,35,35],"floor_reached":24,"language":"ENG","playtime":1546,"items_purged":["Strike_P","Strike_P"],"score":425,"play_id":"3c892a4b-9e7b-4601-9ceb-8af2a2633154","local_time":"20210124224634","is_ascension_mode":true,"campfire_choices":[{"floor":7.0,"key":"REST"},{"floor":15.0,"key":"REST"},{"data":"Blasphemy","floor":23,"key":"SMITH"}],"circlet_count":0,"master_deck":["AscendersBane","Strike_P","Defend_P","Defend_P","Defend_P","Defend_P","Eruption","Vigilance","InnerPeace","EmptyFist","Study+1","Protect","SandsOfTime","SpiritShield","FearNoEvil","EmptyBody","DeceiveReality","Blasphemy+1","MentalFortress","Meditate"],"relics":["PureWater","Happy Flower","Mummified Hand","Omamori","Regal Pillow","Orichalcum","VioletLotus","Membership Card"],"acts_visited":["Exordium","TheCity"],"potions_floor_usage":[21],"damage_taken":[{"damage":12.0,"enemies":"Jaw Worm","floor":1.0,"turns":5.0},{"damage":7.0,"enemies":"Small Slimes","floor":3.0,"turns":4.0},{"damage":0.0,"enemies":"Cultist","floor":4.0,"turns":2.0},{"damage":30.0,"enemies":"3 Sentries","floor":6.0,"turns":8.0},{"damage":0.0,"enemies":"Looter","floor":8.0,"turns":3.0},{"damage":8.0,"enemies":"Gremlin Nob","floor":10.0,"turns":3.0},{"damage":0.0,"enemies":"Large Slime","floor":11.0,"turns":6.0},{"damage":0.0,"enemies":"Exordium Wildlife","floor":12.0,"turns":3.0},{"damage":9.0,"enemies":"Lagavulin","floor":14.0,"turns":6.0},{"damage":17.0,"enemies":"Slime Boss","floor":16.0,"turns":11.0},{"damage":13,"enemies":"Spheric Guardian","floor":18,"turns":6},{"damage":0,"enemies":"2 Thieves","floor":21,"turns":5},{"damage":3,"enemies":"Sentry and Sphere","floor":22,"turns":12},{"damage":59,"enemies":"Book of Stabbing","floor":24,"turns":8}],"seed_played":"3674187337589953235","potions_obtained":[{"floor":3.0,"key":"AttackPotion"},{"floor":8.0,"key":"BottledMiracle"},{"floor":10.0,"key":"SteroidPotion"}],"is_trial":false,"path_per_floor":["M","$","M","M","?","E","R","M","T","E","M","M","?","E","R","B",null,"M","?","$","M","M","R","E"],"character_chosen":"WATCHER","items_purchased":["InnerPeace","EmptyFist","Happy Flower","Membership Card","MentalFortress","Meditate","Swift Potion"],"campfire_rested":2,"item_purchase_floors":[2,2,2,20,20,20,20],"current_hp_per_floor":[49,49,42,42,42,12,30,30,30,22,22,22,15,6,39,22,52,39,62,62,62,59,59,0,0],"gold":35,"neow_bonus":"TWO_FIFTY_GOLD","is_daily":false,"chose_seed":false,"campfire_upgraded":1,"win_rate":0.0,"timestamp":1611508594,"path_taken":["M","$","M","M","?","E","R","M","T","E","M","M","?","E","R","BOSS","M","?","?","M","M","R","E"],"items_purchased_type":["Card","Card","Relic","Relic","Card","Card","Potion"],"build_version":"2020-12-22","purchased_purges":2,"victory":false,"max_hp_per_floor":[62,62,62,62,62,62,62,62,62,62,62,62,62,62,62,62,62,62,62,62,62,62,62,62,62],"relic_stats":{"Regal Pillow":15,"Happy Flower":[25],"counters":[14,82],"Mummified Hand":[20],"VioletLotus":[19],"Orichalcum":[36],"obtain_stats":[{"Regal Pillow":10,"Happy Flower":2,"Mummified Hand":6,"VioletLotus":17,"Omamori":9,"Membership Card":20,"PureWater":0,"Orichalcum":14},{"Regal Pillow":6,"Happy Flower":1,"Mummified Hand":4,"VioletLotus":10,"Omamori":5,"Membership Card":11,"PureWater":0,"Orichalcum":9},{"Regal Pillow":25,"Happy Flower":5,"Mummified Hand":19,"VioletLotus":51,"Omamori":22,"Membership Card":57,"PureWater":0,"Orichalcum":40}]},"card_choices":[{"not_picked":["Consecrate","ClearTheMind"],"picked":"ReachHeaven","floor":1.0},{"not_picked":["ClearTheMind","Halt"],"picked":"Study","floor":3.0},{"not_picked":["Swivel","Prostrate","CrushJoints"],"picked":"SKIP","floor":4.0},{"not_picked":["Conclude","Halt"],"picked":"Protect","floor":6.0},{"not_picked":["Swivel","JustLucky"],"picked":"SandsOfTime","floor":8.0},{"not_picked":["Indignation","Consecrate"],"picked":"SpiritShield","floor":10.0},{"not_picked":["EmptyMind","WindmillStrike"],"picked":"FearNoEvil","floor":11.0},{"not_picked":["Prostrate","ReachHeaven"],"picked":"EmptyBody","floor":12.0},{"not_picked":["Consecrate","DeceiveReality","WreathOfFlame"],"picked":"SKIP","floor":14.0},{"not_picked":["Consecrate","WreathOfFlame"],"picked":"DeceiveReality","floor":14.0},{"not_picked":["SpiritShield","Wish"],"picked":"Blasphemy","floor":16.0},{"not_picked":["EmptyBody","SashWhip","FlyingSleeves"],"picked":"SKIP","floor":18},{"not_picked":["FlyingSleeves","EmptyFist","Prostrate"],"picked":"SKIP","floor":21},{"not_picked":["EmptyBody","Crescendo","Ragnarok"],"picked":"SKIP","floor":22}],"player_experience":442984,"relics_obtained":[{"floor":6.0,"key":"Mummified Hand"},{"floor":9.0,"key":"Omamori"},{"floor":10.0,"key":"Regal Pillow"},{"floor":14.0,"key":"Orichalcum"}],"event_choices":[{"damage_healed":0.0,"max_hp_gain":0.0,"max_hp_loss":0.0,"gold_gain":0.0,"event_name":"Living Wall","player_choice":"Grow","floor":5.0,"gold_loss":0.0,"damage_taken":0.0,"cards_upgraded":["Study"]},{"cards_removed":["Strike_P"],"damage_healed":0.0,"max_hp_gain":0.0,"max_hp_loss":0.0,"gold_gain":0.0,"event_name":"Golden Wing","player_choice":"Card Removal","floor":13.0,"gold_loss":0.0,"damage_taken":7.0},{"cards_removed":["ReachHeaven"],"damage_healed":23,"gold_gain":0,"player_choice":"Offered Uncommon","damage_taken":0,"max_hp_gain":0,"max_hp_loss":0,"event_name":"Bonfire Elementals","floor":19,"gold_loss":0}],"is_beta":false,"boss_relics":[{"not_picked":["Ectoplasm","SlaversCollar"],"picked":"VioletLotus"}],"items_purged_floors":[2,20],"is_endless":false,"potions_floor_spawned":[3,8,10,14],"killed_by":"Book of Stabbing","ascension_level":19}}