{"host":"htqwg582tjjtn9p7","time":1611522735,"event":{"mods":["2.2 Compatiblity","AchievementEnabler","Act Like it!","Aspiration","BaseMod","Better Third Choice","Colored Map","Conspire","Curses Come First","Displayed Cursed Tome","Energized Spire","Force Act Four","Fox Events","GifTheSpireLib","Hermit","Highlight Path","JesterMod","Mad Scientist","Minty Spire (QoL Compilation)","Pale of the Ancients","Permanent Neow","Random Character Button","Relic Stats","Replay The Spire","Robot Space Explorer","Somnambulant","Spicy Shops","Spikes Relics","StSLib","Stuff the Spire","The Blue Laboratory","The Bug Knight","The Forsaken","The Gatherer","The Judge","The Jungle","The Marked","The Runesmith","The Servant 0.9.4","Uncapped"],"gold_per_floor":[113,163,175,175,175,42,84,105,105,123,13,13,51,70,70,168,168,187,187,187,212,237,280,280,313,390,426,447,466,466,66,66,183,183,209,209,243,100,138,182,182,231,279,279,279],"floor_reached":44,"language":"ENG","playtime":1757,"items_purged":["Injury","Shame"],"score":1005,"play_id":"80ff8888-5fd6-4631-a807-253451eb7de6","local_time":"20210124221215","is_ascension_mode":true,"campfire_choices":[{"data":"Pot Of Greed","floor":15,"key":"SMITH"},{"data":"Pot Of Greed","floor":24,"key":"SMITH"},{"data":"ReplayReversal","floor":30,"key":"SMITH"},{"floor":32,"key":"REST"},{"floor":41,"key":"REST"}],"circlet_count":0,"master_deck":["AscendersBane","Strike_R+1","Strike_R+1","Strike_R+1","Strike_R+1","Defend_R+1","Defend_R+1","Defend_R+1","Defend_R+1","Bash","Wild Strike","conspire:Charge","Fire Breathing","StuffTheSpire:Pyroclast","Shockwave","Dropkick","True Grit","Fire Breathing","Pot Of Greed+1","Pot Of Greed+1","Thunderclap+1","StuffTheSpire:Incineration","Offering","Ghostly Armor","Pot Of Greed","Sword Boomerang","Sword Boomerang+1","Armaments","StuffTheSpire:Slingshot","ReplayReversal+1","Demon Form","Alleviate","Eclipse","Luminosity"],"relics":["Burning Blood","aspiration:Nostalgia","Sizzling Blood","aspiration:ChemicalBlood","Golden Idol","Letter Opener","Gremlin Horn","Grinning Jar","conspire:Flyswatter","Quantum Egg","energizedSpire:SpiderWeb","ReplayFunnel","SnailShell","Replay:Bandana","conspire:Dentures","Red Skull","StuffTheSpire:CocoNut","aspiration:ServantSkillbook","Oddly Smooth Stone","ShockBauble","Orichalcum"],"acts_visited":["Exordium","TheCity","TheBeyond"],"potions_floor_usage":[3,13,13,16,23,25,27,29,33,33,37,40,40,40,42],"damage_taken":[{"damage":15,"enemies":"Jaw Worm","floor":1,"turns":6},{"damage":2,"enemies":"2 Louse","floor":3,"turns":2},{"damage":23,"enemies":"conspire:MimicChest","floor":7,"turns":7},{"damage":0,"enemies":"Cultist","floor":8,"turns":3},{"damage":10,"enemies":"Exordium Thugs","floor":10,"turns":4},{"damage":20,"enemies":"3 Sentries","floor":13,"turns":4},{"damage":5,"enemies":"2 Fungi Beasts","floor":14,"turns":3},{"damage":24,"enemies":"Hexaghost","floor":16,"turns":8},{"damage":22,"enemies":"3 Byrds","floor":18,"turns":4},{"damage":13,"enemies":"Spheric Guardian","floor":22,"turns":5},{"damage":6,"enemies":"conspire:SneckoGhost","floor":23,"turns":6},{"damage":6,"enemies":"Gremlin Leader","floor":25,"turns":4},{"damage":29,"enemies":"Book of Stabbing","floor":27,"turns":6},{"damage":0,"enemies":"Snake Plant","floor":28,"turns":4},{"damage":16,"enemies":"Sentry and Sphere","floor":29,"turns":5},{"damage":48,"enemies":"Automaton","floor":33,"turns":7},{"damage":11,"enemies":"3 Shapes","floor":35,"turns":3},{"damage":18,"enemies":"3 Darklings","floor":37,"turns":3},{"damage":0,"enemies":"Jaw Worm Horde","floor":39,"turns":3},{"damage":66,"enemies":"Reptomancer","floor":40,"turns":5},{"damage":4,"enemies":"Giant Head","floor":42,"turns":6},{"damage":75,"enemies":"Reptomancer","floor":44,"turns":2}],"seed_played":"-8101087398859196656","potions_obtained":[{"floor":2,"key":"FearPotion"},{"floor":7,"key":"Languid Potion"},{"floor":8,"key":"ElixirPotion"},{"floor":13,"key":"SkillPotion"},{"floor":14,"key":"Weak Potion"},{"floor":16,"key":"Weak Potion"},{"floor":18,"key":"Swift Potion"},{"floor":23,"key":"PowerPotion"},{"floor":25,"key":"Fire Potion"},{"floor":28,"key":"blueLaboratory:NullPotion"},{"floor":33,"key":"SpeedPotion"},{"floor":33,"key":"Swift Potion"},{"floor":37,"key":"blueLaboratory:Moonshine"},{"floor":40,"key":"blueLaboratory:EmptyBottle"},{"floor":40,"key":"SteroidPotion"}],"is_trial":false,"path_per_floor":["M","?","M","?","?","$","?","M","T","M","$","T","E","M","R","B",null,"M","?","?","T","M","E","R","E","T","E","M","M","R","$","R","B",null,"M","?","M","$","M","E","R","E","T","E"],"character_chosen":"IRONCLAD","items_purchased":["Shockwave","Grinning Jar","Thunderclap+1","StuffTheSpire:CocoNut","PowerPotion","Oddly Smooth Stone"],"campfire_rested":2,"item_purchase_floors":[6,11,11,31,31,38],"current_hp_per_floor":[67,41,49,49,49,49,36,46,46,46,46,46,36,41,41,27,66,54,54,54,54,51,55,55,59,59,40,50,44,44,51,76,38,74,73,73,65,65,75,36,61,69,69,0,0],"gold":279,"neow_bonus":"NOSTALGIA","is_daily":false,"chose_seed":false,"campfire_upgraded":3,"win_rate":0.0,"timestamp":1611522735,"path_taken":["M","?","M","?","?","$","?","?","T","M","?","?","E","M","R","BOSS","M","?","?","?","?","E","R","E","T","E","M","M","R","$","R","BOSS","M","?","?","?","M","E","R","E","T","E"],"items_purchased_type":["Card","Relic","Card","Relic","Potion","Relic"],"build_version":"2020-12-22","purchased_purges":2,"victory":false,"max_hp_per_floor":[79,79,79,79,79,79,79,79,79,79,79,79,79,79,79,79,79,79,79,79,79,79,79,79,79,79,79,79,79,79,86,86,86,86,86,86,86,86,86,86,86,88,88,88,88],"relic_stats":{"Gremlin Horn":[20,20],"counters":[22,100],"Golden Idol":132,"Letter Opener":[197],"Orichalcum":[0],"obtain_stats":[{"ReplayFunnel":21,"conspire:Dentures":26,"SnailShell":23,"ShockBauble":40,"Gremlin Horn":9,"aspiration:Nostalgia":0,"Golden Idol":5,"Quantum Egg":13,"Oddly Smooth Stone":38,"Sizzling Blood":0,"Letter Opener":7,"energizedSpire:SpiderWeb":17,"Orichalcum":42,"Burning Blood":0,"Replay:Bandana":25,"aspiration:ServantSkillbook":34,"StuffTheSpire:CocoNut":31,"Grinning Jar":11,"Red Skull":27,"aspiration:ChemicalBlood":2,"conspire:Flyswatter":12},{"ReplayFunnel":9,"conspire:Dentures":12,"SnailShell":11,"ShockBauble":20,"Gremlin Horn":4,"aspiration:Nostalgia":0,"Golden Idol":2,"Quantum Egg":6,"Oddly Smooth Stone":18,"Sizzling Blood":0,"Letter Opener":3,"energizedSpire:SpiderWeb":8,"Orichalcum":21,"Burning Blood":0,"Replay:Bandana":12,"aspiration:ServantSkillbook":16,"StuffTheSpire:CocoNut":15,"Grinning Jar":5,"Red Skull":13,"aspiration:ChemicalBlood":1,"conspire:Flyswatter":5},{"ReplayFunnel":41,"conspire:Dentures":56,"SnailShell":52,"ShockBauble":92,"Gremlin Horn":18,"aspiration:Nostalgia":0,"Golden Idol":8,"Quantum Egg":26,"Oddly Smooth Stone":84,"Sizzling Blood":0,"Letter Opener":15,"energizedSpire:SpiderWeb":37,"Orichalcum":98,"Burning Blood":0,"Replay:Bandana":56,"aspiration:ServantSkillbook":78,"StuffTheSpire:CocoNut":71,"Grinning Jar":22,"Red Skull":62,"aspiration:ChemicalBlood":6,"conspire:Flyswatter":22}],"Burning Blood":126},"card_choices":[{"not_picked":["Flex","Headbutt"],"picked":"Wild Strike","floor":1},{"not_picked":["StuffTheSpire:Slingshot","Ghostly Armor"],"picked":"conspire:Charge","floor":2},{"not_picked":["conspire:ExplosiveBarrier","Uppercut"],"picked":"Fire Breathing","floor":2},{"not_picked":["Cleave","Perfected Strike"],"picked":"StuffTheSpire:Pyroclast","floor":3},{"not_picked":["Entrench","Havoc"],"picked":"Dropkick","floor":7},{"not_picked":["Replay:Undeath\u0027s Touch","Warcry"],"picked":"True Grit","floor":8},{"not_picked":["conspire:ExplosiveBarrier","Pommel Strike"],"picked":"Fire Breathing","floor":10},{"not_picked":["Corruption","Blood for Blood","Massacre"],"picked":"SKIP","floor":13},{"not_picked":["Iron Wave","conspire:ExplosiveBarrier"],"picked":"StuffTheSpire:Incineration","floor":14},{"not_picked":["Bludgeon","Eclipse"],"picked":"Offering","floor":16},{"not_picked":["Pummel","Cleave"],"picked":"Ghostly Armor","floor":18},{"not_picked":["Clothesline","ReplayTheSpireMod:Limb From Limb"],"picked":"Sword Boomerang","floor":22},{"not_picked":["Combust","Flex"],"picked":"Sword Boomerang+1","floor":23},{"not_picked":["Headbutt","ReplayTheSpireMod:Corrosion Curse+1"],"picked":"Armaments","floor":25},{"not_picked":["Cleave","Body Slam","Havoc"],"picked":"SKIP","floor":27},{"not_picked":["Clothesline","Invigoration"],"picked":"StuffTheSpire:Slingshot","floor":28},{"not_picked":["Twin Strike+1","Clash"],"picked":"ReplayReversal","floor":29},{"not_picked":["Reaper","Immolate"],"picked":"Demon Form","floor":33},{"not_picked":["Spin","Potential","Warcry"],"picked":"Alleviate","floor":35},{"not_picked":["DoubleEdge","Warcry","Pummel","Reckless Charge"],"picked":"SKIP","floor":37},{"not_picked":["Ricochet","StuffTheSpire:RockThrow","Perfected Strike","Sabotage"],"picked":"SKIP","floor":39},{"not_picked":["DoubleEdge","StuffTheSpire:RockThrow","Potential"],"picked":"Luminosity","floor":40},{"not_picked":["Shuttle+1","Heavy Blade","Demon Form","Headbutt"],"picked":"SKIP","floor":42}],"player_experience":1955426,"relics_obtained":[{"floor":2,"key":"aspiration:ChemicalBlood"},{"floor":7,"key":"Letter Opener"},{"floor":9,"key":"Gremlin Horn"},{"floor":12,"key":"conspire:Flyswatter"},{"floor":13,"key":"Quantum Egg"},{"floor":21,"key":"ReplayFunnel"},{"floor":23,"key":"SnailShell"},{"floor":25,"key":"Replay:Bandana"},{"floor":26,"key":"conspire:Dentures"},{"floor":27,"key":"Red Skull"},{"floor":40,"key":"ShockBauble"},{"floor":42,"key":"Orichalcum"}],"event_choices":[{"damage_healed":0,"gold_gain":0,"player_choice":"Ignored","damage_taken":175,"max_hp_gain":0,"max_hp_loss":0,"event_name":"betterThird:BetterSerpent","floor":4,"gold_loss":0},{"damage_healed":0,"gold_gain":0,"player_choice":"Take Wound","damage_taken":0,"relics_obtained":["Golden Idol"],"max_hp_gain":0,"max_hp_loss":0,"event_name":"Golden Idol","floor":5,"gold_loss":0,"cards_obtained":["Injury"]},{"damage_healed":0,"gold_gain":0,"player_choice":"Ignored","damage_taken":0,"max_hp_gain":0,"max_hp_loss":0,"event_name":"Ghosts","floor":19,"gold_loss":0},{"damage_healed":0,"gold_gain":0,"player_choice":"Simplicity","damage_taken":0,"max_hp_gain":0,"max_hp_loss":9,"event_name":"betterThird:BetterWriting","floor":20,"gold_loss":0},{"damage_healed":0,"gold_gain":0,"cards_transformed":["Strike_R"],"player_choice":"Transformed","damage_taken":0,"max_hp_gain":0,"max_hp_loss":0,"event_name":"Transmorgrifier","floor":36,"gold_loss":0,"cards_obtained":["Eclipse"]}],"is_beta":false,"boss_relics":[{"not_picked":["jesterMod:MachoBrace","aspiration:FutureDiary"],"picked":"energizedSpire:SpiderWeb"},{"not_picked":["conspire:RoyalGoblet","energizedSpire:DecayingSkull"],"picked":"aspiration:ServantSkillbook"}],"items_purged_floors":[6,31],"is_endless":false,"potions_floor_spawned":[7,8,14,16,25,27,28,33,35,40],"killed_by":"Reptomancer","ascension_level":15}}