{"host":"usdj552hvd2ulznm","time":1611527330,"event":{"mods":["Act Like it!","Aspiration","BaseMod","Better Third Choice","Colored Powertips","Conjunction","Conspire","DeckTracker","Downfall","Emptier Cage","Energized Spire","Gensokyo","GifTheSpireLib","GungeonMod","Halation","Hallownest","Hermit","Hubris","Infinite Spire","Key Reminder","Lobotomy","LobotomyExtend","Minty Spire (QoL Compilation)","Quick Restart","RNG Fix","Railgun Mod","Random Character Mod","Relic Stats","Replay The Spire","Reworked Bosses","Small Relic Pack","StSLib","Stuff the Spire","The Animator","The Blue Laboratory","The IronCluck","The Jungle","Uncapped","WarShipGirlsR/????R mod","vexMod"],"gold_per_floor":[109,109,120,120,45,45,45],"floor_reached":6,"language":"ENG","playtime":251,"items_purged":["hermit:Defend_Hermit"],"score":34,"play_id":"38037376-b14b-480f-b2c3-92b58e33ac06","local_time":"20210124152850","is_ascension_mode":false,"campfire_choices":[],"circlet_count":0,"master_deck":["hermit:Strike_Hermit","hermit:Strike_Hermit","hermit:Strike_Hermit","hermit:Defend_Hermit","hermit:Defend_Hermit","hermit:Defend_Hermit","hermit:Snapshot","hermit:Covet","UniverseFragment","hermit:ItchyTrigger","GalaxyChild","hermit:CursedWeapon+1"],"relics":["hermit:Momento","CogitoBucket","LetterFromLob"],"acts_visited":["Hallownest:Greenpath"],"potions_floor_usage":[],"damage_taken":[{"damage":3,"enemies":"Hallownest:2_Baldur","floor":1,"turns":3},{"damage":3,"enemies":"Hallownest:monsterHuskWarrior","floor":3,"turns":3},{"damage":71,"enemies":"Hallownest:eliteMossKnight","floor":6,"turns":9}],"seed_played":"3689120798387461866","potions_obtained":[],"is_trial":false,"path_per_floor":["M","?","M","?","$","E"],"character_chosen":"HERMIT","items_purchased":[],"campfire_rested":0,"item_purchase_floors":[],"current_hp_per_floor":[72,72,69,69,69,0,0],"gold":45,"neow_bonus":"","is_daily":false,"chose_seed":false,"campfire_upgraded":0,"win_rate":0.0,"timestamp":1611527330,"path_taken":["M","?","?","?","$","E"],"items_purchased_type":[],"build_version":"2020-12-22","purchased_purges":1,"victory":false,"max_hp_per_floor":[75,75,75,75,75,75,75],"relic_stats":{"counters":[3,15],"obtain_stats":[{"CogitoBucket":0,"LetterFromLob":1,"hermit:Momento":0},{"CogitoBucket":0,"LetterFromLob":1,"hermit:Momento":0},{"CogitoBucket":0,"LetterFromLob":3,"hermit:Momento":0}]},"card_choices":[{"not_picked":["WallGazer","QueenOfHatred"],"picked":"UniverseFragment","floor":1},{"not_picked":["hermit:Glare","hermit:Virtue"],"picked":"hermit:ItchyTrigger","floor":1},{"not_picked":["WhitesApple","LittlePrince"],"picked":"GalaxyChild","floor":3},{"not_picked":["hermit:DeadMansHand","hermit:Quickdraw"],"picked":"hermit:CursedWeapon","floor":3}],"player_experience":470331,"relics_obtained":[{"floor":1,"key":"LetterFromLob"}],"event_choices":[],"is_beta":false,"boss_relics":[],"items_purged_floors":[5],"is_endless":false,"potions_floor_spawned":[],"killed_by":"Hallownest:eliteMossKnight","ascension_level":0}}