{"host":"flash","time":1611481203,"event":{"mods":["ATMod(°¢èªMod)","Act Like it!","BaseMod","Jorbs\u0027s Wanderer Trilogy","Luminous","Minty Spire (QoL Compilation)","Shop Mod","StSLib","Td1madao Mod"],"gold_per_floor":[117,133,83,1,17,17,32,63,63,89,89,100,120,146,146,245,245,255,255,271,281,294,294,294],"floor_reached":23,"language":"ZHS","playtime":1040,"items_purged":[],"score":424,"play_id":"6bb26484-d8a0-4be0-a158-e3b2be2b930c","local_time":"20210124174003","is_ascension_mode":true,"campfire_choices":[{"data":"AT_FamilyPortrait","floor":6.0,"key":"SMITH"},{"floor":11,"key":"REST"},{"data":"Adaptation","floor":15,"key":"SMITH"}],"circlet_count":0,"master_deck":["AscendersBane","Strike_P","Strike_P","Defend_P","Defend_P","Defend_P","Defend_P","Eruption","Vigilance","AT_FamilyPortrait+1","WaveOfTheHand","Adaptation+1","WheelKick","CutThroughFate","InnerPeace","Judgement","Tantrum","Consecrate","DevaForm","Protect+1"],"relics":["PureWater","AT_ATBox","NeowsBlessing","Bag of Preparation","Prayer Wheel","WingedGreaves","Calipers","Busted Crown"],"acts_visited":["Exordium","TheCity"],"potions_floor_usage":[13],"damage_taken":[{"damage":0.0,"enemies":"Small Slimes","floor":1.0,"turns":1.0},{"damage":0.0,"enemies":"Jaw Worm","floor":2.0,"turns":1.0},{"damage":0.0,"enemies":"Cultist","floor":5.0,"turns":1.0},{"damage":6.0,"enemies":"2 Fungi Beasts","floor":7.0,"turns":4.0},{"damage":22.0,"enemies":"Lagavulin","floor":8.0,"turns":7.0},{"damage":20,"enemies":"3 Sentries","floor":10,"turns":9},{"damage":11,"enemies":"Red Slaver","floor":12,"turns":4},{"damage":1,"enemies":"Looter","floor":13,"turns":4},{"damage":17,"enemies":"Lagavulin","floor":14,"turns":7},{"damage":0,"enemies":"Slime Boss","floor":16,"turns":4},{"damage":15,"enemies":"2 Thieves","floor":18,"turns":4},{"damage":0,"enemies":"Chosen","floor":20,"turns":2},{"damage":21,"enemies":"Snake Plant","floor":21,"turns":5},{"damage":0,"enemies":"3 Cultists","floor":22,"turns":2},{"damage":31,"enemies":"Slavers","floor":23,"turns":4}],"seed_played":"-2632990507992740780","potions_obtained":[{"floor":1.0,"key":"Fruit Juice"},{"floor":5.0,"key":"Block Potion"},{"floor":10,"key":"GamblersBrew"},{"floor":14,"key":"SteroidPotion"}],"is_trial":false,"path_per_floor":["M","M","?","?","M","R","M","E","T","E","R","M","M","E","R","B",null,"M","?","M","M","M","E"],"character_chosen":"WATCHER","items_purchased":[],"campfire_rested":1,"item_purchase_floors":[],"current_hp_per_floor":[70,70,70,70,70,70,64,42,42,22,45,41,40,23,23,23,64,49,49,49,28,28,0,0],"gold":294,"neow_bonus":"THREE_ENEMY_KILL","is_daily":false,"chose_seed":false,"campfire_upgraded":2,"win_rate":0.0,"timestamp":1611481203,"path_taken":["M","M","?","?","M","R","?","E","T","E","R","M","M","E","R","BOSS","M","?","M","?","M","E"],"items_purchased_type":[],"build_version":"2020-12-18","purchased_purges":0,"victory":false,"max_hp_per_floor":[77,77,77,77,77,77,77,77,77,77,77,77,77,77,77,77,77,77,77,77,77,77,77,77],"card_choices":[{"not_picked":["Weave","EmptyFist","DeceiveReality"],"picked":"SKIP","floor":1.0},{"not_picked":["Prostrate","JustLucky"],"picked":"WaveOfTheHand","floor":2.0},{"not_picked":["LikeWater","FollowUp"],"picked":"Adaptation","floor":5.0},{"not_picked":["AT_RealFormLess","EmptyBody"],"picked":"WheelKick","floor":7.0},{"not_picked":["FlyingSleeves","LikeWater"],"picked":"CutThroughFate","floor":8.0},{"not_picked":["CrushJoints","EmptyFist"],"picked":"InnerPeace","floor":10},{"not_picked":["ReachHeaven","SashWhip","BattleHymn"],"picked":"SKIP","floor":12},{"not_picked":["Indignation","PathToVictory","Prostrate"],"picked":"SKIP","floor":12},{"not_picked":["EmptyFist","FearNoEvil"],"picked":"Judgement","floor":13},{"not_picked":["Vengeance","Crescendo"],"picked":"Tantrum","floor":13},{"not_picked":["WheelKick","CrushJoints"],"picked":"Consecrate","floor":14},{"not_picked":["AT_IrregularMenstruation","Omniscience"],"picked":"DevaForm","floor":16},{"not_picked":["Meditate"],"picked":"SKIP","floor":18},{"not_picked":["Swivel"],"picked":"SKIP","floor":18},{"not_picked":[],"picked":"Protect+1","floor":20},{"not_picked":["CrushJoints"],"picked":"SKIP","floor":20},{"not_picked":["ThirdEye"],"picked":"SKIP","floor":21},{"not_picked":["JustLucky"],"picked":"SKIP","floor":21},{"not_picked":["DeceiveReality"],"picked":"SKIP","floor":22},{"not_picked":["FollowUp"],"picked":"SKIP","floor":22}],"player_experience":652884,"relics_obtained":[{"floor":8.0,"key":"Prayer Wheel"},{"floor":10,"key":"WingedGreaves"},{"floor":14,"key":"Calipers"}],"event_choices":[{"cards_removed":["Strike_P"],"damage_healed":0.0,"max_hp_gain":0.0,"max_hp_loss":0.0,"gold_gain":0.0,"event_name":"The Cleric","player_choice":"Card Removal","floor":3.0,"gold_loss":50.0,"damage_taken":0.0},{"damage_healed":0.0,"max_hp_gain":0.0,"max_hp_loss":0.0,"gold_gain":0.0,"event_name":"WeMeetAgain","player_choice":"Paid Gold","floor":4.0,"gold_loss":82.0,"damage_taken":0.0,"relics_obtained":["Bag of Preparation"]},{"cards_removed":["Strike_P"],"damage_healed":0,"gold_gain":0,"player_choice":"Offered Basic","damage_taken":0,"max_hp_gain":0,"max_hp_loss":0,"event_name":"Bonfire Elementals","floor":19,"gold_loss":0}],"is_beta":true,"boss_relics":[{"not_picked":["HolyWater","Ectoplasm"],"picked":"Busted Crown"}],"items_purged_floors":[],"is_endless":false,"potions_floor_spawned":[1,5,10,14,16],"killed_by":"Slavers","ascension_level":12}}