{"host":"6drv1qzpbnls60z2","time":1611503021,"event":{"mods":["ATMod(°¢èªMod)","Act Like it!","Arknights The Spire","BaseMod","Hallownest","Minty Spire (QoL Compilation)","Reimu£¨²©ÀöÁéÃÎ£©","Replay The Spire","Shop Mod","Spicy Shops","StSLib","The Dragonkin","Uncapped","¡¾ÒÅÎï¿¨ÅÆ¡¿REMEMod","óô»ðÖ¸ÄÏ"],"gold_per_floor":[117,132,3,23,23,23,42,42,96,16,16,16,16],"floor_reached":12,"language":"ZHS","playtime":698,"items_purged":[],"score":236,"play_id":"2e85a667-ef79-4afe-b11f-fe247d6af80e","local_time":"20210124234341","daily_mods":["SealedDeck"],"is_ascension_mode":true,"campfire_choices":[{"data":"InherentArray:ReiMu","floor":6,"key":"SMITH"},{"data":"AT_FamilyPortrait","floor":11,"key":"SMITH"}],"circlet_count":0,"master_deck":["AscendersBane","AT_FamilyPortrait+1","AT_FalsePromise","SubAcupoint:ReiMu","ats:Shell Defense","ats:Closed Bolt Burst Fire","SubAcupoint:ReiMu","LovePray:ReiMu","ats:Revitalization","Amulet:ReiMu","InherentArray:ReiMu+1","ats:Literary Storm","ats:Hook Shot","RainPray2:ReiMu","ats:Blood Oath","MikOfLucky:ReiMu+1","ats:Mental Burst","EmergencyTakeOff:ReiMu","Meditation:ReiMu","ats:Healing Strengthening"],"relics":["ats:Sanity","AT_ATBox","REME_ComplimentaryCards","Bronze Scales"],"acts_visited":["Exordium"],"potions_floor_usage":[4,12],"damage_taken":[{"damage":2,"enemies":"Jaw Worm","floor":1,"turns":5},{"damage":0,"enemies":"Cultist","floor":2,"turns":4},{"damage":0,"enemies":"2 Louse","floor":4,"turns":1},{"damage":7,"enemies":"2 Fungi Beasts","floor":7,"turns":3},{"damage":90,"enemies":"Gremlin Nob","floor":12,"turns":5}],"seed_played":"-8655589928252466557","potions_obtained":[{"floor":2,"key":"SneckoOil"},{"floor":4,"key":"REME_GoldPotion"},{"floor":8,"key":"DuplicationPotion"}],"is_trial":true,"path_per_floor":["M","M","$","M","?","R","M","?","T","$","R","E"],"character_chosen":"DOCTOR_CLASS","items_purchased":["MikOfLucky:ReiMu","ats:Mental Burst","ats:Healing Strengthening"],"campfire_rested":0,"item_purchase_floors":[3,3,10],"current_hp_per_floor":[66,72,72,72,72,72,65,65,65,65,65,0,0],"gold":16,"neow_bonus":"","is_daily":false,"chose_seed":false,"campfire_upgraded":2,"win_rate":0.0,"timestamp":1611503021,"path_taken":["M","M","$","M","?","R","M","?","T","$","R","E"],"items_purchased_type":["Card","Card","Card"],"build_version":"2020-12-22","purchased_purges":0,"victory":false,"max_hp_per_floor":[72,72,72,72,72,72,72,72,72,72,72,72,72],"card_choices":[{"not_picked":["SubcavityInstant:ReiMu","ats:Blood Oath"],"picked":"RainPray2:ReiMu","floor":1},{"not_picked":["LearningPray:ReiMu","ats:Cat Scratch"],"picked":"ats:Blood Oath","floor":2},{"not_picked":["SafetyPray:ReiMu","OctopathSalyBorderN:ReiMu"],"picked":"EmergencyTakeOff:ReiMu","floor":4},{"not_picked":["ats:Curse Doll","WonderfulDomain:ReiMu"],"picked":"Meditation:ReiMu","floor":7}],"player_experience":120531,"relics_obtained":[{"floor":9,"key":"Bronze Scales"}],"event_choices":[{"damage_healed":0,"gold_gain":0,"player_choice":"Got Potions","damage_taken":0,"max_hp_gain":0,"max_hp_loss":0,"event_name":"Lab","floor":8,"gold_loss":0}],"is_beta":false,"boss_relics":[],"items_purged_floors":[],"is_endless":true,"potions_floor_spawned":[2,4],"killed_by":"Gremlin Nob","ascension_level":20}}