{"host":"dowi7cgbhepuzvpj","time":1611447480,"event":{"mods":["AchievementEnabler","BaseMod","Keyboard Shortcuts","Minty Spire (QoL Compilation)","Permanent Neow","Quick Restart","StSLib","SuperFastMode"],"gold_per_floor":[111,111,111,36,36,68,78,78,78,88,103,121,138,213,213,311,311,330,54,54,72,72,72,89,89,138,138,138],"floor_reached":27,"language":"KOR","playtime":400,"items_purged":["Strike_R"],"score":345,"play_id":"025d0bb3-f341-42a8-8311-be02ee559c21","local_time":"20210124091800","is_ascension_mode":true,"campfire_choices":[{"data":"Bash","floor":8,"key":"SMITH"},{"data":"Rage","floor":15,"key":"SMITH"},{"data":"Perfected Strike","floor":23,"key":"SMITH"},{"data":"Flex","floor":25,"key":"SMITH"}],"circlet_count":0,"master_deck":["Strike_R","Strike_R","Strike_R","Defend_R","Defend_R","Defend_R","Defend_R","Bash+1","Sword Boomerang","Twin Strike","Rage+1","Reaper","Perfected Strike+1","Disarm","Perfected Strike","Shame","Flex+1"],"relics":["Burning Blood","NeowsBlessing","Bag of Marbles","Shuriken","StrikeDummy","Philosopher\u0027s Stone","Lee\u0027s Waffle","Potion Belt"],"acts_visited":["Exordium","TheCity"],"potions_floor_usage":[24,24,27],"damage_taken":[{"damage":0,"enemies":"2 Louse","floor":1,"turns":1},{"damage":0,"enemies":"Gremlin Nob","floor":6,"turns":1},{"damage":0,"enemies":"Jaw Worm","floor":7,"turns":1},{"damage":10,"enemies":"Small Slimes","floor":10,"turns":2},{"damage":24,"enemies":"Exordium Thugs","floor":11,"turns":5},{"damage":6,"enemies":"Large Slime","floor":12,"turns":3},{"damage":3,"enemies":"2 Fungi Beasts","floor":13,"turns":3},{"damage":52,"enemies":"The Guardian","floor":16,"turns":9},{"damage":14,"enemies":"Chosen","floor":18,"turns":3},{"damage":19,"enemies":"Shell Parasite","floor":21,"turns":3},{"damage":19,"enemies":"Shelled Parasite and Fungi","floor":24,"turns":3},{"damage":59,"enemies":"Gremlin Leader","floor":27,"turns":4}],"seed_played":"-752180367578242542","potions_obtained":[{"floor":1,"key":"BloodPotion"},{"floor":6,"key":"LiquidBronze"},{"floor":7,"key":"Weak Potion"},{"floor":13,"key":"Explosive Potion"}],"is_trial":false,"path_per_floor":["M","?","?","$","?","E","M","R","T","M","M","M","M","?","R","B",null,"M","$","?","M","?","R","M","R","T","E"],"character_chosen":"IRONCLAD","items_purchased":["Perfected Strike","Lee\u0027s Waffle","Disarm"],"campfire_rested":0,"item_purchase_floors":[19,19,19],"current_hp_per_floor":[78,83,76,76,76,82,85,85,85,81,63,63,66,55,55,9,66,58,92,92,79,79,79,66,66,66,19,19],"gold":138,"neow_bonus":"THREE_ENEMY_KILL","is_daily":false,"chose_seed":false,"campfire_upgraded":4,"win_rate":0.0,"timestamp":1611447480,"path_taken":["M","?","?","$","?","E","M","R","T","M","M","M","?","?","R","BOSS","M","$","?","M","?","R","M","R","T","E"],"items_purchased_type":["Card","Relic","Card"],"build_version":"2020-12-22","purchased_purges":1,"victory":false,"max_hp_per_floor":[80,85,85,85,85,85,85,85,85,85,85,85,85,85,85,85,85,85,92,92,92,92,92,92,92,92,92,92],"card_choices":[{"not_picked":["Intimidate","Warcry","Heavy Blade"],"picked":"SKIP","floor":1},{"not_picked":["Uppercut","Iron Wave"],"picked":"Sword Boomerang","floor":6},{"not_picked":["Burning Pact","Dual Wield","Whirlwind"],"picked":"SKIP","floor":7},{"not_picked":["Clothesline","Carnage"],"picked":"Twin Strike","floor":10},{"not_picked":["Exhume","Anger"],"picked":"Rage","floor":11},{"not_picked":["Bloodletting","Body Slam","Warcry"],"picked":"SKIP","floor":12},{"not_picked":["Whirlwind","Sword Boomerang","Anger"],"picked":"SKIP","floor":13},{"not_picked":["Exhume","Berserk"],"picked":"Reaper","floor":16},{"not_picked":["Body Slam","Bloodletting+1","Warcry"],"picked":"SKIP","floor":18},{"not_picked":["Seeing Red+1","Cleave","True Grit"],"picked":"SKIP","floor":21},{"not_picked":["Havoc","Thunderclap"],"picked":"Flex","floor":24}],"player_experience":848153,"relics_obtained":[{"floor":6,"key":"Shuriken"},{"floor":9,"key":"StrikeDummy"}],"event_choices":[{"damage_healed":0,"gold_gain":0,"player_choice":"Donut","damage_taken":0,"max_hp_gain":5,"max_hp_loss":0,"event_name":"Big Fish","floor":2,"gold_loss":0},{"cards_removed":["Strike_R"],"damage_healed":0,"gold_gain":0,"player_choice":"Card Removal","damage_taken":7,"max_hp_gain":0,"max_hp_loss":0,"event_name":"Golden Wing","floor":3,"gold_loss":0},{"damage_healed":0,"gold_gain":0,"player_choice":"Gave Potion","damage_taken":0,"relics_obtained":["Bag of Marbles"],"max_hp_gain":0,"max_hp_loss":0,"event_name":"WeMeetAgain","floor":5,"gold_loss":0},{"damage_healed":0,"gold_gain":75,"player_choice":"Gather Gold","damage_taken":11,"max_hp_gain":0,"max_hp_loss":0,"event_name":"World of Goop","floor":14,"gold_loss":0},{"damage_healed":0,"gold_gain":0,"player_choice":"Read","damage_taken":0,"max_hp_gain":0,"max_hp_loss":0,"event_name":"The Library","floor":20,"gold_loss":0,"cards_obtained":["Perfected Strike"]},{"damage_healed":0,"gold_gain":0,"player_choice":"Stole Relic","damage_taken":0,"relics_obtained":["Potion Belt"],"max_hp_gain":0,"max_hp_loss":0,"event_name":"Addict","floor":22,"gold_loss":0,"cards_obtained":["Shame"]}],"is_beta":false,"boss_relics":[{"not_picked":["Busted Crown","SlaversCollar"],"picked":"Philosopher\u0027s Stone"}],"items_purged_floors":[4],"is_endless":false,"potions_floor_spawned":[1,6,7,13,18,21],"killed_by":"Gremlin Leader","ascension_level":9}}