{"host":"ju66gn9zov5ov15o","time":1611489251,"event":{"mods":["2.2 Compatiblity","Act Like it!","Arknights The Spire","Aspiration","BaseMod","Conspire","Downfall","GifTheSpireLib","Hubris","Lobotomy","LobotomyExtend","Marisa????????","Minty Spire (QoL Compilation)","Pale of the Ancients","Rare Cards Sparkle","Relic Stats","StSLib","The Alterego","The Animator"],"gold_per_floor":[109,140,63,63,80,105,8,8,80,93,118,150,173,173,173,268,268,284,61,78,78,3,29,29,29,29,29,43,62,72,0,0,129,129,146,163,163,87,97,97,97],"floor_reached":40,"language":"ENG","playtime":3637,"items_purged":["Grand Finale"],"score":648,"play_id":"9e838081-82a7-415f-ba12-5709acbbeb8f","local_time":"20210124125411","is_ascension_mode":true,"campfire_choices":[{"data":"animator:NagisaMomoe","floor":15,"key":"SMITH"},{"floor":25,"key":"REST"},{"data":"animator:DolaSchwi","floor":27,"key":"SMITH"},{"data":"animator:Caster","floor":32,"key":"SMITH"}],"circlet_count":0,"master_deck":["AscendersBane","animator:Strike_MadokaMagica","animator:Defend_MadokaMagica","animator:Defend","animator:Defend","animator:Defend","animator:IrohaTamaki","animator:YuiTsuruno","animator:Canti","animator:Chung","animator:MamiTomoe","animator:SayakaMiki","animator:Rider","animator:Megumin+4","animator:Elsword","animator:Add","animator:MamiTomoe","animator:KyokoSakura","animator:Cirno","Slice","animator:KyokoSakura","animator:DolaSchwi+1","animator:Yoichi","animator:NagisaMomoe+1","animator:HomuraAkemi","animator:DolaRiku+1","animator:KrulTepes","animator:Caster+1","animator:Kyubey","animator:Mikaela+1","animator:OrikoMikuni","animator:YachiyoNanami"],"relics":["animator:LivingPicture","animator:TheMissingPiece","Potion Belt","White Beast Statue","aspiration:Lifesprig","hubris:VirtuousBlindfold","hubris:EmptyBottle","alterego_mod:SomeoneToFightFor","Blood Vial","animator:HeavyHalberd","Eternal Feather","animator:CursedBlade"],"acts_visited":["Exordium","TheCity","TheBeyond"],"potions_floor_usage":[6,10,12,16,16,16,20,23,23,23,30,30,33,33,33,33,33,33,35,35,40],"damage_taken":[{"damage":0,"enemies":"Jaw Worm","floor":1,"turns":3},{"damage":0,"enemies":"Small Slimes","floor":2,"turns":3},{"damage":0,"enemies":"Cultist","floor":5,"turns":3},{"damage":13,"enemies":"Gremlin Nob","floor":6,"turns":3},{"damage":13,"enemies":"Large Slime","floor":10,"turns":7},{"damage":0,"enemies":"Looter","floor":11,"turns":3},{"damage":6,"enemies":"3 Sentries","floor":12,"turns":4},{"damage":11,"enemies":"2 Fungi Beasts","floor":13,"turns":3},{"damage":11,"enemies":"The Guardian","floor":16,"turns":8},{"damage":21,"enemies":"2 Thieves","floor":18,"turns":4},{"damage":13,"enemies":"3 Byrds","floor":20,"turns":6},{"damage":23,"enemies":"Slavers","floor":23,"turns":5},{"damage":8,"enemies":"conspire:HollyBat","floor":28,"turns":7},{"damage":10,"enemies":"Cultist and Chosen","floor":29,"turns":6},{"damage":14,"enemies":"Centurion and Healer","floor":30,"turns":4},{"damage":30,"enemies":"conspire:MysteriousRune","floor":33,"turns":9},{"damage":4,"enemies":"3 Darklings","floor":35,"turns":3},{"damage":26,"enemies":"3 Shapes","floor":36,"turns":8},{"damage":37,"enemies":"Sphere and 2 Shapes","floor":39,"turns":5},{"damage":26,"enemies":"Nemesis","floor":40,"turns":6}],"seed_played":"3454797084808335567","potions_obtained":[{"floor":2,"key":"champ:CounterPotion"},{"floor":6,"key":"Weak Potion"},{"floor":10,"key":"DuplicationPotion"},{"floor":11,"key":"champ:CounterPotion"},{"floor":12,"key":"SneckoOil"},{"floor":13,"key":"Weak Potion"},{"floor":16,"key":"champ:CounterPotion"},{"floor":18,"key":"Swift Potion"},{"floor":20,"key":"SteroidPotion"},{"floor":23,"key":"ColorlessPotion"},{"floor":28,"key":"hexamod:SoulburnPotion"},{"floor":29,"key":"LiquidMemories"},{"floor":33,"key":"AttackPotion"},{"floor":35,"key":"Guardian:BlockOnCardUsePotion"},{"floor":36,"key":"champ:CounterPotion"},{"floor":39,"key":"bronze:BurnAndBuffPotion"}],"is_trial":false,"path_per_floor":["M","M","$","?","M","E","$","?","T","M","M","E","M","?","R","B",null,"M","$","M","?","?","E","$","R","T","R","M","M","M","?","R","B",null,"M","M","?","$","M","E"],"character_chosen":"THE_ANIMATOR","items_purchased":["animator:SayakaMiki","animator:Cirno","hubris:EmptyBottle","animator:YachiyoNanami"],"campfire_rested":1,"item_purchase_floors":[3,7,19,38],"current_hp_per_floor":[59,59,59,59,59,47,47,47,47,34,34,28,17,20,20,10,56,36,36,23,23,23,21,21,42,42,57,51,57,45,45,60,32,62,60,59,59,59,24,0,0],"gold":97,"neow_bonus":"RANDOM_COLORLESS","is_daily":false,"chose_seed":false,"campfire_upgraded":3,"win_rate":0.0,"timestamp":1611489251,"path_taken":["M","M","$","?","M","E","$","?","T","?","M","E","M","?","R","BOSS","M","$","M","?","?","E","?","R","T","R","?","M","M","?","R","BOSS","M","M","?","$","M","E"],"items_purchased_type":["Card","Card","Relic","Card"],"build_version":"2020-12-22","purchased_purges":1,"victory":false,"max_hp_per_floor":[66,66,66,66,66,67,67,67,67,67,67,67,67,70,70,71,71,72,72,72,72,72,72,72,72,72,72,72,72,72,72,72,72,72,72,74,74,74,74,74,74],"relic_stats":{"Blood Vial":16,"counters":[20,100],"Eternal Feather":30,"obtain_stats":[{"Potion Belt":6,"Blood Vial":23,"aspiration:Lifesprig":12,"animator:CursedBlade":34,"animator:TheMissingPiece":0,"hubris:VirtuousBlindfold":17,"Eternal Feather":26,"animator:LivingPicture":0,"animator:HeavyHalberd":23,"hubris:EmptyBottle":19,"alterego_mod:SomeoneToFightFor":21,"White Beast Statue":9},{"Potion Belt":4,"Blood Vial":12,"aspiration:Lifesprig":7,"animator:CursedBlade":16,"animator:TheMissingPiece":0,"hubris:VirtuousBlindfold":9,"Eternal Feather":12,"animator:LivingPicture":0,"animator:HeavyHalberd":12,"hubris:EmptyBottle":10,"alterego_mod:SomeoneToFightFor":11,"White Beast Statue":4},{"Potion Belt":12,"Blood Vial":52,"aspiration:Lifesprig":26,"animator:CursedBlade":78,"animator:TheMissingPiece":0,"hubris:VirtuousBlindfold":37,"Eternal Feather":52,"animator:LivingPicture":0,"animator:HeavyHalberd":52,"hubris:EmptyBottle":41,"alterego_mod:SomeoneToFightFor":47,"White Beast Statue":12}]},"card_choices":[{"not_picked":["animator:Zero","animator:IchigoKurosaki"],"picked":"animator:Canti","floor":0},{"not_picked":["animator:Melzalgald","animator:Rider"],"picked":"animator:Chung","floor":1},{"not_picked":["animator:Yoichi","animator:Archer"],"picked":"animator:MamiTomoe","floor":2},{"not_picked":["animator:Yuuichirou","animator:Yoichi"],"picked":"animator:MamiTomoe","floor":5},{"not_picked":["animator:SayakaMiki","animator:YuiTsuruno"],"picked":"animator:KyokoSakura","floor":6},{"not_picked":["animator:HiiragiShinya","animator:CrowleyEusford"],"picked":"animator:KyokoSakura","floor":10},{"not_picked":["animator:Chung","animator:Elsword"],"picked":"animator:DolaSchwi","floor":11},{"not_picked":["animator:Geryuganshoop","animator:Raven"],"picked":"animator:Yoichi","floor":12},{"not_picked":["animator:SayakaMiki","animator:IrohaTamaki"],"picked":"animator:NagisaMomoe","floor":13},{"not_picked":["animator:FeridBathory","animator:Saitama"],"picked":"animator:HomuraAkemi","floor":16},{"not_picked":["animator:Aisha","animator:Rider"],"picked":"animator:DolaRiku+1","floor":18},{"not_picked":["animator:Caster","animator:Jibril"],"picked":"animator:KrulTepes","floor":20},{"not_picked":["animator:Chung","animator:Elsword"],"picked":"animator:Caster","floor":23},{"not_picked":["animator:ShinjiMatou+1","animator:Rider","animator:Shinoa"],"picked":"SKIP","floor":29},{"not_picked":["animator:KyokoSakura","animator:Raven","animator:Shigure"],"picked":"SKIP","floor":30},{"not_picked":["animator:FeridBathory","animator:Guren"],"picked":"animator:Kyubey","floor":33},{"not_picked":["animator:Elsword+1","animator:Shigure"],"picked":"animator:Mikaela+1","floor":35},{"not_picked":["animator:YuiTsuruno","animator:SuzuneAmano"],"picked":"animator:OrikoMikuni","floor":36},{"not_picked":["animator:NagisaMomoe+1","animator:Ara","animator:Rider+1"],"picked":"SKIP","floor":39}],"player_experience":458867,"relics_obtained":[{"floor":6,"key":"Potion Belt"},{"floor":9,"key":"White Beast Statue"},{"floor":12,"key":"aspiration:Lifesprig"},{"floor":23,"key":"Blood Vial"},{"floor":23,"key":"animator:HeavyHalberd"},{"floor":26,"key":"Eternal Feather"}],"event_choices":[{"damage_healed":0,"gold_gain":0,"player_choice":"Choice 2","damage_taken":0,"relics_obtained":["alterego_mod:SomeoneToFightFor"],"max_hp_gain":0,"max_hp_loss":0,"event_name":"Secret Garden","floor":21,"gold_loss":0},{"cards_removed":["Riddle With Holes"],"damage_healed":0,"gold_gain":0,"player_choice":"Gave Gold","damage_taken":0,"max_hp_gain":0,"max_hp_loss":0,"event_name":"Beggar","floor":22,"gold_loss":75},{"damage_healed":0,"gold_gain":0,"player_choice":"Paid Fearfully","damage_taken":0,"max_hp_gain":0,"max_hp_loss":0,"event_name":"Masked Bandits","floor":31,"gold_loss":72},{"cards_removed":["animator:Shigure"],"damage_healed":0,"gold_gain":0,"player_choice":"Removed Attack","damage_taken":0,"max_hp_gain":0,"max_hp_loss":0,"event_name":"Falling","floor":37,"gold_loss":0}],"is_beta":false,"boss_relics":[{"not_picked":["aspiration:PoetsPen_weak","hubris:Stopwatch"],"picked":"hubris:VirtuousBlindfold"},{"not_picked":["aspiration:SecretTechniqueScroll","hubris:CrackedHourglass"],"picked":"animator:CursedBlade"}],"items_purged_floors":[19],"is_endless":false,"potions_floor_spawned":[2,6,10,11,12,13,16,18,20,23,28,29,30,33,35,36,39],"killed_by":"Nemesis","ascension_level":11}}