{"host":"x730sfaw5rd1mxd8","time":1611449050,"event":{"mods":["BaseMod","BetterRewards","Colored Map","Colored Powertips","Highlight Path","Minty Spire (QoL Compilation)","Relic Sorter","Relic Stats","Replay The Spire","StSLib"],"gold_per_floor":[110,110,122,133,37,71,89,89,116,142,142,161,161,192,192,289,389,403,403,403,403,403,432,432,449,449,449,479,479,498,532,532,633,633,648,648,662,679,691,723,723,751,751,766,766,781,809,809,809,809,809,809,475,506,506],"floor_reached":56,"language":"ENG","playtime":3839,"items_purged":["Strike_B","Strike_B"],"score":1472,"play_id":"bce62090-e047-462a-8700-2cb49f8387c7","local_time":"20210123194410","is_ascension_mode":true,"campfire_choices":[{"data":"Defragment","floor":8.0,"key":"SMITH"},{"data":"Coolheaded","floor":11.0,"key":"SMITH"},{"data":"Zap","floor":13.0,"key":"SMITH"},{"data":"Fusion","floor":15.0,"key":"SMITH"},{"data":"Seek","floor":24.0,"key":"SMITH"},{"data":"Self Repair","floor":27.0,"key":"SMITH"},{"data":"Buffer","floor":32.0,"key":"SMITH"},{"floor":41,"key":"RECALL"},{"floor":49,"key":"DIG"},{"floor":52,"key":"DIG"}],"circlet_count":0,"master_deck":["Strike_B+1","Strike_B+2","Defend_B+1","Defend_B+1","Defend_B+1","Defend_B+2","Zap+1","Dualcast","Sweeping Beam","Doom and Gloom+1","Defragment+1","Cold Snap","Cold Snap","Buffer+1","Glacier","FIFO Queue","Coolheaded+1","Gash","Gash","Ball Lightning","Self Repair+1","Ball Lightning","Fusion+1","Seek+1","Biased Cognition+1","Creative AI+1","Compile Driver+1","Redo+1","Recycle+1","Echo Form+1","Coolheaded+1","Coolheaded+1","Defragment+1","Hologram+1","Core Surge+1"],"relics":["Cracked Core","MealTicket","ReplayFunnel","Torii","ReplayTheSpireMod:Lightbulb","ReplayTheSpireMod:TigerMarble","DataDisk","Nunchaku","Gremlin Food","Replay:Wanted Poster","Divine Protection","Prayer Wheel","Geode","Golden Egg","Akabeko","InkBottle","Sozu","Omamori","Shovel","Simple Rune","Replay:Bottled Steam","Runic Capacitor","Centennial Puzzle","Boot"],"acts_visited":["Exordium","TheCity","TheBeyond","TheEnding"],"potions_floor_usage":[55],"damage_taken":[{"damage":1.0,"enemies":"Jaw Worm","floor":1.0,"turns":3.0},{"damage":0.0,"enemies":"Cultist","floor":3.0,"turns":4.0},{"damage":0.0,"enemies":"2 Louse","floor":4.0,"turns":3.0},{"damage":6.0,"enemies":"Replay:BlueRogue","floor":6.0,"turns":7.0},{"damage":0.0,"enemies":"Large Slime","floor":7.0,"turns":5.0},{"damage":1.0,"enemies":"Gremlin Nob","floor":10.0,"turns":3.0},{"damage":0.0,"enemies":"3 Louse","floor":12.0,"turns":4.0},{"damage":5.0,"enemies":"Replay:BlueRogue","floor":14.0,"turns":4.0},{"damage":32.0,"enemies":"The Guardian","floor":16.0,"turns":7.0},{"damage":0.0,"enemies":"Spheric Guardian","floor":18.0,"turns":4.0},{"damage":31.0,"enemies":"Slavers","floor":23.0,"turns":6.0},{"damage":0.0,"enemies":"Chosen","floor":25.0,"turns":5.0},{"damage":0.0,"enemies":"Book of Stabbing","floor":28.0,"turns":7.0},{"damage":0.0,"enemies":"Centurion and Healer","floor":30.0,"turns":6.0},{"damage":15.0,"enemies":"Slavers","floor":31.0,"turns":4.0},{"damage":1.0,"enemies":"Automaton","floor":33.0,"turns":8.0},{"damage":0.0,"enemies":"3 Shapes","floor":35.0,"turns":2.0},{"damage":0,"enemies":"Orb Walker","floor":37,"turns":3},{"damage":0,"enemies":"Jaw Worm Horde","floor":38,"turns":4},{"damage":0,"enemies":"3 Darklings","floor":39,"turns":5},{"damage":0,"enemies":"R_Hoarder","floor":40,"turns":7},{"damage":13,"enemies":"Reptomancer","floor":42,"turns":6},{"damage":0,"enemies":"4 Shapes","floor":44,"turns":4},{"damage":0,"enemies":"Spire Growth","floor":46,"turns":4},{"damage":0,"enemies":"Giant Head","floor":47,"turns":5},{"damage":0,"enemies":"Replay:Hell Engine","floor":50,"turns":13},{"damage":0,"enemies":"Shield and Spear","floor":54,"turns":6},{"damage":43,"enemies":"The Heart","floor":55,"turns":10}],"seed_played":"2877451567139226937","potions_obtained":[{"floor":3.0,"key":"BlessingOfTheForge"},{"floor":4.0,"key":"Languid Potion"},{"floor":12.0,"key":"EssenceOfSteel"},{"floor":18.0,"key":"EssenceOfSteel"},{"floor":33.0,"key":"Regen Potion"}],"is_trial":false,"path_per_floor":["M","?","M","M","$","E","M","R","T","E","R","M","R","E","R","B",null,"M","?","?","?","T","E","R","M","T","R","E","?","M","E","R","B",null,"M","?","M","M","M","E","R","E","T","M","?","M","E","?","R","B",null,"R","$","E","B",null],"character_chosen":"DEFECT","items_purchased":["MealTicket","ReplayFunnel","Sweeping Beam","Torii","ReplayTheSpireMod:Lightbulb","Doom and Gloom","Defragment","Cold Snap","Fruit Juice","Coolheaded","Gash","Hologram+1","Runic Capacitor","Centennial Puzzle"],"campfire_rested":0,"item_purchase_floors":[0,0,0,0,0,0,0,0,0,5,5,53,53,53],"current_hp_per_floor":[79,79,79,79,80,74,74,74,74,73,73,73,73,75,75,50,80,80,80,80,80,80,56,56,56,56,56,66,66,76,71,71,80,80,80,80,80,80,80,80,80,77,77,80,76,76,76,76,76,76,76,76,76,76,58],"gold":506,"neow_bonus":"","is_daily":false,"chose_seed":false,"campfire_upgraded":7,"win_rate":0.0,"timestamp":1611449050,"path_taken":["M","?","?","M","$","E","M","R","T","E","R","M","R","E","R","BOSS","M","?","?","?","?","E","R","M","T","R","E","?","M","E","R","BOSS","M","?","M","M","M","E","R","E","T","M","?","M","E","?","R","BOSS","R","$","E","BOSS"],"items_purchased_type":["Relic","Relic","Card","Relic","Relic","Card","Card","Card","Potion","Card","Card","Card","Relic","Relic"],"build_version":"2020-12-22","purchased_purges":2,"victory":true,"max_hp_per_floor":[80,80,80,80,80,80,80,80,80,80,80,80,80,80,80,80,80,80,80,80,80,80,80,80,80,80,80,80,80,80,80,80,80,80,80,80,80,80,80,80,80,80,80,80,76,76,76,76,76,76,76,76,76,76,76],"relic_stats":{"Sozu":4,"Nunchaku":[28],"Centennial Puzzle":[48],"Shovel":2,"Torii":10,"counters":[182,795],"MealTicket":78,"Prayer Wheel":8,"Boot":[4],"obtain_stats":[{"Golden Egg":26,"Vampiric Spirits":0,"Whetstone":55,"Boot":55,"Sling":55,"Blood Vial":20,"Replay:Wanted Poster":17,"Replay:Bronze Core":17,"MealTicket":27,"Fusion Hammer":36,"Electric Blood":17,"Replay:Bottled Steam":43,"Pear":46,"Blue Candle":30,"Tingsha":0,"Paper Crane":8,"Akabeko":28,"Cables":54,"SlaversCollar":17,"Snecko Scales":34,"Bird Faced Urn":12,"Mark of Pain":0,"StrikeDummy":6,"Regal Pillow":0,"Singing Bowl":10,"Torii":0,"Magic Flower":11,"Painkiller Herb":19,"Bag of Preparation":55,"Replay:Multitool":44,"Cursed Key":34,"Burning Blood":0,"Pet Ghost":23,"Replay:Rubber Ducky":55,"Matryoshka":0,"Shovel":47,"InkBottle":27,"The Specimen":25,"Golden Idol":11,"Basket Of Snakes":39,"The Courier":14,"PreservedInsect":22,"Geode":40,"Omamori":40,"Frozen Egg 2":0,"MawBank":31,"Busted Crown":17,"Ornamental Fan":55,"Turnip":46,"Art of War":40,"ReplayTheSpireMod:Ring of Challenge":38,"ReplayTheSpireMod:Lightbulb":0,"Ice Cream":14,"Divine Protection":22,"Gremlin Horn":9,"Nilry\u0027s Codex":23,"Vajra":28,"Runic Capacitor":53,"Sozu":34,"Centennial Puzzle":9,"Strawberry":28,"Prayer Wheel":0,"Byrd Skull":11,"Happy Flower":55,"Oddly Smooth Stone":26,"Ring of Chaos":47,"War Paint":23,"OrangePellets":0,"Bottled Flame":15,"Replay:Baseball":0,"Bronze Scales":12,"Simple Rune":55,"ReplayTheSpireMod:TigerMarble":6,"Pocketwatch":0,"Meat on the Bone":38,"Darkstone Periapt":5,"ReplayFunnel":55,"Mango":6,"Snake Skull":29,"Incense Burner":45,"Dream Catcher":43,"Nunchaku":24,"Replay:Bandana":10,"Pantograph":23,"Gambling Chip":24,"Cracked Core":0,"Red Skull":6,"Gremlin Food":44,"Replay:Towering Pillar of Hats":10,"Quantum Egg":46,"Guide Book":0,"Replay:WaspNest":0,"Orichalcum":56,"Medical Kit":42,"Mercury Hourglass":0,"Peace Pipe":39,"Anchor":11,"CaptainsWheel":43,"Pondfish Scales":55,"DataDisk":0,"Snack Pack":8,"Membership Card":0,"FossilizedHelix":48},{"Golden Egg":166,"Vampiric Spirits":61,"Whetstone":91,"Boot":91,"Sling":91,"Blood Vial":26,"Replay:Wanted Poster":163,"Replay:Bronze Core":134,"MealTicket":58,"Fusion Hammer":80,"Electric Blood":51,"Replay:Bottled Steam":119,"Pear":122,"Blue Candle":30,"Tingsha":93,"Paper Crane":66,"Akabeko":167,"Cables":153,"SlaversCollar":24,"Snecko Scales":115,"Bird Faced Urn":22,"Mark of Pain":0,"StrikeDummy":98,"Regal Pillow":93,"Singing Bowl":21,"Torii":154,"Magic Flower":49,"Painkiller Herb":72,"Bag of Preparation":91,"Replay:Multitool":120,"Cursed Key":31,"Burning Blood":0,"Pet Ghost":56,"Replay:Rubber Ducky":91,"Matryoshka":61,"Shovel":179,"InkBottle":141,"The Specimen":76,"Golden Idol":5,"Basket Of Snakes":82,"The Courier":7,"PreservedInsect":11,"Geode":146,"Omamori":175,"Frozen Egg 2":14,"MawBank":79,"Busted Crown":8,"Ornamental Fan":91,"Turnip":38,"Art of War":36,"ReplayTheSpireMod:Ring of Challenge":81,"ReplayTheSpireMod:Lightbulb":154,"Ice Cream":23,"Divine Protection":164,"Gremlin Horn":20,"Nilry\u0027s Codex":75,"Vajra":77,"Runic Capacitor":180,"Sozu":170,"Centennial Puzzle":5,"Strawberry":13,"Prayer Wheel":93,"Byrd Skull":66,"Happy Flower":91,"Oddly Smooth Stone":57,"Ring of Chaos":122,"War Paint":139,"OrangePellets":93,"Bottled Flame":70,"Replay:Baseball":93,"Bronze Scales":6,"Simple Rune":91,"ReplayTheSpireMod:TigerMarble":158,"Pocketwatch":41,"Meat on the Bone":117,"Darkstone Periapt":18,"ReplayFunnel":91,"Mango":19,"Snake Skull":78,"Incense Burner":87,"Dream Catcher":37,"Nunchaku":75,"Replay:Bandana":100,"Pantograph":12,"Gambling Chip":27,"Cracked Core":0,"Red Skull":47,"Gremlin Food":87,"Replay:Towering Pillar of Hats":66,"Quantum Egg":87,"Guide Book":93,"Replay:WaspNest":61,"Orichalcum":92,"Medical Kit":119,"Mercury Hourglass":61,"Peace Pipe":146,"Anchor":66,"CaptainsWheel":86,"Pondfish Scales":91,"DataDisk":126,"Snack Pack":48,"Membership Card":61,"FossilizedHelix":151},{"Golden Egg":701,"Vampiric Spirits":244,"Whetstone":364,"Boot":364,"Sling":364,"Blood Vial":107,"Replay:Wanted Poster":686,"Replay:Bronze Core":537,"MealTicket":230,"Fusion Hammer":315,"Electric Blood":208,"Replay:Bottled Steam":471,"Pear":484,"Blue Candle":123,"Tingsha":376,"Paper Crane":257,"Akabeko":708,"Cables":637,"SlaversCollar":100,"Snecko Scales":459,"Bird Faced Urn":86,"Mark of Pain":0,"StrikeDummy":392,"Regal Pillow":376,"Singing Bowl":82,"Torii":646,"Magic Flower":200,"Painkiller Herb":279,"Bag of Preparation":364,"Replay:Multitool":475,"Cursed Key":130,"Burning Blood":0,"Pet Ghost":224,"Replay:Rubber Ducky":364,"Matryoshka":244,"Shovel":766,"InkBottle":568,"The Specimen":292,"Golden Idol":17,"Basket Of Snakes":325,"The Courier":25,"PreservedInsect":40,"Geode":594,"Omamori":747,"Frozen Egg 2":51,"MawBank":304,"Busted Crown":30,"Ornamental Fan":364,"Turnip":156,"Art of War":146,"ReplayTheSpireMod:Ring of Challenge":318,"ReplayTheSpireMod:Lightbulb":646,"Ice Cream":93,"Divine Protection":690,"Gremlin Horn":78,"Nilry\u0027s Codex":288,"Vajra":296,"Runic Capacitor":779,"Sozu":726,"Centennial Puzzle":17,"Strawberry":48,"Prayer Wheel":376,"Byrd Skull":257,"Happy Flower":364,"Oddly Smooth Stone":226,"Ring of Chaos":484,"War Paint":559,"OrangePellets":376,"Bottled Flame":268,"Replay:Baseball":376,"Bronze Scales":20,"Simple Rune":364,"ReplayTheSpireMod:TigerMarble":663,"Pocketwatch":170,"Meat on the Bone":463,"Darkstone Periapt":65,"ReplayFunnel":364,"Mango":73,"Snake Skull":300,"Incense Burner":344,"Dream Catcher":151,"Nunchaku":288,"Replay:Bandana":399,"Pantograph":44,"Gambling Chip":111,"Cracked Core":0,"Red Skull":189,"Gremlin Food":344,"Replay:Towering Pillar of Hats":257,"Quantum Egg":344,"Guide Book":376,"Replay:WaspNest":244,"Orichalcum":369,"Medical Kit":471,"Mercury Hourglass":244,"Peace Pipe":594,"Anchor":257,"CaptainsWheel":341,"Pondfish Scales":364,"DataDisk":505,"Snack Pack":196,"Membership Card":244,"FossilizedHelix":621}],"InkBottle":[87]},"card_choices":[{"not_picked":["Ball Lightning","Rebound"],"picked":"Cold Snap","floor":1.0},{"not_picked":["Hello World","Barrage"],"picked":"Glacier","floor":3.0},{"not_picked":["Barrage","Redo"],"picked":"FIFO Queue","floor":4.0},{"not_picked":["Cold Snap","Seek"],"picked":"Gash","floor":6.0},{"not_picked":["BasicCrystalCard","Streamline"],"picked":"Ball Lightning","floor":7.0},{"not_picked":["Panic Button","ReplaySolidLightProjector"],"picked":"Self Repair","floor":10.0},{"not_picked":["Sweeping Beam","Fission"],"picked":"Ball Lightning","floor":12.0},{"not_picked":["Beam Cell","Streamline"],"picked":"Fusion","floor":14.0},{"not_picked":["Rainbow","Fission"],"picked":"Seek","floor":16.0},{"not_picked":["Leap","Redo","Tempest+1"],"picked":"SKIP","floor":18.0},{"not_picked":["Stack+1","Reinforced Body","Hello World"],"picked":"SKIP","floor":23.0},{"not_picked":["Steam","Beam Cell","Hologram"],"picked":"SKIP","floor":25.0},{"not_picked":["Sweeping Beam","Leap","Rip and Tear"],"picked":"SKIP","floor":25.0},{"not_picked":["Hologram","Sweeping Beam","Turbo"],"picked":"SKIP","floor":28.0},{"not_picked":["Rip and Tear","Chill"],"picked":"Biased Cognition","floor":30.0},{"not_picked":["Blizzard","Leap","Turbo"],"picked":"SKIP","floor":30.0},{"not_picked":["ReplayTheSpireMod:Reroute Power","Streamline+1"],"picked":"Compile Driver","floor":31.0},{"not_picked":["Reboot","Fission"],"picked":"Creative AI","floor":33.0},{"not_picked":["Ball Lightning","Go for the Eyes"],"picked":"Compile Driver+1","floor":35.0},{"not_picked":["Panic Button","Beam Cell","Streamline+1"],"picked":"SKIP","floor":35.0},{"not_picked":["Chaos","Undo+1"],"picked":"Redo+1","floor":37},{"not_picked":["Scrape+1","Turbo+1","Self Repair+1"],"picked":"SKIP","floor":37},{"not_picked":["Beam Cell","Go for the Eyes+1"],"picked":"Recycle+1","floor":38},{"not_picked":["Stack","Beam Cell+1","Steam Power+1"],"picked":"SKIP","floor":38},{"not_picked":["Cold Snap","Barrage+1"],"picked":"Echo Form","floor":39},{"not_picked":["Undo","Double Energy+1","Rebound"],"picked":"SKIP","floor":39},{"not_picked":["Compile Driver","Genetic Algorithm","Auto Shields+1"],"picked":"SKIP","floor":40},{"not_picked":["Chill+1","Steam"],"picked":"Coolheaded+1","floor":42},{"not_picked":["Compile Driver+1","Steam+1"],"picked":"Coolheaded+1","floor":44},{"not_picked":["Panic Button+1","Redo","Mirror Shield"],"picked":"SKIP","floor":44},{"not_picked":["Stack+1","Leap"],"picked":"Defragment+1","floor":46},{"not_picked":["Melter+1","Hello World+1","Streamline+1"],"picked":"SKIP","floor":46},{"not_picked":["Redo","Streamline","BasicCrystalCard+1"],"picked":"SKIP","floor":47},{"not_picked":["Steam","Biased Cognition"],"picked":"Core Surge","floor":54}],"player_experience":3997835,"relics_obtained":[{"floor":6.0,"key":"ReplayTheSpireMod:TigerMarble"},{"floor":9.0,"key":"DataDisk"},{"floor":10.0,"key":"Nunchaku"},{"floor":14.0,"key":"Gremlin Food"},{"floor":22.0,"key":"Divine Protection"},{"floor":23.0,"key":"Geode"},{"floor":26.0,"key":"Golden Egg"},{"floor":28.0,"key":"Akabeko"},{"floor":31.0,"key":"InkBottle"},{"floor":40,"key":"Omamori"},{"floor":47,"key":"Shovel"},{"floor":49,"key":"Simple Rune"},{"floor":52,"key":"Replay:Bottled Steam"},{"floor":54,"key":"Boot"}],"event_choices":[{"damage_healed":0.0,"max_hp_gain":0.0,"max_hp_loss":0.0,"gold_gain":0.0,"event_name":"Match and Keep!","player_choice":"1 cards matched","floor":2.0,"gold_loss":0.0,"damage_taken":0.0,"cards_obtained":["Buffer"]},{"damage_healed":0.0,"max_hp_gain":0.0,"max_hp_loss":0.0,"gold_gain":0.0,"event_name":"Ghosts","player_choice":"Ignored","floor":20.0,"gold_loss":0.0,"damage_taken":0.0},{"damage_healed":0.0,"max_hp_gain":0.0,"max_hp_loss":0.0,"gold_gain":0.0,"event_name":"Back to Basics","player_choice":"Simplicity","floor":29.0,"gold_loss":0.0,"damage_taken":0.0,"cards_upgraded":["Strike_B","Strike_B","Defend_B","Defend_B","Defend_B","Defend_B"]},{"cards_removed":["Compile Driver"],"damage_healed":0,"gold_gain":0,"player_choice":"Removed Attack","damage_taken":0,"max_hp_gain":0,"max_hp_loss":0,"event_name":"Falling","floor":36,"gold_loss":0},{"damage_healed":0,"gold_gain":0,"player_choice":"Max HP","damage_taken":0,"max_hp_gain":0,"max_hp_loss":4,"event_name":"Winding Halls","floor":45,"gold_loss":0},{"damage_healed":0,"gold_gain":0,"player_choice":"Upgraded","damage_taken":0,"max_hp_gain":0,"max_hp_loss":0,"event_name":"Upgrade Shrine","floor":48,"gold_loss":0,"cards_upgraded":["Doom and Gloom"]}],"is_beta":false,"boss_relics":[{"not_picked":["Black Star","Runic Dome"],"picked":"Replay:Wanted Poster"},{"not_picked":["Cursed Key","ReplayTheSpireMod:DimensionalGlitch"],"picked":"Sozu"}],"items_purged_floors":[0,0],"is_endless":false,"potions_floor_spawned":[3,4,12,14,18,30,33,35,40,46,47],"ascension_level":2}}