{"host":"sav7uxregyirlf69","time":1611478638,"event":{"mods":["AchievementEnabler","BaseMod","Colored Map","DeckTracker","Keyboard Shortcuts","Minty Spire (QoL Compilation)","READ ME - Guardian Mod","StSLib","SuperFastMode"],"gold_per_floor":[117,167,182,199,199,199,215,253,280,333,369,407,444,53,53,53,53],"floor_reached":16,"language":"KOR","playtime":289,"items_purged":["Strike_R"],"score":228,"play_id":"de6d0a68-bd20-480a-b882-07093177465c","local_time":"20210124175718","is_ascension_mode":true,"campfire_choices":[{"data":"Cleave","floor":6,"key":"SMITH"},{"data":"Inflame","floor":15,"key":"SMITH"}],"circlet_count":0,"master_deck":["AscendersBane","Strike_R","Strike_R","Strike_R","Strike_R","Defend_R","Defend_R","Defend_R","Defend_R","Bash","Disarm+1","Twin Strike","Cleave+1","Armaments","Feel No Pain","Shrug It Off","Carnage","Warcry","Inflame+1"],"relics":["Burning Blood","Charon\u0027s Ashes","CeramicFish","MawBank","Pen Nib","Brimstone","Blood Vial"],"acts_visited":["Exordium"],"potions_floor_usage":[13,16],"damage_taken":[{"damage":6.0,"enemies":"Cultist","floor":1.0,"turns":3.0},{"damage":9,"enemies":"Jaw Worm","floor":3,"turns":4},{"damage":6,"enemies":"Small Slimes","floor":4,"turns":3},{"damage":4,"enemies":"Gremlin Gang","floor":7,"turns":3},{"damage":34,"enemies":"Gremlin Nob","floor":8,"turns":4},{"damage":26,"enemies":"Lagavulin","floor":10,"turns":10},{"damage":10,"enemies":"2 Fungi Beasts","floor":11,"turns":3},{"damage":0,"enemies":"Looter","floor":12,"turns":4},{"damage":9,"enemies":"Gremlin Gang","floor":13,"turns":3},{"damage":22,"enemies":"The Guardian","floor":16,"turns":7}],"seed_played":"5568606949415555937","potions_obtained":[{"floor":1.0,"key":"SpeedPotion"},{"floor":4,"key":"Weak Potion"},{"floor":10,"key":"DistilledChaos"},{"floor":12,"key":"Block Potion"}],"is_trial":false,"path_per_floor":["M","?","M","M","?","R","M","E","T","E","M","M","M","$","R","B"],"character_chosen":"IRONCLAD","items_purchased":["Brimstone","Blood Vial"],"campfire_rested":0,"item_purchase_floors":[14,14],"current_hp_per_floor":[68,62,59,59,59,59,61,33,33,13,9,15,12,12,12,0,0],"gold":53,"neow_bonus":"ONE_RARE_RELIC","is_daily":false,"chose_seed":false,"campfire_upgraded":2,"win_rate":0.0,"timestamp":1611478638,"path_taken":["M","?","M","?","?","R","M","E","T","E","?","M","M","?","R","BOSS"],"items_purchased_type":["Relic","Relic"],"build_version":"2020-12-22","purchased_purges":1,"victory":false,"max_hp_per_floor":[68,68,68,68,68,68,68,68,68,68,68,68,68,68,68,68,68],"card_choices":[{"not_picked":["Warcry","Thunderclap"],"picked":"Disarm","floor":1.0},{"not_picked":["Thunderclap","Intimidate"],"picked":"Twin Strike","floor":3},{"not_picked":["Metallicize","Heavy Blade"],"picked":"Cleave","floor":4},{"not_picked":["Sword Boomerang","Iron Wave"],"picked":"Armaments","floor":7},{"not_picked":["Rampage","Searing Blow"],"picked":"Feel No Pain","floor":8},{"not_picked":["Armaments","Anger"],"picked":"Shrug It Off","floor":10},{"not_picked":["Uppercut","Flame Barrier"],"picked":"Carnage","floor":11},{"not_picked":["Flex","Thunderclap"],"picked":"Warcry","floor":12},{"not_picked":["Wild Strike","Iron Wave"],"picked":"Inflame","floor":13}],"player_experience":1372959,"relics_obtained":[{"floor":8,"key":"CeramicFish"},{"floor":9,"key":"MawBank"},{"floor":10,"key":"Pen Nib"}],"event_choices":[{"damage_healed":0,"gold_gain":50,"player_choice":"Touch","damage_taken":6,"max_hp_gain":0,"max_hp_loss":0,"event_name":"FaceTrader","floor":2,"gold_loss":0},{"damage_healed":0,"gold_gain":0,"player_choice":"Upgraded","damage_taken":0,"max_hp_gain":0,"max_hp_loss":0,"event_name":"Upgrade Shrine","floor":5,"gold_loss":0,"cards_upgraded":["Disarm"]}],"is_beta":false,"boss_relics":[],"items_purged_floors":[14],"is_endless":false,"potions_floor_spawned":[1,4,10,12],"killed_by":"The Guardian","ascension_level":20}}