{"host":"whozxugkqnh4mr74","time":1611514829,"event":{"mods":["Act Like it!","BaseMod","Hallownest","Minty Spire (QoL Compilation)","Permanent Neow","Quick Restart","Relic Stats","StSLib","The Bug Knight","everything is the same but u backflip on backflip"],"gold_per_floor":[13,13,13,27,46,46,63,94,94,112,31,31,31,44,44,144,144,159,159,114,124,140,140,140,140,140,2,2,2,60,90,90,191,191,207,207,207,207],"floor_reached":37,"language":"ENG","playtime":4172,"items_purged":[],"score":405,"play_id":"f180a1e5-a67f-4bff-bee7-ce2a34c7c727","local_time":"20210124110029","is_ascension_mode":true,"campfire_choices":[{"data":"HollowMod:InfectedAttack","floor":6.0,"key":"SMITH"},{"floor":15.0,"key":"REST"},{"data":"HollowMod:HuntersJournal","floor":24.0,"key":"SMITH"},{"data":"Discovery","floor":29.0,"key":"SMITH"},{"floor":32.0,"key":"REST"}],"circlet_count":0,"master_deck":["HollowMod:NailStrikeStart","HollowMod:NailStrikeStart","HollowMod:NailStrikeStart","HollowMod:QuickDashStart","HollowMod:QuickDashStart","HollowMod:FocusHealStart","HollowMod:PogoStrike","HollowMod:MidwifesHunger","HollowMod:NewGlowingWomb","HollowMod:SoulStrike","HollowMod:InfectedAttack+1","HollowMod:HeavyBlow","HollowMod:HowlingWraiths","HollowMod:CycloneSlash","HollowMod:DungDefenderAura","HollowMod:SoulStrike","HollowMod:ZotesMagnificence","HollowMod:SoulStrike+1","Hallownest:pwrSporeShroom","HollowMod:LifebloodCocoon+1","HollowMod:HuntersJournal+1","Discovery+1","HollowMod:DashSlash","HollowMod:DashSlash","HollowMod:BrokenVessel+1","HollowMod:SlysStrikes","HollowMod:NewLittleFool+1","HollowMod:DoubleDash+1"],"relics":["HollowMod:VesselMask","Hallownest:DreamNailRelic","Juzu Bracelet","Hallownest:TeacherSealRelic","Cursed Key","Omamori","InkBottle","Hallownest:WatcherSealRelic","Prayer Wheel","SlaversCollar","Hallownest:KingsIdolRelic"],"acts_visited":["Hallownest:Greenpath","Hallownest:CityofTears","Hallownest:KingdomsEdge"],"potions_floor_usage":[37],"damage_taken":[{"damage":0.0,"enemies":"Hallownest:monsterHuskWarrior","floor":1.0,"turns":4.0},{"damage":11.0,"enemies":"Hallownest:2_MossCreeps","floor":4.0,"turns":8.0},{"damage":1.0,"enemies":"2_ Uuma","floor":5.0,"turns":5.0},{"damage":21.0,"enemies":"Hallownest:1_Baldur_1_Crawlid_1_Warrior","floor":7.0,"turns":8.0},{"damage":24.0,"enemies":"Hallownest:eliteCrystalGuardian","floor":8.0,"turns":6.0},{"damage":30.0,"enemies":"Hallownest:monsterFoolEater","floor":10.0,"turns":5.0},{"damage":8.0,"enemies":"Hallownest:1_Ooma_and_2_Uuma","floor":14.0,"turns":4.0},{"damage":50.0,"enemies":"Hallownest:BossFalseKnight","floor":16.0,"turns":9.0},{"damage":10.0,"enemies":"Hallownest:Guard_and_Sentry","floor":18.0,"turns":4.0},{"damage":18.0,"enemies":"Hallownest:3_Youths","floor":21.0,"turns":5.0},{"damage":5.0,"enemies":"Hallownest:monsterShrumalOgre","floor":22.0,"turns":5.0},{"damage":12.0,"enemies":"Hallownest:Glutton_and_Coward","floor":30.0,"turns":3.0},{"damage":27.0,"enemies":"Hallownest:Nosk","floor":31.0,"turns":9.0},{"damage":19.0,"enemies":"Hallownest:BossSoulMaster","floor":33.0,"turns":11.0},{"damage":46.0,"enemies":"Hallownest:2_Littles","floor":35.0,"turns":5.0},{"damage":22,"enemies":"Hallownest:2_Littles","floor":37,"turns":5},{"damage":22,"enemies":"Hallownest:2_Littles","floor":37,"turns":8}],"seed_played":"-1930554851031800997","potions_obtained":[{"floor":1.0,"key":"FairyPotion"},{"floor":5.0,"key":"FearPotion"},{"floor":7.0,"key":"DistilledChaos"},{"floor":16.0,"key":"Dexterity Potion"},{"floor":18.0,"key":"DistilledChaos"},{"floor":22.0,"key":"SteroidPotion"},{"floor":35.0,"key":"DistilledChaos"}],"is_trial":false,"path_per_floor":["M","?","?","M","M","R","M","E","T","M","$","?","?","M","R","B",null,"M","?","?","M","M","?","R","?","T","$","?","R","M","E","R","B",null,"M","?","?"],"character_chosen":"THE_BUGKNIGHT","items_purchased":["HollowMod:DungDefenderAura","Discovery","HollowMod:DashSlash"],"campfire_rested":2,"item_purchase_floors":[11,27,27],"current_hp_per_floor":[75,75,75,74,73,73,64,40,40,16,16,16,16,14,36,22,75,71,71,71,59,64,64,64,64,64,64,64,64,58,37,59,50,75,35,31,0,0],"gold":207,"neow_bonus":"THREE_RARE_CARDS","is_daily":false,"chose_seed":false,"campfire_upgraded":3,"win_rate":0.0,"timestamp":1611514829,"path_taken":["M","?","?","M","M","R","M","E","T","M","$","?","?","M","R","BOSS","M","?","?","M","M","?","R","?","T","?","?","R","M","E","R","BOSS","M","?","?"],"items_purchased_type":["Card","Card","Card"],"build_version":"2020-12-22","purchased_purges":0,"victory":false,"max_hp_per_floor":[75,75,75,75,75,75,75,75,75,75,75,75,75,75,75,75,75,75,75,75,75,75,75,75,75,75,75,75,75,75,75,75,75,75,75,75,75,75],"relic_stats":{"counters":[17,104],"Prayer Wheel":1,"Juzu Bracelet":1,"Cursed Key":1,"obtain_stats":[{"SlaversCollar":34,"Hallownest:WatcherSealRelic":28,"HollowMod:VesselMask":0,"Prayer Wheel":31,"Hallownest:DreamNailRelic":2,"Juzu Bracelet":8,"Omamori":23,"Hallownest:KingsIdolRelic":36,"Cursed Key":17,"Hallownest:TeacherSealRelic":13,"InkBottle":26},{"SlaversCollar":14,"Hallownest:WatcherSealRelic":11,"HollowMod:VesselMask":0,"Prayer Wheel":13,"Hallownest:DreamNailRelic":1,"Juzu Bracelet":5,"Omamori":11,"Hallownest:KingsIdolRelic":15,"Cursed Key":8,"Hallownest:TeacherSealRelic":6,"InkBottle":11},{"SlaversCollar":86,"Hallownest:WatcherSealRelic":63,"HollowMod:VesselMask":0,"Prayer Wheel":75,"Hallownest:DreamNailRelic":4,"Juzu Bracelet":31,"Omamori":63,"Hallownest:KingsIdolRelic":91,"Cursed Key":49,"Hallownest:TeacherSealRelic":36,"InkBottle":63}],"InkBottle":[18]},"card_choices":[{"not_picked":["HollowMod:theNailsmith","HollowMod:PureVessel"],"picked":"HollowMod:MidwifesHunger","floor":0.0},{"not_picked":["HollowMod:QuirrelsAssistance","HollowMod:FastStrike"],"picked":"HollowMod:NewGlowingWomb","floor":1.0},{"not_picked":["HollowMod:PureNailStrike","HollowMod:WraithStrike"],"picked":"HollowMod:SoulStrike","floor":4.0},{"not_picked":["HollowMod:CoiledNail","HollowMod:CycloneSlash"],"picked":"HollowMod:InfectedAttack","floor":5.0},{"not_picked":["HollowMod:SiblingsSouls","HollowMod:CornifersMapStart"],"picked":"HollowMod:HeavyBlow","floor":7.0},{"not_picked":["HollowMod:LifebloodCocoon","HollowMod:NewGlowingWomb"],"picked":"HollowMod:HowlingWraiths","floor":8.0},{"not_picked":["HollowMod:ShapeofUnn","HollowMod:FastStrike"],"picked":"HollowMod:CycloneSlash","floor":10.0},{"not_picked":["HollowMod:RecoilStrike","HollowMod:NewJinnsSoul"],"picked":"HollowMod:SoulStrike","floor":14.0},{"not_picked":["HollowMod:NewInfectedGuardian","HollowMod:MidwifesHunger"],"picked":"HollowMod:ZotesMagnificence","floor":16.0},{"not_picked":["HollowMod:HowlingWraiths","HollowMod:DungDefenderAura"],"picked":"HollowMod:SoulStrike+1","floor":18.0},{"not_picked":["HollowMod:GoodIntentions","HollowMod:CycloneSlash"],"picked":"HollowMod:LifebloodCocoon+1","floor":21.0},{"not_picked":["HollowMod:FastStrike","HollowMod:RecoilStrike"],"picked":"HollowMod:HuntersJournal","floor":22.0},{"not_picked":["HollowMod:BlackTendrils","HollowMod:SharpenedNail+1"],"picked":"HollowMod:DashSlash","floor":30.0},{"not_picked":["HollowMod:SiblingsSouls","HollowMod:TaintedHusks"],"picked":"HollowMod:BrokenVessel+1","floor":31.0},{"not_picked":["HollowMod:AwokenDreamNail","HollowMod:ElderbugsWisdom"],"picked":"HollowMod:SlysStrikes","floor":33.0},{"not_picked":["HollowMod:BlackTendrils+1","HollowMod:LifebloodCocoon"],"picked":"HollowMod:NewLittleFool+1","floor":35.0},{"not_picked":["HollowMod:DashSlash","HollowMod:NewJinnsSoul+1"],"picked":"HollowMod:DoubleDash+1","floor":35.0}],"player_experience":1179606,"relics_obtained":[{"floor":8.0,"key":"Juzu Bracelet"},{"floor":26.0,"key":"InkBottle"},{"floor":31.0,"key":"Prayer Wheel"}],"event_choices":[],"is_beta":false,"boss_relics":[{"not_picked":["Astrolabe","Ectoplasm"],"picked":"Cursed Key"},{"not_picked":["Coffee Dripper","Black Star"],"picked":"SlaversCollar"}],"items_purged_floors":[],"is_endless":false,"potions_floor_spawned":[1,5,7,16,18,22,30,35,37],"killed_by":"Hallownest:2_Littles","ascension_level":1}}