{"host":"7y32p1l00v3bepzd","time":1611496513,"event":{"mods":["Act Like it!","Arknights The Spire","Ascension Reborn","BaseMod","Colored Powertips","Gensokyo","Minty Spire (QoL Compilation)","Quick Restart","StSLib","The Alterego","The Bug Knight"],"gold_per_floor":[119,119,132,32,32,59,59,59,59,78,78,156,173,173,173,273,273,288,0,0,0,0,0,20,20,102,102,102,114,114,114],"floor_reached":30,"language":"ZHS","playtime":997,"items_purged":[],"score":284,"play_id":"e919955d-da7c-45b3-8cbb-da7d82930558","local_time":"20210124215513","is_ascension_mode":true,"campfire_choices":[{"data":"alterego_mod:Mirror","floor":7.0,"key":"SMITH"},{"data":"alterego_mod:Rip","floor":11.0,"key":"SMITH"},{"data":"alterego_mod:Lingerie","floor":15,"key":"SMITH"},{"data":"alterego_mod:Palingenesis+1","floor":23,"key":"SMITH"},{"data":"alterego_mod:Palingenesis+2","floor":25,"key":"SMITH"},{"data":"alterego_mod:Weigh","floor":27,"key":"SMITH"}],"circlet_count":0,"master_deck":["alterego_mod:Strike","alterego_mod:Defend","alterego_mod:Defend","alterego_mod:Defend+1","alterego_mod:Defend+1","alterego_mod:Impale","alterego_mod:BigMeatyClaws+1","alterego_mod:BrynhildrsRune","alterego_mod:Mirror+1","alterego_mod:1TonWallop+1","alterego_mod:Rip+1","alterego_mod:Lingerie+1","alterego_mod:Weigh+1","alterego_mod:IndependentAction+1","alterego_mod:Palingenesis+3","alterego_mod:BustOut"],"relics":["alterego_mod:MasochisticConstitution","NeowsBlessing","Blue Candle","Gensokyo:CelestialsFlawlessClothing","Boot","Gambling Chip","Astrolabe","Frozen Eye"],"acts_visited":["Exordium","Gensokyo:Gensokyo"],"potions_floor_usage":[],"damage_taken":[{"damage":0.0,"enemies":"Gensokyo:2_Kodama","floor":1.0,"turns":1.0},{"damage":0.0,"enemies":"Gensokyo:3_Fairies","floor":3.0,"turns":2.0},{"damage":0.0,"enemies":"Gensokyo:Aya","floor":6.0,"turns":1.0},{"damage":20.0,"enemies":"Gensokyo:Gryphon","floor":10.0,"turns":3.0},{"damage":5.0,"enemies":"Gensokyo:LivingMonolith","floor":13.0,"turns":2.0},{"damage":5.0,"enemies":"Gensokyo:Cirno","floor":14.0,"turns":4.0},{"damage":76,"enemies":"Gensokyo:Yukari","floor":16,"turns":10},{"damage":23,"enemies":"Gensokyo:3_Dogs","floor":18,"turns":3},{"damage":13,"enemies":"Gensokyo:CosmicMonolith","floor":24,"turns":3},{"damage":142,"enemies":"Gensokyo:Slime_Group","floor":29,"turns":8},{"damage":144,"enemies":"Gensokyo:Koishi","floor":30,"turns":6}],"seed_played":"7550730106931686258","potions_obtained":[{"floor":6.0,"key":"FearPotion"},{"floor":10.0,"key":"DistilledChaos"},{"floor":13.0,"key":"Fruit Juice"},{"floor":24,"key":"LiquidMemories"}],"is_trial":false,"path_per_floor":["M","?","M","?","?","E","R","?","T","M","R","T","M","E","R","B",null,"M","?","?","?","$","R","M","R","T","R","?","M","E"],"character_chosen":"The_Alterego","items_purchased":[],"campfire_rested":0,"item_purchase_floors":[],"current_hp_per_floor":[70,77,77,77,58,58,58,58,58,46,46,46,47,43,43,60,86,64,64,64,64,64,64,52,52,52,52,52,14,0,0],"gold":114,"neow_bonus":"THREE_ENEMY_KILL","is_daily":false,"chose_seed":false,"campfire_upgraded":6,"win_rate":0.0,"timestamp":1611496513,"path_taken":["M","?","M","?","?","E","R","?","T","M","R","?","?","E","R","BOSS","M","?","?","?","?","R","M","R","T","R","?","?","E"],"items_purchased_type":[],"build_version":"2020-12-22","purchased_purges":0,"victory":false,"max_hp_per_floor":[70,77,77,77,77,77,77,77,77,78,78,78,84,85,85,86,86,87,87,87,87,87,87,88,88,88,88,88,89,89,89],"card_choices":[{"not_picked":["alterego_mod:DestructionOfProperty","alterego_mod:Pet"],"picked":"alterego_mod:Mirror","floor":1.0},{"not_picked":["alterego_mod:Belle","alterego_mod:Pet"],"picked":"alterego_mod:Bounce","floor":3.0},{"not_picked":["alterego_mod:RocketPunch","alterego_mod:Bloomers"],"picked":"alterego_mod:1TonWallop","floor":6.0},{"not_picked":["alterego_mod:SakuraPetals","alterego_mod:Santa"],"picked":"alterego_mod:Rip","floor":10.0},{"not_picked":["alterego_mod:PerceptionDisorder","alterego_mod:1TonWallop"],"picked":"alterego_mod:Lingerie","floor":13.0},{"not_picked":["alterego_mod:PainIsPleasure","alterego_mod:Valkyrie"],"picked":"alterego_mod:Weigh","floor":16},{"not_picked":["alterego_mod:Rip","alterego_mod:Skirt","alterego_mod:MagicResistance+1"],"picked":"SKIP","floor":18},{"not_picked":["alterego_mod:Maid","alterego_mod:Skirt+1"],"picked":"alterego_mod:BustOut","floor":24},{"not_picked":["alterego_mod:SakuraFive","alterego_mod:DiscoLights","alterego_mod:Cooking"],"picked":"SKIP","floor":29}],"player_experience":269551,"relics_obtained":[{"floor":6.0,"key":"Boot"},{"floor":9.0,"key":"Gambling Chip"},{"floor":26,"key":"Mummified Hand"}],"event_choices":[],"is_beta":false,"boss_relics":[{"not_picked":["SlaversCollar","Philosopher\u0027s Stone"],"picked":"Astrolabe"}],"items_purged_floors":[],"is_endless":false,"potions_floor_spawned":[6,10,13,14,24,29],"killed_by":"Gensokyo:Koishi","ascension_level":0}}