{"host":"t9zjxed0utvsfjwc","time":1611529383,"event":{"mods":["2.2 Compatiblity","Aspiration","BaseMod","Better Altar","Better Match","Better Note","Better Sensory Stone","Better Skull","Better Third Choice","Block Reminder","Colored Map","Colored Powertips","Custom Start","Hermit","Highlight Path","Hubris","Infinite Spire","Minty Spire (QoL Compilation)","Quick Restart","Rare Cards Sparkle","Reliquary","Replay The Spire","Shade Mod","StSLib","The Cursed","The Disciple","The Marked","The Runesmith","Unceasing Turn Reminder","everything is the same but u backflip on backflip"],"gold_per_floor":[111,2,2,15,15,15,40,40,40,40,51,83,49,79,79,79,79],"floor_reached":16,"language":"ENG","playtime":848,"items_purged":["Strike_R"],"score":148,"play_id":"3e98cab5-b4a4-4944-b0d4-1445f80368cf","local_time":"20210124230303","is_ascension_mode":true,"campfire_choices":[{"data":"Barricade","floor":6,"key":"SMITH"},{"floor":8,"key":"REST"},{"floor":10,"key":"REST"}],"circlet_count":0,"master_deck":["Strike_R","Strike_R","Strike_R","Strike_R","Defend_R","Defend_R","Defend_R","Defend_R","Bash","Barricade+1","Metallicize","Dual Wield","FollowUp","Crescendo","Cleave+1","Cleave","EmptyFist"],"relics":["Replay:M_SmolderingBlood","infinitespire:Cubic Diamond","ReplayTheSpireMod:Ninjato","Runesmith:Nanobots","Tiny Chest","Pear"],"acts_visited":["Exordium"],"potions_floor_usage":[12,14],"damage_taken":[{"damage":1,"enemies":"Cultist","floor":1,"turns":4},{"damage":7,"enemies":"Jaw Worm","floor":4,"turns":5},{"damage":37,"enemies":"3 Sentries","floor":7,"turns":20},{"damage":2,"enemies":"2 Louse","floor":11,"turns":3},{"damage":9,"enemies":"Replay:BlueRogue","floor":12,"turns":7},{"damage":28,"enemies":"Lagavulin","floor":14,"turns":11},{"damage":86,"enemies":"Hexaghost","floor":16,"turns":15}],"seed_played":"-6295688129494760038","potions_obtained":[{"floor":4,"key":"Doom Potion"},{"floor":11,"key":"EssenceOfSteel"}],"is_trial":false,"path_per_floor":["M","$","?","M","?","R","E","R","T","R","M","E","$","E","R_BF","B"],"character_chosen":"IRONCLAD","items_purchased":["Metallicize","Cleave"],"campfire_rested":2,"item_purchase_floors":[2,13],"current_hp_per_floor":[80,80,80,73,73,73,36,60,60,80,78,69,69,51,78,0,0],"gold":79,"neow_bonus":"ONE_RANDOM_RARE_CARD","is_daily":false,"chose_seed":false,"campfire_upgraded":1,"win_rate":0.0,"timestamp":1611529383,"path_taken":["M","$","?","M","?","R","E","R","T","R","M","E","?","E","R_BF","BOSS"],"items_purchased_type":["Card","Card"],"build_version":"2020-12-22","purchased_purges":1,"victory":false,"max_hp_per_floor":[80,80,80,80,80,80,80,80,80,80,80,80,80,90,90,90,90],"card_choices":[{"not_picked":["Clash","Sword Boomerang","Headbutt"],"picked":"SKIP","floor":1},{"not_picked":["Swivel","Havoc"],"picked":"Dual Wield","floor":4},{"not_picked":["ReplayTheSpireMod:Strike From Hell","True Grit","BowlingBash"],"picked":"SKIP","floor":7},{"not_picked":["ForeignInfluence","Twin Strike"],"picked":"FollowUp","floor":11},{"not_picked":["Flame Barrier","Havoc"],"picked":"Crescendo","floor":12},{"not_picked":["ReplayReversal","CrushJoints"],"picked":"EmptyFist","floor":14}],"player_experience":411481,"relics_obtained":[{"floor":7,"key":"ReplayTheSpireMod:Ninjato"},{"floor":9,"key":"Runesmith:Nanobots"},{"floor":12,"key":"Tiny Chest"},{"floor":14,"key":"Pear"}],"event_choices":[],"is_beta":false,"boss_relics":[],"items_purged_floors":[2],"is_endless":false,"potions_floor_spawned":[4,11],"killed_by":"Hexaghost","ascension_level":1}}