{"host":"srk2drlvga69hbot","time":1611508837,"event":{"mods":["BaseMod","Bestiary","Block Reminder","Colored Map","Colored Powertips","Dark Map","DeckTracker","Highlight Path","Minty Spire (QoL Compilation)","Quick Restart","Rare Cards Sparkle","Relic Stats","SuperFastMode","Unceasing Turn Reminder"],"gold_per_floor":[112,112,112,133,58,58,98,198,253,83,33,33,54,70,70,193,193,209,209,209,209],"floor_reached":20,"language":"ZHS","playtime":549,"items_purged":["Strike_G","Strike_G","Strike_G"],"score":254,"play_id":"fab49a74-0139-49ad-b257-c9f858c0ccdb","local_time":"20210125012037","is_ascension_mode":true,"campfire_choices":[{"data":"Calculated Gamble","floor":6.0,"key":"SMITH"},{"floor":15.0,"key":"REST"}],"circlet_count":0,"master_deck":["Strike_G","Defend_G","Defend_G","Defend_G","Defend_G","Defend_G","Survivor","Neutralize","Calculated Gamble+1","Underhanded Strike"],"relics":["Ring of the Snake","NeowsBlessing","Bloody Idol","The Courier","Smiling Mask","Bag of Marbles","WristBlade"],"acts_visited":["Exordium","TheCity"],"potions_floor_usage":[],"damage_taken":[{"damage":0.0,"enemies":"2 Louse","floor":1.0,"turns":1.0},{"damage":0.0,"enemies":"Small Slimes","floor":4.0,"turns":1.0},{"damage":0.0,"enemies":"3 Sentries","floor":7.0,"turns":1.0},{"damage":0.0,"enemies":"Cultist","floor":13.0,"turns":4.0},{"damage":0.0,"enemies":"Blue Slaver","floor":14.0,"turns":7.0},{"damage":26.0,"enemies":"The Guardian","floor":16.0,"turns":13.0},{"damage":42.0,"enemies":"Spheric Guardian","floor":18.0,"turns":8.0},{"damage":13,"enemies":"3 Byrds","floor":20,"turns":3}],"seed_played":"-8427638291858057738","potions_obtained":[{"floor":1.0,"key":"ColorlessPotion"},{"floor":13.0,"key":"FearPotion"}],"is_trial":false,"path_per_floor":["M","?","?","M","$","R","E","?","T","$","$","?","M","M","R","B",null,"M","?","M"],"character_chosen":"THE_SILENT","items_purchased":["Bag of Marbles"],"campfire_rested":1,"item_purchase_floors":[10],"current_hp_per_floor":[63,46,46,46,46,46,46,46,46,46,46,39,39,39,60,34,61,19,19,6,6],"gold":209,"neow_bonus":"THREE_ENEMY_KILL","is_daily":false,"chose_seed":false,"campfire_upgraded":1,"win_rate":0.0,"timestamp":1611508837,"path_taken":["M","?","?","?","$","R","E","?","T","?","$","?","M","M","R","BOSS","M","?","M"],"items_purchased_type":["Relic"],"build_version":"2020-12-22","purchased_purges":3,"victory":false,"max_hp_per_floor":[70,70,70,70,70,70,70,70,70,70,70,70,70,70,70,70,70,70,70,70,70],"relic_stats":{"counters":[8,38],"Bloody Idol":0,"Smiling Mask":80,"obtain_stats":[{"NeowsBlessing":0,"WristBlade":17,"Golden Idol":2,"Bloody Idol":19,"The Courier":7,"Bag of Marbles":10,"Smiling Mask":9,"Ring of the Snake":0},{"NeowsBlessing":0,"WristBlade":6,"Golden Idol":1,"Bloody Idol":7,"The Courier":3,"Bag of Marbles":3,"Smiling Mask":3,"Ring of the Snake":0},{"NeowsBlessing":0,"WristBlade":27,"Golden Idol":1,"Bloody Idol":35,"The Courier":3,"Bag of Marbles":3,"Smiling Mask":3,"Ring of the Snake":0}],"Ring of the Snake":[16]},"card_choices":[{"not_picked":["Footwork","Underhanded Strike"],"picked":"Calculated Gamble","floor":1.0},{"not_picked":["Prepared","PiercingWail"],"picked":"Underhanded Strike","floor":4.0},{"not_picked":["Eviscerate","Blade Dance","Dash"],"picked":"SKIP","floor":7.0},{"not_picked":["Blade Dance","Poisoned Stab","Dodge and Roll"],"picked":"SKIP","floor":13.0},{"not_picked":["Setup","Poisoned Stab","Outmaneuver"],"picked":"SKIP","floor":14.0},{"not_picked":["Catalyst","Deflect","Choke"],"picked":"SKIP","floor":18.0}],"player_experience":221362,"relics_obtained":[{"floor":7.0,"key":"The Courier"},{"floor":9.0,"key":"Smiling Mask"}],"event_choices":[{"damage_healed":0.0,"max_hp_gain":0.0,"max_hp_loss":0.0,"gold_gain":0.0,"event_name":"Golden Idol","player_choice":"Take Damage","floor":2.0,"gold_loss":0.0,"damage_taken":17.0,"relics_obtained":["Golden Idol"]},{"damage_healed":0.0,"max_hp_gain":0.0,"max_hp_loss":0.0,"gold_gain":0.0,"event_name":"The Woman in Blue","player_choice":"Bought 0 Potions","floor":3.0,"gold_loss":0.0,"damage_taken":0.0},{"damage_healed":0.0,"max_hp_gain":0.0,"max_hp_loss":0.0,"gold_gain":100.0,"event_name":"Golden Shrine","player_choice":"Pray","floor":8.0,"gold_loss":0.0,"damage_taken":0.0},{"cards_removed":["Strike_G"],"damage_healed":0.0,"max_hp_gain":0.0,"max_hp_loss":0.0,"gold_gain":0.0,"event_name":"Golden Wing","player_choice":"Card Removal","floor":12.0,"gold_loss":0.0,"damage_taken":7.0},{"damage_healed":0.0,"max_hp_gain":0.0,"max_hp_loss":0.0,"gold_gain":0.0,"event_name":"Forgotten Altar","player_choice":"Gave Idol","floor":19.0,"relics_lost":["Golden Idol"],"gold_loss":0.0,"damage_taken":0.0,"relics_obtained":["Bloody Idol"]}],"is_beta":false,"boss_relics":[{"not_picked":["Cursed Key","Calling Bell"],"picked":"WristBlade"}],"items_purged_floors":[5,10,11],"is_endless":false,"potions_floor_spawned":[1,13],"killed_by":"3 Byrds","ascension_level":6}}