{"host":"thn8o1tmql8xszd5","time":1611464811,"event":{"mods":["AchievementEnabler","Act Like it!","Aspiration","Astrologer","BaseMod","Bestiary","Better Third Choice","Block Reminder","Colored Map","Conspire","Curses Come First","DeckTracker","Fox Events","Friendly Minions","Gensokyo","Hermit","Highlight Path","Hubris","Jorbs\u0027s Wanderer Trilogy","Minty Spire (QoL Compilation)","Permanent Neow","Quick Restart","Random Character Button","Relic Sorter","Relic Stats","Robot Space Explorer","Shade Mod","Spire Arcade","StSLib","The Blackbeard","The Blue Laboratory","The Marked","TheVelvet"],"gold_per_floor":[117,117,134,154,154,184,184,5,75,75,75,95,95,109,109,235,235,250,220,67,92,92,126,126,151,151,172,185,6,24,24,24],"floor_reached":31,"language":"ENG","playtime":1644,"items_purged":["Injury"],"score":257,"play_id":"f3e1ee74-a323-448a-a0db-235bfd4ee327","local_time":"20210124000651","is_ascension_mode":false,"campfire_choices":[{"data":"theMarked:ResourceFulStrike","floor":7,"key":"SMITH"},{"data":"theMarked:SelfDefenseTraining","floor":10,"key":"SMITH"},{"data":"theMarked:ShockingTouch","floor":15,"key":"SMITH"},{"floor":24,"key":"REST"}],"circlet_count":0,"master_deck":["theMarked:Strike","theMarked:Strike","theMarked:Strike","theMarked:Strike","theMarked:Defend","theMarked:Defend","theMarked:Defend","theMarked:Defend","theMarked:GodGivenPower","theMarked:Snap","theMarked:RepellingDischarge","hubris:DuctTapeCard","theMarked:ResourceFulStrike+1","theMarked:SelfDefenseTraining+1","theMarked:ShockingTouch+1","theMarked:ChannelForce","theMarked:RogueSparks","theMarked:Polarize","Necronomicurse","theMarked:RepellingDischarge+1","theMarked:Indomitable+1","theMarked:MuscleMemory"],"relics":["theMarked:ArtifactOfAir","hubris:DuctTape","conspire:Flyswatter","Membership Card","Blue Candle","Golden Idol","HornCleat","conspire:SlowCooker","Pen Nib","Necronomicon","conspire:GlowingRock","Pantograph","FossilizedHelix"],"acts_visited":["Exordium","TheCity"],"potions_floor_usage":[4,21,21,23,23],"damage_taken":[{"damage":1,"enemies":"Cultist","floor":1,"turns":3},{"damage":0,"enemies":"Jaw Worm","floor":3,"turns":1},{"damage":0,"enemies":"conspire:RoseBush","floor":4,"turns":2},{"damage":18,"enemies":"3 Sentries","floor":6,"turns":7},{"damage":7,"enemies":"Blue Slaver","floor":12,"turns":2},{"damage":0,"enemies":"Red Slaver","floor":14,"turns":3},{"damage":25,"enemies":"Hexaghost","floor":16,"turns":9},{"damage":10,"enemies":"Shell Parasite","floor":18,"turns":5},{"damage":7,"enemies":"2 Thieves","floor":21,"turns":4},{"damage":50,"enemies":"Slavers","floor":23,"turns":6},{"damage":15,"enemies":"Chosen and Byrds","floor":25,"turns":5},{"damage":3,"enemies":"Snecko","floor":27,"turns":5},{"damage":3,"enemies":"Centurion and Healer","floor":28,"turns":4},{"damage":0,"enemies":"Cultist and Chosen","floor":30,"turns":5},{"damage":4,"enemies":"Chosen and Byrds","floor":31,"turns":6}],"seed_played":"-5578595798568566160","potions_obtained":[{"floor":1,"key":"blueLaboratory:FruitPunch"},{"floor":12,"key":"Regen Potion"},{"floor":19,"key":"blueLaboratory:HummingbirdPotion"},{"floor":19,"key":"Energy Potion"},{"floor":21,"key":"AttackPotion"},{"floor":30,"key":"Strength Potion"}],"is_trial":false,"path_per_floor":["M","?","M","M","T","E","R","$","T","R","?","M","T","M","R","B",null,"M","?","$","M","?","E","R","M","T","M","M","$","M","M"],"character_chosen":"THE_DEFAULT","items_purchased":["Membership Card","theMarked:SelfDefenseTraining","Pen Nib","theMarked:RogueSparks","FossilizedHelix","theMarked:MuscleMemory"],"campfire_rested":1,"item_purchase_floors":[8,8,20,20,29,29],"current_hp_per_floor":[69,69,69,71,71,53,53,53,53,53,53,46,46,46,46,21,72,62,62,62,55,39,4,25,10,10,7,4,4,4,0,0],"gold":24,"neow_bonus":"UPGRADE_CARD","is_daily":false,"chose_seed":false,"campfire_upgraded":3,"win_rate":0.0,"timestamp":1611464811,"path_taken":["M","?","?","M","?","E","R","?","T","R","?","M","?","M","R","BOSS","M","?","$","?","?","E","R","M","T","M","M","?","?","M"],"items_purchased_type":["Relic","Card","Relic","Card","Relic","Card"],"build_version":"2020-12-22","purchased_purges":1,"victory":false,"max_hp_per_floor":[70,70,70,72,72,72,72,72,72,72,72,72,72,72,72,72,72,72,72,72,72,72,72,72,72,72,72,72,72,72,72,72],"relic_stats":{"counters":[15,67],"Golden Idol":63,"Blue Candle":[1],"Pantograph":0,"Pen Nib":[6],"Necronomicon":[9],"obtain_stats":[{"hubris:DuctTape":5,"Golden Idol":11,"Blue Candle":9,"conspire:SlowCooker":17,"Pen Nib":20,"theMarked:ArtifactOfAir":0,"conspire:GlowingRock":23,"HornCleat":13,"Pantograph":26,"Necronomicon":22,"Membership Card":8,"FossilizedHelix":29,"conspire:Flyswatter":6},{"hubris:DuctTape":3,"Golden Idol":4,"Blue Candle":4,"conspire:SlowCooker":7,"Pen Nib":8,"theMarked:ArtifactOfAir":0,"conspire:GlowingRock":10,"HornCleat":5,"Pantograph":11,"Necronomicon":9,"Membership Card":4,"FossilizedHelix":13,"conspire:Flyswatter":4},{"hubris:DuctTape":6,"Golden Idol":13,"Blue Candle":13,"conspire:SlowCooker":27,"Pen Nib":32,"theMarked:ArtifactOfAir":0,"conspire:GlowingRock":42,"HornCleat":15,"Pantograph":47,"Necronomicon":36,"Membership Card":13,"FossilizedHelix":56,"conspire:Flyswatter":13}]},"card_choices":[{"not_picked":["theMarked:Indomitable","theMarked:ResourceFulStrike"],"picked":"theMarked:GodGivenPower","floor":1},{"not_picked":["theMarked:Improvise","theMarked:BanishingWave"],"picked":"theMarked:RepellingDischarge","floor":3},{"not_picked":["theMarked:HeightenedSenses","theMarked:TwofoldDefense"],"picked":"theMarked:ElectricStrings","floor":4},{"not_picked":["theMarked:SoldierForm","theMarked:TakeCover"],"picked":"theMarked:ResourceFulStrike","floor":6},{"not_picked":["theMarked:TakeCover","theMarked:BanishingStrike"],"picked":"theMarked:ShockingTouch","floor":12},{"not_picked":["theMarked:Frustration","theMarked:Parkour","theMarked:GodGivenPower"],"picked":"SKIP","floor":14},{"not_picked":["theMarked:Vacuum","theMarked:BindingBlade"],"picked":"theMarked:ChannelForce","floor":16},{"not_picked":["theMarked:TakeCover","theMarked:RepellingDischarge","theMarked:HeritageOfTheMarked"],"picked":"SKIP","floor":18},{"not_picked":["theMarked:WastefulAttack","theMarked:ElectricStrings"],"picked":"theMarked:Polarize","floor":21},{"not_picked":["theMarked:Parry","theMarked:Static"],"picked":"theMarked:RepellingDischarge+1","floor":23},{"not_picked":["theMarked:ResourceFulStrike+1","theMarked:ContemptForTheProud"],"picked":"theMarked:Indomitable+1","floor":25},{"not_picked":["theMarked:ElectricStrings","theMarked:EmpowerWeapon+1","theMarked:MysticalArsenal"],"picked":"SKIP","floor":27},{"not_picked":["theMarked:WastefulDefense","theMarked:BanishingStrike","theMarked:Aftermath"],"picked":"SKIP","floor":28},{"not_picked":["theMarked:Generate","theMarked:RepellingDischarge","theMarked:TakeCover"],"picked":"SKIP","floor":30}],"player_experience":669564,"relics_obtained":[{"floor":5,"key":"hubris:DuctTape"},{"floor":6,"key":"conspire:Flyswatter"},{"floor":9,"key":"Blue Candle"},{"floor":13,"key":"HornCleat"},{"floor":22,"key":"Necronomicon"},{"floor":23,"key":"conspire:GlowingRock"},{"floor":26,"key":"Pantograph"}],"event_choices":[{"damage_healed":0,"gold_gain":0,"cards_transformed":["theMarked:Strike"],"player_choice":"Transformed","damage_taken":0,"max_hp_gain":0,"max_hp_loss":0,"event_name":"Transmorgrifier","floor":2,"gold_loss":0,"cards_obtained":["theMarked:Snap"]},{"damage_healed":0,"gold_gain":0,"player_choice":"Take Wound","damage_taken":0,"relics_obtained":["Golden Idol"],"max_hp_gain":0,"max_hp_loss":0,"event_name":"Golden Idol","floor":11,"gold_loss":0,"cards_obtained":["Injury"]},{"damage_healed":0,"gold_gain":0,"player_choice":"Bought 2 Potions","damage_taken":0,"max_hp_gain":0,"max_hp_loss":0,"event_name":"The Woman in Blue","floor":19,"gold_loss":0},{"damage_healed":0,"gold_gain":0,"player_choice":"Obtained Book","damage_taken":16,"max_hp_gain":0,"max_hp_loss":0,"event_name":"Cursed Tome","floor":22,"gold_loss":0}],"is_beta":false,"boss_relics":[{"not_picked":["Astrolabe","Calling Bell"],"picked":"conspire:SlowCooker"}],"items_purged_floors":[20],"is_endless":false,"potions_floor_spawned":[1,12,21,30],"killed_by":"Chosen and Byrds","ascension_level":0}}