{"host":"kh6fvhxn285ncg0o","time":1611486749,"event":{"mods":["Act Like it!","BaseMod","Colored Map","Friendly Minions","Keyboard Shortcuts","Minty Spire (QoL Compilation)","Quick Restart","Relic Stats","StSLib","SuperFastMode","UnlockEverythingMod"],"gold_per_floor":[114,114,64,79,94,94,94],"floor_reached":6,"language":"KOR","playtime":82,"items_purged":[],"score":36,"play_id":"fe2781ad-139a-4b35-9bfa-7beadca6d9c7","local_time":"20210124201229","daily_mods":["Cursed Run","Purple Cards","DeadlyEvents"],"is_ascension_mode":false,"campfire_choices":[],"circlet_count":0,"master_deck":["Strike_R","Strike_R","Strike_R","Defend_R","Defend_R","Defend_R","Defend_R","Bash","Seeing Red","Flame Barrier"],"relics":["Cursed Key","Darkstone Periapt","Du-Vu Doll"],"acts_visited":["Exordium"],"potions_floor_usage":[],"damage_taken":[{"damage":1.0,"enemies":"Jaw Worm","floor":1.0,"turns":3.0},{"damage":0.0,"enemies":"2 Louse","floor":4.0,"turns":2.0},{"damage":1.0,"enemies":"Cultist","floor":5.0,"turns":4.0},{"damage":0,"enemies":"Lagavulin","floor":6,"turns":1}],"seed_played":"-4692305807027556167","potions_obtained":[{"floor":5.0,"key":"ElixirPotion"}],"is_trial":false,"path_per_floor":["M","?","?","M","M","E"],"character_chosen":"IRONCLAD","items_purchased":[],"campfire_rested":0,"item_purchase_floors":[],"current_hp_per_floor":[79,79,79,79,78,78,78],"gold":94,"neow_bonus":"","is_daily":true,"chose_seed":false,"campfire_upgraded":0,"win_rate":0.0,"timestamp":1611486749,"path_taken":["M","?","?","M","M","E"],"items_purchased_type":[],"build_version":"2020-12-22","purchased_purges":0,"victory":false,"max_hp_per_floor":[80,80,80,80,80,80,80],"relic_stats":{"Darkstone Periapt":0,"counters":[4,10],"Cursed Key":0,"obtain_stats":[{"Darkstone Periapt":0,"Du-Vu Doll":0,"Cursed Key":0},{"Darkstone Periapt":0,"Du-Vu Doll":0,"Cursed Key":0},{"Darkstone Periapt":0,"Du-Vu Doll":0,"Cursed Key":0}]},"card_choices":[{"not_picked":["CrushJoints","Thunderclap","Prostrate"],"picked":"SKIP","floor":1.0},{"not_picked":["Flex","Combust"],"picked":"Seeing Red","floor":4.0},{"not_picked":["FollowUp","Clash"],"picked":"Flame Barrier","floor":5.0}],"player_experience":1265908,"relics_obtained":[],"event_choices":[{"cards_removed":["Strike_R"],"damage_healed":0.0,"max_hp_gain":0.0,"max_hp_loss":0.0,"gold_gain":0.0,"event_name":"Living Wall","player_choice":"Forget","floor":2.0,"gold_loss":0.0,"damage_taken":0.0},{"cards_removed":["Strike_R"],"damage_healed":0.0,"max_hp_gain":0.0,"max_hp_loss":0.0,"gold_gain":0.0,"event_name":"The Cleric","player_choice":"Card Removal","floor":3.0,"gold_loss":50.0,"damage_taken":0.0}],"is_beta":false,"boss_relics":[],"items_purged_floors":[],"is_endless":false,"potions_floor_spawned":[5],"killed_by":"Lagavulin","ascension_level":0}}