{"host":"h77azxdx0evtsxw5","time":1611510281,"event":{"mods":["AchievementEnabler","BaseMod","Better Vampires","Minty Spire (QoL Compilation)","Quick Restart","Rare Cards Sparkle","Relic Stats"],"gold_per_floor":[116,116,116,131,131,131,56,95,95,95,113,152,152,74,74,204,204,217,2,27,81,106,106,139,139,163,194,104,104,144,144,144],"floor_reached":31,"language":"ENG","playtime":1529,"items_purged":["Injury"],"score":451,"play_id":"e9b733f4-5c69-4bc9-a9f8-3c64bb8c690c","local_time":"20210124124441","is_ascension_mode":true,"campfire_choices":[{"data":"Flex","floor":6.0,"key":"SMITH"},{"data":"Flex","floor":10.0,"key":"SMITH"},{"data":"Bash","floor":13.0,"key":"SMITH"},{"data":"Inflame","floor":15.0,"key":"SMITH"},{"data":"Searing Blow","floor":23.0,"key":"SMITH"},{"data":"Searing Blow+1","floor":25.0,"key":"SMITH"},{"data":"Searing Blow+2","floor":29.0,"key":"SMITH"}],"circlet_count":0,"master_deck":["Strike_R","Strike_R","Strike_R","Defend_R","Defend_R","Defend_R","Defend_R","Bash+1","Intimidate+1","Flex+1","Flex+1","Inflame+1","Searing Blow+3","Flex+1"],"relics":["Burning Blood","NeowsBlessing","Tiny Chest","Golden Idol","Blood Vial","Smiling Mask","SlaversCollar","Sling","Happy Flower","Bag of Preparation","Strawberry","Question Card","Juzu Bracelet"],"acts_visited":["Exordium","TheCity"],"potions_floor_usage":[31],"damage_taken":[{"damage":0.0,"enemies":"Jaw Worm","floor":1.0,"turns":1.0},{"damage":0.0,"enemies":"2 Louse","floor":4.0,"turns":1.0},{"damage":0.0,"enemies":"Gremlin Nob","floor":8.0,"turns":1.0},{"damage":0.0,"enemies":"Cultist","floor":11.0,"turns":2.0},{"damage":26.0,"enemies":"Lagavulin","floor":12.0,"turns":7.0},{"damage":53.0,"enemies":"The Guardian","floor":16.0,"turns":18.0},{"damage":11.0,"enemies":"Spheric Guardian","floor":18.0,"turns":3.0},{"damage":11.0,"enemies":"Chosen","floor":20.0,"turns":4.0},{"damage":54.0,"enemies":"Snecko","floor":22.0,"turns":5.0},{"damage":0.0,"enemies":"Gremlin Leader","floor":24.0,"turns":9.0},{"damage":14.0,"enemies":"Slavers","floor":27.0,"turns":5.0},{"damage":25.0,"enemies":"Gremlin Leader","floor":30.0,"turns":5.0},{"damage":21,"enemies":"Snake Plant","floor":31,"turns":2}],"seed_played":"7478506889823257589","potions_obtained":[{"floor":1.0,"key":"SkillPotion"},{"floor":11.0,"key":"HeartOfIron"},{"floor":12.0,"key":"FearPotion"},{"floor":18.0,"key":"Regen Potion"},{"floor":22.0,"key":"Dexterity Potion"},{"floor":30.0,"key":"AttackPotion"}],"is_trial":false,"path_per_floor":["M","?","?","M","?","R","$","E","T","R","M","E","R","$","R","B",null,"M","$","M","T","M","R","E","R","T","E","?","R","E","M"],"character_chosen":"IRONCLAD","items_purchased":["Inflame","Searing Blow","Sling"],"campfire_rested":0,"item_purchase_floors":[14,19,19],"current_hp_per_floor":[78,53,53,59,59,59,59,65,65,65,73,55,55,55,55,10,63,60,60,57,57,25,25,33,33,40,34,34,34,17,0,0],"gold":144,"neow_bonus":"THREE_ENEMY_KILL","is_daily":false,"chose_seed":false,"campfire_upgraded":7,"win_rate":0.0,"timestamp":1611510281,"path_taken":["M","?","?","?","?","R","$","E","T","R","M","E","R","$","R","BOSS","M","$","M","?","M","R","E","R","T","E","?","R","E","M"],"items_purchased_type":["Card","Card","Relic"],"build_version":"2020-12-22","purchased_purges":1,"victory":false,"max_hp_per_floor":[80,80,80,80,80,80,80,80,80,80,80,80,80,80,80,80,80,80,80,80,80,80,80,80,80,87,87,87,87,87,87,87],"relic_stats":{"Blood Vial":20,"Happy Flower":[8],"counters":[13,63],"Golden Idol":80,"Tiny Chest":1,"Bag of Preparation":[6],"Juzu Bracelet":0,"Smiling Mask":0,"Question Card":1,"obtain_stats":[{"NeowsBlessing":0,"Happy Flower":21,"Golden Idol":5,"Bag of Preparation":24,"Juzu Bracelet":30,"Smiling Mask":12,"Sling":19,"Question Card":27,"Burning Blood":0,"Blood Vial":8,"SlaversCollar":17,"Strawberry":26,"Tiny Chest":2},{"NeowsBlessing":0,"Happy Flower":8,"Golden Idol":2,"Bag of Preparation":10,"Juzu Bracelet":12,"Smiling Mask":5,"Sling":7,"Question Card":11,"Burning Blood":0,"Blood Vial":3,"SlaversCollar":6,"Strawberry":10,"Tiny Chest":1},{"NeowsBlessing":0,"Happy Flower":37,"Golden Idol":2,"Bag of Preparation":51,"Juzu Bracelet":61,"Smiling Mask":12,"Sling":33,"Question Card":56,"Burning Blood":0,"Blood Vial":3,"SlaversCollar":30,"Strawberry":51,"Tiny Chest":1}],"Burning Blood":72},"card_choices":[{"not_picked":["Uppercut","Warcry"],"picked":"Intimidate","floor":1.0},{"not_picked":["Iron Wave","Cleave"],"picked":"Flex","floor":4.0},{"not_picked":["Armaments","Shockwave"],"picked":"Flex","floor":8.0},{"not_picked":["Body Slam","Wild Strike","Clash"],"picked":"SKIP","floor":11.0},{"not_picked":["Flex","Whirlwind","Sever Soul"],"picked":"SKIP","floor":12.0},{"not_picked":["Wild Strike","Shockwave+1","Flex"],"picked":"SKIP","floor":18.0},{"not_picked":["Ghostly Armor","Sentinel","Anger"],"picked":"SKIP","floor":20.0},{"not_picked":["Sentinel","Clothesline"],"picked":"Flex+1","floor":22.0},{"not_picked":["Anger","Body Slam+1","Searing Blow+1"],"picked":"SKIP","floor":24.0},{"not_picked":["Anger","Bludgeon","Flex+1"],"picked":"SKIP","floor":27.0},{"not_picked":["Twin Strike","Corruption","Cleave","Immolate"],"picked":"SKIP","floor":30.0}],"player_experience":278870,"relics_obtained":[{"floor":8.0,"key":"Blood Vial"},{"floor":12.0,"key":"Smiling Mask"},{"floor":21.0,"key":"Happy Flower"},{"floor":24.0,"key":"Bag of Preparation"},{"floor":26.0,"key":"Strawberry"},{"floor":27.0,"key":"Question Card"},{"floor":30.0,"key":"Juzu Bracelet"}],"event_choices":[{"damage_healed":0.0,"max_hp_gain":0.0,"max_hp_loss":0.0,"gold_gain":0.0,"event_name":"Scrap Ooze","player_choice":"Success","floor":2.0,"gold_loss":0.0,"damage_taken":25.0,"relics_obtained":["Tiny Chest"]},{"cards_removed":["Strike_R"],"damage_healed":0.0,"max_hp_gain":0.0,"max_hp_loss":0.0,"gold_gain":0.0,"event_name":"Bonfire Elementals","player_choice":"Offered Basic","floor":3.0,"gold_loss":0.0,"damage_taken":0.0},{"damage_healed":0.0,"max_hp_gain":0.0,"max_hp_loss":0.0,"gold_gain":0.0,"event_name":"Golden Idol","player_choice":"Take Wound","floor":5.0,"gold_loss":0.0,"damage_taken":0.0,"relics_obtained":["Golden Idol"],"cards_obtained":["Injury"]},{"cards_removed":["Strike_R"],"damage_healed":0.0,"max_hp_gain":0.0,"max_hp_loss":0.0,"gold_gain":0.0,"event_name":"Designer","player_choice":"Upgrade and Remove","floor":28.0,"gold_loss":90.0,"damage_taken":0.0,"cards_upgraded":["Intimidate"]}],"is_beta":false,"boss_relics":[{"not_picked":["Black Star","Snecko Eye"],"picked":"SlaversCollar"}],"items_purged_floors":[7],"is_endless":false,"potions_floor_spawned":[1,11,12,18,22,30],"killed_by":"Snake Plant","ascension_level":6}}