{"host":"3zb3nk4wvq0dtbuh","time":1611500425,"event":{"mods":["AchievementEnabler","BaseMod","Lobotomy","Minty Spire (QoL Compilation)","Quick Restart","StSLib","SuperFastMode","The Blackbeard"],"gold_per_floor":[20,37,51,70,70,96,96,114,138,138,153,128,146,166,166,166,166],"floor_reached":16,"language":"ZHS","playtime":200,"items_purged":[],"score":131,"play_id":"f646929c-5947-41ed-81f3-3cb23a07f65e","local_time":"20210124230025","is_ascension_mode":false,"campfire_choices":[{"data":"Hologram","floor":7,"key":"SMITH"},{"data":"Gash","floor":15,"key":"SMITH"}],"circlet_count":0,"master_deck":["Strike_B","Strike_B","Strike_B","Strike_B","Defend_B","Defend_B","Defend_B","Defend_B","Zap","Dualcast","Hyperbeam+1","Hologram","Go for the Eyes","Hologram+1","Gash+1"],"relics":["Cracked Core","Mango","Blood Vial"],"acts_visited":["Exordium"],"potions_floor_usage":[],"damage_taken":[{"damage":1,"enemies":"Cultist","floor":1,"turns":3},{"damage":1,"enemies":"2 Louse","floor":2,"turns":2},{"damage":0,"enemies":"Small Slimes","floor":3,"turns":1},{"damage":21,"enemies":"Exordium Thugs","floor":4,"turns":4},{"damage":0,"enemies":"Gremlin Nob","floor":6,"turns":2},{"damage":1,"enemies":"Exordium Wildlife","floor":8,"turns":2},{"damage":0,"enemies":"2 Fungi Beasts","floor":11,"turns":2},{"damage":9,"enemies":"Exordium Thugs","floor":13,"turns":2},{"damage":1,"enemies":"3 Louse","floor":14,"turns":3},{"damage":0,"enemies":"The Guardian","floor":16,"turns":1}],"seed_played":"-9066340382057149858","potions_obtained":[{"floor":4,"key":"FocusPotion"},{"floor":8,"key":"Ancient Potion"},{"floor":13,"key":"Fire Potion"}],"is_trial":false,"path_per_floor":["M","M","M","M","?","E","R","M","T","?","M","$","M","M","R","B"],"character_chosen":"DEFECT","items_purchased":["Gash"],"campfire_rested":0,"item_purchase_floors":[12],"current_hp_per_floor":[74,73,73,52,52,66,66,65,65,65,67,67,60,61,61,63,63],"gold":166,"neow_bonus":"THREE_RARE_CARDS","is_daily":false,"chose_seed":false,"campfire_upgraded":2,"win_rate":0.0,"timestamp":1611500425,"path_taken":["M","?","M","M","?","E","R","M","T","?","?","?","M","M","R","BOSS"],"items_purchased_type":["Card"],"build_version":"2020-12-22","purchased_purges":0,"victory":false,"max_hp_per_floor":[75,75,75,75,75,89,89,89,89,89,89,89,89,89,89,89,89],"card_choices":[{"not_picked":["Reboot","Fission"],"picked":"Hyperbeam","floor":0},{"not_picked":["Steam","Cold Snap"],"picked":"Hologram","floor":1},{"not_picked":["Cold Snap","Streamline"],"picked":"Go for the Eyes","floor":2},{"not_picked":["Chaos","Aggregate","Cold Snap"],"picked":"SKIP","floor":3},{"not_picked":["Fusion","Loop","Capacitor"],"picked":"SKIP","floor":4},{"not_picked":["Cold Snap","Machine Learning"],"picked":"Hologram","floor":6},{"not_picked":["Sweeping Beam","Rebound","Skim"],"picked":"SKIP","floor":8},{"not_picked":["Capacitor","Loop","Rip and Tear"],"picked":"SKIP","floor":11},{"not_picked":["Barrage","Double Energy","Melter"],"picked":"SKIP","floor":13},{"not_picked":["Skim","Turbo","Coolheaded"],"picked":"SKIP","floor":14}],"player_experience":19418,"relics_obtained":[{"floor":6,"key":"Mango"},{"floor":9,"key":"Blood Vial"}],"event_choices":[{"damage_healed":0,"gold_gain":0,"player_choice":"Grow","damage_taken":0,"max_hp_gain":0,"max_hp_loss":0,"event_name":"Living Wall","floor":5,"gold_loss":0,"cards_upgraded":["Hyperbeam"]},{"damage_healed":0,"gold_gain":0,"player_choice":"0 cards matched","damage_taken":0,"max_hp_gain":0,"max_hp_loss":0,"event_name":"Match and Keep!","floor":10,"gold_loss":0,"cards_obtained":[]}],"is_beta":false,"boss_relics":[],"items_purged_floors":[],"is_endless":false,"potions_floor_spawned":[4,8,13,14],"killed_by":"The Guardian","ascension_level":0}}