{"host":"vgoo8hagqzs0eqkg","time":1611469092,"event":{"mods":["BaseMod","Downfall","Minty Spire (QoL Compilation)","Quick Restart","StSLib"],"gold_per_floor":[99,114,125,144,163,173,222,122,137,137,137,152,169,1,14,116,116,116,128,128,128,128],"floor_reached":20,"language":"ZHS","playtime":978,"items_purged":[],"score":170,"play_id":"b2f46cbd-802d-455a-a7b5-0ffd10b15cf2","local_time":"20210124141812","is_ascension_mode":false,"campfire_choices":[{"floor":1,"key":"RECALL"},{"data":"Guardian:ConstructionForm","floor":8,"key":"SMITH"},{"floor":11,"key":"REST"},{"data":"Guardian:AncientConstruct","floor":18,"key":"SMITH"}],"circlet_count":0,"master_deck":["Guardian:Strike_Guardian","Guardian:Strike_Guardian","Guardian:Strike_Guardian","Guardian:Strike_Guardian","Guardian:Defend_Guardian","Guardian:Defend_Guardian","Guardian:Defend_Guardian","Guardian:Defend_Guardian","Guardian:CurlUp","Guardian:TwinSlam","Guardian:ShieldCharger","Guardian:ChargeUp","Guardian:TimeBomb","Guardian:ConstructionForm+1","Guardian:TemporalShield","Guardian:RefractedBeam","Guardian:Suspension","Guardian:AncientConstruct+1","Guardian:Clone+1"],"relics":["Guardian:ModeShifterPlus","Art of War","Pen Nib","downfall:HeartBlessingRed","SsserpentHead","Sling"],"acts_visited":["Exordium","TheCity"],"potions_floor_usage":[19],"damage_taken":[{"damage":6,"enemies":"Jaw Worm","floor":2,"turns":4},{"damage":0,"enemies":"Cultist","floor":3,"turns":3},{"damage":2,"enemies":"Small Slimes","floor":4,"turns":4},{"damage":24,"enemies":"Exordium Wildlife","floor":5,"turns":7},{"damage":16,"enemies":"Exordium Thugs","floor":6,"turns":5},{"damage":0,"enemies":"Red Slaver","floor":9,"turns":5},{"damage":0,"enemies":"Large Slime","floor":12,"turns":5},{"damage":7,"enemies":"Blue Slaver","floor":13,"turns":5},{"damage":0,"enemies":"downfall:FleeingMerchant","floor":14,"turns":4},{"damage":4,"enemies":"2 Fungi Beasts","floor":15,"turns":5},{"damage":10,"enemies":"IC_STATUS_ARCHETYPE","floor":16,"turns":9},{"damage":0,"enemies":"Chosen","floor":19,"turns":6},{"damage":0,"enemies":"downfall:FleeingMerchant","floor":20,"turns":1}],"seed_played":"1001536083472508396","potions_obtained":[{"floor":4,"key":"EssenceOfSteel"},{"floor":5,"key":"Fire Potion"},{"floor":9,"key":"FairyPotion"},{"floor":19,"key":"SpeedPotion"}],"is_trial":false,"path_per_floor":["R","M","M","M","M","M","T","R","M","?","R","M","M","$","M","B",null,"R","M","$"],"character_chosen":"GUARDIAN","items_purchased":["Sling"],"campfire_rested":1,"item_purchase_floors":[14],"current_hp_per_floor":[80,74,74,72,48,32,32,32,32,32,56,56,49,49,45,35,80,80,80,80,80,80],"gold":128,"neow_bonus":"RANDOM_COMMON_RELIC","is_daily":false,"chose_seed":false,"campfire_upgraded":2,"win_rate":0.0,"timestamp":1611469092,"path_taken":["R","M","M","M","M","M","T","R","M","?","R","M","M","$","M","BOSS","R","M","$"],"items_purchased_type":["Relic"],"build_version":"2020-12-22","purchased_purges":0,"victory":false,"max_hp_per_floor":[80,80,80,80,80,80,80,80,80,80,80,80,80,80,80,80,80,80,80,80,80,80],"card_choices":[{"not_picked":["Guardian:Reroute","Guardian:ChargeCore"],"picked":"Guardian:ShieldCharger","floor":2},{"not_picked":["Guardian:Planning","Guardian:GuardianWhirl"],"picked":"Guardian:ChargeUp","floor":3},{"not_picked":["Guardian:Recover","Guardian:Gem_Cyan"],"picked":"Guardian:Gem_Blue","floor":4},{"not_picked":["Guardian:Planning","Guardian:Gem_Fragmented"],"picked":"Guardian:TimeBomb","floor":5},{"not_picked":["Guardian:ShieldCharger","Guardian:Gem_Cyan"],"picked":"Guardian:ConstructionForm","floor":6},{"not_picked":["Guardian:Recover","Guardian:Suspension"],"picked":"Guardian:TemporalShield","floor":9},{"not_picked":["Guardian:VentSteam","Guardian:ChargeCore"],"picked":"Guardian:Gem_White","floor":12},{"not_picked":["Guardian:Emergency","Guardian:RollAttack"],"picked":"Guardian:RefractedBeam","floor":13},{"not_picked":["Guardian:Gem_Cyan","Guardian:Gem_Purple"],"picked":"Guardian:Suspension","floor":14},{"not_picked":["Guardian:Gem_Red","Guardian:TemporalShield","Guardian:ChargeCore"],"picked":"SKIP","floor":15},{"not_picked":["Guardian:ConstructionForm","Guardian:Gem_Synthetic"],"picked":"Guardian:AncientConstruct","floor":16},{"not_picked":["Guardian:Recover","Guardian:Reroute"],"picked":"Guardian:Clone+1","floor":19}],"player_experience":451384,"relics_obtained":[{"floor":7,"key":"Pen Nib"}],"event_choices":[{"damage_healed":0,"gold_gain":0,"player_choice":"Trade","damage_taken":0,"relics_obtained":["SsserpentHead"],"max_hp_gain":0,"max_hp_loss":0,"event_name":"FaceTrader","floor":10,"gold_loss":0}],"is_beta":false,"boss_relics":[{"not_picked":["Guardian:StasisSlotReductionRelic","Calling Bell"],"picked":"Guardian:ModeShifterPlus"}],"items_purged_floors":[],"is_endless":false,"potions_floor_spawned":[4,5,9,16,19],"killed_by":"downfall:FleeingMerchant","ascension_level":0}}