{"host":"aj7el8l5kufbk20z","time":1611465924,"event":{"mods":["AchievementEnabler","BaseMod","Colored Map","Colored Powertips","Curses Come First","Highlight Path","Minty Spire (QoL Compilation)","Permanent Neow","Poor People Problems","Quick Restart","Rare Cards Sparkle","Relic Stats","StSLib","SuperFastMode","Waifu the Spire"],"gold_per_floor":[118,44,55,72,82,82,100,100,155,155,168,168,197,197,197,197,197],"floor_reached":16,"language":"ZHS","playtime":503,"items_purged":[],"score":179,"play_id":"5cb75059-be30-4534-9eb6-8aa398a9854c","local_time":"20210124132524","is_ascension_mode":true,"campfire_choices":[{"data":"Flame Barrier","floor":6,"key":"SMITH"},{"data":"Flame Barrier","floor":8,"key":"SMITH"},{"floor":15,"key":"REST"}],"circlet_count":0,"master_deck":["AscendersBane","Strike_R","Strike_R","Strike_R","Strike_R","Strike_R","Defend_R","Defend_R","Defend_R","Defend_R","Bash","Body Slam","Flame Barrier+1","Heavy Blade","Shrug It Off","Flame Barrier+1","Immolate","Shrug It Off","Reckless Charge","Regret","Iron Wave","Armaments","Reckless Charge"],"relics":["Burning Blood","Prayer Wheel","Strawberry","Eternal Feather","Dream Catcher"],"acts_visited":["Exordium"],"potions_floor_usage":[13],"damage_taken":[{"damage":1,"enemies":"Cultist","floor":1,"turns":4},{"damage":9,"enemies":"Jaw Worm","floor":3,"turns":4},{"damage":13,"enemies":"Small Slimes","floor":4,"turns":4},{"damage":13,"enemies":"Blue Slaver","floor":5,"turns":4},{"damage":6,"enemies":"Looter","floor":7,"turns":3},{"damage":10,"enemies":"Exordium Thugs","floor":11,"turns":4},{"damage":33,"enemies":"Lagavulin","floor":13,"turns":8},{"damage":28,"enemies":"Hexaghost","floor":16,"turns":3}],"seed_played":"4288416226613337869","potions_obtained":[{"floor":3,"key":"PowerPotion"},{"floor":5,"key":"SpeedPotion"},{"floor":13,"key":"SpeedPotion"}],"is_trial":false,"path_per_floor":["M","$","M","M","M","R","M","R","T","?","M","$","E","$","R","B"],"character_chosen":"IRONCLAD","items_purchased":["Flame Barrier"],"campfire_rested":1,"item_purchase_floors":[2],"current_hp_per_floor":[55,55,52,45,38,38,38,38,45,45,41,41,14,14,50,22,22],"gold":197,"neow_bonus":"ONE_RARE_RELIC","is_daily":false,"chose_seed":false,"campfire_upgraded":2,"win_rate":0.0,"timestamp":1611465924,"path_taken":["M","$","?","M","M","R","M","R","T","?","M","$","E","$","R","BOSS"],"items_purchased_type":["Card"],"build_version":"2020-12-22","purchased_purges":0,"victory":false,"max_hp_per_floor":[75,75,75,75,75,75,75,75,82,82,82,82,82,82,82,82,82],"relic_stats":{"Dream Catcher":1,"counters":[8,34],"Prayer Wheel":6,"Eternal Feather":12,"obtain_stats":[{"Dream Catcher":13,"Strawberry":9,"Prayer Wheel":0,"Eternal Feather":10,"Burning Blood":0},{"Dream Catcher":7,"Strawberry":5,"Prayer Wheel":0,"Eternal Feather":5,"Burning Blood":0},{"Dream Catcher":31,"Strawberry":19,"Prayer Wheel":0,"Eternal Feather":19,"Burning Blood":0}],"Burning Blood":42},"card_choices":[{"not_picked":["Clash","Heavy Blade"],"picked":"Body Slam","floor":1},{"not_picked":["Twin Strike","Clothesline","Body Slam"],"picked":"SKIP","floor":1},{"not_picked":["Rage","Perfected Strike"],"picked":"Heavy Blade","floor":3},{"not_picked":["Searing Blow","Headbutt","Offering"],"picked":"SKIP","floor":3},{"not_picked":["Twin Strike","Fire Breathing"],"picked":"Shrug It Off","floor":4},{"not_picked":["Clothesline","Searing Blow","Thunderclap"],"picked":"SKIP","floor":4},{"not_picked":["Sever Soul","Headbutt"],"picked":"Flame Barrier","floor":5},{"not_picked":["Clash","Sever Soul"],"picked":"Immolate","floor":5},{"not_picked":["Body Slam","Cleave"],"picked":"Shrug It Off","floor":7},{"not_picked":["Twin Strike","Sever Soul"],"picked":"Reckless Charge","floor":7},{"not_picked":["Rage","Clothesline"],"picked":"Iron Wave","floor":11},{"not_picked":["Havoc","Body Slam","Pommel Strike"],"picked":"SKIP","floor":11},{"not_picked":["Thunderclap","Sentinel"],"picked":"Armaments","floor":13},{"not_picked":["Rage","Sword Boomerang"],"picked":"Reckless Charge","floor":15}],"player_experience":370808,"relics_obtained":[{"floor":9,"key":"Strawberry"},{"floor":13,"key":"Dream Catcher"}],"event_choices":[{"damage_healed":0,"gold_gain":0,"player_choice":"Box","damage_taken":0,"relics_obtained":["Eternal Feather"],"max_hp_gain":0,"max_hp_loss":0,"event_name":"Big Fish","floor":10,"gold_loss":0,"cards_obtained":["Regret"]}],"is_beta":false,"boss_relics":[],"items_purged_floors":[],"is_endless":false,"potions_floor_spawned":[3,5,11,13],"killed_by":"Hexaghost","ascension_level":15}}