{"host":"rx4dvj46as2nh7wl","time":1611458160,"event":{"mods":["100% Spire Juice","ATMod(阿瑾Mod)","Act Like it!","BaseMod","BetterRewards","Defective Defect","Dota2Spire","Friendly Minions","Gensokyo","GifTheSpireLib","Hermit","HololiveMod","Hubris","Library of Ruina","Minty Spire (QoL Compilation)","Permanent Neow","Relic Stats","Replay The Spire","Spicy Shops","Spire Birthday Party","StSLib","WarShipGirlsR/战舰少女R mod","Yakumo Yukari mod","vexMod","【遗物Mod】死灵法师NEW"],"gold_per_floor":[139,153,153,164,174,200,126,142,142,153,153,372,372,404,404,502,502,522,447,458,504,224,253,253,328,328,358,373,384,402,402,402,402,402],"floor_reached":33,"language":"ZHS","playtime":3058,"items_purged":["AT_purpleEX"],"score":349,"play_id":"3c650407-1f97-417f-9259-2906aac5a3a8","local_time":"20210124111600","is_ascension_mode":false,"campfire_choices":[{"floor":11,"key":"REST"},{"floor":13,"key":"REST"},{"data":"Umbrella_purple","floor":15,"key":"SMITH"},{"floor":24,"key":"REST"},{"floor":32,"key":"REST"}],"circlet_count":0,"master_deck":["AT_purpleEX","AT_purpleEX","AT_purpleEX","Defend_purpleEX","Defend_purpleEX","Defend_purpleEX","Defend_purpleEX","Observe_purple_1","Observe_purple_2","AT_DrawKnifeCut","MonsterNeedle_purple","RuleDissolution_purple","Worldmountain_purple","Umbrella_purple+1","PurpleNeedle_purple","OpenedBox_purple","Charmbait_purple","SharpContractionReality_purple","GluttonyofRealm_purpleEX+1","Bait_HighSpeedFlying_purple","StateErode_purple","BarrageBoundary_PipeDream_purple+1","Mirror_FormAndEmptin_purple","Nest_LightFlightworm_purple+1","ReplayTheSpireMod:Splinters","Mirror_FormAndEmptin_purple+1","Charmbait_purple","Gensokyo:BlemishedSteel","Boundary_LifeAndDeath_purple","Shallow_ocean_purpleEX","Line_surface_state_purple+1","Fantasy_PerpetualMotionMachine_purple","Realm_recovery_purpleEX+1","MeetDecomposer_purple+1","Gensokyo:AllTheWorldsEvil","WorldDissolvedintheRealm_purple+1"],"relics":["Boundary_crack","Memoryfragments_purpleEX","AT_ATBox","Dota2Spire:ArcaneBoots","Toy Ornithopter","Dream Catcher","Dota2Spire:OctarineCore","Dota2Spire:Bloodstone","hubris:CrystalStatue","Guide Book","Dota2Spire:OrchidMalevolence","Dota2Spire:CrimsonGuard","AT_EbonyIvory","AT_ForceNature"],"acts_visited":["Gensokyo:Gensokyo","Gensokyo:Gensokyoer"],"potions_floor_usage":[27,33],"damage_taken":[{"damage":0,"enemies":"Gensokyo:2_Kodama","floor":1,"turns":2},{"damage":7,"enemies":"Gensokyo:Gryphon","floor":2,"turns":4},{"damage":0,"enemies":"Gensokyo:3_Fairies","floor":4,"turns":3},{"damage":0,"enemies":"Gensokyo:Python_and_Kodama","floor":5,"turns":4},{"damage":25,"enemies":"Gensokyo:Cirno","floor":6,"turns":5},{"damage":2,"enemies":"Gensokyo:2_Rabbits","floor":8,"turns":8},{"damage":4,"enemies":"Gensokyo:Kitsune","floor":10,"turns":3},{"damage":20,"enemies":"Gensokyo:3_Kodama","floor":12,"turns":4},{"damage":17,"enemies":"Gensokyo:Mamizou","floor":14,"turns":5},{"damage":13,"enemies":"Gensokyo:Yukari","floor":16,"turns":7},{"damage":29,"enemies":"Gensokyo:AngelMirror","floor":18,"turns":2},{"damage":8,"enemies":"Gensokyo:3_Dogs","floor":20,"turns":3},{"damage":33,"enemies":"Gensokyo:Koishi","floor":23,"turns":4},{"damage":12,"enemies":"Gensokyo:Reisen","floor":27,"turns":5},{"damage":16,"enemies":"Gensokyo:Slime_Group","floor":28,"turns":2},{"damage":0,"enemies":"Gensokyo:Wraith","floor":29,"turns":3},{"damage":0,"enemies":"Gensokyo:Swordslinger","floor":30,"turns":2},{"damage":89,"enemies":"Gensokyo:Eternal_Rivals","floor":33,"turns":6}],"seed_played":"1009901224171710644","potions_obtained":[{"floor":1,"key":"Dexterity Potion"},{"floor":5,"key":"Dota2Spire:HealingSalve"},{"floor":8,"key":"Regen Potion"},{"floor":29,"key":"PowerPotion"}],"is_trial":false,"path_per_floor":["M","M","?","M","M","E","COS","M","T","M","R","M","R","E","R","B",null,"M","$","M","?","COS","E","R","T","T","E","M","M","M","?","R","B"],"character_chosen":"Youkari","items_purchased":[],"campfire_rested":4,"item_purchase_floors":[],"current_hp_per_floor":[70,63,56,60,61,37,37,35,35,32,53,34,55,38,38,26,70,44,44,41,41,41,8,30,30,30,29,17,17,18,18,42,0,0],"gold":402,"neow_bonus":"RANDOM_COMMON_RELIC","is_daily":false,"chose_seed":false,"campfire_upgraded":1,"win_rate":0.0,"timestamp":1611458160,"path_taken":["M","M","?","M","M","E","COS","M","T","M","R","M","R","E","R","BOSS","M","$","M","?","COS","E","R","?","T","E","M","M","M","?","R","BOSS"],"items_purchased_type":[],"build_version":"2020-12-22","purchased_purges":1,"victory":false,"max_hp_per_floor":[70,70,70,70,70,70,70,70,70,70,70,70,70,70,70,70,70,73,73,76,76,76,76,76,76,76,76,80,80,80,80,80,80,80],"relic_stats":{"Dream Catcher":4,"counters":[18,72],"obtain_stats":[{"AT_ForceNature":30,"AT_ATBox":0,"hubris:CrystalStatue":21,"Guide Book":22,"Dota2Spire:OrchidMalevolence":23,"Dota2Spire:Bloodstone":17,"AT_EbonyIvory":27,"Boundary_crack":0,"Frozen Eye":23,"Dream Catcher":9,"Dota2Spire:CrimsonGuard":25,"Dota2Spire:OctarineCore":14,"Dota2Spire:ArcaneBoots":0,"Toy Ornithopter":6,"Memoryfragments_purpleEX":0},{"AT_ForceNature":17,"AT_ATBox":0,"hubris:CrystalStatue":12,"Guide Book":12,"Dota2Spire:OrchidMalevolence":13,"Dota2Spire:Bloodstone":10,"AT_EbonyIvory":14,"Boundary_crack":0,"Frozen Eye":12,"Dream Catcher":6,"Dota2Spire:CrimsonGuard":13,"Dota2Spire:OctarineCore":9,"Dota2Spire:ArcaneBoots":0,"Toy Ornithopter":5,"Memoryfragments_purpleEX":0},{"AT_ForceNature":66,"AT_ATBox":0,"hubris:CrystalStatue":50,"Guide Book":50,"Dota2Spire:OrchidMalevolence":54,"Dota2Spire:Bloodstone":45,"AT_EbonyIvory":59,"Boundary_crack":0,"Frozen Eye":50,"Dream Catcher":26,"Dota2Spire:CrimsonGuard":54,"Dota2Spire:OctarineCore":38,"Dota2Spire:ArcaneBoots":0,"Toy Ornithopter":18,"Memoryfragments_purpleEX":0}],"Toy Ornithopter":10},"card_choices":[{"not_picked":["Umbrella_purple","Boundary_of_Extermination_purpleEX"],"picked":"MonsterNeedle_purple","floor":1},{"not_picked":["ButterflyHabitatTemple_purple","CommonSense_AntiCommonSense_purple"],"picked":"RuleDissolution_purple","floor":2},{"not_picked":["SharpContractionReality_purple","SfantasyHide_purple"],"picked":"Worldmountain_purple","floor":4},{"not_picked":["SfantasyHide_purple","SharpContractionReality_purple"],"picked":"Umbrella_purple","floor":5},{"not_picked":["StateDuplicate_purple","CommonSense_AntiCommonSense_purple"],"picked":"PurpleNeedle_purple","floor":6},{"not_picked":["Realm_recovery_purpleEX","SharpContractionReality_purple"],"picked":"OpenedBox_purple","floor":8},{"not_picked":["D_absorption_purple","MeetDecomposer_purple"],"picked":"Charmbait_purple","floor":10},{"not_picked":["SfantasyHide_purple","Line_surface_state_purple"],"picked":"SharpContractionReality_purple","floor":11},{"not_picked":["MagicEyes_LaplaceDemon_purple","Monsters_DoubleDeathButterfly_purple"],"picked":"GluttonyofRealm_purpleEX","floor":12},{"not_picked":["StateDuplicate_purple","RuleDissolution_purple","Realm_recovery_purpleEX"],"picked":"SKIP","floor":12},{"not_picked":["Shallow_ocean_purpleEX","Erosivefilter_purple"],"picked":"Bait_HighSpeedFlying_purple","floor":13},{"not_picked":["RuptureOfTimeAndSpace_purple","RuleDissolution_purple"],"picked":"StateErode_purple","floor":14},{"not_picked":["WangLiang_OokamiKakushi_purple","Computing_the_future_purpleEX"],"picked":"BarrageBoundary_PipeDream_purple","floor":16},{"not_picked":["Yakumo_Ran_purple","Boundary_of_Extermination_purpleEX"],"picked":"Mirror_FormAndEmptin_purple","floor":18},{"not_picked":["RuleDissolution_purple+1","Realm_recovery_purpleEX"],"picked":"Nest_LightFlightworm_purple+1","floor":20},{"not_picked":["Realm_recovery_purpleEX","RuleDissolution_purple"],"picked":"Mirror_FormAndEmptin_purple+1","floor":21},{"not_picked":["RuleDissolution_purple+1","Boundary_ObjectiveBoundary_purple"],"picked":"Charmbait_purple","floor":21},{"not_picked":["Bait_Toxicbait_purple+1","OpenedBox_purple+1"],"picked":"Boundary_LifeAndDeath_purple","floor":23},{"not_picked":["Worldmountain_purple","StateErode_purple+1"],"picked":"Shallow_ocean_purpleEX","floor":24},{"not_picked":["ExistenceContinue_purple","Boundary_of_Extermination_purpleEX"],"picked":"Line_surface_state_purple+1","floor":27},{"not_picked":["Realm_recovery_purpleEX","StretchesForeverDream_purple"],"picked":"Fantasy_PerpetualMotionMachine_purple","floor":28},{"not_picked":["Mirror_Drifter_purple","StateErode_purple"],"picked":"Realm_recovery_purpleEX+1","floor":29},{"not_picked":["Boundary_ObjectiveBoundary_purple","SharpContractionReality_purple"],"picked":"MeetDecomposer_purple+1","floor":30},{"not_picked":["Boundary_of_Extermination_purpleEX","Yakumo_Ran_purple"],"picked":"WorldDissolvedintheRealm_purple+1","floor":32}],"player_experience":159792,"relics_obtained":[{"floor":6,"key":"Toy Ornithopter"},{"floor":9,"key":"Dream Catcher"},{"floor":14,"key":"Dota2Spire:OctarineCore"},{"floor":21,"key":"hubris:CrystalStatue"},{"floor":23,"key":"Dota2Spire:OrchidMalevolence"},{"floor":25,"key":"Dota2Spire:CrimsonGuard"},{"floor":27,"key":"AT_EbonyIvory"}],"event_choices":[],"is_beta":false,"boss_relics":[{"not_picked":["Velvet Choker","Snecko Eye"],"picked":"Dota2Spire:Bloodstone"}],"items_purged_floors":[19],"is_endless":false,"potions_floor_spawned":[1,5,8,12,14,20,23,29,30],"killed_by":"Gensokyo:Eternal_Rivals","ascension_level":0}}