{"host":"kjcsj8kbkx3w6fc4","time":1611460886,"event":{"mods":["2.2 Compatiblity","Aspiration","BaseMod","Better Third Choice","Conspire","Downfall","Hermit","Infinite Spire","Minty Spire (QoL Compilation)","Permanent Neow","StSLib","The Cursed"],"gold_per_floor":[99,116,116,126,26,42,94,122,122,137,162,78,104,118,132,132,132,132],"floor_reached":16,"language":"ENG","playtime":1449,"items_purged":[],"score":112,"play_id":"0374a300-1a3a-418d-bc96-64b2b3eb09a9","local_time":"20210123230126","is_ascension_mode":false,"campfire_choices":[{"data":"sneckomod:Unknown","floor":1,"key":"SMITH"}],"circlet_count":0,"master_deck":["sneckomod:Strike","sneckomod:Strike","sneckomod:Defend","sneckomod:Defend","sneckomod:Defend","sneckomod:TailWhip","sneckomod:SnekBite","sneckomod:Unknown+1","sneckomod:Unknown","sneckomod:ImprovisedGuard+1","sneckomod:Nope","Ghostly","sneckomod:UnknownCommonAttack","sneckomod:SnekBeam","sneckomod:ImprovisedAttack","sneckomod:UnknownBlock","sneckomod:Unknown1Cost+1","sneckomod:UnknownUncommonPower","sneckomod:UnknownX"],"relics":["sneckomod:SneckoSoul","Potion Belt","conspire:DecoderRing","Blood Vial","War Paint"],"acts_visited":["Exordium"],"potions_floor_usage":[11,11,16],"damage_taken":[{"damage":0,"enemies":"2 Louse","floor":2,"turns":3},{"damage":4,"enemies":"Small Slimes","floor":4,"turns":5},{"damage":0,"enemies":"Jaw Worm","floor":6,"turns":5},{"damage":7,"enemies":"3 Sentries","floor":8,"turns":9},{"damage":13,"enemies":"Exordium Wildlife","floor":10,"turns":4},{"damage":32,"enemies":"Lagavulin","floor":11,"turns":7},{"damage":5,"enemies":"downfall:FleeingMerchant","floor":12,"turns":4},{"damage":7,"enemies":"Large Slime","floor":14,"turns":6},{"damage":5,"enemies":"Blue Slaver","floor":15,"turns":3},{"damage":36,"enemies":"SI_SHIV_ARCHETYPE","floor":16,"turns":8}],"seed_played":"-1496291760166495220","potions_obtained":[{"floor":0,"key":"Swift Potion"},{"floor":0,"key":"sneckomod:CheatPotion"},{"floor":0,"key":"bronze:BurnAndBuffPotion"},{"floor":10,"key":"SteroidPotion"},{"floor":11,"key":"Weak Potion"},{"floor":15,"key":"Explosive Potion"}],"is_trial":false,"path_per_floor":["R","M","?","M","?","M","T","E","?","M","E","$","T","M","M","B"],"character_chosen":"THE_SNECKO","items_purchased":["sneckomod:UnknownUncommonPower"],"campfire_rested":0,"item_purchase_floors":[12],"current_hp_per_floor":[90,90,95,91,91,91,91,84,84,71,39,36,36,31,33,0,0,0],"gold":132,"neow_bonus":"THREE_SMALL_POTIONS","is_daily":false,"chose_seed":false,"campfire_upgraded":1,"win_rate":0.0,"timestamp":1611460886,"path_taken":["R","M","?","M","?","M","T","E","?","M","E","$","?","?","M","BOSS"],"items_purchased_type":["Card"],"build_version":"2020-12-22","purchased_purges":0,"victory":false,"max_hp_per_floor":[90,90,95,95,95,95,95,95,95,95,95,95,95,95,95,95,95,95],"card_choices":[{"not_picked":["sneckomod:WideSting","sneckomod:RainOfDice"],"picked":"sneckomod:ImprovisedGuard","floor":2},{"not_picked":["sneckomod:UnendingSupply","sneckomod:SoulDraw"],"picked":"sneckomod:Nope","floor":4},{"not_picked":["sneckomod:TrashToTreasure","sneckomod:MasterEye"],"picked":"sneckomod:UnknownCommonAttack","floor":6},{"not_picked":["sneckomod:SoulExchange","sneckomod:SoulDraw"],"picked":"sneckomod:SnekBeam","floor":8},{"not_picked":["sneckomod:SoulDraw","sneckomod:QuickBite"],"picked":"sneckomod:ImprovisedAttack","floor":10},{"not_picked":["sneckomod:SnakeSap","sneckomod:DiceCrush"],"picked":"sneckomod:UnknownBlock","floor":11},{"not_picked":["sneckomod:UnknownWeak","sneckomod:SnakeSap"],"picked":"sneckomod:Unknown1Cost","floor":12},{"not_picked":["sneckomod:Nope","sneckomod:QuickBite","sneckomod:DefensiveFlair"],"picked":"SKIP","floor":14},{"not_picked":["sneckomod:Unknown1Cost","sneckomod:Nope"],"picked":"sneckomod:UnknownX","floor":15}],"player_experience":138385,"relics_obtained":[{"floor":7,"key":"Potion Belt"},{"floor":8,"key":"conspire:DecoderRing"},{"floor":11,"key":"Blood Vial"},{"floor":13,"key":"War Paint"}],"event_choices":[{"damage_healed":0,"gold_gain":0,"player_choice":"Donut","damage_taken":0,"max_hp_gain":5,"max_hp_loss":0,"event_name":"Big Fish","floor":3,"gold_loss":0},{"damage_healed":0,"gold_gain":0,"player_choice":"Argue","damage_taken":0,"max_hp_gain":0,"max_hp_loss":0,"event_name":"conspire:LoneGhost","floor":5,"gold_loss":0},{"cards_removed":["sneckomod:Strike"],"damage_healed":0,"gold_gain":0,"player_choice":"Card Removal","damage_taken":0,"max_hp_gain":0,"max_hp_loss":0,"event_name":"The Cleric","floor":9,"gold_loss":0}],"is_beta":false,"boss_relics":[],"items_purged_floors":[],"is_endless":false,"potions_floor_spawned":[4,10,11,15],"killed_by":"SI_SHIV_ARCHETYPE","ascension_level":0}}