{"host":"Krakhan","time":1611512421,"event":{"mods":["AchievementEnabler","BaseMod","Colored Map","Colored Powertips","Faster Ascension Climbing","Highlight Path","Minty Spire (QoL Compilation)","Rare Cards Sparkle","Relic Stats","StSLib"],"gold_per_floor":[114,125,125,143,159,159,191,191,191,209,541,541,541,568,568,568,568],"floor_reached":16,"language":"ENG","playtime":711,"items_purged":[],"score":240,"play_id":"01c6efb0-a224-4775-9e7e-138e17ad7b9c","local_time":"20210124132021","is_ascension_mode":true,"campfire_choices":[{"data":"Ball Lightning","floor":6,"key":"SMITH"},{"data":"Genetic Algorithm","floor":8,"key":"SMITH"},{"floor":13,"key":"REST"},{"data":"Reinforced Body","floor":15,"key":"SMITH"}],"circlet_count":0,"master_deck":["AscendersBane","Strike_B","Strike_B","Strike_B","Strike_B","Defend_B","Defend_B","Defend_B","Defend_B","Zap","Dualcast","Compile Driver","Ball Lightning+1","Ball Lightning+1","Genetic Algorithm+1","Reinforced Body+1","Glacier+1","Leap","Cold Snap"],"relics":["Cracked Core","Bird Faced Urn","Pen Nib","Mercury Hourglass","Old Coin","Ornamental Fan"],"acts_visited":["Exordium"],"potions_floor_usage":[7,11,14,16],"damage_taken":[{"damage":12,"enemies":"Jaw Worm","floor":1,"turns":3},{"damage":1,"enemies":"Cultist","floor":2,"turns":3},{"damage":8,"enemies":"Small Slimes","floor":4,"turns":4},{"damage":3,"enemies":"Blue Slaver","floor":5,"turns":3},{"damage":8,"enemies":"Gremlin Nob","floor":7,"turns":3},{"damage":13,"enemies":"Gremlin Gang","floor":10,"turns":3},{"damage":15,"enemies":"Lagavulin","floor":11,"turns":7},{"damage":1,"enemies":"3 Sentries","floor":14,"turns":4},{"damage":22,"enemies":"Hexaghost","floor":16,"turns":9}],"seed_played":"971814284458544591","potions_obtained":[{"floor":4,"key":"BlessingOfTheForge"},{"floor":5,"key":"DuplicationPotion"},{"floor":7,"key":"PotionOfCapacity"},{"floor":11,"key":"AttackPotion"}],"is_trial":false,"path_per_floor":["M","M","?","M","M","R","E","R","T","M","E","?","R","E","R","B"],"character_chosen":"DEFECT","items_purchased":[],"campfire_rested":1,"item_purchase_floors":[],"current_hp_per_floor":[52,51,51,43,40,40,32,32,32,19,4,4,23,22,22,0,0],"gold":568,"neow_bonus":"ONE_RARE_RELIC","is_daily":false,"chose_seed":false,"campfire_upgraded":3,"win_rate":0.0,"timestamp":1611512421,"path_taken":["M","M","?","M","M","R","E","R","T","?","E","?","R","E","R","BOSS"],"items_purchased_type":[],"build_version":"2020-12-18","purchased_purges":0,"victory":false,"max_hp_per_floor":[64,64,64,64,64,64,64,64,64,64,64,64,64,64,64,64,64],"relic_stats":{"counters":[9,39],"Ornamental Fan":[4],"Bird Faced Urn":[0],"Pen Nib":[3],"obtain_stats":[{"Ornamental Fan":14,"Bird Faced Urn":0,"Pen Nib":7,"Cracked Core":0,"Mercury Hourglass":9,"Old Coin":11},{"Ornamental Fan":8,"Bird Faced Urn":0,"Pen Nib":5,"Cracked Core":0,"Mercury Hourglass":5,"Old Coin":7},{"Ornamental Fan":30,"Bird Faced Urn":0,"Pen Nib":16,"Cracked Core":0,"Mercury Hourglass":16,"Old Coin":26}],"Mercury Hourglass":[92]},"card_choices":[{"not_picked":["Go for the Eyes","Force Field"],"picked":"Compile Driver","floor":1},{"not_picked":["Compile Driver","Streamline"],"picked":"Ball Lightning","floor":2},{"not_picked":["Barrage","Turbo"],"picked":"Ball Lightning","floor":4},{"not_picked":["Undo","Barrage"],"picked":"Genetic Algorithm","floor":5},{"not_picked":["All For One","Reprogram"],"picked":"Reinforced Body","floor":7},{"not_picked":["Redo","Undo"],"picked":"Glacier","floor":10},{"not_picked":["Double Energy","Fusion"],"picked":"Leap","floor":11},{"not_picked":["Turbo","Streamline"],"picked":"Cold Snap","floor":14}],"player_experience":1360159,"relics_obtained":[{"floor":7,"key":"Pen Nib"},{"floor":9,"key":"Mercury Hourglass"},{"floor":11,"key":"Old Coin"},{"floor":14,"key":"Ornamental Fan"}],"event_choices":[{"damage_healed":0,"gold_gain":0,"player_choice":"Upgraded","damage_taken":0,"max_hp_gain":0,"max_hp_loss":0,"event_name":"Upgrade Shrine","floor":3,"gold_loss":0,"cards_upgraded":["Ball Lightning"]},{"damage_healed":0,"gold_gain":0,"player_choice":"Grow","damage_taken":0,"max_hp_gain":0,"max_hp_loss":0,"event_name":"Living Wall","floor":12,"gold_loss":0,"cards_upgraded":["Glacier"]}],"is_beta":true,"boss_relics":[],"items_purged_floors":[],"is_endless":false,"potions_floor_spawned":[4,5,7,11],"killed_by":"Hexaghost","ascension_level":20}}