{"host":"7gewg82ormp6yt4e","time":1611493919,"event":{"mods":["BaseMod","Block Reminder","Colored Map","DeckTracker","Highlight Path","Minty Spire (QoL Compilation)","Relic Stats","StSLib","ojb\u0027s Info Mod"],"gold_per_floor":[20,20,20,33,49,49,87,110,110,130,130,18,32,70,70,70,70],"floor_reached":16,"language":"JPN","playtime":581,"items_purged":[],"score":224,"play_id":"e35fe87a-9c18-4f42-8102-7ca3b42b4adc","local_time":"20210124221159","is_ascension_mode":true,"campfire_choices":[{"data":"Streamline","floor":6.0,"key":"SMITH"},{"floor":11.0,"key":"REST"},{"data":"Reprogram","floor":15.0,"key":"SMITH"}],"circlet_count":0,"master_deck":["AscendersBane","Strike_B","Strike_B","Strike_B","Strike_B","Defend_B","Defend_B","Defend_B","Defend_B","Zap","Dualcast","Sweeping Beam","Reprogram+1","Streamline+1","Sunder","Glacier","Doom and Gloom","Rip and Tear"],"relics":["Cracked Core","Golden Idol","Turnip","Ice Cream","Incense Burner"],"acts_visited":["Exordium"],"potions_floor_usage":[16],"damage_taken":[{"damage":1.0,"enemies":"Cultist","floor":1.0,"turns":3.0},{"damage":7.0,"enemies":"Small Slimes","floor":4.0,"turns":3.0},{"damage":7.0,"enemies":"Jaw Worm","floor":5.0,"turns":5.0},{"damage":32.0,"enemies":"Gremlin Nob","floor":7.0,"turns":4.0},{"damage":12.0,"enemies":"Exordium Thugs","floor":8.0,"turns":4.0},{"damage":13.0,"enemies":"Gremlin Gang","floor":10.0,"turns":4.0},{"damage":3.0,"enemies":"3 Louse","floor":13.0,"turns":2.0},{"damage":16.0,"enemies":"3 Sentries","floor":14.0,"turns":8.0},{"damage":14,"enemies":"Hexaghost","floor":16,"turns":7}],"seed_played":"-3559179458754177624","potions_obtained":[{"floor":1.0,"key":"EssenceOfSteel"},{"floor":4.0,"key":"SpeedPotion"},{"floor":5.0,"key":"CultistPotion"}],"is_trial":false,"path_per_floor":["M","$","?","M","M","R","E","M","T","M","R","$","M","E","R","B"],"character_chosen":"DEFECT","items_purchased":["Fruit Juice"],"campfire_rested":1,"item_purchase_floors":[12],"current_hp_per_floor":[77,77,77,70,63,63,31,19,19,6,29,34,31,15,15,1,1],"gold":70,"neow_bonus":"TWENTY_PERCENT_HP_BONUS","is_daily":false,"chose_seed":false,"campfire_upgraded":2,"win_rate":0.0,"timestamp":1611493919,"path_taken":["M","?","?","M","M","R","E","M","T","M","R","?","?","E","R","BOSS"],"items_purchased_type":["Potion"],"build_version":"2020-12-22","purchased_purges":0,"victory":false,"max_hp_per_floor":[85,85,77,77,77,77,77,77,77,77,77,82,82,82,82,82,82],"relic_stats":{"counters":[9,40],"Golden Idol":34,"Turnip":[1],"obtain_stats":[{"Ice Cream":9,"Golden Idol":3,"Turnip":7,"Incense Burner":14,"Cracked Core":0},{"Ice Cream":5,"Golden Idol":1,"Turnip":4,"Incense Burner":8,"Cracked Core":0},{"Ice Cream":19,"Golden Idol":3,"Turnip":15,"Incense Burner":33,"Cracked Core":0}]},"card_choices":[{"not_picked":["Tempest","Turbo"],"picked":"Sweeping Beam","floor":1.0},{"not_picked":["Compile Driver","Hologram"],"picked":"Reprogram","floor":4.0},{"not_picked":["Stack","Undo"],"picked":"Streamline","floor":5.0},{"not_picked":["Recycle","Beam Cell"],"picked":"Sunder","floor":7.0},{"not_picked":["Streamline","Gash"],"picked":"Glacier","floor":8.0},{"not_picked":["Coolheaded","Turbo"],"picked":"Doom and Gloom","floor":10.0},{"not_picked":["Tempest","Rebound","Hologram"],"picked":"SKIP","floor":13.0},{"not_picked":["Chill","Cold Snap"],"picked":"Rip and Tear","floor":14.0}],"player_experience":2680246,"relics_obtained":[{"floor":7.0,"key":"Turnip"},{"floor":9.0,"key":"Ice Cream"},{"floor":14.0,"key":"Incense Burner"}],"event_choices":[{"damage_healed":0.0,"max_hp_gain":0.0,"max_hp_loss":8.0,"gold_gain":0.0,"event_name":"Golden Idol","player_choice":"Lose Max HP","floor":3.0,"gold_loss":0.0,"damage_taken":0.0,"relics_obtained":["Golden Idol"]}],"is_beta":false,"boss_relics":[],"items_purged_floors":[],"is_endless":false,"potions_floor_spawned":[1,4,5],"killed_by":"Hexaghost","ascension_level":20}}