{"host":"aqym1xxr3lb31d9m","time":1611508128,"event":{"mods":["BaseMod","Block Reminder","Colored Map","Colored Powertips","DeckTracker","Highlight Path","Minty Spire (QoL Compilation)","Quick Restart","Random Character Button","StSLib","SuperFastMode","UnlockEverythingMod"],"gold_per_floor":[113,113,132,132,132,132,132,167,191,191,222,232,10,30,30,108,108,126,126,126,138,156,156,106,106,106,132,132,143,153,183,183,257,257,277,293,293,1292,775,775,801,812,812,831,309,328,328,28,28,28,28],"floor_reached":52,"language":"JPN","playtime":4259,"items_purged":["Normality","Normality"],"score":2306,"play_id":"0d98d483-4eb2-4658-bb49-4357911eb656","local_time":"20210125020848","is_ascension_mode":true,"campfire_choices":[{"data":"Biased Cognition","floor":6.0,"key":"SMITH"},{"data":"Beam Cell","floor":10.0,"key":"SMITH"},{"data":"Buffer","floor":15.0,"key":"SMITH"},{"data":"Sunder","floor":23.0,"key":"SMITH"},{"data":"Sunder","floor":25.0,"key":"SMITH"},{"floor":28.0,"key":"REST"},{"data":"Loop","floor":32,"key":"SMITH"},{"data":"Fission","floor":40,"key":"SMITH"},{"data":"Hologram","floor":49,"key":"SMITH"}],"circlet_count":0,"master_deck":["AscendersBane","Zap+1","Go for the Eyes","BootSequence","Hologram+1","Buffer+1","Loop+1","Beam Cell+1","Biased Cognition+1","White Noise+1","Cold Snap","Thunder Strike","Cold Snap","Ball Lightning","Glacier","Ball Lightning","Go for the Eyes","Core Surge","Sunder+1","Skim+1","Sunder+1","Recycle+1","Turbo","Undo","Capacitor+1","Fission+1","Redo+1","White Noise","Deep Breath","Master of Strategy","Dark Shackles","Consume+1","Coolheaded+1","Capacitor","Hologram"],"relics":["Pandora\u0027s Box","Regal Pillow","Bag of Preparation","The Courier","Question Card","Nuclear Battery","Enchiridion","Ginger","Emotion Chip","Sundial","Runic Pyramid","Frozen Eye","Blood Vial","OrangePellets","Eternal Feather","Pen Nib","Membership Card","Kunai","Strawberry"],"acts_visited":["Exordium","TheCity","TheBeyond"],"potions_floor_usage":[31,31],"damage_taken":[{"damage":8.0,"enemies":"Small Slimes","floor":1.0,"turns":4.0},{"damage":2.0,"enemies":"Cultist","floor":3.0,"turns":4.0},{"damage":1.0,"enemies":"Gremlin Nob","floor":8.0,"turns":4.0},{"damage":0.0,"enemies":"Lagavulin","floor":11.0,"turns":5.0},{"damage":0.0,"enemies":"2 Louse","floor":12.0,"turns":3.0},{"damage":3.0,"enemies":"Large Slime","floor":14.0,"turns":4.0},{"damage":0.0,"enemies":"Slime Boss","floor":16.0,"turns":7.0},{"damage":0.0,"enemies":"3 Byrds","floor":18.0,"turns":5.0},{"damage":0.0,"enemies":"Chosen","floor":21.0,"turns":4.0},{"damage":11.0,"enemies":"Snake Plant","floor":22.0,"turns":4.0},{"damage":16.0,"enemies":"Gremlin Leader","floor":27.0,"turns":6.0},{"damage":1.0,"enemies":"Snecko","floor":29.0,"turns":3.0},{"damage":0,"enemies":"Cultist and Chosen","floor":30,"turns":4},{"damage":0,"enemies":"Slavers","floor":31,"turns":3},{"damage":0,"enemies":"Collector","floor":33,"turns":10},{"damage":0,"enemies":"3 Darklings","floor":35,"turns":6},{"damage":0,"enemies":"3 Shapes","floor":36,"turns":3},{"damage":40,"enemies":"Nemesis","floor":41,"turns":7},{"damage":0,"enemies":"Spire Growth","floor":42,"turns":5},{"damage":15,"enemies":"Jaw Worm Horde","floor":44,"turns":5},{"damage":0,"enemies":"Transient","floor":46,"turns":6},{"damage":0,"enemies":"Time Eater","floor":50,"turns":12},{"damage":1,"enemies":"Awakened One","floor":51,"turns":16}],"seed_played":"5705263944452372409","potions_obtained":[{"floor":1.0,"key":"Explosive Potion"},{"floor":11.0,"key":"PowerPotion"},{"floor":12.0,"key":"FearPotion"},{"floor":27.0,"key":"Explosive Potion"},{"floor":30,"key":"PowerPotion"},{"floor":31,"key":"DuplicationPotion"},{"floor":36,"key":"LiquidMemories"}],"is_trial":false,"path_per_floor":["M","?","M","?","?","R","?","E","T","R","E","M","$","M","R","B",null,"M","$","?","M","M","R","?","R","T","E","R","M","M","E","R","B",null,"M","M","?","?","$","R","E","M","T","M","$","M","?","$","R","B","B",null],"character_chosen":"DEFECT","items_purchased":["Question Card","Deep Breath","Frozen Eye","Master of Strategy","Dark Shackles","OrangePellets","Eternal Feather","Pen Nib","Membership Card","Kunai","Strawberry"],"campfire_rested":1,"item_purchase_floors":[13,39,39,39,39,45,45,45,48,48,48],"current_hp_per_floor":[56,56,54,54,59,59,59,58,58,58,58,58,58,55,55,55,71,71,71,50,50,39,39,39,39,39,23,60,59,59,59,59,59,72,72,72,72,72,72,72,32,34,34,21,21,23,23,30,51,53,54],"gold":28,"neow_bonus":"BOSS_RELIC","is_daily":false,"chose_seed":false,"campfire_upgraded":8,"win_rate":0.0,"timestamp":1611508128,"path_taken":["M","?","?","?","?","R","?","E","T","R","E","M","$","M","R","BOSS","M","$","?","M","M","R","?","R","T","E","R","?","M","E","R","BOSS","M","M","?","?","$","R","E","M","T","M","$","M","?","?","R","BOSS","BOSS"],"items_purchased_type":["Relic","Card","Relic","Card","Card","Relic","Relic","Relic","Relic","Relic","Relic"],"build_version":"2020-12-22","purchased_purges":2,"victory":true,"max_hp_per_floor":[71,71,71,71,76,76,76,76,76,76,76,76,76,76,76,76,76,76,76,76,76,76,76,76,76,76,76,76,76,76,76,76,76,76,76,76,76,76,76,76,76,76,76,76,76,76,76,83,83,83,83],"card_choices":[{"not_picked":["Steam Power","White Noise"],"picked":"Cold Snap","floor":1.0},{"not_picked":["Static Discharge","Lockon"],"picked":"Cold Snap","floor":3.0},{"not_picked":["Rip and Tear","Barrage"],"picked":"Ball Lightning","floor":8.0},{"not_picked":["Rip and Tear","Hologram"],"picked":"Glacier","floor":11.0},{"not_picked":["Rebound","Steam"],"picked":"Ball Lightning","floor":12.0},{"not_picked":["Gash","Steam","Barrage"],"picked":"Go for the Eyes","floor":14.0},{"not_picked":["Echo Form","Biased Cognition","Multi-Cast"],"picked":"Core Surge","floor":16.0},{"not_picked":["Gash","Loop","Stack"],"picked":"Sunder","floor":18.0},{"not_picked":["Blizzard","Stack","Heatsinks"],"picked":"Skim+1","floor":21.0},{"not_picked":["Go for the Eyes","Stack","Gash+1"],"picked":"Sunder","floor":22.0},{"not_picked":["Cold Snap","Blizzard","Coolheaded"],"picked":"Recycle+1","floor":27.0},{"not_picked":["Ball Lightning","Melter","Barrage+1"],"picked":"Turbo","floor":29},{"not_picked":["Hologram","Barrage","Beam Cell"],"picked":"Undo","floor":30},{"not_picked":["Blizzard","Meteor Strike","Steam Power"],"picked":"Capacitor+1","floor":31},{"not_picked":["Hyperbeam","Amplify","Core Surge"],"picked":"Fission","floor":33},{"not_picked":["Cold Snap+1","Reinforced Body","Lockon+1"],"picked":"Redo+1","floor":35},{"not_picked":["Gash","Steam","Tempest"],"picked":"White Noise","floor":36},{"not_picked":["Melter+1","Static Discharge","Capacitor"],"picked":"Consume+1","floor":41},{"not_picked":["Sweeping Beam","Go for the Eyes","Beam Cell+1"],"picked":"Coolheaded+1","floor":42},{"not_picked":["Leap","Scrape+1","Hologram"],"picked":"Capacitor","floor":44},{"not_picked":["Blizzard+1","Coolheaded+1","Stack"],"picked":"Hologram","floor":46}],"player_experience":4034118,"relics_obtained":[{"floor":8.0,"key":"Regal Pillow"},{"floor":9.0,"key":"Bag of Preparation"},{"floor":11.0,"key":"The Courier"},{"floor":20.0,"key":"Enchiridion"},{"floor":26.0,"key":"Ginger"},{"floor":27.0,"key":"Emotion Chip"},{"floor":31,"key":"Sundial"},{"floor":41,"key":"Blood Vial"}],"event_choices":[{"damage_healed":0.0,"max_hp_gain":0.0,"max_hp_loss":0.0,"gold_gain":0.0,"cards_transformed":["Dualcast"],"event_name":"Transmorgrifier","player_choice":"Transformed","floor":2.0,"gold_loss":0.0,"damage_taken":0.0,"cards_obtained":["Thunder Strike"]},{"damage_healed":0.0,"max_hp_gain":0.0,"max_hp_loss":0.0,"gold_gain":0.0,"event_name":"Shining Light","player_choice":"Ignored","floor":4.0,"gold_loss":0.0,"damage_taken":0.0},{"damage_healed":0.0,"max_hp_gain":5.0,"max_hp_loss":0.0,"gold_gain":0.0,"event_name":"Big Fish","player_choice":"Donut","floor":5.0,"gold_loss":0.0,"damage_taken":0.0},{"damage_healed":0.0,"max_hp_gain":0.0,"max_hp_loss":0.0,"gold_gain":0.0,"event_name":"Living Wall","player_choice":"Grow","floor":7.0,"gold_loss":0.0,"damage_taken":0.0,"cards_upgraded":["Zap"]},{"damage_healed":0.0,"max_hp_gain":0.0,"max_hp_loss":0.0,"gold_gain":0.0,"event_name":"Cursed Tome","player_choice":"Obtained Book","floor":20.0,"gold_loss":0.0,"damage_taken":21.0},{"damage_healed":0.0,"max_hp_gain":0.0,"max_hp_loss":0.0,"gold_gain":0.0,"event_name":"Designer","player_choice":"Upgrade","floor":24.0,"gold_loss":50.0,"damage_taken":0.0,"cards_upgraded":["White Noise"]},{"damage_healed":0,"gold_gain":0,"player_choice":"Ignored","damage_taken":0,"max_hp_gain":0,"max_hp_loss":0,"event_name":"Tomb of Lord Red Mask","floor":37,"gold_loss":0},{"damage_healed":0,"gold_gain":999,"player_choice":"Gold","damage_taken":0,"max_hp_gain":0,"max_hp_loss":0,"event_name":"MindBloom","floor":38,"gold_loss":0,"cards_obtained":["Normality","Normality"]},{"damage_healed":0,"gold_gain":0,"player_choice":"Ignored","damage_taken":0,"max_hp_gain":0,"max_hp_loss":0,"event_name":"The Moai Head","floor":47,"gold_loss":0}],"is_beta":false,"boss_relics":[{"not_picked":["Cursed Key","Snecko Eye"],"picked":"Nuclear Battery"},{"not_picked":["Empty Cage","Tiny House"],"picked":"Runic Pyramid"}],"items_purged_floors":[39,45],"is_endless":false,"potions_floor_spawned":[1,11,12,18,21,27,30,31,36,44,46],"ascension_level":20}}