{"host":"ia9e4s524g7bamk7","time":1611500280,"event":{"mods":["AchievementEnabler","BaseMod","Minty Spire (QoL Compilation)","Slay-I"],"gold_per_floor":[114,114,131,131,146,146,179,179,179,210,230,36,36,99,99,196,496,512,525,575,655,705,705,705],"floor_reached":23,"language":"ENG","playtime":1765,"items_purged":["Strike_B"],"score":359,"play_id":"3cea88dd-a306-48d6-9441-5a1f36702e69","local_time":"20210124155800","is_ascension_mode":true,"campfire_choices":[{"data":"Sweeping Beam","floor":6,"key":"SMITH"},{"data":"Zap","floor":8,"key":"SMITH"},{"data":"Streamline","floor":13,"key":"SMITH"},{"data":"Go for the Eyes","floor":15,"key":"SMITH"}],"circlet_count":0,"master_deck":["Strike_B","Strike_B","Strike_B","Defend_B","Defend_B","Defend_B","Defend_B","Zap+1","Dualcast+1","Sweeping Beam+1","Cold Snap","Steam","Streamline+1","Go for the Eyes+1","Electrodynamics","CurseOfTheBell","Glacier","Rebound+1","Turbo+1"],"relics":["Cracked Core","SsserpentHead","Boot","StrikeDummy","Sundial","Membership Card","Calling Bell","Juzu Bracelet","White Beast Statue","Old Coin","Red Mask","Happy Flower"],"acts_visited":["Exordium","TheCity"],"potions_floor_usage":[16,19,21,23,23],"damage_taken":[{"damage":7,"enemies":"Small Slimes","floor":1,"turns":3},{"damage":0,"enemies":"Cultist","floor":3,"turns":2},{"damage":10,"enemies":"Jaw Worm","floor":5,"turns":2},{"damage":18,"enemies":"3 Sentries","floor":7,"turns":7},{"damage":13,"enemies":"Lagavulin","floor":10,"turns":5},{"damage":0,"enemies":"2 Fungi Beasts","floor":11,"turns":2},{"damage":6,"enemies":"Looter","floor":14,"turns":2},{"damage":13,"enemies":"Slime Boss","floor":16,"turns":8},{"damage":21,"enemies":"2 Thieves","floor":18,"turns":4},{"damage":5,"enemies":"Shell Parasite","floor":19,"turns":7},{"damage":1,"enemies":"Masked Bandits","floor":21,"turns":3},{"damage":38,"enemies":"Book of Stabbing","floor":23,"turns":5}],"seed_played":"-534211279557116062","potions_obtained":[{"floor":1,"key":"DistilledChaos"},{"floor":3,"key":"BlessingOfTheForge"},{"floor":10,"key":"Swift Potion"},{"floor":18,"key":"ColorlessPotion"},{"floor":19,"key":"Energy Potion"},{"floor":21,"key":"EssenceOfSteel"}],"is_trial":false,"path_per_floor":["M","?","M","?","M","R","E","R","T","E","M","$","R","M","R","B",null,"M","M","?","?","?","E"],"character_chosen":"DEFECT","items_purchased":["Membership Card"],"campfire_rested":0,"item_purchase_floors":[12],"current_hp_per_floor":[68,73,73,73,63,63,45,45,45,32,32,32,32,26,26,13,80,59,54,39,38,38,0,0],"gold":705,"neow_bonus":"UPGRADE_CARD","is_daily":false,"chose_seed":false,"campfire_upgraded":4,"win_rate":0.0,"timestamp":1611500280,"path_taken":["M","?","M","?","M","R","E","R","T","E","M","$","R","?","R","BOSS","M","M","?","?","?","E"],"items_purchased_type":["Relic"],"build_version":"2020-12-22","purchased_purges":1,"victory":false,"max_hp_per_floor":[75,80,80,80,80,80,80,80,80,80,80,80,80,80,80,80,80,80,80,85,85,85,85,85],"card_choices":[{"not_picked":["Fusion","Beam Cell"],"picked":"Sweeping Beam","floor":1},{"not_picked":["Steam Power","Redo"],"picked":"Cold Snap","floor":3},{"not_picked":["Hologram","Force Field","Turbo"],"picked":"SKIP","floor":5},{"not_picked":["Biased Cognition","Steam Power"],"picked":"Steam","floor":7},{"not_picked":["Reprogram","Go for the Eyes","Consume"],"picked":"SKIP","floor":10},{"not_picked":["Beam Cell","Leap"],"picked":"Streamline","floor":11},{"not_picked":["Blizzard","Steam"],"picked":"Go for the Eyes","floor":14},{"not_picked":["Creative AI","Fission"],"picked":"Electrodynamics","floor":16},{"not_picked":["Stack","Sunder"],"picked":"Glacier","floor":18},{"not_picked":["Skim","Redo"],"picked":"Rebound+1","floor":19},{"not_picked":["Gash","Reprogram+1"],"picked":"Turbo+1","floor":21}],"player_experience":192972,"relics_obtained":[{"floor":7,"key":"Boot"},{"floor":9,"key":"StrikeDummy"},{"floor":10,"key":"Sundial"},{"floor":17,"key":"Juzu Bracelet"},{"floor":17,"key":"White Beast Statue"},{"floor":17,"key":"Old Coin"},{"floor":21,"key":"Red Mask"}],"event_choices":[{"damage_healed":0,"gold_gain":0,"player_choice":"Donut","damage_taken":0,"max_hp_gain":5,"max_hp_loss":0,"event_name":"Big Fish","floor":2,"gold_loss":0},{"damage_healed":0,"gold_gain":0,"player_choice":"Trade","damage_taken":0,"relics_obtained":["SsserpentHead"],"max_hp_gain":0,"max_hp_loss":0,"event_name":"FaceTrader","floor":4,"gold_loss":0},{"damage_healed":0,"gold_gain":0,"player_choice":"Shed Blood","damage_taken":20,"max_hp_gain":5,"max_hp_loss":0,"event_name":"Forgotten Altar","floor":20,"gold_loss":0},{"damage_healed":0,"gold_gain":0,"player_choice":"Fought Bandits","damage_taken":0,"max_hp_gain":0,"max_hp_loss":0,"event_name":"Masked Bandits","floor":21,"gold_loss":0},{"damage_healed":0,"gold_gain":0,"player_choice":"Opened","damage_taken":0,"relics_obtained":["Happy Flower"],"max_hp_gain":0,"max_hp_loss":0,"event_name":"The Mausoleum","floor":22,"gold_loss":0}],"is_beta":false,"boss_relics":[{"not_picked":["SacredBark","Pandora\u0027s Box"],"picked":"Calling Bell"}],"items_purged_floors":[12],"is_endless":false,"potions_floor_spawned":[1,3,10,18,19,21],"killed_by":"Book of Stabbing","ascension_level":4}}