{"host":"s125e4bodcwm0i3t","time":1611470868,"event":{"mods":["BaseMod","Hermit","Infinite Spire","Minty Spire (QoL Compilation)","Quick Restart","Replay The Spire","StSLib","The Cursed"],"gold_per_floor":[111,286,298,315,329,329,363,374,445,445,445,445,462,462,495,508,508,612,612,627,638,655,655,655],"floor_reached":23,"language":"ENG","playtime":1987,"items_purged":[],"score":205,"play_id":"a8ab02dc-aa59-4877-b8fb-7413774a4f45","local_time":"20210124014748","is_ascension_mode":false,"campfire_choices":[{"data":"TheCursedMod:LuckyCharm","floor":6,"key":"SMITH"},{"data":"TheCursedMod:CircleOfCorruption","floor":12,"key":"SMITH"},{"floor":17,"key":"REST"}],"circlet_count":0,"master_deck":["TheCursedMod:Strike_TheCursed","TheCursedMod:Strike_TheCursed","TheCursedMod:Strike_TheCursed","TheCursedMod:Strike_TheCursed","TheCursedMod:Defend_TheCursed","TheCursedMod:Defend_TheCursed","TheCursedMod:Defend_TheCursed","TheCursedMod:Defend_TheCursed","TheCursedMod:CursedWand","TheCursedMod:CleanUpWorkshop","TheCursedMod:Dregs","TheCursedMod:Stigma","Doubt","TheCursedMod:Obscuration","TheCursedMod:CursedBlade","TheCursedMod:LuckyCharm+1","TheCursedMod:CircleOfCorruption+1","TheCursedMod:Obscuration","TheCursedMod:ManaBullet","Parasite","TheCursedMod:Wield","TheCursedMod:Stretching","TheCursedMod:DemonSword","TheCursedMod:CursedShiv+1","TheCursedMod:RapidMovement","TheCursedMod:CircleOfFlame"],"relics":["TheCursedMod:BlackMagic101","NeowsBlessing","Blue Doll","Darkstone Periapt","Calipers","SacredBark"],"acts_visited":["Exordium","TheCity"],"potions_floor_usage":[5,15,20,21],"damage_taken":[{"damage":0,"enemies":"Small Slimes","floor":1,"turns":1},{"damage":0,"enemies":"Jaw Worm","floor":3,"turns":1},{"damage":0,"enemies":"Cultist","floor":4,"turns":1},{"damage":1,"enemies":"Blue Slaver","floor":5,"turns":4},{"damage":18,"enemies":"Replay:BlueRogue","floor":7,"turns":10},{"damage":5,"enemies":"Lots of Slimes","floor":8,"turns":3},{"damage":0,"enemies":"3 Louse","floor":13,"turns":3},{"damage":41,"enemies":"Gremlin Nob","floor":15,"turns":5},{"damage":1,"enemies":"Exordium Wildlife","floor":16,"turns":4},{"damage":42,"enemies":"Slime Boss","floor":18,"turns":18},{"damage":9,"enemies":"Spheric Guardian","floor":20,"turns":6},{"damage":10,"enemies":"Chosen","floor":21,"turns":3},{"damage":34,"enemies":"Snake Plant","floor":22,"turns":7},{"damage":30,"enemies":"Snecko","floor":23,"turns":7}],"seed_played":"-1689431026782876507","potions_obtained":[{"floor":3,"key":"LiquidMemories"},{"floor":5,"key":"SpeedPotion"},{"floor":7,"key":"FearPotion"},{"floor":16,"key":"Elixir"},{"floor":18,"key":"FearPotion"},{"floor":22,"key":"TheCursedMod:DregsPotion"}],"is_trial":false,"path_per_floor":["M","?","M","M","M","R","E","M","T","PTL","PTL","R","M","?","E","M","R","B",null,"M","M","M","M"],"character_chosen":"THE_CURSED","items_purchased":[],"campfire_rested":1,"item_purchase_floors":[],"current_hp_per_floor":[75,75,75,75,74,74,56,51,51,51,51,51,51,75,34,33,57,15,81,72,62,28,0,0],"gold":655,"neow_bonus":"THREE_ENEMY_KILL","is_daily":false,"chose_seed":false,"campfire_upgraded":2,"win_rate":0.0,"timestamp":1611470868,"path_taken":["M","?","M","M","M","R","E","M","T","PTL","PTL","R","M","?","E","M","R","BOSS","M","M","M","M"],"items_purchased_type":[],"build_version":"2020-12-22","purchased_purges":0,"victory":false,"max_hp_per_floor":[75,75,75,75,75,75,75,75,75,75,75,75,75,81,81,81,81,81,81,81,81,81,81,81],"card_choices":[{"not_picked":["TheCursedMod:CircleOfCorruption","TheCursedMod:ManaBullet"],"picked":"TheCursedMod:Stigma","floor":1},{"not_picked":["TheCursedMod:PrepareRite","TheCursedMod:FleshFromBone"],"picked":"TheCursedMod:Obscuration","floor":3},{"not_picked":["TheCursedMod:Obscuration","TheCursedMod:WearCloak"],"picked":"TheCursedMod:CursedBlade","floor":4},{"not_picked":["TheCursedMod:CursedShiv","TheCursedMod:RapidMovement"],"picked":"TheCursedMod:LuckyCharm","floor":5},{"not_picked":["TheCursedMod:VitalStrike","TheCursedMod:RapidMovement"],"picked":"TheCursedMod:CircleOfCorruption","floor":7},{"not_picked":["TheCursedMod:TacticalStrike","TheCursedMod:SpreadPlague"],"picked":"TheCursedMod:Obscuration","floor":8},{"not_picked":["TheCursedMod:DemonSword","TheCursedMod:CursedMace"],"picked":"TheCursedMod:ManaBullet","floor":13},{"not_picked":["TheCursedMod:ReleasedKnowledge","TheCursedMod:Obscuration"],"picked":"TheCursedMod:Wield","floor":15},{"not_picked":["TheCursedMod:RavingStaff","TheCursedMod:FleshFromBone"],"picked":"TheCursedMod:Stretching","floor":16},{"not_picked":["TheCursedMod:UltimatePain","TheCursedMod:AntiAging"],"picked":"TheCursedMod:DemonSword","floor":18},{"not_picked":["TheCursedMod:WearCloak","TheCursedMod:SoulCrush+1"],"picked":"TheCursedMod:CursedShiv+1","floor":20},{"not_picked":["TheCursedMod:CursedAmulet","TheCursedMod:SaltUponWound"],"picked":"TheCursedMod:RapidMovement","floor":21},{"not_picked":["TheCursedMod:FuryStrike+1","TheCursedMod:DoubleShield"],"picked":"TheCursedMod:CircleOfFlame","floor":22}],"player_experience":273964,"relics_obtained":[{"floor":7,"key":"Blue Doll"},{"floor":9,"key":"Darkstone Periapt"},{"floor":15,"key":"Calipers"}],"event_choices":[{"damage_healed":0,"gold_gain":175,"player_choice":"AGREE","damage_taken":0,"max_hp_gain":0,"max_hp_loss":0,"event_name":"Liars Game","floor":2,"gold_loss":0,"cards_obtained":["Doubt"]},{"damage_healed":18,"gold_gain":0,"player_choice":"Healed and dodged fight","damage_taken":0,"max_hp_gain":0,"max_hp_loss":0,"event_name":"Mushrooms","floor":14,"gold_loss":0,"cards_obtained":["Parasite"]}],"is_beta":false,"boss_relics":[{"not_picked":["Velvet Choker","Replay:Bronze Core"],"picked":"SacredBark"}],"items_purged_floors":[],"is_endless":false,"potions_floor_spawned":[3,5,7,16,18,22],"killed_by":"Snecko","ascension_level":0}}