{"host":"rmsq46plbpwfbxcc","time":1611469737,"event":{"mods":["AchievementEnabler","BaseMod","Colored Map","Colored Powertips","DeckTracker","KOR Keyword Fix","Minty Spire (QoL Compilation)","Permanent Neow","Quick Restart","SuperFastMode"],"gold_per_floor":[114,125,138,138,154,154,184,202,202,234,246,246,260,272,272,367,367,386,142,142,242,255,255,284,284,354,389,409,421,421,421],"floor_reached":30,"language":"KOR","playtime":993,"items_purged":[],"score":398,"play_id":"2cf08bb5-5be0-4d71-ae80-5bf43c4dd448","local_time":"20210124152857","is_ascension_mode":true,"campfire_choices":[{"data":"Neutralize","floor":6,"key":"SMITH"},{"floor":12,"key":"REST"},{"data":"After Image","floor":15,"key":"SMITH"},{"data":"Terror","floor":23,"key":"SMITH"},{"floor":25,"key":"REST"}],"circlet_count":0,"master_deck":["Survivor","Neutralize+1","Masterful Stab+1","Dodge and Roll+1","Heel Hook+1","Backflip","After Image+1","Finisher","Backstab","Escape Plan","Glass Knife","Blur","Deflect","Storm of Steel","Escape Plan","Accuracy","Glass Knife","Terror+1","PiercingWail"],"relics":["Astrolabe","Art of War","Bronze Scales","Snake Skull","Pandora\u0027s Box","Pantograph","Sundial","Kunai","Mercury Hourglass"],"acts_visited":["Exordium","TheCity"],"potions_floor_usage":[7,10,22,28,30],"damage_taken":[{"damage":0,"enemies":"Jaw Worm","floor":1,"turns":3},{"damage":0,"enemies":"Cultist","floor":2,"turns":3},{"damage":0,"enemies":"Small Slimes","floor":3,"turns":4},{"damage":6,"enemies":"Red Slaver","floor":5,"turns":5},{"damage":34,"enemies":"Gremlin Nob","floor":7,"turns":6},{"damage":0,"enemies":"Looter","floor":8,"turns":3},{"damage":16,"enemies":"3 Sentries","floor":10,"turns":10},{"damage":1,"enemies":"Blue Slaver","floor":11,"turns":4},{"damage":0,"enemies":"3 Louse","floor":13,"turns":2},{"damage":0,"enemies":"Exordium Thugs","floor":14,"turns":4},{"damage":4,"enemies":"Hexaghost","floor":16,"turns":9},{"damage":5,"enemies":"2 Thieves","floor":18,"turns":4},{"damage":3,"enemies":"3 Byrds","floor":22,"turns":3},{"damage":44,"enemies":"Slavers","floor":24,"turns":7},{"damage":13,"enemies":"Gremlin Leader","floor":27,"turns":5},{"damage":0,"enemies":"Snecko","floor":28,"turns":5},{"damage":0,"enemies":"3 Cultists","floor":29,"turns":4},{"damage":19,"enemies":"Centurion and Healer","floor":30,"turns":1}],"seed_played":"8707728022205288188","potions_obtained":[{"floor":2,"key":"SteroidPotion"},{"floor":3,"key":"BlessingOfTheForge"},{"floor":10,"key":"Dexterity Potion"},{"floor":13,"key":"Weak Potion"},{"floor":16,"key":"Explosive Potion"},{"floor":27,"key":"GamblersBrew"},{"floor":29,"key":"Regen Potion"}],"is_trial":false,"path_per_floor":["M","M","M","?","M","R","E","M","T","E","M","R","M","M","R","B",null,"M","$","?","?","M","R","E","R","T","E","M","M","M"],"character_chosen":"THE_SILENT","items_purchased":["Pantograph"],"campfire_rested":2,"item_purchase_floors":[19],"current_hp_per_floor":[63,63,63,63,57,57,23,23,23,7,6,27,27,27,27,23,58,53,53,53,53,50,50,6,27,27,14,14,14,0,0],"gold":421,"neow_bonus":"BOSS_RELIC","is_daily":false,"chose_seed":false,"campfire_upgraded":3,"win_rate":0.0,"timestamp":1611469737,"path_taken":["M","M","M","?","?","R","E","M","T","E","M","R","M","M","R","BOSS","M","$","?","?","M","R","E","R","T","E","M","M","M"],"items_purchased_type":["Relic"],"build_version":"2020-12-22","purchased_purges":0,"victory":false,"max_hp_per_floor":[70,70,70,70,70,70,70,70,70,70,70,70,70,70,70,70,70,70,70,70,70,70,70,70,70,70,70,70,70,70,70],"card_choices":[{"not_picked":["Dagger Spray","Flying Knee","Dagger Throw"],"picked":"SKIP","floor":1},{"not_picked":["Deadly Poison","Expertise","Dagger Throw"],"picked":"SKIP","floor":2},{"not_picked":["Acrobatics","Slice","Venomology"],"picked":"SKIP","floor":3},{"not_picked":["Tactician","Noxious Fumes"],"picked":"Backflip","floor":5},{"not_picked":["Masterful Stab","Acrobatics"],"picked":"After Image","floor":7},{"not_picked":["Poisoned Stab","Sucker Punch","Slice"],"picked":"SKIP","floor":8},{"not_picked":["After Image","Sucker Punch"],"picked":"Finisher","floor":10},{"not_picked":["Slice","Deflect"],"picked":"Backstab","floor":11},{"not_picked":["Bane","Calculated Gamble","Caltrops"],"picked":"SKIP","floor":13},{"not_picked":["Dagger Throw","Backflip"],"picked":"Escape Plan","floor":14},{"not_picked":["Night Terror","A Thousand Cuts"],"picked":"Glass Knife","floor":16},{"not_picked":["Poisoned Stab+1","Flying Knee"],"picked":"Dagger Throw+1","floor":18},{"not_picked":["Backflip","Dagger Throw","Outmaneuver"],"picked":"SKIP","floor":22},{"not_picked":["Bane","Prepared"],"picked":"PiercingWail","floor":24},{"not_picked":["Expertise","Prepared","Reflex"],"picked":"SKIP","floor":27},{"not_picked":["Dagger Spray","Riddle With Holes","Crippling Poison"],"picked":"SKIP","floor":28},{"not_picked":["Noxious Fumes","Quick Slash","Venomology"],"picked":"SKIP","floor":29}],"player_experience":648098,"relics_obtained":[{"floor":7,"key":"Art of War"},{"floor":9,"key":"Bronze Scales"},{"floor":10,"key":"Snake Skull"},{"floor":24,"key":"Sundial"},{"floor":26,"key":"Kunai"},{"floor":27,"key":"Mercury Hourglass"}],"event_choices":[{"cards_removed":["Strike_G"],"damage_healed":0,"gold_gain":0,"player_choice":"Offered Basic","damage_taken":0,"max_hp_gain":0,"max_hp_loss":0,"event_name":"Bonfire Elementals","floor":4,"gold_loss":0},{"damage_healed":0,"gold_gain":0,"cards_transformed":["Underhanded Strike","Dagger Throw"],"player_choice":"Became Test Subject","damage_taken":0,"max_hp_gain":0,"max_hp_loss":0,"event_name":"Drug Dealer","floor":20,"gold_loss":0,"cards_obtained":["Glass Knife","Terror"]},{"damage_healed":0,"gold_gain":100,"player_choice":"Pray","damage_taken":0,"max_hp_gain":0,"max_hp_loss":0,"event_name":"Golden Shrine","floor":21,"gold_loss":0}],"is_beta":false,"boss_relics":[{"not_picked":["Philosopher\u0027s Stone","Ectoplasm"],"picked":"Pandora\u0027s Box"}],"items_purged_floors":[],"is_endless":false,"potions_floor_spawned":[2,3,10,13,16,18,27,29],"killed_by":"Centurion and Healer","ascension_level":8}}