{"host":"flnqt0m1a2s83kg7","time":1611521713,"event":{"mods":["AchievementEnabler","Act Like it!","BaseMod","Better Third Choice","Downfall","Minty Spire (QoL Compilation)","Rare Cards Sparkle","StSLib"],"gold_per_floor":[117,131,148,148,160,186,205,205,205,205,237,237,128,146,146,146,146],"floor_reached":16,"language":"ENG","playtime":581,"items_purged":["Defend_R"],"score":123,"play_id":"d36c8f8b-cd70-4fca-9fdb-ebee656a3d5a","local_time":"20210124135513","is_ascension_mode":true,"campfire_choices":[{"floor":8,"key":"REST"},{"floor":10,"key":"REST"},{"data":"Immolate","floor":12,"key":"SMITH"},{"floor":15,"key":"RECALL"}],"circlet_count":0,"master_deck":["Strike_R","Strike_R","Strike_R","Strike_R","Defend_R","Defend_R","Defend_R","Bash","Ghostly Armor","Shrug It Off","Immolate+1","Ghostly Armor","Battle Trance"],"relics":["Burning Blood","Regal Pillow","Ornamental Fan","Bag of Preparation"],"acts_visited":["Exordium"],"potions_floor_usage":[16,16],"damage_taken":[{"damage":5,"enemies":"Cultist","floor":1,"turns":5},{"damage":12,"enemies":"Small Slimes","floor":2,"turns":3},{"damage":3,"enemies":"Jaw Worm","floor":3,"turns":4},{"damage":20,"enemies":"Gremlin Gang","floor":5,"turns":7},{"damage":63,"enemies":"Lagavulin","floor":6,"turns":15},{"damage":1,"enemies":"Looter","floor":7,"turns":5},{"damage":25,"enemies":"3 Sentries","floor":11,"turns":6},{"damage":0,"enemies":"Exordium Wildlife","floor":14,"turns":1},{"damage":74,"enemies":"Hexaghost","floor":16,"turns":12}],"seed_played":"7772957886236655109","potions_obtained":[{"floor":3,"key":"ElixirPotion"},{"floor":5,"key":"SpeedPotion"},{"floor":7,"key":"FearPotion"}],"is_trial":false,"path_per_floor":["M","M","M","?","M","E","M","R","T","R","E","R","$","M","R","B"],"character_chosen":"IRONCLAD","items_purchased":["Battle Trance"],"campfire_rested":2,"item_purchase_floors":[13],"current_hp_per_floor":[88,82,85,78,64,7,12,53,53,88,69,69,69,75,75,1,1],"gold":146,"neow_bonus":"TEN_PERCENT_HP_BONUS","is_daily":false,"chose_seed":false,"campfire_upgraded":1,"win_rate":0.0,"timestamp":1611521713,"path_taken":["M","M","?","?","M","E","M","R","T","R","E","R","?","M","R","BOSS"],"items_purchased_type":["Card"],"build_version":"2020-12-22","purchased_purges":1,"victory":false,"max_hp_per_floor":[88,88,88,88,88,88,88,88,88,88,88,88,88,88,88,88,88],"card_choices":[{"not_picked":["Perfected Strike","Combust","Power Through"],"picked":"SKIP","floor":1},{"not_picked":["Headbutt","Infernal Blade"],"picked":"Ghostly Armor","floor":2},{"not_picked":["Feel No Pain","Fire Breathing"],"picked":"Shrug It Off","floor":3},{"not_picked":["Entrench","Hemokinesis","Evolve"],"picked":"SKIP","floor":5},{"not_picked":["Clothesline","Body Slam"],"picked":"Immolate","floor":6},{"not_picked":["Sword Boomerang","Cleave","Warcry"],"picked":"SKIP","floor":7},{"not_picked":["Flex","Searing Blow"],"picked":"Ghostly Armor","floor":11},{"not_picked":["Havoc","Dropkick","Clash"],"picked":"SKIP","floor":14}],"player_experience":52240,"relics_obtained":[{"floor":6,"key":"Regal Pillow"},{"floor":9,"key":"Ornamental Fan"},{"floor":11,"key":"Bag of Preparation"}],"event_choices":[{"cards_removed":["Strike_R"],"damage_healed":0,"gold_gain":0,"player_choice":"Card Removal","damage_taken":7,"max_hp_gain":0,"max_hp_loss":0,"event_name":"Golden Wing","floor":4,"gold_loss":0}],"is_beta":false,"boss_relics":[],"items_purged_floors":[13],"is_endless":false,"potions_floor_spawned":[3,5,7,14],"killed_by":"Hexaghost","ascension_level":2}}