{"host":"xj2wyr3bqqv4irjd","time":1611523826,"event":{"mods":["Act Like it!","Aspiration","BaseMod","Gensokyo","Koishi","Lobotomy","LobotomyExtend","Marisa£®ÏF”Í°°ƒß¿Ì…≥£©","Minty Spire (QoL Compilation)","Quick Restart","Rare Cards Sparkle","Reimu£®≤©¿ˆ¡È√Œ£©","Remilia£®¿Ÿ√◊¿Ú—«£©","Replay The Spire","SIMod","StSLib","The Alterego","The Servant 0.9.4","WarShipGirlsR/’ΩΩ¢…Ÿ≈ÆR mod","Yakumo Yukari mod","Youmu£®ªÍ∆«—˝√Œ£©"],"gold_per_floor":[116,131,131,26,26,26,55,55,78,118,143,167,179,191,203,312,374,397,419,631,654,680,692,730,742,754,797,809,337,365,419,419,521,521,531,531,546,559,559,588,607,625,648,679,690,361,371,390,409,409,432,432,432,452,452,468,468,503,503,598,598,598,598,318,344,344],"floor_reached":23,"language":"ZHS","playtime":4038,"items_purged":["Strike_S","Strike_S","Defend_S"],"score":1229,"play_id":"90828545-2ddb-4556-b8b6-0c04eeda0e4d","local_time":"20210124213026","is_ascension_mode":true,"campfire_choices":[{"data":"TheWorld","floor":6.0,"key":"SMITH"},{"data":"Exchange","floor":8.0,"key":"SMITH"},{"data":"BestPractice","floor":13.0,"key":"SMITH"},{"data":"InstantArmor","floor":15.0,"key":"SMITH"},{"data":"FanOfKnives","floor":23.0,"key":"SMITH"},{"data":"InstantArmor","floor":25.0,"key":"SMITH"},{"data":"Rearm","floor":28.0,"key":"SMITH"},{"data":"SurpressingFire","floor":32.0,"key":"SMITH"},{"floor":6,"key":"RECALL"},{"data":"InstantArmor","floor":11,"key":"SMITH"},{"data":"Defend_S","floor":15,"key":"PURGE"},{"data":"Embodiment","floor":19,"key":"SMITH"}],"circlet_count":0,"master_deck":["Defend_S","Defend_S","KidneyShot+1","Exchange+1","TheWorld+1","SurpressingFire+1","ShatteredReality","LightFlow+1","ForgedInTime","SoulSculpture","InstantArmor+1","BestPractice+1","MurderousAura","InstantArmor+1","Rearm+1","Contraction","FanOfKnives+1","Gouge","Barrier+1","Pot Of Greed","Pot Of Greed","Pot Of Greed","Spot Weakness","Embodiment+1","SilverBlades+1","BottledTime","BottledTime","Luminosity","InstantArmor+1"],"relics":["Uniform","White Beast Statue","MawBank","aspiration:AnachronicSnailShell","Tiny House","Strawberry","Pantograph","ReplayTheSpireMod:TigerMarble","aspiration:Nostalgia","m_ScarletBlood","Grinning Jar","Replay:Baseball","Centennial Puzzle","Busted Crown","Mercury Hourglass","Gremlin Horn","HonorFeather","MagicBullet_r","LetterFromLob","OrangePellets","Potion Belt","InspiredRelic","LaetitiaHeart","Onion Ring","aspiration:ChemicalBlood","Replay:Rubber Ducky","Kunai"],"acts_visited":["Exordium","TheCity","TheBeyond","TheEnding"],"potions_floor_usage":[33,33,45,14,22,22,22,22],"damage_taken":[{"damage":12.0,"enemies":"Small Slimes","floor":1.0,"turns":4.0},{"damage":2.0,"enemies":"Cultist","floor":2.0,"turns":5.0},{"damage":8.0,"enemies":"Gremlin Nob","floor":7.0,"turns":4.0},{"damage":16.0,"enemies":"Replay:BlueRogue","floor":10.0,"turns":5.0},{"damage":0.0,"enemies":"Jaw Worm","floor":11.0,"turns":1.0},{"damage":0.0,"enemies":"Blue Slaver","floor":12.0,"turns":2.0},{"damage":21.0,"enemies":"Fading Forest","floor":16.0,"turns":11.0},{"damage":0.0,"enemies":"3 Byrds","floor":18.0,"turns":4.0},{"damage":0.0,"enemies":"Chosen","floor":19.0,"turns":3.0},{"damage":0.0,"enemies":"Centurion and Healer","floor":21.0,"turns":4.0},{"damage":0.0,"enemies":"Sentry and Sphere","floor":22.0,"turns":6.0},{"damage":1.0,"enemies":"Book of Stabbing","floor":24.0,"turns":5.0},{"damage":6.0,"enemies":"Slavers","floor":27.0,"turns":5.0},{"damage":1.0,"enemies":"Book of Stabbing","floor":30.0,"turns":7.0},{"damage":4,"enemies":"Collector","floor":33,"turns":9},{"damage":0,"enemies":"3 Shapes","floor":35,"turns":5},{"damage":0,"enemies":"Orb Walker","floor":37,"turns":4},{"damage":0,"enemies":"Writhing Mass","floor":38,"turns":6},{"damage":0,"enemies":"Giant Head","floor":40,"turns":7},{"damage":0,"enemies":"Spire Growth","floor":41,"turns":5},{"damage":0,"enemies":"3 Darklings","floor":42,"turns":4},{"damage":0,"enemies":"Nemesis","floor":44,"turns":5},{"damage":37,"enemies":"4 Shapes","floor":45,"turns":2},{"damage":0,"enemies":"Small Slimes","floor":1,"turns":2},{"damage":0,"enemies":"Jaw Worm","floor":3,"turns":1},{"damage":0,"enemies":"2 Louse","floor":4,"turns":1},{"damage":0,"enemies":"Exordium Thugs","floor":5,"turns":2},{"damage":31,"enemies":"Gremlin Nob","floor":8,"turns":2},{"damage":4,"enemies":"3 Louse","floor":10,"turns":2},{"damage":20,"enemies":"Lots of Slimes","floor":12,"turns":2},{"damage":0,"enemies":"Gremlin Nob","floor":14,"turns":2},{"damage":0,"enemies":"The Guardian","floor":16,"turns":4},{"damage":0,"enemies":"Shield and Spear","floor":21,"turns":3},{"damage":21,"enemies":"The Heart","floor":22,"turns":8}],"seed_played":"581260226321610208","potions_obtained":[{"floor":2.0,"key":"Energy Potion"},{"floor":10.0,"key":"Toxic Potion"},{"floor":11.0,"key":"Reflective Coating"},{"floor":12.0,"key":"Adrenaline Potion"},{"floor":16.0,"key":"LifebloodPotion"},{"floor":17.0,"key":"Flashbang"},{"floor":18.0,"key":"SteroidPotion"},{"floor":19.0,"key":"GrandPatriotsElixir:ReiMu"},{"floor":21.0,"key":"PowerPotion"},{"floor":22.0,"key":"LiquidMemories"},{"floor":24.0,"key":"Adrenaline Potion"},{"floor":27.0,"key":"GamblersBrew"},{"floor":30.0,"key":"PowerPotion"},{"floor":33,"key":"Block Potion"},{"floor":35,"key":"GrandPatriotsElixir:ReiMu"},{"floor":40,"key":"Energy Potion"},{"floor":1,"key":"Reflective Coating"},{"floor":3,"key":"Adrenaline Potion"},{"floor":4,"key":"LiquidMemories"},{"floor":10,"key":"GrandPatriotsElixir:ReiMu"},{"floor":12,"key":"LiquidBronze"},{"floor":13,"key":"Regen Potion"},{"floor":13,"key":"Milkshake"},{"floor":14,"key":"Energy Potion"}],"is_trial":false,"path_per_floor":["M","M","?","$","?","R","E","R","T","E","M","M","R","$","R","B",null,"M","M","?","M","M","R","E","R","T","E","R","$","E","?","R","B",null,"M","?","M","M","?","E","M","M","T","E","M","M","$","M","M","M","R","T","E","T","M","R","M","?","E","R","B",null,null,"R","$","E","B",null],"character_chosen":"THE_SERVANT","items_purchased":["LightFlow+1","aspiration:Nostalgia","Grinning Jar","InstantArmor","OrangePellets","Replay:Rubber Ducky"],"campfire_rested":0,"item_purchase_floors":[4,29,29,2,2,20],"current_hp_per_floor":[35,33,33,33,41,41,33,33,33,17,17,17,17,17,17,25,70,70,70,70,70,70,70,76,76,76,70,70,70,69,50,50,71,77,77,77,77,77,77,77,77,77,77,77,77,77,77,77,77,77,77,46,46,42,67,47,47,52,67,67,67,67,67,67,67,46],"gold":344,"neow_bonus":"THREE_RARE_CARDS","is_daily":false,"chose_seed":false,"campfire_upgraded":10,"win_rate":0.0,"timestamp":1611523826,"path_taken":["M","M","?","?","?","R","E","R","T","E","M","?","R","$","R","BOSS","M","M","?","?","M","R","E","R","T","E","R","$","E","?","R","BOSS","M","?","?","M","?","E","M","M","T","E","M","M","$","M","M","M","R","?","E","T","?","R","M","?","E","R","BOSS","R","$","E","BOSS"],"items_purchased_type":["Card","Relic","Relic","Card","Relic","Relic"],"build_version":"2020-12-22","purchased_purges":3,"victory":true,"max_hp_per_floor":[65,65,65,65,65,65,65,65,65,65,65,65,65,65,65,65,70,70,70,70,70,70,70,77,77,77,77,77,77,77,77,77,77,77,77,77,77,77,77,77,77,77,77,77,77,77,77,77,77,77,77,67,67,67,67,67,67,67,67,67,67,67,67,67,67,67],"card_choices":[{"not_picked":["Initiator","Duplication"],"picked":"TheWorld","floor":0.0},{"not_picked":["TimeWarp","GearUp"],"picked":"SurpressingFire","floor":1.0},{"not_picked":["Revamp","Rewind"],"picked":"Rearm","floor":2.0},{"not_picked":["Spin","Contraction"],"picked":"ForgedInTime","floor":7.0},{"not_picked":["ShiftingGears","Unruled"],"picked":"SoulSculpture","floor":10.0},{"not_picked":["SilverBlades","Rewind"],"picked":"InstantArmor","floor":11.0},{"not_picked":["Rearm","Misdirection"],"picked":"BestPractice","floor":12.0},{"not_picked":["Solidify","Embodiment"],"picked":"MurderousAura","floor":16.0},{"not_picked":["Snipe","SpecialFormula"],"picked":"InstantArmor","floor":17.0},{"not_picked":["RealityMarble+1","Spin"],"picked":"Rearm","floor":18.0},{"not_picked":["Revamp","Collapse","TimeWarp"],"picked":"SKIP","floor":19.0},{"not_picked":["SurpressingFire","Starlight"],"picked":"Contraction","floor":21.0},{"not_picked":["Rearm","Advance"],"picked":"FanOfKnives","floor":22.0},{"not_picked":["Duplication","Advance"],"picked":"Gouge","floor":24.0},{"not_picked":["Alleviate","Ricochet"],"picked":"Barrier+1","floor":27.0},{"not_picked":["Heavy Blade+1","TimeWarp","Manipulate"],"picked":"SKIP","floor":30.0},{"not_picked":["Heavy Blade+1","TimeWarp","Manipulate"],"picked":"SKIP","floor":30.0},{"not_picked":["Spin+1","ShatteredReality"],"picked":"Spot Weakness","floor":31.0},{"not_picked":["TrueSight","PendulumOfEternity"],"picked":"Embodiment","floor":33},{"not_picked":[],"picked":"SilverBlades+1","floor":35},{"not_picked":["FastForward"],"picked":"SKIP","floor":37},{"not_picked":[],"picked":"BottledTime","floor":38},{"not_picked":["Spin"],"picked":"SKIP","floor":40},{"not_picked":[],"picked":"Luminosity","floor":41},{"not_picked":["Rewind"],"picked":"SKIP","floor":42},{"not_picked":["ShatteredReality+1"],"picked":"SKIP","floor":44},{"not_picked":["TimeTheft"],"picked":"SKIP","floor":1},{"not_picked":["Misdirection"],"picked":"SKIP","floor":3},{"not_picked":["Revamp"],"picked":"SKIP","floor":4},{"not_picked":["Defy"],"picked":"SKIP","floor":5},{"not_picked":["Embodiment"],"picked":"SKIP","floor":10},{"not_picked":["Potential"],"picked":"SKIP","floor":12},{"not_picked":["TimeTheft"],"picked":"SKIP","floor":14},{"not_picked":["Gouge+1"],"picked":"SKIP","floor":21}],"player_experience":573746,"relics_obtained":[{"floor":1.0,"key":"LetterFromLob"},{"floor":7.0,"key":"White Beast Statue"},{"floor":9.0,"key":"MawBank"},{"floor":10.0,"key":"aspiration:AnachronicSnailShell"},{"floor":24.0,"key":"Strawberry"},{"floor":26.0,"key":"Pantograph"},{"floor":27.0,"key":"ReplayTheSpireMod:TigerMarble"},{"floor":30.0,"key":"Replay:Baseball"},{"floor":31.0,"key":"Centennial Puzzle"},{"floor":40,"key":"Mercury Hourglass"},{"floor":44,"key":"Gremlin Horn"},{"floor":1,"key":"LetterFromLob"},{"floor":7,"key":"Potion Belt"},{"floor":9,"key":"Onion Ring"},{"floor":14,"key":"aspiration:ChemicalBlood"},{"floor":21,"key":"Kunai"}],"event_choices":[{"damage_healed":0.0,"max_hp_gain":0.0,"max_hp_loss":0.0,"gold_gain":0.0,"cards_transformed":["Rearm"],"event_name":"Transmorgrifier","player_choice":"Transformed","floor":3.0,"gold_loss":0.0,"damage_taken":0.0,"cards_obtained":["ShatteredReality"]},{"damage_healed":0.0,"max_hp_gain":0.0,"max_hp_loss":0.0,"gold_gain":250.0,"event_name":"The Joust","player_choice":"Bet on Owner","floor":20.0,"gold_loss":50.0,"damage_taken":0.0},{"cards_removed":["Strike_S"],"damage_healed":0,"gold_gain":0,"player_choice":"Purged","damage_taken":0,"max_hp_gain":0,"max_hp_loss":0,"event_name":"Purifier","floor":36,"gold_loss":0},{"damage_healed":0,"gold_gain":0,"player_choice":"1 cards matched","damage_taken":0,"max_hp_gain":0,"max_hp_loss":0,"event_name":"Match and Keep!","floor":39,"gold_loss":0,"cards_obtained":["BottledTime"]},{"damage_healed":0,"gold_gain":0,"player_choice":"Got Potions","damage_taken":0,"max_hp_gain":0,"max_hp_loss":0,"event_name":"Lab","floor":13,"gold_loss":0}],"is_beta":false,"boss_relics":[{"not_picked":["Snecko Eye","Replay:Ancient Bell"],"picked":"Tiny House"},{"not_picked":["StoneMask","Black Star"],"picked":"Busted Crown"}],"items_purged_floors":[29,2,20],"is_endless":false,"potions_floor_spawned":[2,10,11,12,16,18,19,21,22,24,27,30,33,35,37,38,40,41,42,44,45,1,3,4,5,8,10,12,14,16,21],"ascension_level":4}}