{"host":"6drv1qzpbnls60z2","time":1611502287,"event":{"mods":["ATMod(°¢èªMod)","Act Like it!","Arknights The Spire","BaseMod","Hallownest","Minty Spire (QoL Compilation)","Reimu£¨²©ÀöÁéÃÎ£©","Replay The Spire","Shop Mod","Spicy Shops","StSLib","The Dragonkin","Uncapped","¡¾ÒÅÎï¿¨ÅÆ¡¿REMEMod","óô»ðÖ¸ÄÏ"],"gold_per_floor":[118,16,32,48,48,48,48,48],"floor_reached":7,"language":"ZHS","playtime":675,"items_purged":[],"score":182,"play_id":"9cd50ff6-10c5-4669-8729-25ff76d2f8f7","local_time":"20210124233127","daily_mods":["SealedDeck"],"is_ascension_mode":true,"campfire_choices":[{"data":"SafetyPray:ReiMu","floor":6,"key":"SMITH"}],"circlet_count":0,"master_deck":["AscendersBane","AT_ThistleTea+1","Amplify","Meditation:ReiMu","ats:Ignite","ats:Defend Order","ats:Very Hot Blade","ats:Apocalypse","ats:Blood Oath","LovePray:ReiMu","SafetyPray:ReiMu+1","ats:Healing Drone","ats:Shell Defense","ats:Absolute Focus","SpreadBorder2:ReiMu","ats:Very Hot Blade","ats:Magnetic Hammer","ats:Absolute Focus"],"relics":["ats:Sanity","AT_ATBox","REME_ComplimentaryCards"],"acts_visited":["Exordium"],"potions_floor_usage":[7,7],"damage_taken":[{"damage":32,"enemies":"Cultist","floor":1,"turns":6},{"damage":23,"enemies":"Jaw Worm","floor":3,"turns":8},{"damage":20,"enemies":"Small Slimes","floor":4,"turns":4},{"damage":69,"enemies":"Gremlin Nob","floor":7,"turns":4}],"seed_played":"-2735937923706358662","potions_obtained":[{"floor":1,"key":"Languid Potion"},{"floor":4,"key":"Dexterity Potion"}],"is_trial":true,"path_per_floor":["M","$","M","M","?","R","E"],"character_chosen":"DOCTOR_CLASS","items_purchased":["SpreadBorder2:ReiMu","ats:Very Hot Blade"],"campfire_rested":0,"item_purchase_floors":[2,2],"current_hp_per_floor":[54,54,60,49,49,49,0,0],"gold":48,"neow_bonus":"","is_daily":false,"chose_seed":false,"campfire_upgraded":1,"win_rate":0.0,"timestamp":1611502287,"path_taken":["M","$","M","?","?","R","E"],"items_purchased_type":["Card","Card"],"build_version":"2020-12-22","purchased_purges":0,"victory":false,"max_hp_per_floor":[72,72,72,72,72,72,72,72],"card_choices":[{"not_picked":["YinYangSange:ReiMu","OrbThrow:ReiMu"],"picked":"ats:Absolute Focus","floor":1},{"not_picked":["RainPray2:ReiMu","LearningPray:ReiMu"],"picked":"ats:Magnetic Hammer","floor":3},{"not_picked":["SubAcupoint:ReiMu","TightArray:ReiMu"],"picked":"ats:Absolute Focus","floor":4}],"player_experience":119856,"relics_obtained":[],"event_choices":[{"damage_healed":0,"gold_gain":0,"player_choice":"Grow","damage_taken":0,"max_hp_gain":0,"max_hp_loss":0,"event_name":"Living Wall","floor":5,"gold_loss":0,"cards_upgraded":["AT_ThistleTea"]}],"is_beta":false,"boss_relics":[],"items_purged_floors":[],"is_endless":true,"potions_floor_spawned":[1,4],"killed_by":"Gremlin Nob","ascension_level":20}}