{"host":"d61fcf2p3sjwe6yo","time":1611486835,"event":{"mods":["AchievementEnabler","BaseMod","Colored Map","Downfall","Minty Spire (QoL Compilation)","StSLib","SuperFastMode"],"gold_per_floor":[99,99,111,130,130,130,130,140,140,153,53,82,82,115,130,130,130,130],"floor_reached":16,"language":"ENG","playtime":556,"items_purged":[],"score":171,"play_id":"8220620b-11de-4ca6-8d55-e0c49dbfe045","local_time":"20210124141355","is_ascension_mode":true,"campfire_choices":[{"data":"bronze:Replicate","floor":1.0,"key":"SMITH"},{"floor":9.0,"key":"RECALL"},{"data":"bronze:FineTuning","floor":11.0,"key":"SMITH"},{"data":"bronze:Overheat","floor":13.0,"key":"SMITH"}],"circlet_count":0,"master_deck":["AscendersBane","bronze:Strike","bronze:Strike","bronze:Strike","bronze:Defend","bronze:Defend+1","bronze:Defend","bronze:Defend","bronze:Replicate+1","bronze:Goto+1","bronze:WhirlingStrike","bronze:FineTuning+1","bronze:ChosenStrike","bronze:Overheat+1","bronze:ForLoop","bronze:ForceShield"],"relics":["bronze:BronzeCore","War Paint","Matryoshka","downfall:HeartBlessingRed","StoneCalendar","Toy Ornithopter"],"acts_visited":["Exordium"],"potions_floor_usage":[16],"damage_taken":[{"damage":5.0,"enemies":"Small Slimes","floor":3.0,"turns":3.0},{"damage":7.0,"enemies":"Jaw Worm","floor":4.0,"turns":2.0},{"damage":4.0,"enemies":"2 Louse","floor":8.0,"turns":4.0},{"damage":7.0,"enemies":"2 Fungi Beasts","floor":10.0,"turns":2.0},{"damage":16.0,"enemies":"Gremlin Nob","floor":12.0,"turns":3.0},{"damage":17.0,"enemies":"Lagavulin","floor":14.0,"turns":6.0},{"damage":7.0,"enemies":"Large Slime","floor":15.0,"turns":3.0},{"damage":13,"enemies":"WA_ARCHETYPE_RETAIN","floor":16,"turns":6}],"seed_played":"1585923842269414783","potions_obtained":[{"floor":10.0,"key":"PowerPotion"},{"floor":12.0,"key":"Explosive Potion"}],"is_trial":false,"path_per_floor":["R","?","M","M","?","?","T","M","R","M","R","E","R","E","M","B"],"character_chosen":"THE_AUTOMATON","items_purchased":[],"campfire_rested":0,"item_purchase_floors":[],"current_hp_per_floor":[63,63,58,51,56,56,56,52,52,45,45,29,29,12,10,2,2,2],"gold":130,"neow_bonus":"RANDOM_COMMON_RELIC","is_daily":false,"chose_seed":false,"campfire_upgraded":3,"win_rate":0.0,"timestamp":1611486835,"path_taken":["R","?","M","M","?","?","T","M","R","M","R","E","R","E","M","BOSS"],"items_purchased_type":[],"build_version":"2020-12-22","purchased_purges":0,"victory":false,"max_hp_per_floor":[70,70,70,70,75,75,75,75,75,75,75,75,75,75,75,75,75,75],"card_choices":[{"not_picked":["bronze:Constructor","bronze:GetLatest"],"picked":"bronze:WhirlingStrike","floor":3.0},{"not_picked":["bronze:GetLatest","bronze:BugBarrage"],"picked":"bronze:FineTuning","floor":4.0},{"not_picked":["bronze:DarkDash","bronze:ForceShield","bronze:Turbo"],"picked":"SKIP","floor":8.0},{"not_picked":["bronze:BitShift","bronze:Hardcode"],"picked":"bronze:ChosenStrike","floor":10.0},{"not_picked":["bronze:ItsAFeature","bronze:CloningBeam"],"picked":"bronze:Overheat","floor":12.0},{"not_picked":["bronze:ChosenStrike","bronze:WildBeam"],"picked":"bronze:ForLoop","floor":14.0},{"not_picked":["bronze:DigitalCarnage","bronze:Allocate"],"picked":"bronze:ForceShield","floor":15.0}],"player_experience":676693,"relics_obtained":[{"floor":7.0,"key":"Matryoshka"},{"floor":12.0,"key":"StoneCalendar"},{"floor":14.0,"key":"Toy Ornithopter"}],"event_choices":[{"damage_healed":0.0,"max_hp_gain":5.0,"max_hp_loss":0.0,"gold_gain":0.0,"event_name":"Big Fish","player_choice":"Donut","floor":5.0,"gold_loss":0.0,"damage_taken":0.0},{"cards_removed":["bronze:Strike"],"damage_healed":0.0,"max_hp_gain":0.0,"max_hp_loss":0.0,"gold_gain":0.0,"event_name":"The Cleric","player_choice":"Card Removal","floor":6.0,"gold_loss":0.0,"damage_taken":0.0}],"is_beta":false,"boss_relics":[],"items_purged_floors":[],"is_endless":false,"potions_floor_spawned":[10,12,14],"killed_by":"WA_ARCHETYPE_RETAIN","ascension_level":11}}