{"host":"cyei475933pvpemq","time":1611451827,"event":{"mods":["Act Like it!","Aspiration","BaseMod","Better Third Choice","BetterRewards","Colored Map","Colored Powertips","Downfall","Energized Spire","Highlight Path","Hubris","Hyrulean Relics","Lobotomy","Mimic Mod","Minty Spire (QoL Compilation)","Replay The Spire","Spicy Shops","Spikes Relics","StSLib","Uncapped"],"gold_per_floor":[210,266,280,291,311,342,342,517,517,542,570,587,587,602,602,705,705,715,729,753,753,753],"floor_reached":21,"language":"ENG","playtime":886,"items_purged":[],"score":191,"play_id":"0bf9df2e-58b0-4b1c-9c07-71616c0e5b88","local_time":"20210124023027","is_ascension_mode":false,"campfire_choices":[{"floor":7,"key":"REST"},{"floor":15,"key":"REST"}],"circlet_count":0,"master_deck":["Strike_R","Strike_R","Strike_R","Strike_R","Defend_R","Defend_R","Defend_R","Defend_R","Bash","Cleave","Wild Strike","Thunderclap","Heavy Blade","Demon Form","Doubt","Thunderclap","Inflame","Fiend Fire","Pommel Strike","Double Tap","Wild Strike","Run Through"],"relics":["Burning Blood","Bag of Marbles","hubris:PeanutButter","hubris:TinFlute","Odd Mushroom","energizedSpire:SpiderWeb","Gremlin Food"],"acts_visited":["Exordium","TheCity"],"potions_floor_usage":[4,6,6,16],"damage_taken":[{"damage":9,"enemies":"2 Louse","floor":1,"turns":4},{"damage":8,"enemies":"Jaw Worm","floor":3,"turns":4},{"damage":1,"enemies":"Cultist","floor":4,"turns":3},{"damage":11,"enemies":"Blue Slaver","floor":5,"turns":4},{"damage":39,"enemies":"Lagavulin","floor":6,"turns":6},{"damage":7,"enemies":"Gremlin Nob","floor":10,"turns":4},{"damage":24,"enemies":"The Mushroom Lair","floor":11,"turns":5},{"damage":0,"enemies":"2 Fungi Beasts","floor":12,"turns":2},{"damage":22,"enemies":"Gremlin Gang","floor":14,"turns":4},{"damage":10,"enemies":"Slime Boss","floor":16,"turns":6},{"damage":16,"enemies":"Shell Parasite","floor":18,"turns":5},{"damage":40,"enemies":"2 Thieves","floor":19,"turns":4},{"damage":48,"enemies":"Sentry and Sphere","floor":21,"turns":5}],"seed_played":"6291818268628609895","potions_obtained":[{"floor":2,"key":"LifebloodPotion"},{"floor":2,"key":"Fruit Juice"},{"floor":2,"key":"DuplicationPotion"},{"floor":4,"key":"Slimebound:ThreeZeroPotion"},{"floor":6,"key":"Block Potion"},{"floor":12,"key":"BloodPotion"},{"floor":19,"key":"Regen Potion"}],"is_trial":false,"path_per_floor":["M","?","M","M","M","E","R","?","T","E","?","M","?","M","R","B",null,"M","M","T","M"],"character_chosen":"IRONCLAD","items_purchased":[],"campfire_rested":2,"item_purchase_floors":[],"current_hp_per_floor":[77,45,43,53,48,15,40,40,40,39,21,27,27,11,36,32,85,75,41,41,0,0],"gold":753,"neow_bonus":"HUNDRED_GOLD","is_daily":false,"chose_seed":false,"campfire_upgraded":0,"win_rate":0.0,"timestamp":1611451827,"path_taken":["M","?","?","M","M","E","R","?","T","E","?","M","?","?","R","BOSS","M","?","?","M"],"items_purchased_type":[],"build_version":"2020-12-22","purchased_purges":0,"victory":false,"max_hp_per_floor":[80,80,80,85,85,85,85,85,85,85,85,85,85,85,85,85,85,85,85,85,85,85],"card_choices":[{"not_picked":["Shrug It Off","True Grit"],"picked":"Cleave","floor":1},{"not_picked":["Searing Blow","ReplayTheSpireMod:LeadingStrike"],"picked":"Wild Strike","floor":3},{"not_picked":["Shrug It Off","Clothesline"],"picked":"Thunderclap","floor":4},{"not_picked":["Cleave","Dropkick"],"picked":"Heavy Blade","floor":5},{"not_picked":["Blood for Blood","Uppercut"],"picked":"Demon Form","floor":6},{"not_picked":["Uppercut","Run Through","Rupture"],"picked":"SKIP","floor":10},{"not_picked":["Twin Strike","ReplayTheSpireMod:Strike From Hell"],"picked":"Thunderclap","floor":11},{"not_picked":["hubris:ReadiedAction","Thunderclap"],"picked":"Inflame","floor":12},{"not_picked":["Armaments","Pummel"],"picked":"Pommel Strike","floor":14},{"not_picked":["Reaper","Replay:Many Hands"],"picked":"Double Tap","floor":16},{"not_picked":["Headbutt","True Grit"],"picked":"Wild Strike","floor":18},{"not_picked":["Replay:Undeath\u0027s Touch+1","Body Slam"],"picked":"Run Through","floor":19}],"player_experience":314820,"relics_obtained":[{"floor":6,"key":"Bag of Marbles"},{"floor":9,"key":"hubris:PeanutButter"},{"floor":10,"key":"hubris:TinFlute"},{"floor":11,"key":"Odd Mushroom"},{"floor":20,"key":"Gremlin Food"}],"event_choices":[{"damage_healed":0,"gold_gain":175,"player_choice":"AGREE","damage_taken":342,"max_hp_gain":0,"max_hp_loss":0,"event_name":"betterThird:BetterSerpent","floor":8,"gold_loss":0},{"damage_healed":0,"gold_gain":0,"player_choice":"Fought Mushrooms","damage_taken":0,"max_hp_gain":0,"max_hp_loss":0,"event_name":"Mushrooms","floor":11,"gold_loss":0},{"damage_healed":0,"gold_gain":0,"cards_transformed":["Strike_R"],"player_choice":"Transformed","damage_taken":0,"max_hp_gain":0,"max_hp_loss":0,"event_name":"Transmorgrifier","floor":13,"gold_loss":0,"cards_obtained":["Fiend Fire"]}],"is_beta":false,"boss_relics":[{"not_picked":["energizedSpire:HugeHouse","aspiration:RitualDagger"],"picked":"energizedSpire:SpiderWeb"}],"items_purged_floors":[],"is_endless":false,"potions_floor_spawned":[4,5,6,12,19],"killed_by":"Sentry and Sphere","ascension_level":0}}