{"host":"Bilverbakes","time":1611463415,"event":{"mods":["2.2 Compatiblity","AchievementEnabler","BaseMod","Bestiary","Colored Map","Minty Spire (QoL Compilation)","Relic Stats","StSLib","ojb\u0027s Info Mod"],"gold_per_floor":[119,139,150,161,72,105,105,137,213,41,41,55,82,102,102,181,181,193,193,206,224,274,274,199,230,230,62,73,73,90,108,108,186,186,203,153,173,192,207,237,237,237,237,237,74,85,85,117,117,117,117,117,117,44,78,78,78],"floor_reached":56,"language":"ENG","playtime":3847,"items_purged":["Streamline"],"score":2073,"play_id":"0567b0fa-fac5-4c66-8bf3-1b9ebb73dcc0","local_time":"20210123224335","is_ascension_mode":true,"campfire_choices":[{"data":"Seek","floor":11.0,"key":"SMITH"},{"data":"Go for the Eyes","floor":15.0,"key":"SMITH"},{"data":"Buffer","floor":23.0,"key":"SMITH"},{"data":"Seek","floor":29.0,"key":"SMITH"},{"data":"Aggregate","floor":32.0,"key":"SMITH"},{"data":"Defragment","floor":41.0,"key":"SMITH"},{"floor":49.0,"key":"RECALL"},{"data":"Darkness","floor":53.0,"key":"SMITH"}],"circlet_count":0,"master_deck":["AscendersBane","Strike_B+1","Strike_B+1","Strike_B+1","Strike_B+1","Defend_B+1","Defend_B+1","Defend_B+1","Defend_B+1","Zap","Dualcast","Conserve Battery+1","Rip and Tear","Sweeping Beam","Seek+1","Beam Cell","Biased Cognition","Doom and Gloom","BootSequence","Aggregate+1","Go for the Eyes+1","Seek+1","Skim","Compile Driver+1","Hologram+1","Buffer+1","Echo Form+1","Defragment+1","Electrodynamics","Compile Driver","Glacier","Echo Form","Darkness+1","Dark Shackles","Amplify"],"relics":["Cracked Core","NeowsBlessing","WingedGreaves","Turnip","Bag of Marbles","Bottled Lightning","Prayer Wheel","Coffee Dripper","Potion Belt","Calipers","Runic Capacitor","Sozu","Matryoshka","PreservedInsect","Lee\u0027s Waffle","The Courier","Centennial Puzzle"],"acts_visited":["Exordium","TheCity","TheBeyond","TheEnding"],"potions_floor_usage":[],"damage_taken":[{"damage":0.0,"enemies":"Small Slimes","floor":1.0,"turns":1.0},{"damage":0.0,"enemies":"Cultist","floor":2.0,"turns":1.0},{"damage":0.0,"enemies":"Jaw Worm","floor":3.0,"turns":1.0},{"damage":10.0,"enemies":"3 Louse","floor":4.0,"turns":3.0},{"damage":23.0,"enemies":"Lagavulin","floor":6.0,"turns":5.0},{"damage":18.0,"enemies":"3 Sentries","floor":8.0,"turns":5.0},{"damage":0.0,"enemies":"Lots of Slimes","floor":12.0,"turns":1.0},{"damage":0.0,"enemies":"Gremlin Nob","floor":13.0,"turns":2.0},{"damage":0.0,"enemies":"Looter","floor":14.0,"turns":1.0},{"damage":6.0,"enemies":"Hexaghost","floor":16.0,"turns":7.0},{"damage":8.0,"enemies":"3 Byrds","floor":18.0,"turns":4.0},{"damage":3.0,"enemies":"Spheric Guardian","floor":20.0,"turns":3.0},{"damage":6.0,"enemies":"3 Cultists","floor":21.0,"turns":4.0},{"damage":0.0,"enemies":"Book of Stabbing","floor":25.0,"turns":5.0},{"damage":0.0,"enemies":"Snecko","floor":28.0,"turns":4.0},{"damage":0.0,"enemies":"Shelled Parasite and Fungi","floor":30.0,"turns":4.0},{"damage":0.0,"enemies":"Snake Plant","floor":31.0,"turns":4.0},{"damage":26.0,"enemies":"Automaton","floor":33.0,"turns":9.0},{"damage":0.0,"enemies":"Orb Walker","floor":35.0,"turns":2.0},{"damage":0.0,"enemies":"3 Darklings","floor":37.0,"turns":4.0},{"damage":12.0,"enemies":"Maw","floor":38.0,"turns":7.0},{"damage":2.0,"enemies":"Spire Growth","floor":39.0,"turns":4.0},{"damage":0.0,"enemies":"Giant Head","floor":40.0,"turns":10.0},{"damage":0.0,"enemies":"Sphere and 2 Shapes","floor":46.0,"turns":3.0},{"damage":1.0,"enemies":"Nemesis","floor":48.0,"turns":5.0},{"damage":14.0,"enemies":"Awakened One","floor":50.0,"turns":13.0},{"damage":45.0,"enemies":"Time Eater","floor":51.0,"turns":14.0},{"damage":48.0,"enemies":"Shield and Spear","floor":55.0,"turns":8.0},{"damage":12,"enemies":"The Heart","floor":56,"turns":2}],"seed_played":"8620626801100386809","potions_obtained":[{"floor":2.0,"key":"BlessingOfTheForge"},{"floor":4.0,"key":"LiquidMemories"},{"floor":6.0,"key":"BlessingOfTheForge"},{"floor":8.0,"key":"Fire Potion"},{"floor":12.0,"key":"SpeedPotion"},{"floor":25.0,"key":"Weak Potion"},{"floor":30.0,"key":"Weak Potion"},{"floor":31.0,"key":"PowerPotion"}],"is_trial":false,"path_per_floor":["M","M","M","M","$","E","?","E","T","$","R","M","E","M","R","B",null,"M","?","M","M","?","R","$","E","T","$","M","R","M","M","R","B",null,"M","?","M","M","M","E","R","?","T","?","$","M","?","E","R","B","B",null,"R","$","E","B"],"character_chosen":"DEFECT","items_purchased":["Seek","Doom and Gloom","BootSequence","Runic Capacitor","Lee\u0027s Waffle","Dark Shackles"],"campfire_rested":0,"item_purchase_floors":[5,10,10,27,45,54],"current_hp_per_floor":[64,64,64,54,54,31,31,13,13,13,13,13,13,13,13,7,55,47,47,44,38,38,38,38,38,38,38,38,38,38,38,38,12,56,56,56,56,44,42,42,42,42,42,42,74,74,70,69,69,55,10,58,58,58,10,0,0],"gold":78,"neow_bonus":"THREE_ENEMY_KILL","is_daily":false,"chose_seed":false,"campfire_upgraded":7,"win_rate":0.0,"timestamp":1611463415,"path_taken":["M","M","M","M","$","E","?","E","T","?","R","M","E","M","R","BOSS","M","?","M","M","?","R","?","E","T","$","M","R","M","M","R","BOSS","M","?","M","?","M","E","R","?","T","?","?","M","?","E","R","BOSS","BOSS","R","$","E","BOSS"],"items_purchased_type":["Card","Card","Card","Relic","Relic","Card"],"build_version":"2020-12-18","purchased_purges":1,"victory":false,"max_hp_per_floor":[71,71,71,71,71,71,71,71,71,71,71,71,71,71,71,71,71,71,71,71,71,71,71,71,71,71,71,71,71,71,71,71,71,71,71,71,71,71,71,71,71,67,67,67,74,74,74,74,74,74,74,74,74,74,74,74,74],"relic_stats":{"Sozu":3,"Lee\u0027s Waffle":32,"Centennial Puzzle":[3],"counters":[29,136],"Prayer Wheel":12,"Turnip":[26],"PreservedInsect":127,"obtain_stats":[{"Potion Belt":25,"Lee\u0027s Waffle":45,"Calipers":26,"NeowsBlessing":0,"PreservedInsect":43,"The Courier":48,"Runic Capacitor":27,"Sozu":34,"Centennial Puzzle":55,"Matryoshka":40,"Prayer Wheel":13,"WingedGreaves":6,"Turnip":7,"Bag of Marbles":8,"Coffee Dripper":17,"Bottled Lightning":9,"Cracked Core":0},{"Potion Belt":14,"Lee\u0027s Waffle":23,"Calipers":14,"NeowsBlessing":0,"PreservedInsect":23,"The Courier":25,"Runic Capacitor":14,"Sozu":18,"Centennial Puzzle":28,"Matryoshka":23,"Prayer Wheel":8,"WingedGreaves":5,"Turnip":5,"Bag of Marbles":6,"Coffee Dripper":10,"Bottled Lightning":6,"Cracked Core":0},{"Potion Belt":43,"Lee\u0027s Waffle":91,"Calipers":43,"NeowsBlessing":0,"PreservedInsect":91,"The Courier":99,"Runic Capacitor":43,"Sozu":64,"Centennial Puzzle":134,"Matryoshka":91,"Prayer Wheel":19,"WingedGreaves":11,"Turnip":11,"Bag of Marbles":16,"Coffee Dripper":27,"Bottled Lightning":16,"Cracked Core":0}]},"card_choices":[{"not_picked":["Stack","Steam Power"],"picked":"Conserve Battery","floor":1.0},{"not_picked":["Sweeping Beam","Aggregate"],"picked":"Rip and Tear","floor":2.0},{"not_picked":["Coolheaded","Melter"],"picked":"Streamline","floor":3.0},{"not_picked":["Stack","Chaos"],"picked":"Sweeping Beam","floor":4.0},{"not_picked":["Recycle","White Noise"],"picked":"Beam Cell","floor":6.0},{"not_picked":["Go for the Eyes","Defragment"],"picked":"Biased Cognition","floor":8.0},{"not_picked":["Melter","Beam Cell","Barrage"],"picked":"SKIP","floor":12.0},{"not_picked":["Leap","Hologram"],"picked":"Aggregate","floor":13.0},{"not_picked":["Leap","Sweeping Beam"],"picked":"Go for the Eyes","floor":14.0},{"not_picked":["Hello World","Hologram","Streamline"],"picked":"SKIP","floor":14.0},{"not_picked":["Meteor Strike","Machine Learning"],"picked":"Seek","floor":16.0},{"not_picked":["Hologram","Turbo"],"picked":"Skim","floor":18.0},{"not_picked":["Turbo","Aggregate"],"picked":"Compile Driver+1","floor":18.0},{"not_picked":["Melter+1","Cold Snap"],"picked":"Hologram+1","floor":20.0},{"not_picked":["BootSequence","Conserve Battery","Lockon"],"picked":"SKIP","floor":20.0},{"not_picked":["BootSequence","Turbo"],"picked":"Buffer","floor":21.0},{"not_picked":["Barrage","Gash+1","Cold Snap"],"picked":"SKIP","floor":21.0},{"not_picked":["Redo","Heatsinks+1","Doom and Gloom"],"picked":"SKIP","floor":25.0},{"not_picked":["Sweeping Beam","Cold Snap"],"picked":"Echo Form","floor":28.0},{"not_picked":["Stack","Barrage","Gash"],"picked":"SKIP","floor":28.0},{"not_picked":["Steam Power","Machine Learning"],"picked":"Defragment","floor":30.0},{"not_picked":["Barrage","Blizzard","Leap"],"picked":"SKIP","floor":30.0},{"not_picked":["Go for the Eyes","Sweeping Beam","Stack"],"picked":"SKIP","floor":31.0},{"not_picked":["Beam Cell","Turbo","Sweeping Beam"],"picked":"SKIP","floor":31.0},{"not_picked":["Seek","Machine Learning"],"picked":"Electrodynamics","floor":33.0},{"not_picked":["Leap","Turbo"],"picked":"Compile Driver","floor":35.0},{"not_picked":["Steam+1","Reinforced Body","Cold Snap"],"picked":"SKIP","floor":35.0},{"not_picked":["Gash","Barrage","Hologram"],"picked":"SKIP","floor":37.0},{"not_picked":["Compile Driver","Rip and Tear+1","Leap+1"],"picked":"SKIP","floor":37.0},{"not_picked":["Blizzard","Redo","All For One"],"picked":"SKIP","floor":38.0},{"not_picked":["Go for the Eyes","Sweeping Beam","Heatsinks"],"picked":"SKIP","floor":38.0},{"not_picked":["Turbo","Beam Cell"],"picked":"Glacier","floor":39.0},{"not_picked":["Go for the Eyes","Fusion","Redo+1"],"picked":"SKIP","floor":39.0},{"not_picked":["Go for the Eyes","Fusion","Redo+1"],"picked":"SKIP","floor":39.0},{"not_picked":["Undo","Coolheaded"],"picked":"Echo Form","floor":40.0},{"not_picked":["Go for the Eyes","Rainbow"],"picked":"Darkness","floor":46.0},{"not_picked":["Cold Snap+1","Lockon","Gash"],"picked":"SKIP","floor":46.0},{"not_picked":["Leap+1","Cold Snap+1","Streamline"],"picked":"SKIP","floor":48.0},{"not_picked":["Steam","Stack+1"],"picked":"Amplify","floor":55.0}],"player_experience":795285,"relics_obtained":[{"floor":6.0,"key":"WingedGreaves"},{"floor":8.0,"key":"Bag of Marbles"},{"floor":9.0,"key":"Bottled Lightning"},{"floor":13.0,"key":"Prayer Wheel"},{"floor":25.0,"key":"Potion Belt"},{"floor":26.0,"key":"Calipers"},{"floor":40.0,"key":"Matryoshka"},{"floor":43.0,"key":"PreservedInsect"},{"floor":48.0,"key":"The Courier"},{"floor":55.0,"key":"Centennial Puzzle"}],"event_choices":[{"damage_healed":0.0,"max_hp_gain":0.0,"max_hp_loss":0.0,"gold_gain":0.0,"event_name":"WeMeetAgain","player_choice":"Gave Potion","floor":7.0,"gold_loss":0.0,"damage_taken":0.0,"relics_obtained":["Turnip"]},{"damage_healed":0.0,"max_hp_gain":0.0,"max_hp_loss":0.0,"gold_gain":0.0,"event_name":"Back to Basics","player_choice":"Simplicity","floor":19.0,"gold_loss":0.0,"damage_taken":0.0,"cards_upgraded":["Strike_B","Strike_B","Strike_B","Strike_B","Defend_B","Defend_B","Defend_B","Defend_B"]},{"damage_healed":0.0,"max_hp_gain":0.0,"max_hp_loss":0.0,"gold_gain":50.0,"event_name":"Nest","player_choice":"Stole From Cult","floor":22.0,"gold_loss":0.0,"damage_taken":0.0},{"damage_healed":0.0,"max_hp_gain":0.0,"max_hp_loss":0.0,"gold_gain":0.0,"event_name":"Designer","player_choice":"Upgraded Two","floor":36.0,"gold_loss":50.0,"damage_taken":0.0,"cards_upgraded":["Echo Form","Conserve Battery"]},{"damage_healed":0.0,"max_hp_gain":0.0,"max_hp_loss":4.0,"gold_gain":0.0,"event_name":"Winding Halls","player_choice":"Max HP","floor":42.0,"gold_loss":0.0,"damage_taken":0.0},{"damage_healed":0.0,"max_hp_gain":0.0,"max_hp_loss":0.0,"gold_gain":0.0,"event_name":"SensoryStone","player_choice":"Memory 1","floor":44.0,"gold_loss":0.0,"damage_taken":0.0},{"damage_healed":0.0,"max_hp_gain":0.0,"max_hp_loss":0.0,"gold_gain":0.0,"event_name":"The Woman in Blue","player_choice":"Bought 0 Potions","floor":47.0,"gold_loss":0.0,"damage_taken":0.0}],"is_beta":true,"boss_relics":[{"not_picked":["Cursed Key","Busted Crown"],"picked":"Coffee Dripper"},{"not_picked":["Snecko Eye","Velvet Choker"],"picked":"Sozu"}],"items_purged_floors":[24],"is_endless":false,"potions_floor_spawned":[2,4,6,8,12,25,30,31,37,39,48],"killed_by":"The Heart","ascension_level":20}}