{"host":"cq2iqt18u9swspes","time":1611508217,"event":{"mods":["AchievementEnabler","BaseMod","BetterRewards","Colored Map","Downfall","Minty Spire (QoL Compilation)","StSLib","The Cursed"],"gold_per_floor":[110,110,128,303,322,322,322,342,365,365,375,375,420,440,440,535,535,546,565,565,25,44,44,58,88,88,88,88,108,122,122,122,218,218,231,231,245,262,262,262],"floor_reached":39,"language":"ENG","playtime":2189,"items_purged":["Bash"],"score":545,"play_id":"704a90c4-3a24-4300-bc3a-b9d75e1ed42a","local_time":"20210124181017","is_ascension_mode":false,"campfire_choices":[{"floor":6,"key":"REST"},{"data":"Shrug It Off","floor":10,"key":"SMITH"},{"data":"Armaments","floor":12,"key":"SMITH"},{"floor":15,"key":"REST"},{"data":"Mayhem","floor":23,"key":"SMITH"},{"data":"Juggernaut","floor":28,"key":"SMITH"},{"floor":32,"key":"REST"}],"circlet_count":0,"master_deck":["Strike_R","Strike_R","Strike_R","Strike_R","Strike_R","Defend_R","Defend_R","Defend_R","Defend_R","Inflame","Anger","Juggernaut+1","Doubt","Anger","Shrug It Off+1","Armaments+1","Anger","Double Tap+1","Shrug It Off+1","Twin Strike+1","Iron Wave","Mayhem+1","Iron Wave","Flex+1","Headbutt+1","Armaments+1","Iron Wave","Rampage","Demon Form","Rage+1","Disarm+1"],"relics":["Burning Blood","CaptainsWheel","Bag of Marbles","Nunchaku","Bronze Scales","Runic Cube","War Paint","Tiny Chest","Question Card","Pear","Runic Pyramid","Dream Catcher"],"acts_visited":["Exordium","TheCity","TheBeyond"],"potions_floor_usage":[18,30,33,33,39],"damage_taken":[{"damage":10,"enemies":"Small Slimes","floor":1,"turns":4},{"damage":6,"enemies":"Jaw Worm","floor":3,"turns":3},{"damage":11,"enemies":"2 Louse","floor":5,"turns":3},{"damage":5,"enemies":"Looter","floor":8,"turns":2},{"damage":4,"enemies":"Blue Slaver","floor":11,"turns":4},{"damage":8,"enemies":"Red Slaver","floor":14,"turns":3},{"damage":16,"enemies":"Slime Boss","floor":16,"turns":7},{"damage":0,"enemies":"Chosen","floor":18,"turns":4},{"damage":2,"enemies":"Spheric Guardian","floor":19,"turns":4},{"damage":11,"enemies":"Snecko","floor":22,"turns":5},{"damage":0,"enemies":"3 Cultists","floor":24,"turns":5},{"damage":16,"enemies":"Gremlin Leader","floor":25,"turns":7},{"damage":3,"enemies":"Sentry and Sphere","floor":29,"turns":4},{"damage":10,"enemies":"Snake Plant","floor":30,"turns":4},{"damage":31,"enemies":"Champ","floor":33,"turns":12},{"damage":25,"enemies":"3 Shapes","floor":35,"turns":5},{"damage":23,"enemies":"Orb Walker","floor":37,"turns":3},{"damage":42,"enemies":"Maw","floor":38,"turns":9},{"damage":20,"enemies":"Sphere and 2 Shapes","floor":39,"turns":7}],"seed_played":"-6871266753521139832","potions_obtained":[{"floor":1,"key":"SteroidPotion"},{"floor":11,"key":"AttackPotion"},{"floor":22,"key":"DuplicationPotion"},{"floor":25,"key":"DistilledChaos"},{"floor":29,"key":"FearPotion"},{"floor":38,"key":"GamblersBrew"}],"is_trial":false,"path_per_floor":["M","?","M","?","M","R","?","M","T","R","M","R","T","M","R","B",null,"M","M","?","$","M","R","M","E","T","?","R","M","M","?","R","B",null,"M","T","M","M","M"],"character_chosen":"IRONCLAD","items_purchased":["Inflame","War Paint","Tiny Chest","Iron Wave","Mayhem"],"campfire_rested":3,"item_purchase_floors":[0,21,21,21,21],"current_hp_per_floor":[60,48,48,48,43,67,67,68,68,68,70,70,70,68,80,70,80,80,80,80,80,75,75,80,70,80,80,80,83,79,73,90,65,90,71,71,54,18,0,0],"gold":262,"neow_bonus":"","is_daily":false,"chose_seed":false,"campfire_upgraded":4,"win_rate":0.0,"timestamp":1611508217,"path_taken":["M","?","M","?","M","R","?","M","T","R","M","R","?","M","R","BOSS","M","M","?","$","M","R","M","E","T","?","R","?","M","?","R","BOSS","M","?","?","M","?"],"items_purchased_type":["Card","Relic","Relic","Card","Card"],"build_version":"2020-12-22","purchased_purges":1,"victory":false,"max_hp_per_floor":[80,80,80,80,80,80,80,80,80,80,80,80,80,80,80,80,80,80,80,80,80,80,80,80,80,90,90,90,90,90,90,90,90,90,90,90,90,90,90,90],"card_choices":[{"not_picked":["Warcry","Flex"],"picked":"Anger","floor":1},{"not_picked":["Twin Strike","Perfected Strike"],"picked":"Juggernaut","floor":3},{"not_picked":["Heavy Blade","Warcry"],"picked":"Anger","floor":5},{"not_picked":["Dual Wield","Battle Trance"],"picked":"Shrug It Off","floor":8},{"not_picked":["Thunderclap","Intimidate"],"picked":"Armaments","floor":11},{"not_picked":["Clothesline","Perfected Strike"],"picked":"Anger","floor":14},{"not_picked":["Bludgeon","Offering"],"picked":"Double Tap","floor":16},{"not_picked":["Anger+1","Reckless Charge+1"],"picked":"Shrug It Off","floor":18},{"not_picked":["Heavy Blade","Second Wind"],"picked":"Twin Strike+1","floor":19},{"not_picked":["Blood for Blood","Cleave"],"picked":"Iron Wave","floor":22},{"not_picked":["Iron Wave","Searing Blow"],"picked":"Flex+1","floor":24},{"not_picked":["Shockwave","Pommel Strike+1"],"picked":"Headbutt+1","floor":25},{"not_picked":["Flex","Dark Embrace","Combust+1"],"picked":"Iron Wave","floor":29},{"not_picked":["Anger","Brutality","Clash+1"],"picked":"Rampage","floor":30},{"not_picked":["Barricade","Brutality","Bludgeon"],"picked":"Demon Form","floor":33},{"not_picked":["True Grit","Whirlwind","Clothesline","Pummel+1"],"picked":"SKIP","floor":35},{"not_picked":["Warcry+1","Twin Strike+1","Armaments+1"],"picked":"Rage+1","floor":37},{"not_picked":["Second Wind","Flame Barrier+1","Hemokinesis"],"picked":"Disarm+1","floor":38}],"player_experience":37656,"relics_obtained":[{"floor":9,"key":"Nunchaku"},{"floor":13,"key":"Bronze Scales"},{"floor":25,"key":"Question Card"},{"floor":26,"key":"Pear"},{"floor":36,"key":"Dream Catcher"}],"event_choices":[{"damage_healed":0,"gold_gain":0,"player_choice":"Success","damage_taken":12,"relics_obtained":["Bag of Marbles"],"max_hp_gain":0,"max_hp_loss":0,"event_name":"Scrap Ooze","floor":2,"gold_loss":0},{"damage_healed":0,"gold_gain":175,"player_choice":"AGREE","damage_taken":0,"max_hp_gain":0,"max_hp_loss":0,"event_name":"Liars Game","floor":4,"gold_loss":0,"cards_obtained":["Doubt"]},{"damage_healed":0,"gold_gain":0,"player_choice":"Ignored","damage_taken":0,"max_hp_gain":0,"max_hp_loss":0,"event_name":"Shining Light","floor":7,"gold_loss":0},{"damage_healed":0,"gold_gain":0,"player_choice":"Ignored","damage_taken":0,"max_hp_gain":0,"max_hp_loss":0,"event_name":"Vampires","floor":20,"gold_loss":0},{"damage_healed":0,"gold_gain":0,"player_choice":"Copied","damage_taken":0,"max_hp_gain":0,"max_hp_loss":0,"event_name":"Duplicator","floor":27,"gold_loss":0,"cards_obtained":["Armaments"]},{"damage_healed":0,"gold_gain":0,"player_choice":"","damage_taken":6,"max_hp_gain":0,"max_hp_loss":0,"event_name":"Knowing Skull","floor":31,"potions_obtained":[],"gold_loss":0,"cards_obtained":[]}],"is_beta":false,"boss_relics":[{"not_picked":["Cursed Key","Runic Dome"],"picked":"Runic Cube"},{"not_picked":["bronze:MakeshiftBattery","SacredBark"],"picked":"Runic Pyramid"}],"items_purged_floors":[0],"is_endless":false,"potions_floor_spawned":[1,5,11,22,25,29,38],"killed_by":"Sphere and 2 Shapes","ascension_level":0}}