{"host":"dowi7cgbhepuzvpj","time":1611455005,"event":{"mods":["AchievementEnabler","BaseMod","Keyboard Shortcuts","Minty Spire (QoL Compilation)","Permanent Neow","Quick Restart","StSLib","SuperFastMode"],"gold_per_floor":[111,123,141,141,153,153,178,25,78,78,111,36,53,65,65,168,168,183,98,107,132,32,32,58,58,58,58,87,116,116,44,44,44,44],"floor_reached":33,"language":"KOR","playtime":645,"items_purged":["Strike_R","Strike_R"],"score":435,"play_id":"d8b15409-b94e-4394-bb61-eb9599c285a7","local_time":"20210124112325","is_ascension_mode":true,"campfire_choices":[{"data":"Inflame","floor":6.0,"key":"SMITH"},{"data":"Infernal Blade","floor":10.0,"key":"SMITH"},{"data":"Flex","floor":15.0,"key":"SMITH"},{"data":"Bash","floor":23,"key":"SMITH"},{"data":"Clothesline","floor":25,"key":"SMITH"},{"data":"Clash","floor":27,"key":"SMITH"},{"data":"Heavy Blade","floor":30,"key":"SMITH"},{"data":"Uppercut","floor":32,"key":"SMITH"}],"circlet_count":0,"master_deck":["Strike_R","Strike_R+1","Strike_R+1","Defend_R","Defend_R","Defend_R","Defend_R","Bash+1","Twin Strike","Inflame+1","Offering","Infernal Blade+1","Headbutt","Sword Boomerang","Flex+1","Dropkick","Impervious","Clash+1","Necronomicurse","Clothesline+1","Shrug It Off","Heavy Blade+1","Uppercut+1"],"relics":["Burning Blood","Bag of Marbles","Letter Opener","Oddly Smooth Stone","Whetstone","Potion Belt","Philosopher\u0027s Stone","CeramicFish","Necronomicon","InkBottle","Juzu Bracelet"],"acts_visited":["Exordium","TheCity"],"potions_floor_usage":[33],"damage_taken":[{"damage":1.0,"enemies":"Cultist","floor":1.0,"turns":3.0},{"damage":0.0,"enemies":"Small Slimes","floor":2.0,"turns":3.0},{"damage":3.0,"enemies":"2 Louse","floor":3.0,"turns":3.0},{"damage":14.0,"enemies":"Blue Slaver","floor":5.0,"turns":3.0},{"damage":6.0,"enemies":"Gremlin Nob","floor":7.0,"turns":2.0},{"damage":20.0,"enemies":"Lagavulin","floor":11.0,"turns":3.0},{"damage":0.0,"enemies":"Exordium Wildlife","floor":13.0,"turns":2.0},{"damage":6.0,"enemies":"Lots of Slimes","floor":14.0,"turns":1.0},{"damage":59.0,"enemies":"The Guardian","floor":16.0,"turns":10.0},{"damage":6.0,"enemies":"2 Thieves","floor":18.0,"turns":3.0},{"damage":24.0,"enemies":"3 Byrds","floor":21.0,"turns":4.0},{"damage":41,"enemies":"Book of Stabbing","floor":24,"turns":4},{"damage":6,"enemies":"Cultist and Chosen","floor":28,"turns":3},{"damage":0,"enemies":"Snecko","floor":29,"turns":3},{"damage":38,"enemies":"Collector","floor":33,"turns":2}],"seed_played":"-302809401454824532","potions_obtained":[{"floor":1.0,"key":"SkillPotion"},{"floor":2.0,"key":"SkillPotion"},{"floor":4.0,"key":"FairyPotion"},{"floor":4.0,"key":"Fire Potion"},{"floor":11.0,"key":"ColorlessPotion"},{"floor":18.0,"key":"SpeedPotion"},{"floor":21.0,"key":"FearPotion"},{"floor":24,"key":"ColorlessPotion"},{"floor":28,"key":"CultistPotion"}],"is_trial":false,"path_per_floor":["M","M","M","?","M","R","E","$","T","R","E","$","M","M","R","B",null,"M","?","?","M","$","R","E","R","T","R","M","M","R","$","R","B"],"character_chosen":"IRONCLAD","items_purchased":["Oddly Smooth Stone","Uppercut"],"campfire_rested":0,"item_purchase_floors":[8,31],"current_hp_per_floor":[77,80,80,80,72,72,72,72,72,72,58,58,64,64,64,11,63,63,63,47,29,29,29,24,24,24,24,24,30,30,30,30,0,0],"gold":44,"neow_bonus":"RANDOM_COMMON_RELIC","is_daily":false,"chose_seed":false,"campfire_upgraded":8,"win_rate":0.0,"timestamp":1611455005,"path_taken":["M","?","M","?","M","R","E","$","T","R","E","$","?","M","R","BOSS","M","?","?","M","$","R","E","R","T","R","M","M","R","?","R","BOSS"],"items_purchased_type":["Relic","Card"],"build_version":"2020-12-22","purchased_purges":2,"victory":false,"max_hp_per_floor":[80,80,80,80,80,80,80,80,80,80,80,80,80,80,80,80,80,80,80,80,80,80,80,80,80,80,80,80,80,80,80,80,80,80],"card_choices":[{"not_picked":["Sword Boomerang","Sentinel"],"picked":"Twin Strike","floor":1.0},{"not_picked":["Flex","Carnage"],"picked":"Inflame","floor":2.0},{"not_picked":["Cleave","Clothesline"],"picked":"Offering","floor":3.0},{"not_picked":["Shockwave","True Grit"],"picked":"Infernal Blade","floor":5.0},{"not_picked":["Dual Wield","Heavy Blade"],"picked":"Headbutt","floor":7.0},{"not_picked":["Whirlwind","Anger"],"picked":"Sword Boomerang","floor":11.0},{"not_picked":["Searing Blow","Seeing Red"],"picked":"Flex","floor":13.0},{"not_picked":["Intimidate","True Grit"],"picked":"Dropkick","floor":14.0},{"not_picked":["Fiend Fire","Juggernaut"],"picked":"Impervious","floor":16.0},{"not_picked":["Thunderclap","Clothesline+1"],"picked":"Clash","floor":18.0},{"not_picked":["Body Slam","Cleave"],"picked":"Clothesline","floor":21.0},{"not_picked":["Barricade","Reckless Charge","Dual Wield"],"picked":"SKIP","floor":24},{"not_picked":["Armaments","Infernal Blade"],"picked":"Shrug It Off","floor":28},{"not_picked":["Reckless Charge","Clash"],"picked":"Heavy Blade","floor":29}],"player_experience":849997,"relics_obtained":[{"floor":7.0,"key":"Letter Opener"},{"floor":9.0,"key":"Whetstone"},{"floor":11.0,"key":"Potion Belt"},{"floor":20.0,"key":"Necronomicon"},{"floor":24,"key":"InkBottle"},{"floor":26,"key":"Juzu Bracelet"}],"event_choices":[{"damage_healed":0.0,"max_hp_gain":0.0,"max_hp_loss":0.0,"gold_gain":0.0,"event_name":"Lab","player_choice":"Got Potions","floor":4.0,"gold_loss":0.0,"damage_taken":0.0},{"damage_healed":0.0,"max_hp_gain":0.0,"max_hp_loss":0.0,"gold_gain":0.0,"event_name":"Addict","player_choice":"Obtained Relic","floor":19.0,"gold_loss":85.0,"damage_taken":0.0,"relics_obtained":["CeramicFish"]},{"damage_healed":0.0,"max_hp_gain":0.0,"max_hp_loss":0.0,"gold_gain":0.0,"event_name":"Cursed Tome","player_choice":"Obtained Book","floor":20.0,"gold_loss":0.0,"damage_taken":16.0}],"is_beta":false,"boss_relics":[{"not_picked":["Busted Crown","Sozu"],"picked":"Philosopher\u0027s Stone"}],"items_purged_floors":[12,22],"is_endless":false,"potions_floor_spawned":[1,2,11,18,21,24,28],"killed_by":"Collector","ascension_level":9}}