{"host":"f5gffvlv6a66yqkd","time":1611510471,"event":{"mods":["2.2 Compatiblity","BaseMod","Colored Map","Custom Start","Dark Map","DeckTracker","Keyboard Shortcuts","Minty Spire (QoL Compilation)","Permanent Neow","Quick Restart","Relic Stats","StSLib","SuperFastMode"],"gold_per_floor":[110,110,35,35,35,35,63,83,83,83,98,117,131,151,151,225,225,239,239,293,307,319,319,319,319],"floor_reached":24,"language":"KOR","playtime":504,"items_purged":[],"score":396,"play_id":"1a95fb92-17a3-4e15-9761-e47276c003e3","local_time":"20210125024751","is_ascension_mode":true,"campfire_choices":[{"data":"Neutralize","floor":6.0,"key":"SMITH"},{"floor":10.0,"key":"REST"},{"data":"Bouncing Flask","floor":15.0,"key":"SMITH"},{"data":"Burst","floor":23,"key":"SMITH"}],"circlet_count":0,"master_deck":["AscendersBane","Strike_G+1","Strike_G+1","Strike_G","Strike_G","Defend_G","Defend_G","Defend_G","Defend_G","Survivor","Neutralize+1","Cloak And Dagger","Corpse Explosion","Bouncing Flask+1","Leg Sweep","Flying Knee","Tactician","Burst+1","PiercingWail"],"relics":["Ring of the Snake","Tiny Chest","Blood Vial","Black Star","Orichalcum"],"acts_visited":["Exordium","TheCity"],"potions_floor_usage":[21,22],"damage_taken":[{"damage":2.0,"enemies":"Jaw Worm","floor":1.0,"turns":5.0},{"damage":27.0,"enemies":"Gremlin Nob","floor":7.0,"turns":4.0},{"damage":0.0,"enemies":"Small Slimes","floor":8.0,"turns":2.0},{"damage":1.0,"enemies":"Cultist","floor":11.0,"turns":3.0},{"damage":3.0,"enemies":"Exordium Wildlife","floor":12.0,"turns":6.0},{"damage":0.0,"enemies":"Looter","floor":13.0,"turns":4.0},{"damage":0.0,"enemies":"Lots of Slimes","floor":14.0,"turns":2.0},{"damage":12.0,"enemies":"Hexaghost","floor":16.0,"turns":9.0},{"damage":3.0,"enemies":"Spheric Guardian","floor":18.0,"turns":3.0},{"damage":12,"enemies":"2 Thieves","floor":21,"turns":3},{"damage":10,"enemies":"3 Cultists","floor":22,"turns":5},{"damage":39,"enemies":"Book of Stabbing","floor":24,"turns":5}],"seed_played":"-9008155820601184265","potions_obtained":[{"floor":0.0,"key":"PowerPotion"},{"floor":0.0,"key":"EssenceOfSteel"},{"floor":1.0,"key":"ColorlessPotion"},{"floor":8.0,"key":"EssenceOfSteel"},{"floor":12.0,"key":"GhostInAJar"}],"is_trial":false,"path_per_floor":["M","?","?","?","$","R","E","M","T","R","M","M","M","M","R","B",null,"M","?","T","M","M","R","E"],"character_chosen":"THE_SILENT","items_purchased":[],"campfire_rested":1,"item_purchase_floors":[],"current_hp_per_floor":[57,57,57,37,37,37,10,10,10,29,30,29,31,33,33,23,55,54,54,54,44,36,36,0,0],"gold":319,"neow_bonus":"THREE_SMALL_POTIONS","is_daily":false,"chose_seed":false,"campfire_upgraded":3,"win_rate":0.0,"timestamp":1611510471,"path_taken":["M","?","?","?","$","R","E","M","T","R","?","M","M","M","R","BOSS","M","?","?","M","M","R","E"],"items_purchased_type":[],"build_version":"2020-12-22","purchased_purges":0,"victory":false,"max_hp_per_floor":[66,66,66,66,66,66,66,66,66,66,66,66,66,66,66,66,66,66,66,66,66,66,66,66,66],"relic_stats":{"Blood Vial":18,"counters":[12,51],"Tiny Chest":0,"Black Star":0,"Orichalcum":[30],"obtain_stats":[{"Blood Vial":9,"Tiny Chest":7,"Black Star":17,"Orichalcum":20,"Ring of the Snake":0},{"Blood Vial":3,"Tiny Chest":2,"Black Star":8,"Orichalcum":9,"Ring of the Snake":0},{"Blood Vial":11,"Tiny Chest":9,"Black Star":35,"Orichalcum":38,"Ring of the Snake":0}],"Ring of the Snake":[24]},"card_choices":[{"not_picked":["Prepared","Flechettes"],"picked":"Cloak And Dagger","floor":1.0},{"not_picked":["Finisher","Backflip"],"picked":"Bouncing Flask","floor":7.0},{"not_picked":["Finisher","Sucker Punch"],"picked":"Leg Sweep","floor":8.0},{"not_picked":["Heel Hook","Dodge and Roll","Bouncing Flask"],"picked":"SKIP","floor":11.0},{"not_picked":["Deadly Poison","Endless Agony"],"picked":"Flying Knee","floor":12.0},{"not_picked":["Predator","Leg Sweep"],"picked":"Tactician","floor":13.0},{"not_picked":["Sucker Punch","Bane","Blade Dance"],"picked":"SKIP","floor":14.0},{"not_picked":["Tools of the Trade","Storm of Steel"],"picked":"Burst","floor":16.0},{"not_picked":["Deflect","Prepared"],"picked":"PiercingWail","floor":18.0},{"not_picked":["All Out Attack","Flechettes","A Thousand Cuts"],"picked":"SKIP","floor":21},{"not_picked":["Backstab","Quick Slash","Terror"],"picked":"SKIP","floor":22}],"player_experience":1610230,"relics_obtained":[{"floor":7.0,"key":"Tiny Chest"},{"floor":9.0,"key":"Blood Vial"},{"floor":20.0,"key":"Orichalcum"}],"event_choices":[{"damage_healed":0.0,"max_hp_gain":0.0,"max_hp_loss":0.0,"gold_gain":0.0,"cards_transformed":["Defend_G"],"event_name":"Living Wall","player_choice":"Change","floor":2.0,"gold_loss":0.0,"damage_taken":0.0,"cards_obtained":["Corpse Explosion"]},{"cards_removed":["Strike_G"],"damage_healed":0.0,"max_hp_gain":0.0,"max_hp_loss":0.0,"gold_gain":0.0,"event_name":"The Cleric","player_choice":"Card Removal","floor":3.0,"gold_loss":75.0,"damage_taken":0.0},{"damage_healed":0.0,"max_hp_gain":0.0,"max_hp_loss":0.0,"gold_gain":0.0,"event_name":"Shining Light","player_choice":"Entered Light","floor":4.0,"gold_loss":0.0,"damage_taken":20.0,"cards_upgraded":["Strike_G","Strike_G"]},{"damage_healed":0.0,"max_hp_gain":0.0,"max_hp_loss":0.0,"gold_gain":0.0,"event_name":"Vampires","player_choice":"Ignored","floor":19.0,"gold_loss":0.0,"damage_taken":0.0}],"is_beta":false,"boss_relics":[{"not_picked":["Philosopher\u0027s Stone","Calling Bell"],"picked":"Black Star"}],"items_purged_floors":[],"is_endless":false,"potions_floor_spawned":[1,8,12,13,14,16],"killed_by":"Book of Stabbing","ascension_level":20}}