{"host":"shb6fs4xkmgx64v4","time":1611458589,"event":{"mods":["AchievementEnabler","BaseMod","Colored Map","Downfall","Minty Spire (QoL Compilation)","StSLib"],"gold_per_floor":[99,110,260,260,273,286,335,235,247,247,247,247],"floor_reached":10,"language":"ENG","playtime":341,"items_purged":[],"score":83,"play_id":"a27ee046-516d-45fe-a5ff-d12fba230323","local_time":"20210123222309","is_ascension_mode":false,"campfire_choices":[{"data":"sneckomod:TailWhip","floor":1.0,"key":"SMITH"},{"data":"sneckomod:UnendingSupply","floor":8,"key":"SMITH"}],"circlet_count":0,"master_deck":["sneckomod:Strike","sneckomod:Strike","sneckomod:Strike","sneckomod:Defend","sneckomod:Defend","sneckomod:Defend","sneckomod:TailWhip+1","sneckomod:SnekBite","sneckomod:Unknown","sneckomod:Unknown","sneckomod:UnknownDexterity","downfall:Icky","sneckomod:UnknownCommonAttack","sneckomod:UnendingSupply+1","sneckomod:Nope"],"relics":["sneckomod:SneckoSoul","downfall:HeartBlessingBlue"],"acts_visited":["Exordium"],"potions_floor_usage":[],"damage_taken":[{"damage":0.0,"enemies":"2 Louse","floor":2.0,"turns":2.0},{"damage":8.0,"enemies":"Small Slimes","floor":5.0,"turns":3.0},{"damage":6.0,"enemies":"Jaw Worm","floor":6.0,"turns":2.0},{"damage":14,"enemies":"3 Louse","floor":9,"turns":3},{"damage":0,"enemies":"Gremlin Nob","floor":10,"turns":1}],"seed_played":"-4266647209144208202","potions_obtained":[{"floor":2.0,"key":"PowerPotion"},{"floor":6.0,"key":"AttackPotion"},{"floor":9,"key":"Energy Potion"}],"is_trial":false,"path_per_floor":["R","M","?","?","M","M","T","R","M","E"],"character_chosen":"THE_SNECKO","items_purchased":[],"campfire_rested":0,"item_purchase_floors":[],"current_hp_per_floor":[99,99,99,99,91,85,85,95,81,81,81,81],"gold":247,"neow_bonus":"TEN_PERCENT_HP_BONUS","is_daily":false,"chose_seed":false,"campfire_upgraded":2,"win_rate":0.0,"timestamp":1611458589,"path_taken":["R","M","?","?","M","?","T","R","M","E"],"items_purchased_type":[],"build_version":"2020-12-22","purchased_purges":0,"victory":false,"max_hp_per_floor":[99,99,99,99,99,99,99,109,109,109,109,109],"card_choices":[{"not_picked":["sneckomod:Rotation","sneckomod:RainOfDice"],"picked":"sneckomod:UnknownDexterity","floor":2.0},{"not_picked":["sneckomod:Unknown1Cost","sneckomod:Nope"],"picked":"sneckomod:UnknownCommonAttack","floor":5.0},{"not_picked":["sneckomod:UnknownClassBLUE","sneckomod:QuickBite"],"picked":"sneckomod:UnendingSupply","floor":6.0},{"not_picked":["sneckomod:UnknownBlock","sneckomod:UnknownCommonSkill"],"picked":"sneckomod:Nope","floor":9}],"player_experience":265741,"relics_obtained":[],"event_choices":[],"is_beta":false,"boss_relics":[],"items_purged_floors":[],"is_endless":false,"potions_floor_spawned":[2,6,9],"killed_by":"Gremlin Nob","ascension_level":0}}