{"host":"32dedufnxebqtmo3","time":1611483043,"event":{"mods":["100% Spire Juice","AchievementEnabler","Arknights The Spire","BaseMod","Better Third Choice","Card Filter","Colored Powertips","Defuse TimeMaze Blight","GifTheSpireLib","Minty Spire (QoL Compilation)","Permanent Neow","Relic Filter","Relic Stats","Remove Card Discount Mod","Shop Mod","StSLib","The Cursed","The Dragonkin","The Marked","Unceasing Turn Reminder"],"gold_per_floor":[114,193,204,223,21,48,60,90,158,174,174,174,186,186,186,284,284,284,284],"floor_reached":18,"language":"ENG","playtime":1674,"items_purged":["theDragonkin:Strike","theDragonkin:Strike","theDragonkin:Strike","theDragonkin:Strike"],"score":212,"play_id":"99aa460b-5ec7-4c62-a347-97f03bf0d741","local_time":"20210124021043","is_ascension_mode":false,"campfire_choices":[{"data":"theDragonkin:DivineBreath","floor":11,"key":"SMITH"},{"data":"theDragonkin:MeteorStorm","floor":15,"key":"SMITH"}],"circlet_count":0,"master_deck":["theDragonkin:Defend+1","theDragonkin:Defend","theDragonkin:Defend+1","theDragonkin:Defend","theDragonkin:HolySmite+1","theDragonkin:BlazingBreath","theDragonkin:DivineBreath+1","theDragonkin:HolyShock+1","theDragonkin:ControlledBreath+1","theDragonkin:MoltenBreath","theDragonkin:PrismaticBreath","theDragonkin:SandBreath","theDragonkin:VoiceofOrder","theDragonkin:Insanity","theDragonkin:MeteorStorm+1","theDragonkin:HolyWordBarrier","theDragonkin:CrusaderForm"],"relics":["theDragonkin:GarnetScale","Whetstone","War Paint","Dream Catcher","Sundial","Velvet Choker"],"acts_visited":["Exordium","TheCity"],"potions_floor_usage":[],"damage_taken":[{"damage":0,"enemies":"Cultist","floor":1,"turns":3},{"damage":4,"enemies":"Small Slimes","floor":3,"turns":3},{"damage":0,"enemies":"Jaw Worm","floor":4,"turns":3},{"damage":11,"enemies":"3 Sentries","floor":6,"turns":9},{"damage":0,"enemies":"2 Fungi Beasts","floor":7,"turns":4},{"damage":0,"enemies":"Looter","floor":10,"turns":3},{"damage":7,"enemies":"Gremlin Gang","floor":13,"turns":5},{"damage":0,"enemies":"Hexaghost","floor":16,"turns":9},{"damage":0,"enemies":"Spheric Guardian","floor":18,"turns":4}],"seed_played":"2428614146538109468","potions_obtained":[{"floor":1,"key":"SteroidPotion"},{"floor":7,"key":"ColorlessPotion"},{"floor":13,"key":"BlessingOfTheForge"},{"floor":14,"key":"EntropicBrew"},{"floor":14,"key":"GamblersBrew"}],"is_trial":false,"path_per_floor":["M","?","M","M","$","E","M","?","T","M","R","?","M","?","R","B",null,"M"],"character_chosen":"THE_DRAGONKIN","items_purchased":["Whetstone","theDragonkin:MoltenBreath"],"campfire_rested":0,"item_purchase_floors":[5,5],"current_hp_per_floor":[85,85,81,81,81,70,70,70,70,70,70,70,63,63,63,63,85,85,85],"gold":284,"neow_bonus":"UPGRADE_CARD","is_daily":false,"chose_seed":false,"campfire_upgraded":2,"win_rate":0.0,"timestamp":1611483043,"path_taken":["M","?","M","M","$","E","M","?","T","?","R","?","M","?","R","BOSS","M"],"items_purchased_type":["Relic","Card"],"build_version":"2020-12-22","purchased_purges":4,"victory":false,"max_hp_per_floor":[85,85,85,85,85,85,85,85,85,85,85,85,85,85,85,85,85,85,85],"relic_stats":{"Dream Catcher":0,"counters":[9,43],"Sundial":[2],"Whetstone":["theDragonkin:ControlledBreath","theDragonkin:HolyShock"],"War Paint":["theDragonkin:Defend","theDragonkin:Defend"],"obtain_stats":[{"Dream Catcher":8,"theDragonkin:GarnetScale":0,"Sundial":9,"Velvet Choker":17,"Whetstone":5,"War Paint":6},{"Dream Catcher":5,"theDragonkin:GarnetScale":0,"Sundial":5,"Velvet Choker":8,"Whetstone":3,"War Paint":4},{"Dream Catcher":22,"theDragonkin:GarnetScale":0,"Sundial":22,"Velvet Choker":39,"Whetstone":9,"War Paint":18}]},"card_choices":[{"not_picked":["theDragonkin:ShieldGlare","theDragonkin:ControlledBreath"],"picked":"theDragonkin:DivineBreath","floor":1},{"not_picked":["theDragonkin:ControlledBreath","theDragonkin:MagnussCorona"],"picked":"theDragonkin:HolyShock","floor":3},{"not_picked":["theDragonkin:AcidBreath","theDragonkin:AncestralSeance"],"picked":"theDragonkin:ControlledBreath","floor":4},{"not_picked":["theDragonkin:MagnussCorona","theDragonkin:DivineJolt"],"picked":"theDragonkin:PrismaticBreath","floor":6},{"not_picked":["theDragonkin:BurningRage","theDragonkin:GooGrip"],"picked":"theDragonkin:SandBreath","floor":7},{"not_picked":["theDragonkin:Sizzle","theDragonkin:MiasmicBreath"],"picked":"theDragonkin:VoiceofOrder","floor":10},{"not_picked":["theDragonkin:VoiceofOrder","theDragonkin:ShieldGlare"],"picked":"theDragonkin:HolyWordBarrier","floor":13},{"not_picked":["theDragonkin:InfernoWard","theDragonkin:MirrorBreath"],"picked":"theDragonkin:CrusaderForm","floor":16}],"player_experience":701160,"relics_obtained":[{"floor":6,"key":"War Paint"},{"floor":9,"key":"Sundial"}],"event_choices":[{"damage_healed":0,"gold_gain":79,"player_choice":"Gained Gold","damage_taken":0,"max_hp_gain":0,"max_hp_loss":0,"event_name":"Golden Wing","floor":2,"gold_loss":0},{"damage_healed":0,"gold_gain":30,"player_choice":"Searched \u00273\u0027 times","damage_taken":0,"relics_obtained":["Dream Catcher"],"max_hp_gain":0,"max_hp_loss":0,"event_name":"Dead Adventurer","floor":8,"gold_loss":0},{"damage_healed":0,"gold_gain":0,"player_choice":"Got Potions","damage_taken":0,"max_hp_gain":0,"max_hp_loss":0,"event_name":"Lab","floor":14,"gold_loss":0}],"is_beta":false,"boss_relics":[{"not_picked":["Black Star","SacredBark"],"picked":"Velvet Choker"}],"items_purged_floors":[5,5,5,5],"is_endless":false,"potions_floor_spawned":[1,7,13],"killed_by":"Spheric Guardian","ascension_level":0}}