{"host":"9n6i2vl93jt4o42q","time":1611446766,"event":{"mods":["BaseMod","Minty Spire (QoL Compilation)","Relic Stats"],"gold_per_floor":[113,113,127,0,15,15,34,67,92,105,140,23,23,56,56,130,130,148,148,148,148,148],"floor_reached":21,"language":"ENG","playtime":1128,"items_purged":["Parasite"],"score":394,"play_id":"5a8ad762-d4e1-4265-bd0d-50c2146789a6","local_time":"20210124010606","is_ascension_mode":true,"campfire_choices":[{"data":"Sweeping Beam","floor":6,"key":"SMITH"},{"floor":13,"key":"REST"},{"floor":15,"key":"REST"}],"circlet_count":0,"master_deck":["AscendersBane","Strike_B","Defend_B","Defend_B","Defend_B","Defend_B","Zap+1","Dualcast","Core Surge","Sweeping Beam+1","BootSequence","Cold Snap","Go for the Eyes","Beam Cell","Sunder","Hologram","Compile Driver","Glacier","Blizzard","Loop","Electrodynamics","Electrodynamics+1","Amplify+1","Heatsinks+1","Conserve Battery+1","Decay"],"relics":["Cracked Core","Art of War","Boot","Akabeko","Calipers","Astrolabe"],"acts_visited":["Exordium","TheCity"],"potions_floor_usage":[11],"damage_taken":[{"damage":14,"enemies":"Jaw Worm","floor":1,"turns":4},{"damage":0,"enemies":"Cultist","floor":3,"turns":2},{"damage":0,"enemies":"2 Louse","floor":5,"turns":1},{"damage":0,"enemies":"2 Fungi Beasts","floor":7,"turns":2},{"damage":18,"enemies":"Lagavulin","floor":8,"turns":7},{"damage":0,"enemies":"Large Slime","floor":10,"turns":3},{"damage":18,"enemies":"3 Sentries","floor":11,"turns":4},{"damage":23,"enemies":"Lagavulin","floor":14,"turns":4},{"damage":19,"enemies":"Slime Boss","floor":16,"turns":9},{"damage":35,"enemies":"Shell Parasite","floor":18,"turns":5},{"damage":22,"enemies":"Chosen","floor":21,"turns":3}],"seed_played":"-4697047261834533265","potions_obtained":[{"floor":3,"key":"Strength Potion"},{"floor":7,"key":"BlessingOfTheForge"}],"is_trial":false,"path_per_floor":["M","?","M","$","M","R","M","E","T","M","E","$","R","E","R","B",null,"M","?","?","M"],"character_chosen":"DEFECT","items_purchased":["Cold Snap","Glacier","Blizzard"],"campfire_rested":2,"item_purchase_floors":[4,12,12],"current_hp_per_floor":[50,50,50,50,50,50,50,32,32,32,14,14,34,11,31,12,54,19,19,19,0,0],"gold":148,"neow_bonus":"THREE_RARE_CARDS","is_daily":false,"chose_seed":false,"campfire_upgraded":1,"win_rate":0.0,"timestamp":1611446766,"path_taken":["M","?","M","?","M","R","M","E","T","M","E","$","R","E","R","BOSS","M","?","?","M"],"items_purchased_type":["Card","Card","Card"],"build_version":"2020-12-22","purchased_purges":1,"victory":false,"max_hp_per_floor":[71,71,71,68,68,68,68,68,68,68,68,68,68,68,68,68,68,68,68,68,68,68],"relic_stats":{"counters":[11,44],"Astrolabe":["Electrodynamics","Amplify","Heatsinks"],"Art of War":[2],"Boot":[25],"obtain_stats":[{"Calipers":14,"Astrolabe":17,"Art of War":8,"Cracked Core":0,"Boot":9,"Akabeko":11},{"Calipers":8,"Astrolabe":9,"Art of War":5,"Cracked Core":0,"Boot":5,"Akabeko":7},{"Calipers":27,"Astrolabe":36,"Art of War":16,"Cracked Core":0,"Boot":16,"Akabeko":23}]},"card_choices":[{"not_picked":["All For One","Echo Form"],"picked":"Core Surge","floor":0},{"not_picked":["Recycle","Go for the Eyes"],"picked":"Sweeping Beam","floor":1},{"not_picked":["Reinforced Body","Coolheaded"],"picked":"BootSequence","floor":3},{"not_picked":["Leap","Sweeping Beam"],"picked":"Go for the Eyes","floor":5},{"not_picked":["Lockon","Barrage"],"picked":"Beam Cell","floor":7},{"not_picked":["Consume","Streamline"],"picked":"Sunder","floor":8},{"not_picked":["Hyperbeam","Gash"],"picked":"Hologram","floor":10},{"not_picked":["Go for the Eyes","Rebound"],"picked":"Compile Driver","floor":11},{"not_picked":["Genetic Algorithm","Turbo"],"picked":"Loop","floor":14},{"not_picked":["Multi-Cast","Creative AI"],"picked":"Electrodynamics","floor":16},{"not_picked":["Rebound","Stack"],"picked":"Conserve Battery+1","floor":18}],"player_experience":2253293,"relics_obtained":[{"floor":8,"key":"Art of War"},{"floor":9,"key":"Boot"},{"floor":11,"key":"Akabeko"},{"floor":14,"key":"Calipers"}],"event_choices":[{"damage_healed":0,"gold_gain":0,"player_choice":"Forge","damage_taken":0,"max_hp_gain":0,"max_hp_loss":0,"event_name":"Accursed Blacksmith","floor":2,"gold_loss":0,"cards_upgraded":["Zap"]},{"damage_healed":0,"gold_gain":0,"player_choice":"Smashed Altar","damage_taken":0,"max_hp_gain":0,"max_hp_loss":0,"event_name":"Forgotten Altar","floor":19,"gold_loss":0,"cards_obtained":["Decay"]},{"damage_healed":0,"gold_gain":0,"player_choice":"Ignored","damage_taken":0,"max_hp_gain":0,"max_hp_loss":0,"event_name":"The Mausoleum","floor":20,"gold_loss":0}],"is_beta":false,"boss_relics":[{"not_picked":["Sozu","Tiny House"],"picked":"Astrolabe"}],"items_purged_floors":[4],"is_endless":false,"potions_floor_spawned":[3,7],"killed_by":"Chosen","ascension_level":20}}