{"host":"0vd2boh2oi7jm085","time":1611452606,"event":{"mods":["BaseMod","Colored Map","Colored Powertips","Highlight Path","Minty Spire (QoL Compilation)","Quick Restart","StSLib","The IronCluck"],"gold_per_floor":[117,117,267,267,4,37,37,61,85,85,103,116,41,91,91,187,250,263,313,56,56,56],"floor_reached":21,"language":"ENG","playtime":305,"items_purged":["Doubt","Injury"],"score":390,"play_id":"bf270f08-6317-477b-8810-d20673b62162","local_time":"20210123174326","is_ascension_mode":true,"campfire_choices":[{"data":"Bash","floor":7.0,"key":"SMITH"},{"data":"Spot Weakness","floor":10.0,"key":"SMITH"},{"floor":15.0,"key":"REST"}],"circlet_count":0,"master_deck":["AscendersBane","Strike_R","Strike_R","Strike_R","Strike_R","Strike_R","Defend_R","Defend_R","Defend_R","Defend_R","Bash+1","Thunderclap+1","Spot Weakness+1","Infernal Blade","Inflame","Bludgeon+1","Bloodletting"],"relics":["Burning Blood","NeowsBlessing","Golden Idol","Paper Frog","White Beast Statue","Dream Catcher","Vajra","Tiny House","Red Skull"],"acts_visited":["Exordium","TheCity"],"potions_floor_usage":[21],"damage_taken":[{"damage":0.0,"enemies":"Jaw Worm","floor":1.0,"turns":1.0},{"damage":0.0,"enemies":"3 Sentries","floor":6.0,"turns":1.0},{"damage":0.0,"enemies":"Small Slimes","floor":8.0,"turns":1.0},{"damage":12.0,"enemies":"Cultist","floor":11.0,"turns":4.0},{"damage":23.0,"enemies":"Exordium Thugs","floor":12.0,"turns":5.0},{"damage":51.0,"enemies":"Slime Boss","floor":16.0,"turns":9.0},{"damage":63.0,"enemies":"Spheric Guardian","floor":18.0,"turns":6.0},{"damage":0,"enemies":"3 Byrds","floor":21,"turns":1}],"seed_played":"-1449024260251852263","potions_obtained":[{"floor":1.0,"key":"Swift Potion"},{"floor":6.0,"key":"SteroidPotion"},{"floor":16.0,"key":"SteroidPotion"}],"is_trial":false,"path_per_floor":["M","?","?","?","$","E","R","M","T","R","M","M","$","T","R","B",null,"M","?","$","M"],"character_chosen":"IRONCLAD","items_purchased":["Paper Frog","Red Skull"],"campfire_rested":1,"item_purchase_floors":[5,20],"current_hp_per_floor":[74,74,74,74,74,75,75,75,75,75,69,52,52,52,74,29,69,12,12,12,12,12],"gold":56,"neow_bonus":"THREE_ENEMY_KILL","is_daily":false,"chose_seed":false,"campfire_upgraded":2,"win_rate":0.0,"timestamp":1611452606,"path_taken":["M","?","?","?","$","E","R","?","T","R","M","M","?","?","R","BOSS","M","?","$","?"],"items_purchased_type":["Relic","Relic"],"build_version":"2020-12-22","purchased_purges":2,"victory":false,"max_hp_per_floor":[75,75,75,75,75,75,75,75,75,75,75,75,75,75,75,75,80,80,80,80,80,80],"card_choices":[{"not_picked":["Reckless Charge","Headbutt"],"picked":"Thunderclap","floor":1.0},{"not_picked":["True Grit","Sever Soul","Havoc"],"picked":"SKIP","floor":6.0},{"not_picked":["Armaments","Warcry"],"picked":"Spot Weakness","floor":8.0},{"not_picked":["Rampage","True Grit"],"picked":"Infernal Blade","floor":11.0},{"not_picked":["Shrug It Off","Berserk"],"picked":"Inflame","floor":12.0},{"not_picked":["Corruption","Impervious"],"picked":"Bludgeon","floor":16.0},{"not_picked":["Ghostly Armor","Disarm"],"picked":"Bloodletting","floor":18.0}],"player_experience":110850,"relics_obtained":[{"floor":6.0,"key":"White Beast Statue"},{"floor":9.0,"key":"Dream Catcher"},{"floor":14.0,"key":"Vajra"}],"event_choices":[{"damage_healed":0.0,"max_hp_gain":0.0,"max_hp_loss":0.0,"gold_gain":0.0,"event_name":"Living Wall","player_choice":"Grow","floor":2.0,"gold_loss":0.0,"damage_taken":0.0,"cards_upgraded":["Thunderclap"]},{"damage_healed":0.0,"max_hp_gain":0.0,"max_hp_loss":0.0,"gold_gain":150.0,"event_name":"Liars Game","player_choice":"AGREE","floor":3.0,"gold_loss":0.0,"damage_taken":0.0,"cards_obtained":["Doubt"]},{"damage_healed":0.0,"max_hp_gain":0.0,"max_hp_loss":0.0,"gold_gain":0.0,"event_name":"Golden Idol","player_choice":"Take Wound","floor":4.0,"gold_loss":0.0,"damage_taken":0.0,"relics_obtained":["Golden Idol"],"cards_obtained":["Injury"]},{"damage_healed":0.0,"max_hp_gain":0.0,"max_hp_loss":0.0,"gold_gain":50.0,"event_name":"Golden Shrine","player_choice":"Pray","floor":19.0,"gold_loss":0.0,"damage_taken":0.0}],"is_beta":false,"boss_relics":[{"not_picked":["Coffee Dripper","Cursed Key"],"picked":"Tiny House"}],"items_purged_floors":[13,20],"is_endless":false,"potions_floor_spawned":[1,6,8,11,12,16,18],"killed_by":"3 Byrds","ascension_level":19}}