{"host":"ci7ivtocgfxh0ueo","time":1611461921,"event":{"mods":["BaseMod","GifTheSpireLib","Minty Spire (QoL Compilation)","StSLib"],"gold_per_floor":[11,11,11,29,29,61,75,92,118,148,148,148,160,175,175,248,248,258,12,12,23,73,102,102,102],"floor_reached":24,"language":"ZHT","playtime":584,"items_purged":[],"score":429,"play_id":"a9c588e8-e663-4728-afd4-88f57e7c27fb","local_time":"20210124121841","is_ascension_mode":true,"campfire_choices":[{"floor":11,"key":"REST"},{"floor":15,"key":"REST"}],"circlet_count":0,"master_deck":["AscendersBane","Strike_R","Strike_R","Strike_R","Strike_R","Strike_R","Defend_R","Defend_R","Defend_R","Defend_R","Bash","Apotheosis+1","Blood for Blood+1","Fire Breathing","Whirlwind","Battle Trance","Dropkick","Decay","Feel No Pain","Demon Form","Second Wind","Headbutt","Fire Breathing"],"relics":["Burning Blood","Potion Belt","Vajra","Orichalcum","Cursed Key","PreservedInsect"],"acts_visited":["Exordium","TheCity"],"potions_floor_usage":[16,16,16,21,23,24],"damage_taken":[{"damage":6,"enemies":"2 Louse","floor":1,"turns":4},{"damage":7,"enemies":"Jaw Worm","floor":4,"turns":4},{"damage":8,"enemies":"Gremlin Nob","floor":6,"turns":3},{"damage":6,"enemies":"Cultist","floor":7,"turns":3},{"damage":20,"enemies":"Red Slaver","floor":8,"turns":4},{"damage":40,"enemies":"Lagavulin","floor":10,"turns":6},{"damage":0,"enemies":"2 Fungi Beasts","floor":13,"turns":3},{"damage":14,"enemies":"Exordium Thugs","floor":14,"turns":4},{"damage":35,"enemies":"Slime Boss","floor":16,"turns":6},{"damage":0,"enemies":"Chosen","floor":18,"turns":5},{"damage":11,"enemies":"Shell Parasite","floor":21,"turns":4},{"damage":65,"enemies":"Slavers","floor":23,"turns":6},{"damage":12,"enemies":"Centurion and Healer","floor":24,"turns":3}],"seed_played":"-7003470573899919536","potions_obtained":[{"floor":10,"key":"FearPotion"},{"floor":13,"key":"DistilledChaos"},{"floor":14,"key":"LiquidBronze"},{"floor":16,"key":"Fruit Juice"},{"floor":23,"key":"SkillPotion"}],"is_trial":false,"path_per_floor":["M","?","?","M","$","E","M","M","T","E","R","?","M","M","R","B",null,"M","$","?","M","?","E","M"],"character_chosen":"IRONCLAD","items_purchased":["Energy Potion","CultistPotion","LiquidMemories"],"campfire_rested":2,"item_purchase_floors":[19,19,19],"current_hp_per_floor":[68,68,68,67,67,65,65,51,51,17,39,39,45,37,59,35,69,75,75,75,70,70,11,0,0],"gold":102,"neow_bonus":"RANDOM_COLORLESS_2","is_daily":false,"chose_seed":false,"campfire_upgraded":0,"win_rate":0.0,"timestamp":1611461921,"path_taken":["M","?","?","?","?","E","M","M","T","E","R","?","?","M","R","BOSS","M","$","?","M","?","E","M"],"items_purchased_type":["Potion","Potion","Potion"],"build_version":"2020-12-22","purchased_purges":0,"victory":false,"max_hp_per_floor":[75,75,75,75,75,75,75,75,75,75,75,75,75,75,75,80,80,80,80,80,80,80,80,80,80],"card_choices":[{"not_picked":["Metamorphosis","Violence"],"picked":"Apotheosis","floor":0},{"not_picked":["Clash","Searing Blow"],"picked":"Blood for Blood","floor":1},{"not_picked":["Perfected Strike","Headbutt"],"picked":"Fire Breathing","floor":4},{"not_picked":["Evolve","Clothesline","Wild Strike"],"picked":"SKIP","floor":6},{"not_picked":["Thunderclap","Perfected Strike"],"picked":"Whirlwind","floor":7},{"not_picked":["Clothesline","Pommel Strike"],"picked":"Battle Trance","floor":8},{"not_picked":["Whirlwind","Reckless Charge"],"picked":"Dropkick","floor":10},{"not_picked":["Sword Boomerang","Clothesline","Dual Wield"],"picked":"SKIP","floor":13},{"not_picked":["Body Slam","Clothesline"],"picked":"Feel No Pain","floor":14},{"not_picked":["Fiend Fire","Brutality"],"picked":"Demon Form","floor":16},{"not_picked":["Body Slam","Headbutt"],"picked":"Second Wind","floor":18},{"not_picked":["Body Slam","Iron Wave"],"picked":"Headbutt","floor":21},{"not_picked":["Barricade","Evolve+1"],"picked":"Fire Breathing","floor":23}],"player_experience":1355691,"relics_obtained":[{"floor":6,"key":"Potion Belt"},{"floor":9,"key":"Vajra"},{"floor":10,"key":"Orichalcum"},{"floor":23,"key":"PreservedInsect"}],"event_choices":[{"damage_healed":0,"gold_gain":0,"player_choice":"Grow","damage_taken":0,"max_hp_gain":0,"max_hp_loss":0,"event_name":"Living Wall","floor":2,"gold_loss":0,"cards_upgraded":["Apotheosis"]},{"damage_healed":0,"gold_gain":0,"player_choice":"Upgraded","damage_taken":0,"max_hp_gain":0,"max_hp_loss":0,"event_name":"Upgrade Shrine","floor":3,"gold_loss":0,"cards_upgraded":["Blood for Blood"]},{"damage_healed":0,"gold_gain":0,"player_choice":"Cursed","damage_taken":0,"max_hp_gain":0,"max_hp_loss":0,"event_name":"Wheel of Change","floor":12,"gold_loss":0,"cards_obtained":["Decay"]},{"damage_healed":0,"gold_gain":0,"player_choice":"Ignored","damage_taken":0,"max_hp_gain":0,"max_hp_loss":0,"event_name":"Ghosts","floor":20,"gold_loss":0},{"damage_healed":0,"gold_gain":50,"player_choice":"Stole From Cult","damage_taken":0,"max_hp_gain":0,"max_hp_loss":0,"event_name":"Nest","floor":22,"gold_loss":0}],"is_beta":false,"boss_relics":[{"not_picked":["Sozu","Velvet Choker"],"picked":"Cursed Key"}],"items_purged_floors":[],"is_endless":false,"potions_floor_spawned":[10,13,14,16,23],"killed_by":"Centurion and Healer","ascension_level":18}}