{"host":"y76clbnovzmw9ubx","time":1611519564,"event":{"mods":["AchievementEnabler","BaseMod","Minty Spire (QoL Compilation)","Permanent Neow","Relic Stats"],"gold_per_floor":[112,131,150,170,170,170,196,209,209,209,223,223,257,275,275,275,275],"floor_reached":16,"language":"ENG","playtime":1760,"items_purged":[],"score":228,"play_id":"ff8e1d68-298c-4a9c-8b56-0f859e18978b","local_time":"20210124151924","is_ascension_mode":true,"campfire_choices":[{"data":"Corpse Explosion","floor":6,"key":"SMITH"},{"floor":10,"key":"REST"},{"floor":15,"key":"REST"}],"circlet_count":0,"master_deck":["AscendersBane","Strike_G","Strike_G","Strike_G","Strike_G","Defend_G","Defend_G","Defend_G","Defend_G","Defend_G","Survivor","Neutralize","Corpse Explosion+1","Dagger Spray","Infinite Blades","Slice","Dodge and Roll","Neutralize","Poisoned Stab","Skewer","Cloak And Dagger","Skewer","A Thousand Cuts","Catalyst"],"relics":["Ring of the Snake","Strawberry","Oddly Smooth Stone","Tiny Chest"],"acts_visited":["Exordium"],"potions_floor_usage":[7,7,13,13,14],"damage_taken":[{"damage":6,"enemies":"Small Slimes","floor":1,"turns":7},{"damage":3,"enemies":"Cultist","floor":2,"turns":4},{"damage":5,"enemies":"2 Louse","floor":3,"turns":3},{"damage":7,"enemies":"Exordium Wildlife","floor":4,"turns":3},{"damage":20,"enemies":"Gremlin Nob","floor":7,"turns":4},{"damage":2,"enemies":"3 Louse","floor":8,"turns":4},{"damage":8,"enemies":"Looter","floor":11,"turns":3},{"damage":15,"enemies":"Lagavulin","floor":13,"turns":6},{"damage":12,"enemies":"Exordium Thugs","floor":14,"turns":3},{"damage":48,"enemies":"Slime Boss","floor":16,"turns":9}],"seed_played":"-5810141174701709243","potions_obtained":[{"floor":1,"key":"Swift Potion"},{"floor":4,"key":"ColorlessPotion"},{"floor":7,"key":"Regen Potion"},{"floor":8,"key":"CunningPotion"},{"floor":13,"key":"CunningPotion"}],"is_trial":false,"path_per_floor":["M","M","M","M","?","R","E","M","T","R","M","?","E","M","R","B"],"character_chosen":"THE_SILENT","items_purchased":[],"campfire_rested":2,"item_purchase_floors":[],"current_hp_per_floor":[53,50,45,38,38,38,25,23,23,43,35,35,35,23,43,0,0],"gold":275,"neow_bonus":"THREE_RARE_CARDS","is_daily":false,"chose_seed":false,"campfire_upgraded":1,"win_rate":0.0,"timestamp":1611519564,"path_taken":["M","M","M","M","?","R","E","M","T","R","?","?","E","M","R","BOSS"],"items_purchased_type":[],"build_version":"2020-12-22","purchased_purges":0,"victory":false,"max_hp_per_floor":[60,60,60,60,60,60,67,67,67,67,67,67,67,67,67,67,67],"relic_stats":{"counters":[10,46],"Tiny Chest":0,"obtain_stats":[{"Strawberry":7,"Oddly Smooth Stone":9,"Tiny Chest":13,"Ring of the Snake":0},{"Strawberry":5,"Oddly Smooth Stone":6,"Tiny Chest":8,"Ring of the Snake":0},{"Strawberry":21,"Oddly Smooth Stone":25,"Tiny Chest":34,"Ring of the Snake":0}],"Ring of the Snake":[20]},"card_choices":[{"not_picked":["Doppelganger","A Thousand Cuts"],"picked":"Corpse Explosion","floor":0},{"not_picked":["Endless Agony","Quick Slash"],"picked":"Dagger Spray","floor":1},{"not_picked":["Setup","Backflip"],"picked":"Infinite Blades","floor":2},{"not_picked":["Dagger Spray","Leg Sweep"],"picked":"Slice","floor":3},{"not_picked":["Crippling Poison","Dagger Spray"],"picked":"Dodge and Roll","floor":4},{"not_picked":["Infinite Blades","Backflip"],"picked":"Poisoned Stab","floor":7},{"not_picked":["Outmaneuver","Dodge and Roll"],"picked":"Skewer","floor":8},{"not_picked":["Flying Knee","Choke"],"picked":"Cloak And Dagger","floor":11},{"not_picked":["Flying Knee","Backflip"],"picked":"A Thousand Cuts","floor":13},{"not_picked":["Eviscerate","Bouncing Flask"],"picked":"Catalyst","floor":14}],"player_experience":3116993,"relics_obtained":[{"floor":7,"key":"Strawberry"},{"floor":9,"key":"Oddly Smooth Stone"},{"floor":13,"key":"Tiny Chest"}],"event_choices":[{"damage_healed":0,"gold_gain":0,"player_choice":"1 cards matched","damage_taken":0,"max_hp_gain":0,"max_hp_loss":0,"event_name":"Match and Keep!","floor":5,"gold_loss":0,"cards_obtained":["Neutralize"]},{"damage_healed":0,"gold_gain":0,"cards_transformed":["Strike_G"],"player_choice":"Transformed","damage_taken":0,"max_hp_gain":0,"max_hp_loss":0,"event_name":"Transmorgrifier","floor":12,"gold_loss":0,"cards_obtained":["Skewer"]}],"is_beta":false,"boss_relics":[],"items_purged_floors":[],"is_endless":false,"potions_floor_spawned":[1,4,7,8,13],"killed_by":"Slime Boss","ascension_level":20}}