{"host":"t5h83eruwt5lxl3o","time":1611472750,"event":{"mods":["AchievementEnabler","Act Like it!","BaseMod","CapriCore","Colored Map","DeckTracker","Hermit","Highlight Path","Koishi","Marisa£¨Ùöéë¡¡Øª×âÞÞ£©","Minty Spire (QoL Compilation)","Permanent Neow","Quick Restart","StSLib","SuperFastMode","The Cursed","The Immortal","everything is the same but u backflip on backflip"],"gold_per_floor":[12,30,30,205,58,58,102,123,123,2,42,62,62,62,62,62,62],"floor_reached":16,"language":"KOR","playtime":473,"items_purged":["Doubt"],"score":213,"play_id":"6b919188-cd0d-4117-87e0-0ab7c78a66b1","local_time":"20210124161910","is_ascension_mode":true,"campfire_choices":[{"data":"Eruption","floor":6.0,"key":"SMITH"},{"data":"Adaptation","floor":13.0,"key":"SMITH"},{"data":"Adaptation","floor":15.0,"key":"SMITH"}],"circlet_count":0,"master_deck":["AscendersBane","Strike_P","Strike_P","Strike_P","Strike_P","Defend_P+1","Defend_P","Defend_P","Eruption+1","Vigilance+1","Ragnarok","Crescendo","Conclude","Adaptation+1","Adaptation","Adaptation+1","Flash of Steel","Vault","EmptyFist"],"relics":["PureWater","Golden Idol","StrikeDummy","Matryoshka","War Paint"],"acts_visited":["Exordium"],"potions_floor_usage":[16],"damage_taken":[{"damage":0.0,"enemies":"Jaw Worm","floor":1.0,"turns":4.0},{"damage":5.0,"enemies":"Small Slimes","floor":2.0,"turns":4.0},{"damage":0.0,"enemies":"Lagavulin","floor":7.0,"turns":2.0},{"damage":0.0,"enemies":"Cultist","floor":8.0,"turns":2.0},{"damage":10.0,"enemies":"3 Sentries","floor":11.0,"turns":5.0},{"damage":0.0,"enemies":"3 Louse","floor":12.0,"turns":1.0},{"damage":27,"enemies":"The Guardian","floor":16,"turns":5}],"seed_played":"-3667602062732091051","potions_obtained":[{"floor":1.0,"key":"SneckoOil"},{"floor":8.0,"key":"Block Potion"},{"floor":12.0,"key":"FearPotion"}],"is_trial":false,"path_per_floor":["M","M","?","?","$","R","E","M","T","$","E","M","R","?","R","B"],"character_chosen":"WATCHER","items_purchased":["Conclude","Adaptation","Flash of Steel"],"campfire_rested":0,"item_purchase_floors":[5,10,10],"current_hp_per_floor":[65,60,42,42,42,42,42,42,42,42,32,32,32,25,25,0,0],"gold":62,"neow_bonus":"THREE_RARE_CARDS","is_daily":false,"chose_seed":false,"campfire_upgraded":3,"win_rate":0.0,"timestamp":1611472750,"path_taken":["M","M","?","?","$","R","E","M","T","$","E","M","R","?","R","BOSS"],"items_purchased_type":["Card","Card","Card"],"build_version":"2020-12-22","purchased_purges":1,"victory":false,"max_hp_per_floor":[72,72,72,72,72,72,72,72,72,72,72,72,72,72,72,72,72],"card_choices":[{"not_picked":["Omniscience","Establishment"],"picked":"Ragnarok","floor":0.0},{"not_picked":["Weave","ThirdEye","EmptyBody"],"picked":"SKIP","floor":1.0},{"not_picked":["Collect","Wallop"],"picked":"Crescendo","floor":2.0},{"not_picked":["PathToVictory","SashWhip"],"picked":"Adaptation","floor":7.0},{"not_picked":["Evaluate","Crescendo"],"picked":"Adaptation","floor":8.0},{"not_picked":["ThirdEye","PathToVictory"],"picked":"Vault","floor":11.0},{"not_picked":["CrushJoints","DevaForm"],"picked":"EmptyFist","floor":12.0}],"player_experience":659651,"relics_obtained":[{"floor":7.0,"key":"StrikeDummy"},{"floor":9.0,"key":"Matryoshka"},{"floor":11.0,"key":"War Paint"}],"event_choices":[{"damage_healed":0.0,"max_hp_gain":0.0,"max_hp_loss":0.0,"gold_gain":0.0,"event_name":"Golden Idol","player_choice":"Take Damage","floor":3.0,"gold_loss":0.0,"damage_taken":18.0,"relics_obtained":["Golden Idol"]},{"damage_healed":0.0,"max_hp_gain":0.0,"max_hp_loss":0.0,"gold_gain":175.0,"event_name":"Liars Game","player_choice":"AGREE","floor":4.0,"gold_loss":0.0,"damage_taken":0.0,"cards_obtained":["Doubt"]},{"cards_removed":["Defend_P"],"damage_healed":0.0,"max_hp_gain":0.0,"max_hp_loss":0.0,"gold_gain":0.0,"event_name":"Golden Wing","player_choice":"Card Removal","floor":14.0,"gold_loss":0.0,"damage_taken":7.0}],"is_beta":false,"boss_relics":[],"items_purged_floors":[5],"is_endless":false,"potions_floor_spawned":[1,8,12],"killed_by":"The Guardian","ascension_level":12}}