{"host":"ylxam20yo7j5dy26","time":1611484323,"event":{"mods":["100% Spire Juice","ATMod(°¢èªMod)","Act Like it!","Aspiration","BaseMod","BetterRewards","Conspire","Defuse TimeMaze Blight","Downfall","Energized Spire","Gensokyo","GungeonMod","Hubris","Infinite Spire","Jedi Mod","KomeijiMod","Marisa£¨ìFÓê¡¡Ä§ÀíÉ³£©","Minty Spire (QoL Compilation)","MostiFishMod","Quarter Circle Forward PUNCH!","Quick Restart","Reimu£¨²©ÀöÁéÃÎ£©","Remilia£¨ÀÙÃ×ÀòÑÇ£©","Replay The Spire","Robot Space Explorer","RumiaBox-Â¶Ã×æ«µÄÉñÃØºÐ×Ó","Spicy Shops","StSLib","TestMod","The Jungle","The Runesmith","vexMod","¡¾¹¦ÄÜMod¡¿»ìãçÖ®»·ÐÞ¸´²¹¶¡","¡¾ÒÅÎï¿¨ÅÆ¡¿REMEMod"],"gold_per_floor":[119,119,137,137,137,170,170,196,270,270,270,270,307,338,338,434,434,445,445,445,479,517,546,546,584,584,617,632,656,685,685,685,790,790,807,807,807,842,897,1000,1148,1189,1266,1329,1329,1436,1436,1558,1558,1778,1778,1821,1821,1721,1721,1762,2036,2036,2191,2191,2191,2191,2191],"floor_reached":62,"language":"ZHS","playtime":5763,"items_purged":["Steam+1"],"score":1602,"play_id":"d6ab644d-34ce-48b8-83b6-cdbea38f3e52","local_time":"20210124183203","daily_mods":["SealedDeck","Flight","Elite Swarm"],"is_ascension_mode":true,"campfire_choices":[{"data":"BasicCrystalCard","floor":7.0,"key":"SMITH"},{"data":"BasicCrystalCard","floor":7.0,"key":"SMITH"},{"data":"Mirror Shield","floor":10.0,"key":"SMITH"},{"data":"jedi:meditation","floor":10.0,"key":"SMITH"},{"data":"Redo","floor":11.0,"key":"SMITH"},{"data":"AT_WaterDrop","floor":11.0,"key":"SMITH"},{"data":"MostiFishMod:DawningShadow+1","floor":15.0,"key":"SMITH"},{"data":"MostiFishMod:DawningShadow+2","floor":15.0,"key":"SMITH"},{"data":"AT_RightCognition+1","floor":24.0,"key":"SMITH"},{"data":"jedi:meditation+1","floor":24.0,"key":"SMITH"},{"data":"Mirror Shield+2","floor":32.0,"key":"SMITH"},{"data":"AT_WaterDrop+1","floor":32.0,"key":"SMITH"},{"data":"MostiFishMod:DawningShadow+3","floor":49.0,"key":"SMITH"},{"data":"MostiFishMod:DawningShadow+4","floor":49.0,"key":"SMITH"},{"data":"MostiFishMod:DawningShadow+5","floor":58.0,"key":"SMITH"},{"data":"MostiFishMod:DawningShadow+6","floor":58.0,"key":"SMITH"}],"circlet_count":0,"master_deck":["jedi:BurstFrost+1","Rebound","Conserve Battery+1","Redo+1","Hologram","Cold Snap+1","BasicCrystalCard+1","BasicCrystalCard+1","AT_WaterDrop+2","Mirror Shield+3","jedi:meditation+2","MostiFishMod:DawningShadow+7","Creative AI+1","AT_RightCognition+2","MostiFishMod:ActiveDefenseSystem+1","MostiFishMod:ReadyAimFire+1","ReplayRNGCard+1","Crystallizer+1"],"relics":["Cracked Core","AT_ATBox","DaveBox","REME_ComplimentaryCards","jedi:maincommand","testmod-TestBox","DianPoetry","testmod-Motorcycle","DemoMod:GlassGuonStoneRelic","SynthV:TestCard","Replay:Arrowhead","Replay:Bandana","aspiration:SeaSaltIceCream","DiscerningMonocle","REME_LimitBreaker","Civilization","The Courier","Guide Book","Singing Bowl","PreservedInsect","Replay:Ringing Soul","conspire:InfiniteJournal","Frozen Egg 2","InkBottle","Symbiotic Virus","infinitespire:Lucky Rock","Replay:Antivirus Software","infinitespire:Beetle Shell","BreadOfAWashokuLover","AT_ArchangelStaff","hubris:BallOfYels","DemoMod:MonsterBlood","Smiling Mask","MagicDraw1","aspiration:EnhancedActuators","DemoMod:PinkGuonStone","vexMod:FocusSash","DemoMod:Antibody","War Paint","Oddly Smooth Stone","vexMod:HeadHunter","Pear","ReplayTheSpireMod:Lightbulb","Shuriken","Tiny Chest","Blood Vial","conspire:Dentures","Champion Belt","GodSword4","Replay:Multitool","hubris:SlimyHat","Anchor","StoneCalendar","AT_LudenTempest","aspiration:TomeofQuesting","AT_Manta","GodSword3","GodSword7","SSSystem","infinitespire:Joker Card","infinitespire:FocusingShard","DemoMod:SevenLeafClover","Juzu Bracelet","infinitespire:PuzzleCube","Regal Pillow","Replay:Wax Seal","AT_EbonyIvory","Kunai","AT_ImmortalShieldbow","Onion Ring","Replay:Rubber Ducky","jedi:heavyjacket","vexMod:Dragonfruit","Question Card","Strawberry","aspiration:DSix","BionicSphere","infinitespire:SolderingIron","GodSword6","AT_DeathDance","ReplayTheSpireMod:Shallot","DianDianMeat","conspire:DeflatedDodgeball","testmod-Nyarlathotep","Gremlin Horn","DemoMod:Orange","Bag of Preparation","SecretRecord","Quantum Egg","Ginger","testmod-IndustrialRevolution","DaCapo","aspiration:FaultyCoupler","DataDisk","energizedSpire:MagnifyingGlass","Ice Cream","AT_ArcaneBoots","testmod-Maize","hubris:RGBLights","Replay:Baseball","RobotSpaceExplorer:ClockworkSextant","Eternal Feather","AT_ChloranthyRing","Bronze Scales","OrangePellets","Potion Belt","Toxic Egg 2","Blue Doll","Runic Capacitor","Cables","Damaru","qcfpunch:Wrestler\u0027s_Cloak","Whetstone","Happy Flower","Prayer Wheel","Lantern","testmod-CasingShield","testmod-TurbochargingSystem","Bag of Marbles","energizedSpire:UnstableMolecules","Dead Branch","PlanX","testmod-Register","hubris:EmptyBottle","AT_MibuBalloonWealth","infinitespire:Freezer","Vajra","GodSword5","GodSword1","Raider\u0027s Mask","StrikeDummy","AT_TheCollector","ReplayFunnel","Meat on the Bone","Bow_fan:ReiMu","DemoMod:SerJunkan","Pen Nib","conspire:TopHat","qcfpunch:Black_Training_Shirt","vexMod:PaidLearning","sneckomod:LoadedDie","qcfpunch:Spiky_Bracers","infinitespire:ShieldingShard","qcfpunch:Unceasing_Flame","qcfpunch:Army_Boots","hubris:SphereOfDissonance","hubris:TenFootPole","Simple Rune","qcfpunch:Red_Beret","Molten Egg 2","Geode","MawBank","aspiration:Lifesprig","qcfpunch:Red_Gi","CeramicFish","DemoMod:Metronome","Boot","DemoMod:MeltedRock","SynthV:C4","Ornamental Fan","White Beast Statue","WingedGreaves","hubris:MobiusCoin","ScarletDevilRocket","AT_ForceNature","jedi:superconductor","hubris:ToyBattleship","Durian","qcfpunch:Special_Ops_Insignia","RuthlessExorcism:ReiMu","Pet Ghost","qcfpunch:Red_Headband","vexMod:RetaliationKit","hubris:CuriousFeather","MagicDraw4","Emotion Chip","AT_BladeRuinedKing","aspiration:FetidBarrel","qcfpunch:Not_Strongest_Fighting_Style_Guidebook","infinitespire:Satchel","ZombieArmy","AmplifyWand","Carrot","hubris:Reverence","Runesmith:Nanobots","Mango","DemoMod:Junk","hubris:Potato","aspiration:RandomNobGenerator","DemoMod:DecoyRelic","AT_TimeSand","AT_RabadonDeathcap","AT_SpeedBoots","DemoMod:MeatBun","CaptainsWheel","hubris:OldNail","HornCleat","MealTicket","vexMod:InvisibilityCloak","Calipers","Paper Crane","HandDrill","Yang","Runesmith:AutoHammer","aspiration:PocketMushroom","Slimebound:MaxSlimesRelic","Blue Candle","ThornShield","AT_SunfireAegis","testmod-Alchemist","hubris:CrystalStatue","King of Hearts"],"acts_visited":["Exordium","TheCity","TheBeyond","Gensokyo:Gensokyo"],"potions_floor_usage":[],"damage_taken":[{"damage":0.0,"enemies":"Jaw Worm","floor":1.0,"turns":6.0},{"damage":0.0,"enemies":"Cultist","floor":3.0,"turns":3.0},{"damage":0.0,"enemies":"Lagavulin","floor":6.0,"turns":9.0},{"damage":0.0,"enemies":"3 Sentries","floor":8.0,"turns":7.0},{"damage":0.0,"enemies":"Lagavulin","floor":13.0,"turns":2.0},{"damage":0.0,"enemies":"3 Sentries","floor":14.0,"turns":2.0},{"damage":0.0,"enemies":"Hexaghost","floor":16.0,"turns":3.0},{"damage":0.0,"enemies":"conspire:FuzzyDice","floor":18.0,"turns":3.0},{"damage":0.0,"enemies":"Shell Parasite","floor":21.0,"turns":1.0},{"damage":0.0,"enemies":"Sentry and Sphere","floor":22.0,"turns":1.0},{"damage":0.0,"enemies":"Gremlin Leader","floor":23.0,"turns":2.0},{"damage":0.0,"enemies":"conspire:Head Lice","floor":25.0,"turns":2.0},{"damage":0.0,"enemies":"conspire:SneckoGhost","floor":27.0,"turns":1.0},{"damage":0.0,"enemies":"Cultist and Chosen","floor":28.0,"turns":1.0},{"damage":0.0,"enemies":"Nightmare","floor":30.0,"turns":1.0},{"damage":0.0,"enemies":"Collector","floor":33.0,"turns":2.0},{"damage":0.0,"enemies":"3 Shapes","floor":35.0,"turns":1.0},{"damage":0.0,"enemies":"conspire:MimicChest","floor":38.0,"turns":1.0},{"damage":0.0,"enemies":"Reptomancer","floor":40.0,"turns":1.0},{"damage":0.0,"enemies":"3 Darklings","floor":41.0,"turns":2.0},{"damage":0.0,"enemies":"Writhing Mass","floor":42.0,"turns":1.0},{"damage":0.0,"enemies":"R_Hoarder","floor":44.0,"turns":2.0},{"damage":0.0,"enemies":"2 Orb Walkers","floor":46.0,"turns":1.0},{"damage":0.0,"enemies":"4 Shapes","floor":48.0,"turns":1.0},{"damage":0.0,"enemies":"Time Eater","floor":50.0,"turns":3.0},{"damage":0.0,"enemies":"Gensokyo:Python","floor":52.0,"turns":1.0},{"damage":0.0,"enemies":"Gensokyo:Gryphon","floor":56.0,"turns":1.0},{"damage":0.0,"enemies":"Gensokyo:Mamizou","floor":57.0,"turns":1.0},{"damage":0.0,"enemies":"Gensokyo:Aya","floor":59.0,"turns":1.0},{"damage":0,"enemies":"Gensokyo:Cirno","floor":62,"turns":1}],"seed_played":"-3797515176882458368","potions_obtained":[{"floor":1.0,"key":"DuplicationPotion"},{"floor":8.0,"key":"FearPotion"},{"floor":13.0,"key":"Fire Potion"},{"floor":21.0,"key":"REME_GoldPotion"},{"floor":35.0,"key":"SkillPotion"},{"floor":50.0,"key":"Swift Potion"}],"is_trial":true,"path_per_floor":["M","?","M","?","?","E","R","E","T","R","R","$","E","E","R","B",null,"M","$","?","M","M","E","R","E","T","E","M","T","NM","?","R","B",null,"M","T","$","?","?","E","M","M","T","E","$","?","T","M","R","B",null,"M","COS","?","$","M","E","R","E","T","?","E"],"character_chosen":"DEFECT","items_purchased":["jedi:command_uncommon","jedi:command_shop","jedi:command_uncommon","jedi:command_shop","jedi:command_uncommon","jedi:command_common","jedi:command_uncommon","jedi:command_rare","jedi:command_uncommon","jedi:command_uncommon","jedi:command_uncommon","jedi:command_common","jedi:command_common","jedi:command_common","jedi:command_uncommon","jedi:command_common","jedi:command_common","jedi:command_common","jedi:command_common","jedi:command_uncommon","jedi:command_common","jedi:command_uncommon","jedi:command_common","jedi:command_rare","jedi:command_common","jedi:command_common","jedi:command_rare","jedi:command_uncommon","jedi:command_common","jedi:command_uncommon","jedi:command_common","jedi:command_common","jedi:command_uncommon","jedi:command_rare","jedi:command_uncommon","jedi:command_rare","jedi:command_common","jedi:command_common","jedi:command_rare","jedi:command_rare","jedi:command_common","jedi:command_rare","jedi:command_uncommon","jedi:command_uncommon","jedi:command_common","jedi:command_rare","jedi:command_uncommon","jedi:command_rare","jedi:command_common","jedi:command_common","jedi:command_common","jedi:command_common","jedi:command_common","jedi:command_uncommon","jedi:command_uncommon","jedi:command_uncommon","jedi:command_common","jedi:command_uncommon","jedi:command_uncommon","jedi:command_uncommon","jedi:command_common","jedi:command_rare","jedi:command_rare","jedi:command_uncommon","jedi:command_uncommon","jedi:command_uncommon","jedi:command_uncommon","jedi:command_rare","jedi:command_uncommon","jedi:command_rare","jedi:command_uncommon","jedi:command_rare","jedi:command_common","jedi:command_rare","jedi:command_uncommon","jedi:command_uncommon","jedi:command_rare","jedi:command_common","jedi:command_rare","jedi:command_rare","jedi:command_common","jedi:command_rare","jedi:command_uncommon","jedi:command_common","jedi:command_common","jedi:command_uncommon","jedi:command_common","jedi:command_common","jedi:command_shop","jedi:command_common","jedi:command_uncommon","jedi:command_common","jedi:command_shop","jedi:command_uncommon","jedi:command_common","jedi:command_shop","jedi:command_shop","jedi:command_shop","jedi:command_uncommon","jedi:command_rare","jedi:command_common","jedi:command_uncommon","jedi:command_common","jedi:command_uncommon","jedi:command_common","jedi:command_common","jedi:command_common","jedi:command_shop","jedi:command_common","jedi:command_uncommon","jedi:command_uncommon","jedi:command_rare","jedi:command_common","jedi:command_uncommon","jedi:command_common","jedi:command_common","jedi:command_common","jedi:command_uncommon","jedi:command_common","jedi:command_common","jedi:command_common","jedi:command_uncommon","jedi:command_common","jedi:command_common","jedi:command_common","jedi:command_uncommon","jedi:command_common","jedi:command_uncommon","jedi:command_uncommon","jedi:command_rare","jedi:command_uncommon","jedi:command_uncommon","jedi:command_common","jedi:command_uncommon","jedi:command_uncommon","jedi:command_common","jedi:command_rare","jedi:command_rare","jedi:command_common","jedi:command_common","jedi:command_common","jedi:command_rare","jedi:command_rare","jedi:command_uncommon","jedi:command_rare","jedi:command_common","jedi:command_uncommon","jedi:command_common","jedi:command_common","jedi:command_common","jedi:command_uncommon","jedi:command_uncommon","jedi:command_uncommon","jedi:command_uncommon","jedi:command_uncommon","jedi:command_rare","jedi:command_common","jedi:command_shop","jedi:command_rare","jedi:command_common","jedi:command_uncommon","jedi:command_common","jedi:command_uncommon","jedi:command_rare","jedi:command_uncommon","jedi:command_shop","jedi:command_uncommon","jedi:command_common","jedi:command_common","jedi:command_uncommon","jedi:command_uncommon"],"campfire_rested":0,"item_purchase_floors":[12,12,12,12,12,12,12,12,12,12,12,12,12,12,12,12,12,12,12,12,12,12,12,12,12,12,12,12,12,12,12,12,12,12,12,12,12,12,12,12,12,12,12,12,12,12,12,12,12,12,12,12,12,12,12,12,12,12,12,12,12,12,12,12,12,12,12,12,12,12,12,12,12,12,12,12,12,12,12,19,19,19,19,19,19,19,19,19,19,19,19,19,19,19,19,37,37,45,45,45,45,45,45,45,45,45,45,45,45,45,45,45,45,45,45,45,45,45,45,45,45,45,45,45,45,45,45,45,45,45,45,45,45,45,45,45,45,45,45,45,45,45,45,45,45,45,45,45,45,45,45,45,45,45,55,55,55,55,55,55,55,55,55,55,55,55,55,55,55,55,55],"current_hp_per_floor":[75,75,75,75,75,75,75,75,75,75,75,129,134,144,144,155,155,162,162,162,169,176,190,190,205,207,230,239,241,250,250,250,257,257,266,268,268,275,277,286,295,313,315,324,335,356,358,367,367,374,374,383,383,383,383,392,401,401,410,412,409,409,409],"gold":2191,"neow_bonus":"","is_daily":false,"chose_seed":false,"campfire_upgraded":16,"win_rate":0.0,"timestamp":1611484323,"path_taken":["M","?","?","?","?","E","R","E","T","R","R","$","E","E","R","BOSS","M","$","?","M","M","E","R","E","T","E","M","?","NM","?","R","BOSS","M","?","$","?","?","E","M","M","T","E","$","?","?","M","R","BOSS","M","COS","?","$","M","E","R","E","T","?","E"],"items_purchased_type":["Relic","Relic","Relic","Relic","Relic","Relic","Relic","Relic","Relic","Relic","Relic","Relic","Relic","Relic","Relic","Relic","Relic","Relic","Relic","Relic","Relic","Relic","Relic","Relic","Relic","Relic","Relic","Relic","Relic","Relic","Relic","Relic","Relic","Relic","Relic","Relic","Relic","Relic","Relic","Relic","Relic","Relic","Relic","Relic","Relic","Relic","Relic","Relic","Relic","Relic","Relic","Relic","Relic","Relic","Relic","Relic","Relic","Relic","Relic","Relic","Relic","Relic","Relic","Relic","Relic","Relic","Relic","Relic","Relic","Relic","Relic","Relic","Relic","Relic","Relic","Relic","Relic","Relic","Relic","Relic","Relic","Relic","Relic","Relic","Relic","Relic","Relic","Relic","Relic","Relic","Relic","Relic","Relic","Relic","Relic","Relic","Relic","Relic","Relic","Relic","Relic","Relic","Relic","Relic","Relic","Relic","Relic","Relic","Relic","Relic","Relic","Relic","Relic","Relic","Relic","Relic","Relic","Relic","Relic","Relic","Relic","Relic","Relic","Relic","Relic","Relic","Relic","Relic","Relic","Relic","Relic","Relic","Relic","Relic","Relic","Relic","Relic","Relic","Relic","Relic","Relic","Relic","Relic","Relic","Relic","Relic","Relic","Relic","Relic","Relic","Relic","Relic","Relic","Relic","Relic","Relic","Relic","Relic","Relic","Relic","Relic","Relic","Relic","Relic","Relic","Relic","Relic","Relic","Relic","Relic","Relic"],"build_version":"2020-12-22","purchased_purges":1,"victory":false,"max_hp_per_floor":[75,75,75,75,75,75,75,75,75,75,75,129,134,144,144,155,155,162,162,162,169,176,190,190,205,207,230,239,241,250,250,250,257,257,266,268,268,275,277,286,295,313,315,324,335,356,358,367,367,374,374,383,383,383,383,392,401,401,410,412,412,412,412],"card_choices":[{"not_picked":["ReplaySolidLightProjector","jedi:hex","Go for the Eyes"],"picked":"SKIP","floor":1.0},{"not_picked":["jedi:blockon","Stack","MostiFishMod:PushDownKick","conspire:Rain","Blizzard"],"picked":"SKIP","floor":3.0},{"not_picked":["Rainbow","MostiFishMod:Nova","MostiFishMod:StrandedSiren","Amplify"],"picked":"Mirror Shield","floor":6.0},{"not_picked":["All For One","Amplify","AT_WaterDrop","Seek"],"picked":"jedi:meditation","floor":8.0},{"not_picked":["MostiFishMod:Tomorrow","MostiFishMod:GoodWordForIt","MostiFishMod:StrandedSiren","MostiFishMod:SeaWaves"],"picked":"Singing Bowl","floor":13.0},{"not_picked":["jedi:readyaimfire","jedi:BurstDark","ReplayTheSpireMod:Omega Cannon","REME_Shoggoth","REME_ForAll","MostiFishMod:InterfaceCompatibility+1"],"picked":"Singing Bowl","floor":13.0},{"not_picked":["Fission","MostiFishMod:ReadyAimFire","jedi:meditation"],"picked":"MostiFishMod:DawningShadow","floor":14.0},{"not_picked":["All For One","Core Surge","MostiFishMod:Exploitation","jedi:BurstDark","Echo Form+1"],"picked":"Creative AI+1","floor":14.0},{"not_picked":["Hyperbeam","Fission","MostiFishMod:DawningShadow+1","MostiFishMod:Nova","MostiFishMod:StarOceanB"],"picked":"AT_RightCognition+1","floor":16.0},{"not_picked":["Barrage","Steam","Turbo+1","Coolheaded","Leap+1","Panic Button"],"picked":"Singing Bowl","floor":18.0},{"not_picked":["Hologram+1","Gash","Glacier+1","Ball Lightning","BootSequence+1","Streamline+1"],"picked":"Singing Bowl","floor":21.0},{"not_picked":["Coolheaded+1","Ball Lightning","Storm+1","Redo+1","MostiFishMod:IceShield+1","Sweeping Beam+1"],"picked":"Singing Bowl","floor":22.0},{"not_picked":["Core Surge","Echo Form","MostiFishMod:IceShield","hubris:DoWhile"],"picked":"Singing Bowl","floor":23.0},{"not_picked":["MostiFishMod:SeaWaves+1","MostiFishMod:ATRI+1","hubris:Prefetch+1","MostiFishMod:DawningShadow+1","jedi:BurstDark"],"picked":"MostiFishMod:ActiveDefenseSystem+1","floor":23.0},{"not_picked":["MostiFishMod:InterfaceCompatibility+1","jedi:BurstDark","hubris:DoWhile+1","Electrodynamics+1","Amplify+1"],"picked":"ReplayTheSpireMod:Fabricate Wheel+1","floor":25.0},{"not_picked":["Meteor Strike","Rainbow","MostiFishMod:Exploitation","MostiFishMod:Tomorrow"],"picked":"Singing Bowl","floor":25.0},{"not_picked":["Hyperbeam","ReplayTheSpireMod:Omega Cannon","MostiFishMod:IceShield"],"picked":"Singing Bowl","floor":26.0},{"not_picked":["MostiFishMod:Overload","Meteor Strike","REME_Shoggoth"],"picked":"ReplayRNGCard","floor":27.0},{"not_picked":["ReplayRNGCard+1","MostiFishMod:Exploitation+1","AT_RightCognition+1","MostiFishMod:Nova","MostiFishMod:InterfaceCompatibility+1","hubris:Prefetch+1"],"picked":"Singing Bowl","floor":27.0},{"not_picked":["Go for the Eyes","AT_ThunderBolt+1","Coolheaded+1","AT_StudyProgram+1","AT_HeatAcrobatics+1","Blizzard"],"picked":"Singing Bowl","floor":28.0},{"not_picked":["Loop+1","White Noise+1","Stack+1","REME_Shoggoth","Redo+1","jedi:BurstFrost+1"],"picked":"Singing Bowl","floor":28.0},{"not_picked":["Machine Learning","MostiFishMod:Nova","jedi:darknesscall"],"picked":"Singing Bowl","floor":29.0},{"not_picked":["MostiFishMod:Hijack","hubris:DoWhile","MostiFishMod:ActiveDefenseSystem","jedi:BurstDark"],"picked":"Singing Bowl","floor":30.0},{"not_picked":["Creative AI+1","MostiFishMod:DeathFromBelow","Thunder Strike","All For One","MostiFishMod:Prepare+1","MostiFishMod:IntelligentEquipment+1"],"picked":"Singing Bowl","floor":30.0},{"not_picked":["All For One","jedi:meditation+1","MostiFishMod:StarOceanB+1","Fission+1","jedi:BurstDark","MostiFishMod:Culaccino+1"],"picked":"Singing Bowl","floor":33.0},{"not_picked":["Hologram+1","Redo+1","Sweeping Beam","Conserve Battery+1","MostiFishMod:PushDownKick","AT_HeatAcrobatics+1"],"picked":"Singing Bowl","floor":35.0},{"not_picked":["AT_WarpDrive+1","Gash+1","White Noise+1","Rebound+1","Panic Button+1","Chill+1"],"picked":"Singing Bowl","floor":35.0},{"not_picked":["MostiFishMod:Hijack","MostiFishMod:Distribution","Mirror Shield"],"picked":"Singing Bowl","floor":36.0},{"not_picked":["MostiFishMod:PushDownKick+1","Double Energy+1","jedi:blockon+1","Leap+1","Streamline+1","Compile Driver"],"picked":"Singing Bowl","floor":38.0},{"not_picked":["Storm+1","jedi:BurstFrost+1","Panic Button+1","Compile Driver+1","AT_WarpDrive+1","Rip and Tear"],"picked":"Singing Bowl","floor":39.0},{"not_picked":["MostiFishMod:StrandedSiren","Amplify","Echo Form","MostiFishMod:ReadyAimFire"],"picked":"Singing Bowl","floor":40.0},{"not_picked":["Rainbow+1","Biased Cognition+1","Buffer+1","MostiFishMod:GoodWordForIt","MostiFishMod:Tomorrow+1","MostiFishMod:InterfaceCompatibility+1"],"picked":"Singing Bowl","floor":40.0},{"not_picked":["Steam+1","Defragment+1","Rip and Tear+1","Coolheaded+1","Barrage+1","MostiFishMod:GatherIntelligence+1"],"picked":"Singing Bowl","floor":41.0},{"not_picked":["Auto Shields+1","Panic Button+1","Cold Snap+1","jedi:BurstLightning+1","Lockon+1","Leap+1"],"picked":"Singing Bowl","floor":41.0},{"not_picked":["Reinforced Body+1","conspire:SharedLibrary+1","Loop+1","REME_Whirling+1","Redo+1"],"picked":"Crystallizer+1","floor":42.0},{"not_picked":["Hologram+1","Streamline","Compile Driver+1","Stack+1","Sweeping Beam","Leap+1"],"picked":"Singing Bowl","floor":42.0},{"not_picked":["MostiFishMod:Hijack","MostiFishMod:GoodWordForIt","Echo Form"],"picked":"Singing Bowl","floor":43.0},{"not_picked":["Echo Form","All For One","MostiFishMod:Hijack","MostiFishMod:InterfaceCompatibility"],"picked":"Singing Bowl","floor":44.0},{"not_picked":["Seek+1","Reboot+1","Meteor Strike","AT_RightCognition+1","ReplayTheSpireMod:Fabricate Wheel+1","All For One"],"picked":"Singing Bowl","floor":44.0},{"not_picked":["Compile Driver+1","Hologram+1","AT_ThreeBodyProblem+1","Lockon+1","Barrage+1","Stack+1"],"picked":"Singing Bowl","floor":46.0},{"not_picked":["MostiFishMod:DeathFromBelow","Seek","All For One"],"picked":"Singing Bowl","floor":47.0},{"not_picked":["Gash+1","Doom and Gloom+1","AT_RobotInSpace+1","White Noise+1","Self Repair+1","FIFO Queue+1"],"picked":"Singing Bowl","floor":48.0},{"not_picked":["Defragment+1","Beam Cell+1","Cold Snap+1","AT_WarpDrive+1","Self Repair+1","Compile Driver+1"],"picked":"Singing Bowl","floor":48.0},{"not_picked":["MostiFishMod:IceShield+1","REME_ForAll+1","Rainbow+1","AT_WaterDrop+1","REME_Shoggoth+1","jedi:BurstDark+1"],"picked":"Singing Bowl","floor":50.0},{"not_picked":["Undo+1","jedi:BurstLightning+1","Defragment+1","Electrodynamics+1","ReplaySort+1","Reprogram+1"],"picked":"Singing Bowl","floor":52.0},{"not_picked":["Panic Button+1","Gash+1","Steam+1","Streamline+1","Compile Driver+1","jedi:BurstLightning+1"],"picked":"Singing Bowl","floor":52.0},{"not_picked":["AT_HeatAcrobatics+1","jedi:markofdeath+1","AT_DarkMatter+1","Stack+1","Coolheaded+1","Compile Driver+1"],"picked":"Singing Bowl","floor":56.0},{"not_picked":["MostiFishMod:Impulse+1","Self Repair+1","Gash+1","Streamline+1","jedi:readyaimfire+1","AT_ThreeBodyProblem+1"],"picked":"Singing Bowl","floor":56.0},{"not_picked":["MostiFishMod:Nova","MostiFishMod:StarOceanB","jedi:BurstDark","Reboot"],"picked":"Singing Bowl","floor":57.0},{"not_picked":["MostiFishMod:StrandedSiren+1","MostiFishMod:Hijack+1","jedi:readyaimfire+1","MostiFishMod:Tomorrow+1","jedi:studyfrost+1","Fission+1"],"picked":"Singing Bowl","floor":57.0},{"not_picked":["jedi:darknesscall","hubris:SpecializedCircuitry","MostiFishMod:Nova","MostiFishMod:ReadyAimFire"],"picked":"Singing Bowl","floor":59.0},{"not_picked":["MostiFishMod:InterfaceCompatibility+1","MostiFishMod:DeathFromBelow+1","MostiFishMod:Exploitation+1","jedi:studyfrost+1","Reboot+1","Seek+1"],"picked":"Singing Bowl","floor":59.0},{"not_picked":["Fission","Buffer","MostiFishMod:GoodWordForIt"],"picked":"Singing Bowl","floor":60.0}],"player_experience":203335,"relics_obtained":[{"floor":1.0,"key":"SynthV:TestCard"},{"floor":6.0,"key":"jedi:command_rare"},{"floor":8.0,"key":"jedi:command_common"},{"floor":9.0,"key":"jedi:command_uncommon"},{"floor":13.0,"key":"jedi:command_uncommon"},{"floor":14.0,"key":"jedi:command_common"},{"floor":23.0,"key":"jedi:command_common"},{"floor":25.0,"key":"jedi:command_common"},{"floor":26.0,"key":"jedi:command_common"},{"floor":27.0,"key":"jedi:command_common"},{"floor":29.0,"key":"testmod-CasingShield"},{"floor":29.0,"key":"jedi:command_common"},{"floor":30.0,"key":"jedi:command_common"},{"floor":36.0,"key":"Dead Branch"},{"floor":36.0,"key":"jedi:command_rare"},{"floor":38.0,"key":"jedi:command_common"},{"floor":39.0,"key":"jedi:command_common"},{"floor":40.0,"key":"jedi:command_common"},{"floor":43.0,"key":"jedi:command_uncommon"},{"floor":44.0,"key":"jedi:command_uncommon"},{"floor":46.0,"key":"jedi:command_rare"},{"floor":47.0,"key":"DemoMod:Junk"},{"floor":47.0,"key":"jedi:command_rare"},{"floor":57.0,"key":"jedi:command_rare"},{"floor":59.0,"key":"jedi:command_common"},{"floor":60.0,"key":"testmod-Alchemist"},{"floor":60.0,"key":"jedi:command_uncommon"}],"event_choices":[{"cards_removed":["Redo"],"damage_healed":5.0,"max_hp_gain":0.0,"max_hp_loss":0.0,"gold_gain":0.0,"event_name":"Bonfire Elementals","player_choice":"Offered Common","floor":2.0,"gold_loss":0.0,"damage_taken":0.0},{"cards_removed":["Redo"],"damage_healed":5.0,"max_hp_gain":0.0,"max_hp_loss":0.0,"gold_gain":0.0,"event_name":"Bonfire Elementals","player_choice":"Offered Special","floor":2.0,"gold_loss":0.0,"damage_taken":0.0},{"damage_healed":0.0,"max_hp_gain":0.0,"max_hp_loss":0.0,"gold_gain":0.0,"event_name":"The Cleric","player_choice":"Leave","floor":4.0,"gold_loss":0.0,"damage_taken":0.0},{"cards_removed":["Cold Snap"],"damage_healed":0.0,"max_hp_gain":0.0,"max_hp_loss":0.0,"gold_gain":0.0,"event_name":"Purifier","player_choice":"Purged","floor":31.0,"gold_loss":0.0,"damage_taken":0.0},{"damage_healed":0.0,"max_hp_gain":0.0,"max_hp_loss":0.0,"gold_gain":0.0,"event_name":"Mysterious Sphere","player_choice":"Fight","floor":46.0,"gold_loss":0.0,"damage_taken":0.0}],"is_beta":false,"boss_relics":[{"not_picked":["jedi:command_boss","jedi:command_boss"],"picked":"jedi:command_boss"},{"not_picked":["jedi:command_boss","jedi:command_boss"],"picked":"jedi:command_boss"},{"not_picked":["jedi:command_boss","jedi:command_boss"],"picked":"jedi:command_boss"}],"items_purged_floors":[37],"is_endless":true,"potions_floor_spawned":[1,8,13,21,22,27,28,35,40,46,48,50,52,56,57,59],"killed_by":"Gensokyo:Cirno","ascension_level":1}}