{"host":"nsxzlb359hv0da5z","time":1611452957,"event":{"mods":["BaseMod","Bestiary","Colored Map","Minty Spire (QoL Compilation)","Permanent Neow","Relic Stats","Slay the Relics Exporter","ojb\u0027s Info Mod"],"gold_per_floor":[115,11,26,26,26,53,65,65,139,155,155,185,185,221,221,314,314,339,339,339,339,352,392,392,435,462,506,506,539,437,456,456,549,549,564,564,589,608,19,54,78,118,145,145,145,170,213,233,233,233,233,233,59,102,102],"floor_reached":56,"language":"ENG","playtime":6019,"items_purged":["Strike_G","Strike_G+1"],"score":2320,"play_id":"421ed129-a1f7-4c89-ab44-45c566c05422","local_time":"20210123174917","is_ascension_mode":true,"campfire_choices":[{"data":"Poisoned Stab","floor":8,"key":"SMITH"},{"data":"Dagger Spray","floor":11,"key":"SMITH"},{"floor":15,"key":"REST"},{"data":"Noxious Fumes","floor":24,"key":"SMITH"},{"data":"Well Laid Plans","floor":32,"key":"SMITH"},{"floor":49,"key":"RECALL"},{"data":"1","floor":52,"key":"LIFT"}],"circlet_count":0,"master_deck":["AscendersBane","Strike_G+1","Strike_G+1","Defend_G+1","Defend_G+1","Defend_G+1","Defend_G+1","Defend_G+1","Survivor+1","Neutralize+1","Dagger Throw+1","Poisoned Stab+1","Underhanded Strike+1","Flechettes+1","Acrobatics+1","Backstab+1","Dagger Spray+1","Masterful Stab+1","Noxious Fumes+1","Malaise+1","Bouncing Flask+1","Ghostly+1","Ghostly+1","Ghostly+1","Catalyst+1","Well Laid Plans+1","Acrobatics+1","Bullet Time+1","Deflect+1","Calculated Gamble+1","Footwork+1","Crippling Poison+1","Dodge and Roll+1","Bullet Time+1","Blur+1","PanicButton+1","PiercingWail"],"relics":["Ring of the Snake","Centennial Puzzle","StrikeDummy","Anchor","Golden Idol","Omamori","Runic Dome","Gremlin Horn","Bird Faced Urn","Tough Bandages","FossilizedHelix","Akabeko","Bottled Tornado","Girya","Coffee Dripper","Paper Crane","Medical Kit","Bronze Scales","Letter Opener","Snake Skull","Mark of the Bloom","Smiling Mask","Bag of Preparation","Pen Nib"],"acts_visited":["Exordium","TheCity","TheBeyond","TheEnding"],"potions_floor_usage":[6,12,16,27,33,55],"damage_taken":[{"damage":7,"enemies":"Small Slimes","floor":1,"turns":4},{"damage":0,"enemies":"Cultist","floor":3,"turns":3},{"damage":6,"enemies":"3 Sentries","floor":6,"turns":7},{"damage":4,"enemies":"2 Louse","floor":7,"turns":2},{"damage":1,"enemies":"2 Fungi Beasts","floor":10,"turns":2},{"damage":0,"enemies":"Gremlin Nob","floor":12,"turns":2},{"damage":4,"enemies":"3 Sentries","floor":14,"turns":5},{"damage":22,"enemies":"The Guardian","floor":16,"turns":11},{"damage":5,"enemies":"2 Thieves","floor":18,"turns":3},{"damage":1,"enemies":"3 Byrds","floor":22,"turns":4},{"damage":7,"enemies":"Book of Stabbing","floor":23,"turns":4},{"damage":0,"enemies":"Gremlin Leader","floor":25,"turns":5},{"damage":5,"enemies":"Book of Stabbing","floor":27,"turns":3},{"damage":0,"enemies":"Slavers","floor":29,"turns":4},{"damage":0,"enemies":"Centurion and Healer","floor":31,"turns":7},{"damage":4,"enemies":"Champ","floor":33,"turns":11},{"damage":0,"enemies":"3 Shapes","floor":35,"turns":1},{"damage":0,"enemies":"3 Darklings","floor":37,"turns":5},{"damage":0,"enemies":"Writhing Mass","floor":38,"turns":5},{"damage":1,"enemies":"Giant Head","floor":40,"turns":9},{"damage":0,"enemies":"Sphere and 2 Shapes","floor":41,"turns":5},{"damage":0,"enemies":"Reptomancer","floor":42,"turns":5},{"damage":3,"enemies":"Nemesis","floor":47,"turns":7},{"damage":0,"enemies":"Maw","floor":48,"turns":4},{"damage":2,"enemies":"Time Eater","floor":50,"turns":7},{"damage":0,"enemies":"Shield and Spear","floor":54,"turns":5},{"damage":17,"enemies":"The Heart","floor":55,"turns":7}],"seed_played":"-8875386734120368538","potions_obtained":[{"floor":1,"key":"EntropicBrew"},{"floor":10,"key":"SteroidPotion"},{"floor":16,"key":"Dexterity Potion"},{"floor":27,"key":"GhostInAJar"},{"floor":35,"key":"FearPotion"},{"floor":40,"key":"DistilledChaos"},{"floor":42,"key":"Strength Potion"}],"is_trial":false,"path_per_floor":["M","$","M","?","?","E","M","R","T","M","R","E","?","E","R","B",null,"M","?","?","T","M","E","R","E","T","E","?","E","$","M","R","B",null,"M","?","M","M","$","E","M","E","T","?","?","T","E","M","R","B",null,"R","$","E","B",null],"character_chosen":"THE_SILENT","items_purchased":["Poisoned Stab","SteroidPotion","Deflect","Paper Crane","Medical Kit","Crippling Poison","Bronze Scales","DuplicationPotion","PiercingWail"],"campfire_rested":1,"item_purchase_floors":[2,2,30,39,39,39,39,53,53],"current_hp_per_floor":[52,52,52,32,32,26,22,22,22,21,21,21,21,17,35,13,48,43,43,30,30,29,23,23,23,23,20,20,24,24,28,28,26,29,29,40,40,40,40,39,40,40,40,35,35,35,32,32,32,30,30,30,30,30,13],"gold":102,"neow_bonus":"UPGRADE_CARD","is_daily":false,"chose_seed":false,"campfire_upgraded":4,"win_rate":0.0,"timestamp":1611452957,"path_taken":["M","$","M","?","?","E","M","R","T","?","R","E","?","E","R","BOSS","M","?","?","?","M","E","R","E","T","E","?","E","$","M","R","BOSS","M","?","?","M","$","E","M","E","T","?","?","?","E","M","R","BOSS","R","$","E","BOSS"],"items_purchased_type":["Card","Potion","Card","Relic","Relic","Card","Relic","Potion","Card"],"build_version":"2020-12-22","purchased_purges":2,"victory":true,"max_hp_per_floor":[66,66,66,66,66,66,66,66,66,66,66,66,60,60,60,60,60,60,60,30,30,30,30,30,30,30,30,30,30,30,30,30,30,30,30,40,40,40,40,40,40,40,40,40,40,40,40,40,40,40,40,40,40,40,40],"relic_stats":{"Mark of the Bloom":34,"Gremlin Horn":[20,20],"counters":[27,137],"Golden Idol":182,"Snake Skull":[54],"Pen Nib":[0],"Bag of Preparation":[8],"Letter Opener":[112],"Medical Kit":[2],"Smiling Mask":50,"Centennial Puzzle":[39],"Tough Bandages":[204],"Bird Faced Urn":[14],"Bronze Scales":[238],"obtain_stats":[{"Girya":29,"Mark of the Bloom":45,"Gremlin Horn":19,"Golden Idol":13,"Snake Skull":42,"Pen Nib":54,"Omamori":14,"Bag of Preparation":47,"Letter Opener":40,"Bottled Tornado":27,"Paper Crane":39,"Medical Kit":39,"Smiling Mask":46,"Akabeko":26,"Runic Dome":17,"Centennial Puzzle":6,"Anchor":12,"Tough Bandages":23,"Bird Faced Urn":21,"Bronze Scales":39,"Coffee Dripper":34,"StrikeDummy":9,"FossilizedHelix":25,"Ring of the Snake":0},{"Girya":14,"Mark of the Bloom":22,"Gremlin Horn":9,"Golden Idol":6,"Snake Skull":22,"Pen Nib":26,"Omamori":7,"Bag of Preparation":23,"Letter Opener":20,"Bottled Tornado":13,"Paper Crane":19,"Medical Kit":19,"Smiling Mask":22,"Akabeko":12,"Runic Dome":8,"Centennial Puzzle":3,"Anchor":6,"Tough Bandages":11,"Bird Faced Urn":9,"Bronze Scales":19,"Coffee Dripper":16,"StrikeDummy":4,"FossilizedHelix":12,"Ring of the Snake":0},{"Girya":59,"Mark of the Bloom":107,"Gremlin Horn":39,"Golden Idol":20,"Snake Skull":107,"Pen Nib":130,"Omamori":25,"Bag of Preparation":114,"Letter Opener":97,"Bottled Tornado":55,"Paper Crane":88,"Medical Kit":88,"Smiling Mask":107,"Akabeko":52,"Runic Dome":36,"Centennial Puzzle":14,"Anchor":20,"Tough Bandages":47,"Bird Faced Urn":39,"Bronze Scales":88,"Coffee Dripper":77,"StrikeDummy":16,"FossilizedHelix":52,"Ring of the Snake":0}],"Ring of the Snake":[54]},"card_choices":[{"not_picked":["Cloak And Dagger","PiercingWail"],"picked":"Dagger Throw","floor":1},{"not_picked":["Poisoned Stab","Deflect"],"picked":"Underhanded Strike","floor":3},{"not_picked":["Prepared","A Thousand Cuts"],"picked":"Acrobatics","floor":6},{"not_picked":["Blade Dance","Slice"],"picked":"Backstab","floor":7},{"not_picked":["Poisoned Stab","Bane"],"picked":"Dagger Spray","floor":10},{"not_picked":["Infinite Blades","Cloak And Dagger"],"picked":"Masterful Stab","floor":12},{"not_picked":["Venomology","Outmaneuver"],"picked":"Noxious Fumes","floor":14},{"not_picked":["Grand Finale","Night Terror"],"picked":"Malaise","floor":16},{"not_picked":["Underhanded Strike","Deadly Poison"],"picked":"Bouncing Flask","floor":18},{"not_picked":["Backflip","Outmaneuver"],"picked":"Catalyst+1","floor":22},{"not_picked":["Poisoned Stab","Flying Knee","Quick Slash+1"],"picked":"SKIP","floor":23},{"not_picked":["Tactician","Accuracy"],"picked":"Well Laid Plans","floor":25},{"not_picked":["Deadly Poison","Underhanded Strike"],"picked":"Acrobatics","floor":27},{"not_picked":["Leg Sweep","Slice"],"picked":"Bullet Time","floor":29},{"not_picked":["Blade Dance","All Out Attack+1","Infinite Blades"],"picked":"SKIP","floor":31},{"not_picked":["Venomology","Grand Finale"],"picked":"Glass Knife","floor":33},{"not_picked":["Predator","Blade Dance"],"picked":"Calculated Gamble","floor":35},{"not_picked":["Expertise","Calculated Gamble"],"picked":"Footwork+1","floor":37},{"not_picked":["Outmaneuver","Flechettes","Blade Dance+1"],"picked":"SKIP","floor":38},{"not_picked":["Quick Slash+1","Dagger Spray"],"picked":"Dodge and Roll+1","floor":40},{"not_picked":["Backflip","Bouncing Flask"],"picked":"Bullet Time","floor":41},{"not_picked":["Cloak And Dagger+1","Prepared+1"],"picked":"Blur","floor":42},{"not_picked":["Thinking Ahead","Secret Technique"],"picked":"PanicButton","floor":44},{"not_picked":["Well Laid Plans","Terror","Endless Agony+1"],"picked":"SKIP","floor":47},{"not_picked":["Predator","Slice","Sucker Punch"],"picked":"SKIP","floor":48},{"not_picked":["Endless Agony+1","Deflect","Choke"],"picked":"SKIP","floor":54}],"player_experience":2005405,"relics_obtained":[{"floor":6,"key":"Centennial Puzzle"},{"floor":9,"key":"StrikeDummy"},{"floor":12,"key":"Anchor"},{"floor":14,"key":"Omamori"},{"floor":21,"key":"Bird Faced Urn"},{"floor":23,"key":"Tough Bandages"},{"floor":25,"key":"FossilizedHelix"},{"floor":26,"key":"Akabeko"},{"floor":27,"key":"Bottled Tornado"},{"floor":29,"key":"Girya"},{"floor":40,"key":"Letter Opener"},{"floor":42,"key":"Snake Skull"},{"floor":46,"key":"Smiling Mask"},{"floor":47,"key":"Bag of Preparation"},{"floor":54,"key":"Pen Nib"}],"event_choices":[{"damage_healed":0,"gold_gain":0,"player_choice":"Entered Light","damage_taken":20,"max_hp_gain":0,"max_hp_loss":0,"event_name":"Shining Light","floor":4,"gold_loss":0,"cards_upgraded":["Defend_G","Defend_G"]},{"damage_healed":0,"gold_gain":0,"cards_transformed":["Strike_G"],"player_choice":"Transformed","damage_taken":0,"max_hp_gain":0,"max_hp_loss":0,"event_name":"Transmorgrifier","floor":5,"gold_loss":0,"cards_obtained":["Flechettes"]},{"damage_healed":0,"gold_gain":0,"player_choice":"Lose Max HP","damage_taken":0,"relics_obtained":["Golden Idol"],"max_hp_gain":0,"max_hp_loss":6,"event_name":"Golden Idol","floor":13,"gold_loss":0},{"damage_healed":0,"gold_gain":0,"player_choice":"Opened","damage_taken":0,"relics_obtained":["Gremlin Horn"],"max_hp_gain":0,"max_hp_loss":0,"event_name":"The Mausoleum","floor":19,"gold_loss":0,"cards_obtained":["Writhe"]},{"damage_healed":0,"gold_gain":0,"player_choice":"Became a Ghost","damage_taken":0,"max_hp_gain":0,"max_hp_loss":30,"event_name":"Ghosts","floor":20,"gold_loss":0,"cards_obtained":["Ghostly","Ghostly","Ghostly"]},{"damage_healed":0,"gold_gain":0,"player_choice":"Ignored","damage_taken":0,"max_hp_gain":0,"max_hp_loss":0,"event_name":"Cursed Tome","floor":28,"gold_loss":0},{"cards_removed":["Glass Knife"],"damage_healed":1,"gold_gain":0,"player_choice":"Offered Rare","damage_taken":0,"max_hp_gain":10,"max_hp_loss":0,"event_name":"Bonfire Elementals","floor":36,"gold_loss":0},{"damage_healed":0,"gold_gain":0,"player_choice":"Memory 2","damage_taken":5,"max_hp_gain":0,"max_hp_loss":0,"event_name":"SensoryStone","floor":44,"gold_loss":0},{"damage_healed":0,"gold_gain":0,"player_choice":"Upgrade","damage_taken":0,"relics_obtained":["Mark of the Bloom"],"max_hp_gain":0,"max_hp_loss":0,"event_name":"MindBloom","floor":45,"gold_loss":0,"cards_upgraded":["Strike_G","Strike_G","Strike_G","Defend_G","Defend_G","Defend_G","Survivor","Dagger Throw","Underhanded Strike","Flechettes","Acrobatics","Backstab","Masterful Stab","Malaise","Bouncing Flask","Ghostly","Ghostly","Ghostly","Acrobatics","Bullet Time","Deflect","Calculated Gamble","Crippling Poison","Bullet Time","Blur","PanicButton"]}],"is_beta":false,"boss_relics":[{"not_picked":["Velvet Choker","Runic Pyramid"],"picked":"Runic Dome"},{"not_picked":["Tiny House","Ring of the Serpent"],"picked":"Coffee Dripper"}],"items_purged_floors":[30,53],"is_endless":false,"potions_floor_spawned":[1,10,16,23,27,35,37,40,42],"ascension_level":15}}