{"host":"g907ck67u7c3hrs6","time":1611492774,"event":{"mods":["BaseMod","Colored Map","DeckTracker","Highlight Path","Keyboard Shortcuts","Minty Spire (QoL Compilation)","Permanent Neow","Say the Spire","SuperFastMode"],"gold_per_floor":[112,131,131,131,131,156,167,167,167,167,167,167],"floor_reached":11,"language":"KOR","playtime":283,"items_purged":[],"score":71,"play_id":"87b5af63-243c-4a26-a16c-6bcbc2a3d151","local_time":"20210124215254","daily_mods":["SealedDeck","Heirloom","Flight","DeadlyEvents","Elite Swarm"],"is_ascension_mode":false,"campfire_choices":[{"data":"Barricade","floor":8,"key":"SMITH"}],"circlet_count":0,"master_deck":["True Grit","Burning Pact","Evolve","Shrug It Off","Ghostly Armor","True Grit","Body Slam","Shrug It Off","Flame Barrier","Burning Pact","Regret","Barricade+1"],"relics":["Burning Blood","Mango","Meat on the Bone","Unceasing Top","FossilizedHelix","Prayer Wheel"],"acts_visited":["Exordium"],"potions_floor_usage":[],"damage_taken":[{"damage":2,"enemies":"Cultist","floor":1,"turns":5},{"damage":3,"enemies":"Jaw Worm","floor":2,"turns":5},{"damage":20,"enemies":"Lagavulin","floor":6,"turns":13},{"damage":0,"enemies":"2 Louse","floor":7,"turns":5},{"damage":0,"enemies":"3 Sentries","floor":11,"turns":1}],"seed_played":"-4685047834912319035","potions_obtained":[{"floor":1,"key":"Block Potion"}],"is_trial":true,"path_per_floor":["M","M","$","?","T","E","M","R","T","$","E"],"character_chosen":"IRONCLAD","items_purchased":[],"campfire_rested":0,"item_purchase_floors":[],"current_hp_per_floor":[94,94,94,94,94,80,86,86,86,86,86,86],"gold":167,"neow_bonus":"","is_daily":false,"chose_seed":false,"campfire_upgraded":1,"win_rate":0.0,"timestamp":1611492774,"path_taken":["M","M","$","?","?","E","?","R","T","$","E"],"items_purchased_type":[],"build_version":"2020-12-22","purchased_purges":0,"victory":false,"max_hp_per_floor":[94,94,94,94,94,94,94,94,94,94,94,94],"card_choices":[{"not_picked":["Anger","Uppercut","Blood for Blood"],"picked":"SKIP","floor":1},{"not_picked":["Cleave","Spot Weakness","Sword Boomerang"],"picked":"SKIP","floor":2},{"not_picked":["Immolate","Feed"],"picked":"Barricade","floor":6},{"not_picked":["Evolve","Burning Pact","Anger"],"picked":"SKIP","floor":7}],"player_experience":229131,"relics_obtained":[{"floor":5,"key":"Unceasing Top"},{"floor":6,"key":"FossilizedHelix"},{"floor":9,"key":"Prayer Wheel"}],"event_choices":[{"damage_healed":0,"gold_gain":0,"player_choice":"Box","damage_taken":0,"relics_obtained":["Meat on the Bone"],"max_hp_gain":0,"max_hp_loss":0,"event_name":"Big Fish","floor":4,"gold_loss":0,"cards_obtained":["Regret"]}],"is_beta":false,"boss_relics":[],"items_purged_floors":[],"is_endless":false,"potions_floor_spawned":[1],"killed_by":"3 Sentries","ascension_level":0}}