{"host":"qy7jow5usmjkdnnq","time":1611530835,"event":{"mods":["BaseMod","Colored Map","Downfall","Minty Spire (QoL Compilation)","Permanent Neow","Relic Stats","StSLib"],"gold_per_floor":[99,115,126,36,54,80,80,80,100,100,0,0,30,142,164,274,286,198,230,253,281,308,352,419,447,459,491,364,364,414,445,457,560,560,560,580,591,641,740,757,757,327,355,505,605,634,784,80,90,90],"floor_reached":51,"language":"ENG","playtime":4796,"items_purged":["sneckomod:Strike","sneckomod:Strike","sneckomod:Defend","downfall:Aged"],"score":1196,"play_id":"a2118776-c37f-4e4f-b78a-5b6a683ee5ae","local_time":"20210125002715","is_ascension_mode":true,"campfire_choices":[{"floor":1.0,"key":"RECALL"},{"data":"sneckomod:QuickBite","floor":8,"key":"SMITH"},{"data":"sneckomod:UnknownVulnerable","floor":11,"key":"SMITH"},{"data":"sneckomod:MorePower","floor":18,"key":"SMITH"},{"floor":26,"key":"REST"},{"floor":29,"key":"REST"},{"data":"Ghostly","floor":35,"key":"SMITH"}],"circlet_count":0,"master_deck":["sneckomod:Strike","sneckomod:Defend","sneckomod:Defend","sneckomod:TailWhip","sneckomod:SnekBite","sneckomod:Unknown","sneckomod:UnknownBlock","sneckomod:SlitherStrike","sneckomod:RainOfDice","sneckomod:QuickBite+1","sneckomod:UnknownBlock","sneckomod:UnknownVulnerable+1","sneckomod:UnknownDraw","Creative AI","sneckomod:MorePower+1","sneckomod:UnknownRareSkill+1","sneckomod:Nope","sneckomod:UnknownExhaust+1","sneckomod:UnknownRareAttack+1","sneckomod:QuickBite+1","sneckomod:UnknownStrength+1","sneckomod:UnknownRarePower+1","sneckomod:SoulCleanse","sneckomod:UnknownExhaust+1","Ghostly+1","Ghostly","Ghostly","Ghostly","Ghostly","sneckomod:SoulDraw+1","sneckomod:UnknownRareAttack+1","sneckomod:QuickMove","sneckomod:UnknownWeak+1","sneckomod:UnknownRareSkill+1","sneckomod:UnknownRareAttack","sneckomod:QuickMove+1","sneckomod:DiceBlock","downfall:Haunted","downfall:Haunted","Doubt","sneckomod:UnknownWeak+1","sneckomod:UnknownExhaust+1","sneckomod:QuickMove+1"],"relics":["expansioncontent:StudyCardRelic","Calipers","hexamod:Sixitude","downfall:ShatteredFragment","downfall:HeartBlessingRed","MawBank","downfall:CloakOfManyFaces","CultistMask","FaceOfCleric","NlothsMask","GremlinMask","SsserpentHead","SlaversCollar","downfall:HeartBlessingGreen","Juzu Bracelet","Bag of Preparation","Letter Opener","StoneCalendar","Coffee Dripper","Lizard Tail","Turnip","Kunai","Du-Vu Doll","Guardian:GemstoneGun","sneckomod:UnknownEgg","Toy Ornithopter","Guardian:PocketSentry","sneckomod:ConfusingCodex","OrangePellets"],"acts_visited":["Exordium","TheCity","TheBeyond"],"potions_floor_usage":[9,13,15,16,33,47,50],"damage_taken":[{"damage":0.0,"enemies":"Cultist","floor":2.0,"turns":3.0},{"damage":7.0,"enemies":"Jaw Worm","floor":3.0,"turns":3.0},{"damage":0.0,"enemies":"downfall:FleeingMerchant","floor":4.0,"turns":4.0},{"damage":10,"enemies":"Small Slimes","floor":5,"turns":3},{"damage":16,"enemies":"Gremlin Nob","floor":6,"turns":4},{"damage":0,"enemies":"Red Slaver","floor":9,"turns":1},{"damage":5,"enemies":"downfall:FleeingMerchant","floor":12,"turns":4},{"damage":0,"enemies":"Lagavulin","floor":13,"turns":3},{"damage":15,"enemies":"downfall:FaceTrader","floor":14,"turns":4},{"damage":0,"enemies":"Lots of Slimes","floor":15,"turns":2},{"damage":8,"enemies":"IC_STATUS_ARCHETYPE","floor":16,"turns":4},{"damage":0,"enemies":"3 Byrds","floor":19,"turns":3},{"damage":18,"enemies":"Chosen","floor":20,"turns":3},{"damage":20,"enemies":"Centurion and Healer","floor":21,"turns":9},{"damage":0,"enemies":"Sentry and Sphere","floor":22,"turns":3},{"damage":54,"enemies":"Slavers","floor":23,"turns":4},{"damage":6,"enemies":"Cultist and Chosen","floor":25,"turns":3},{"damage":57,"enemies":"Shelled Parasite and Fungi","floor":27,"turns":4},{"damage":15,"enemies":"downfall:FleeingMerchant","floor":28,"turns":3},{"damage":47,"enemies":"Book of Stabbing","floor":31,"turns":4},{"damage":0,"enemies":"Snake Plant","floor":32,"turns":3},{"damage":6,"enemies":"DF_ARCHETYPE_CLAW","floor":33,"turns":4},{"damage":0,"enemies":"Orb Walker","floor":36,"turns":2},{"damage":0,"enemies":"3 Shapes","floor":37,"turns":4},{"damage":6,"enemies":"2 Orb Walkers","floor":39,"turns":3},{"damage":2,"enemies":"3 Darklings","floor":40,"turns":4},{"damage":1,"enemies":"Nemesis","floor":43,"turns":5},{"damage":11,"enemies":"Nemesis","floor":45,"turns":4},{"damage":0,"enemies":"Giant Head","floor":46,"turns":3},{"damage":0,"enemies":"downfall:LadyInBlue","floor":47,"turns":3},{"damage":0,"enemies":"Jaw Worm Horde","floor":49,"turns":1},{"damage":9,"enemies":"WA_ARCHETYPE_DIVINITY","floor":50,"turns":10}],"seed_played":"2912422844091888243","potions_obtained":[{"floor":2.0,"key":"Regen Potion"},{"floor":5,"key":"AttackPotion"},{"floor":9,"key":"FearPotion"},{"floor":13,"key":"sneckomod:MuddlingPotion"},{"floor":14,"key":"Guardian:BlockOnCardUsePotion"},{"floor":23,"key":"Energy Potion"},{"floor":25,"key":"EssenceOfSteel"},{"floor":27,"key":"sneckomod:CheatPotion"},{"floor":31,"key":"SneckoOil"},{"floor":36,"key":"ColorlessPotion"},{"floor":45,"key":"Energy Potion"},{"floor":46,"key":"sneckomod:OffclassReductionPotion"},{"floor":47,"key":"EntropicBrew"},{"floor":47,"key":"CultistPotion"},{"floor":47,"key":"SneckoOil"}],"is_trial":false,"path_per_floor":["R","M","M","$","M","E","T","R","M","?","R","$","E","?","M","B",null,"R","M","M","M","M","E","T","M","R","M","$","R","?","E","M","B",null,"R","M","M","?","?","M","T","$","E","?","?","E","?","$","M","B",null],"character_chosen":"THE_SNECKO","items_purchased":["Bag of Preparation","Letter Opener","Turnip","Guardian:PocketSentry","sneckomod:ConfusingCodex","OrangePellets"],"campfire_rested":2,"item_purchase_floors":[28,28,42,48,48,48],"current_hp_per_floor":[90,90,83,83,83,67,67,67,67,46,46,41,50,35,36,29,76,76,77,70,51,52,21,21,16,45,21,7,37,37,41,46,45,57,57,58,59,59,54,53,53,53,54,59,49,50,51,51,52,54],"gold":90,"neow_bonus":"BOSS_RELIC","is_daily":false,"chose_seed":false,"campfire_upgraded":4,"win_rate":0.0,"timestamp":1611530835,"path_taken":["R","M","M","$","M","E","T","R","?","?","R","?","E","?","M","BOSS","R","M","M","M","M","E","T","M","R","M","?","R","?","E","M","BOSS","R","M","M","?","?","M","T","$","E","?","?","E","?","$","M","BOSS"],"items_purchased_type":["Relic","Relic","Relic","Relic","Relic","Relic"],"build_version":"2020-12-22","purchased_purges":4,"victory":true,"max_hp_per_floor":[90,90,90,90,90,90,90,90,90,90,90,90,90,90,91,92,92,92,93,94,95,96,97,97,98,98,99,100,100,50,51,56,61,61,61,62,63,63,64,65,65,65,66,71,72,73,74,74,75,76],"relic_stats":{"counters":[32,117],"StoneCalendar":[52],"Juzu Bracelet":2,"Bag of Preparation":[26],"Letter Opener":[154],"MawBank":180,"SsserpentHead":350,"OrangePellets":[2],"Lizard Tail":0,"FaceOfCleric":23,"Turnip":[0],"Kunai":[13],"obtain_stats":[{"Calipers":6,"GremlinMask":14,"downfall:HeartBlessingGreen":18,"StoneCalendar":31,"expansioncontent:StudyCardRelic":0,"Juzu Bracelet":23,"Bag of Preparation":28,"sneckomod:SneckoSoul":0,"SsserpentHead":14,"Lizard Tail":39,"FaceOfCleric":14,"sneckomod:ConfusingCodex":48,"downfall:CloakOfManyFaces":14,"Kunai":43,"downfall:ShatteredFragment":10,"downfall:HeartBlessingRed":11,"Guardian:GemstoneGun":45,"sneckomod:UnknownEgg":46,"hexamod:Sixitude":7,"Guardian:PocketSentry":48,"Letter Opener":28,"MawBank":13,"Du-Vu Doll":44,"SlaversCollar":17,"OrangePellets":48,"CultistMask":14,"Turnip":42,"Coffee Dripper":34,"Toy Ornithopter":47,"NlothsMask":14},{"Calipers":5,"GremlinMask":9,"downfall:HeartBlessingGreen":11,"StoneCalendar":20,"expansioncontent:StudyCardRelic":0,"Juzu Bracelet":16,"Bag of Preparation":19,"sneckomod:SneckoSoul":0,"SsserpentHead":9,"Lizard Tail":25,"FaceOfCleric":9,"sneckomod:ConfusingCodex":30,"downfall:CloakOfManyFaces":9,"Kunai":27,"downfall:ShatteredFragment":6,"downfall:HeartBlessingRed":6,"Guardian:GemstoneGun":28,"sneckomod:UnknownEgg":29,"hexamod:Sixitude":5,"Guardian:PocketSentry":30,"Letter Opener":19,"MawBank":8,"Du-Vu Doll":27,"SlaversCollar":11,"OrangePellets":30,"CultistMask":9,"Turnip":26,"Coffee Dripper":22,"Toy Ornithopter":30,"NlothsMask":9},{"Calipers":17,"GremlinMask":29,"downfall:HeartBlessingGreen":35,"StoneCalendar":71,"expansioncontent:StudyCardRelic":0,"Juzu Bracelet":57,"Bag of Preparation":67,"sneckomod:SneckoSoul":0,"SsserpentHead":29,"Lizard Tail":87,"FaceOfCleric":29,"sneckomod:ConfusingCodex":106,"downfall:CloakOfManyFaces":29,"Kunai":96,"downfall:ShatteredFragment":18,"downfall:HeartBlessingRed":18,"Guardian:GemstoneGun":100,"sneckomod:UnknownEgg":103,"hexamod:Sixitude":17,"Guardian:PocketSentry":106,"Letter Opener":67,"MawBank":25,"Du-Vu Doll":96,"SlaversCollar":35,"OrangePellets":106,"CultistMask":29,"Turnip":91,"Coffee Dripper":78,"Toy Ornithopter":106,"NlothsMask":29}],"Toy Ornithopter":5},"card_choices":[{"not_picked":["sneckomod:DefensiveFlair","sneckomod:UnknownCommonAttack"],"picked":"sneckomod:UnknownBlock","floor":2.0},{"not_picked":["sneckomod:QuickMove","sneckomod:TrashToTreasure"],"picked":"sneckomod:SlitherStrike","floor":3.0},{"not_picked":["sneckomod:UnknownCommonSkill","sneckomod:ImprovisedAttack"],"picked":"sneckomod:RainOfDice","floor":4.0},{"not_picked":["sneckomod:UnknownClassBLUE","sneckomod:PureSnecko"],"picked":"sneckomod:QuickBite","floor":5},{"not_picked":["sneckomod:SlitherStrike","sneckomod:Unknown0Cost"],"picked":"sneckomod:UnknownBlock","floor":6},{"not_picked":["sneckomod:UnknownStrike","sneckomod:IronFang"],"picked":"sneckomod:UnknownVulnerable","floor":9},{"not_picked":["sneckomod:QuickBite","sneckomod:RainOfDice"],"picked":"sneckomod:UnknownDraw","floor":12},{"not_picked":["sneckomod:UnknownCommonAttack","sneckomod:UnknownDraw","sneckomod:Unknown1Cost"],"picked":"SKIP","floor":13},{"not_picked":["sneckomod:UnknownClassTHE_CHAMP_GRAY","sneckomod:UnknownDraw"],"picked":"sneckomod:Memorize","floor":14},{"not_picked":["sneckomod:SerpentIdol","sneckomod:RainOfDice","sneckomod:UnknownClassBLUE"],"picked":"SKIP","floor":15},{"not_picked":["sneckomod:UnknownRareSkill","sneckomod:UnlimitedRolls"],"picked":"sneckomod:MorePower","floor":16},{"not_picked":["sneckomod:UnknownRareAttack+1","sneckomod:UnknownX+1"],"picked":"sneckomod:UnknownRareSkill+1","floor":19},{"not_picked":["sneckomod:Unknown2Cost","sneckomod:UnknownUncommonPower","sneckomod:Unknown0Cost"],"picked":"SKIP","floor":19},{"not_picked":["sneckomod:UnknownDraw","sneckomod:UnknownCommonAttack"],"picked":"sneckomod:Nope","floor":20},{"not_picked":["sneckomod:UnknownCommonAttack+1","sneckomod:UnknownBoss+1","sneckomod:UnknownX+1"],"picked":"SKIP","floor":20},{"not_picked":["sneckomod:UnknownX+1","sneckomod:UnknownClassSLIMEBOUND+1"],"picked":"sneckomod:UnknownExhaust+1","floor":21},{"not_picked":["sneckomod:DiceBoulder+1","sneckomod:UnknownRareAttack","sneckomod:IronFang"],"picked":"SKIP","floor":21},{"not_picked":["sneckomod:DiceCrush","sneckomod:UnknownDraw","sneckomod:SerpentIdol"],"picked":"SKIP","floor":22},{"not_picked":["sneckomod:UnknownClassHEXA_GHOST_PURPLE+1","sneckomod:UnknownUncommonAttack+1"],"picked":"sneckomod:UnknownRareAttack+1","floor":23},{"not_picked":["sneckomod:UnknownBlock+1","sneckomod:DiceBoulder"],"picked":"sneckomod:QuickBite+1","floor":23},{"not_picked":["sneckomod:UnknownClassSLIMEBOUND+1","sneckomod:UnknownUncommonPower+1"],"picked":"sneckomod:UnknownStrength+1","floor":25},{"not_picked":["sneckomod:UnknownExhaust+1","sneckomod:UnknownStrike+1"],"picked":"sneckomod:UnknownRarePower+1","floor":25},{"not_picked":["sneckomod:UnknownCommonAttack","sneckomod:QuickBite"],"picked":"sneckomod:SoulCleanse","floor":25},{"not_picked":["sneckomod:UnknownBlock+1","sneckomod:UnknownDexterity+1"],"picked":"sneckomod:UnknownExhaust+1","floor":27},{"not_picked":["sneckomod:UnknownDraw","sneckomod:SoulCleanse","sneckomod:SnekBeam"],"picked":"SKIP","floor":27},{"not_picked":["sneckomod:SerpentMind","sneckomod:DiceCrush","sneckomod:UnknownUncommonAttack+1"],"picked":"SKIP","floor":28},{"not_picked":["sneckomod:UnknownCommonSkill+1","sneckomod:UnknownStrength+1"],"picked":"sneckomod:SoulDraw+1","floor":31},{"not_picked":["sneckomod:Unknown1Cost+1","sneckomod:UnknownClassGUARDIAN+1","sneckomod:UnknownUncommonPower+1"],"picked":"SKIP","floor":31},{"not_picked":["sneckomod:UnknownStrength+1","sneckomod:UnknownCommonSkill+1"],"picked":"sneckomod:UnknownRareAttack+1","floor":32},{"not_picked":["sneckomod:SoulRoll","sneckomod:SoulDraw"],"picked":"sneckomod:QuickMove","floor":32},{"not_picked":["sneckomod:QuickBite","sneckomod:QuickMove+1"],"picked":"sneckomod:UnknownWeak+1","floor":36},{"not_picked":["sneckomod:UnknownRareAttack+1","sneckomod:UnknownBlock+1"],"picked":"sneckomod:UnknownRareSkill+1","floor":37},{"not_picked":["sneckomod:MasterEye","sneckomod:UnknownCommonAttack","sneckomod:IronFang+1"],"picked":"SKIP","floor":37},{"not_picked":["sneckomod:IronFang","sneckomod:UnknownX"],"picked":"sneckomod:QuickMove+1","floor":40},{"not_picked":["sneckomod:Unknown2Cost","sneckomod:UnlimitedRolls"],"picked":"sneckomod:DiceBlock","floor":43},{"not_picked":["sneckomod:UnknownStrike+1","sneckomod:UnknownColorless+1","sneckomod:UnknownCommonAttack+1"],"picked":"SKIP","floor":43},{"not_picked":["sneckomod:SlitherStrike","sneckomod:MasterEye+1"],"picked":"sneckomod:UnknownWeak+1","floor":46},{"not_picked":["sneckomod:UnknownUncommonSkill+1","sneckomod:UnknownClassHEXA_GHOST_PURPLE+1","sneckomod:UnknownVulnerable+1"],"picked":"SKIP","floor":46},{"not_picked":["sneckomod:UnknownBoss+1","sneckomod:UnknownClassGUARDIAN+1"],"picked":"sneckomod:UnknownExhaust+1","floor":47},{"not_picked":["sneckomod:DiceBoulder","sneckomod:SoulRoll"],"picked":"sneckomod:QuickMove+1","floor":47},{"not_picked":["sneckomod:UnknownCommonAttack+1","sneckomod:DiceCrush","sneckomod:SnekBeam"],"picked":"SKIP","floor":49}],"player_experience":654281,"relics_obtained":[{"floor":6,"key":"Calipers"},{"floor":7,"key":"hexamod:Sixitude"},{"floor":13,"key":"MawBank"},{"floor":14,"key":"downfall:CloakOfManyFaces"},{"floor":23,"key":"Juzu Bracelet"},{"floor":31,"key":"StoneCalendar"},{"floor":39,"key":"Lizard Tail"},{"floor":43,"key":"Kunai"},{"floor":45,"key":"Guardian:GemstoneGun"},{"floor":46,"key":"sneckomod:UnknownEgg"},{"floor":47,"key":"Toy Ornithopter"}],"event_choices":[{"damage_healed":0,"gold_gain":0,"player_choice":"Became a Ghost","damage_taken":0,"max_hp_gain":0,"max_hp_loss":50,"event_name":"Ghosts","floor":30,"gold_loss":0,"cards_obtained":["Ghostly","Ghostly","Ghostly","Ghostly","Ghostly"]},{"damage_healed":0,"gold_gain":0,"player_choice":"Fight","damage_taken":0,"max_hp_gain":0,"max_hp_loss":0,"event_name":"Mysterious Sphere","floor":39,"gold_loss":0}],"is_beta":false,"boss_relics":[{"not_picked":["bronze:MakeshiftBattery","Runic Pyramid"],"picked":"SlaversCollar"},{"not_picked":["Tiny House","Cursed Key"],"picked":"Coffee Dripper"}],"items_purged_floors":[4,28,42,48],"is_endless":false,"potions_floor_spawned":[2,5,9,13,14,23,25,27,31,36,43,45,46,47],"ascension_level":5}}