{"host":"jumrmhf584hajrnz","time":1611506117,"event":{"mods":["BaseMod","Duelist Mod","GifTheSpireLib","Minty Spire (QoL Compilation)","Quick Restart","Replay The Spire","StSLib"],"gold_per_floor":[138,103,103,24,24,55,69,100,126,126,126,126,168,195,195,275,275,303,324,324,344,366,366,416,439,509,509,509,404,447,467,467,549,549,568,568,577,601,627,627,661,698,724,724,760,760,760,478,478,478,478,478],"floor_reached":51,"language":"ENG","playtime":3547,"items_purged":["Pain"],"score":1316,"play_id":"21d2bd3a-fae8-4f56-9e23-812b54e9b3b7","local_time":"20210124173517","is_ascension_mode":true,"campfire_choices":[{"floor":10,"key":"RECALL"},{"floor":12,"key":"REST"},{"floor":15,"key":"REST"},{"floor":23,"key":"REST"},{"data":"theDuelist:Yami","floor":28,"key":"SMITH"},{"floor":32,"key":"REST"},{"floor":40,"key":"REST"},{"floor":47,"key":"REST"},{"floor":49,"key":"REST"}],"circlet_count":0,"master_deck":["theDuelist:Nameless:Magic:HappyLover","AscendersBane","theDuelist:CastleWalls","theDuelist:CastleWalls","theDuelist:DarkMagician","theDuelist:MysticalElf","theDuelist:MysticalElf","theDuelist:NeoMagic","theDuelist:NeoMagic","theDuelist:Sparks","theDuelist:Sparks","theDuelist:Sparks","theDuelist:Mudballman","theDuelist:InfernoFireBlast","theDuelist:MythicalBeast","theDuelist:InjectionFairy","theDuelist:WitchBlackRose","theDuelist:Yami+1","theDuelist:DarkMagician","theDuelist:BookSecret+1","theDuelist:MythicalBeast","theDuelist:InvitationDarkSleep+1","theDuelist:InfernoFireBlast+1","theDuelist:ApprenticeIllusionMagician","theDuelist:MagicalBlast","theDuelist:LightningOrbCard","theDuelist:Yami","theDuelist:IrisEarthMother","theDuelist:Illusionist","theDuelist:GiantSoldier","theDuelist:IrisEarthMother+1","theDuelist:QueenDragunDjinn","theDuelist:LordD+1","theDuelist:MythicalBeast","theDuelist:FogKing","theDuelist:FrontierWiseman","theDuelist:IrisEarthMother","theDuelist:DarkPaladin","The Bomb"],"relics":["theDuelist:MillenniumPuzzle","theDuelist:CardPoolRelic","theDuelist:CardPoolBasicRelic","theDuelist:BoosterPackPoolRelic","theDuelist:CardPoolAddRelic","theDuelist:CardPoolMinusRelic","theDuelist:CardPoolSaveRelic","theDuelist:CardPoolOptionsRelic","Ring of Peace","ReplayTheSpireMod:Ring of Addiction","Toy Ornithopter","SacredBark","Centennial Puzzle","Boot","theDuelist:DuelistOrichalcum","WarpedTongs","CeramicFish","Mark of Pain","FaceOfCleric","Darkstone Periapt","White Beast Statue","Fusion Hammer","Prayer Wheel","Art of War"],"acts_visited":["Exordium","TheCity","TheBeyond"],"potions_floor_usage":[6,8,33,33,38,50],"damage_taken":[{"damage":3,"enemies":"Jaw Worm","floor":1,"turns":4},{"damage":22,"enemies":"3 Sentries","floor":6,"turns":6},{"damage":0,"enemies":"2 Louse","floor":7,"turns":3},{"damage":11,"enemies":"Lagavulin","floor":8,"turns":5},{"damage":30,"enemies":"Gremlin Nob","floor":13,"turns":6},{"damage":3,"enemies":"Cultist","floor":14,"turns":3},{"damage":44,"enemies":"Hexaghost","floor":16,"turns":8},{"damage":9,"enemies":"Shell Parasite","floor":18,"turns":4},{"damage":5,"enemies":"Spheric Guardian","floor":19,"turns":4},{"damage":12,"enemies":"Snecko","floor":21,"turns":5},{"damage":32,"enemies":"Sentry and Sphere","floor":22,"turns":6},{"damage":15,"enemies":"Centurion and Healer","floor":25,"turns":4},{"damage":6,"enemies":"Book of Stabbing","floor":30,"turns":5},{"damage":23,"enemies":"Cultist and Chosen","floor":31,"turns":6},{"damage":8,"enemies":"Automaton","floor":33,"turns":8},{"damage":0,"enemies":"Orb Walker","floor":35,"turns":4},{"damage":8,"enemies":"3 Darklings","floor":38,"turns":4},{"damage":22,"enemies":"4 Shapes","floor":39,"turns":4},{"damage":3,"enemies":"Mind Bloom Boss Battle","floor":41,"turns":6},{"damage":0,"enemies":"Transient","floor":42,"turns":6},{"damage":4,"enemies":"Spire Growth","floor":45,"turns":4},{"damage":34,"enemies":"Awakened One","floor":50,"turns":9},{"damage":35,"enemies":"Time Eater","floor":51,"turns":6}],"seed_played":"-1622340833038254240","potions_obtained":[{"floor":3,"key":"Toxic Potion"},{"floor":3,"key":"FocusPotion"},{"floor":7,"key":"ColorlessPotion"},{"floor":14,"key":"theDuelist:SummonerBottle"},{"floor":21,"key":"theDuelist:EarthBottle"},{"floor":25,"key":"DuplicationPotion"},{"floor":33,"key":"SpeedPotion"},{"floor":35,"key":"theDuelist:BurningPotionB"},{"floor":38,"key":"Strength Potion"},{"floor":41,"key":"theDuelist:SummonerBottle"}],"is_trial":false,"path_per_floor":["M","?","?","$","T","E","M","E","T","R","?","R","E","M","R","B",null,"M","M","?","M","M","R","?","M","T","?","R","$","E","M","R","B",null,"M","?","?","M","M","R","?","M","T","?","M","?","R","$","R","B","B"],"character_chosen":"THE_DUELIST","items_purchased":["theDuelist:MythicalBeast","theDuelist:MagicalBlast","theDuelist:DarkPaladin","The Bomb"],"campfire_rested":7,"item_purchase_floors":[4,29,48,48],"current_hp_per_floor":[60,70,70,70,70,48,52,50,50,50,50,68,44,41,60,26,56,51,46,46,39,13,32,32,22,22,34,34,34,33,11,29,44,56,61,61,59,52,35,53,51,52,52,71,66,66,66,64,64,31,0,0],"gold":478,"neow_bonus":"THREE_CARDS","is_daily":false,"chose_seed":false,"campfire_upgraded":1,"win_rate":0.0,"timestamp":1611506117,"path_taken":["M","?","?","?","?","E","?","E","T","R","?","R","E","M","R","BOSS","M","M","?","M","?","R","?","M","T","?","R","$","E","M","R","BOSS","M","?","?","?","M","R","?","M","T","?","?","?","R","?","R","BOSS","BOSS"],"items_purchased_type":["Card","Card","Card","Card"],"build_version":"2020-12-22","purchased_purges":1,"victory":false,"max_hp_per_floor":[70,70,70,70,70,70,70,70,70,70,70,68,68,68,66,66,66,64,64,64,63,64,64,62,63,63,61,61,61,60,61,61,60,60,61,61,59,60,61,61,62,61,61,71,70,66,66,64,64,65,65,65],"card_choices":[{"not_picked":["theDuelist:MagicalBlast","theDuelist:GeminiElf"],"picked":"theDuelist:Mudballman","floor":0},{"not_picked":["theDuelist:ContractExodia","theDuelist:VoidExpansion","theDuelist:GoblinSecret","theDuelist:SpellShatteringArrow"],"picked":"theDuelist:InfernoFireBlast","floor":1},{"not_picked":["theDuelist:FlyingSaucer","theDuelist:SangaThunder","theDuelist:ThousandEyesIdol","theDuelist:CosmoBrain"],"picked":"theDuelist:InjectionFairy","floor":6},{"not_picked":["theDuelist:ThousandEyesRestrict","theDuelist:IceQueen","theDuelist:SwordsBurning","theDuelist:SangaWater"],"picked":"theDuelist:Wildfire","floor":7},{"not_picked":["theDuelist:SangaThunder","theDuelist:DarkMagician","theDuelist:Mudballman","theDuelist:AncientElf"],"picked":"theDuelist:WitchBlackRose","floor":8},{"not_picked":["theDuelist:MagiciansRobe","theDuelist:MindAir","theDuelist:BadReaction"],"picked":"theDuelist:Yami","floor":13},{"not_picked":["theDuelist:SpellShatteringArrow","theDuelist:SangaThunder","theDuelist:NeoMagic","theDuelist:ExodiaLA"],"picked":"theDuelist:DarkMagician","floor":14},{"not_picked":["theDuelist:Wildfire","theDuelist:QueenDragunDjinn","theDuelist:ThousandEyesRestrict","theDuelist:IceQueen"],"picked":"theDuelist:IrisEarthMother","floor":16},{"not_picked":["theDuelist:GuardianAngel","theDuelist:BlizzardPrincess","theDuelist:IcyCrevasse","theDuelist:TimeWizard"],"picked":"theDuelist:BookSecret+1","floor":18},{"not_picked":["theDuelist:SpellShatteringArrow","theDuelist:MysticalElf","theDuelist:DarkMagician","theDuelist:FlyingSaucer"],"picked":"theDuelist:MythicalBeast","floor":19},{"not_picked":["theDuelist:CosmicHorrorGangiel","theDuelist:MindAir","theDuelist:MagiciansRobe","theDuelist:CosmoBrain"],"picked":"theDuelist:InvitationDarkSleep+1","floor":21},{"not_picked":["theDuelist:CharcoalInpachi","theDuelist:Hinotama+1","theDuelist:MagicalStone+1","theDuelist:SphereKuriboh"],"picked":"theDuelist:InfernoFireBlast+1","floor":22},{"not_picked":["theDuelist:SangaThunder","theDuelist:DarkMagician+1","theDuelist:ExodiaRA","theDuelist:MythicalBeast"],"picked":"theDuelist:ApprenticeIllusionMagician","floor":25},{"not_picked":["theDuelist:GadgetOrbCard","theDuelist:VoidOrbCard","theDuelist:AlienOrbCard","theDuelist:WaterOrbCard"],"picked":"theDuelist:LightningOrbCard","floor":30},{"not_picked":["theDuelist:SpellShatteringArrow","theDuelist:GiantTrunade","theDuelist:GoblinSecret","theDuelist:ContractExodia"],"picked":"theDuelist:Yami","floor":31},{"not_picked":["theDuelist:RainbowDarkDragon","theDuelist:RainbowMagician","theDuelist:RainbowKuriboh","theDuelist:RainbowOverdragon"],"picked":"theDuelist:IrisEarthMother","floor":33},{"not_picked":["theDuelist:DarkMagician","theDuelist:SpiritHarp","theDuelist:ExodiaLL","theDuelist:ExodiaRA"],"picked":"theDuelist:Illusionist","floor":35},{"not_picked":["theDuelist:RainbowDarkDragon","theDuelist:RainbowMagician+1","theDuelist:RainbowKuriboh","theDuelist:RainbowOverdragon"],"picked":"theDuelist:IrisEarthMother+1","floor":38},{"not_picked":["theDuelist:ExodiaLL+1","theDuelist:CharcoalInpachi","theDuelist:DiffusionWaveMotion+1","theDuelist:Illusionist+1"],"picked":"theDuelist:QueenDragunDjinn","floor":39},{"not_picked":["theDuelist:ExodiaLL+1","theDuelist:BlueDragonSummoner","theDuelist:ThousandEyesIdol","theDuelist:Relinquished"],"picked":"theDuelist:LordD+1","floor":41},{"not_picked":["theDuelist:MagicalBlast","theDuelist:ExodiaLA","theDuelist:SangaEarth","theDuelist:Wildfire"],"picked":"theDuelist:MythicalBeast","floor":42},{"not_picked":["theDuelist:BlizzardWarrior+1","theDuelist:NeoMagic","theDuelist:WhiteMagicalHat","theDuelist:Illusionist"],"picked":"theDuelist:FogKing","floor":42},{"not_picked":["theDuelist:BattleOx","theDuelist:GilfordLegend","theDuelist:PotDichotomy","theDuelist:PreventRat"],"picked":"theDuelist:FrontierWiseman","floor":45},{"not_picked":["theDuelist:ExodiaNecross+1","theDuelist:DarkPaladin"],"picked":"theDuelist:IrisEarthMother","floor":45}],"player_experience":1515835,"relics_obtained":[{"floor":3,"key":"Ring of Peace"},{"floor":3,"key":"ReplayTheSpireMod:Ring of Addiction"},{"floor":3,"key":"Toy Ornithopter"},{"floor":3,"key":"SacredBark"},{"floor":6,"key":"Centennial Puzzle"},{"floor":8,"key":"Boot"},{"floor":9,"key":"theDuelist:DuelistOrichalcum"},{"floor":13,"key":"CeramicFish"},{"floor":26,"key":"Darkstone Periapt"},{"floor":30,"key":"White Beast Statue"},{"floor":41,"key":"Prayer Wheel"},{"floor":43,"key":"Art of War"}],"event_choices":[{"damage_healed":17,"gold_gain":0,"player_choice":"Healed","damage_taken":0,"max_hp_gain":0,"max_hp_loss":0,"event_name":"The Cleric","floor":2,"gold_loss":35},{"damage_healed":0,"gold_gain":0,"player_choice":"Rummage","damage_taken":0,"relics_obtained":["WarpedTongs"],"max_hp_gain":0,"max_hp_loss":0,"event_name":"Accursed Blacksmith","floor":11,"gold_loss":0,"cards_obtained":["Pain"]},{"damage_healed":0,"gold_gain":0,"player_choice":"Trade","damage_taken":0,"relics_obtained":["FaceOfCleric"],"max_hp_gain":0,"max_hp_loss":0,"event_name":"FaceTrader","floor":20,"gold_loss":0},{"damage_healed":0,"gold_gain":50,"player_choice":"Stole From Cult","damage_taken":0,"max_hp_gain":0,"max_hp_loss":0,"event_name":"Nest","floor":24,"gold_loss":0},{"damage_healed":12,"gold_gain":0,"player_choice":"Heal","damage_taken":0,"max_hp_gain":0,"max_hp_loss":0,"event_name":"The Library","floor":27,"gold_loss":0},{"damage_healed":0,"gold_gain":0,"player_choice":"Traded Iris, Earth Mother for Happy Lover","duelist":true,"damage_taken":0,"max_hp_gain":0,"max_hp_loss":0,"event_name":"Card Trader","floor":36,"gold_loss":0},{"damage_healed":0,"gold_gain":0,"player_choice":"1 cards matched","damage_taken":0,"max_hp_gain":0,"max_hp_loss":0,"event_name":"Match and Keep!","floor":37,"gold_loss":0,"cards_obtained":["theDuelist:GiantSoldier"]},{"damage_healed":0,"gold_gain":0,"player_choice":"Fight","damage_taken":0,"max_hp_gain":0,"max_hp_loss":0,"event_name":"MindBloom","floor":41,"gold_loss":0},{"cards_removed":["theDuelist:Wildfire"],"damage_healed":9,"gold_gain":0,"player_choice":"Offered Rare","damage_taken":0,"max_hp_gain":10,"max_hp_loss":0,"event_name":"Bonfire Elementals","floor":44,"gold_loss":0},{"damage_healed":0,"gold_gain":0,"player_choice":"Max HP","damage_taken":0,"max_hp_gain":0,"max_hp_loss":4,"event_name":"Winding Halls","floor":46,"gold_loss":0}],"is_beta":false,"boss_relics":[{"not_picked":["SlaversCollar","Busted Crown"],"picked":"Mark of Pain"},{"not_picked":["ReplayTheSpireMod:DimensionalGlitch","Honey Jar"],"picked":"Fusion Hammer"}],"items_purged_floors":[29],"is_endless":false,"potions_floor_spawned":[7,14,21,25,31,33,35,38,39,41,42,45],"killed_by":"Time Eater","ascension_level":20}}