{"host":"pf9sh7nh6rpu9sau","time":1611517621,"event":{"mods":["2.2 Compatiblity","BaseMod","BetterRewards","Clockwork Mod","Downfall","Hermit","Mad Scientist","Minty Spire (QoL Compilation)","Permanent Neow","Quick Restart","Somnambulant","StSLib","The Clintock","The Cursed","The Disciple","The Hierophant","The Necromancer","The Runesmith"],"gold_per_floor":[349,367,381,400,400,52,78,108,47,47,47,64,49,75,95,95,95,95],"floor_reached":16,"language":"ENG","playtime":1697,"items_purged":["bronze:Strike"],"score":100,"play_id":"de1b0da8-b97a-45ec-8df4-96bcf2bad32d","local_time":"20210124144701","is_ascension_mode":false,"campfire_choices":[{"data":"bronze:Replicate","floor":1,"key":"SMITH"},{"data":"bronze:HardenedForm","floor":10,"key":"SMITH"}],"circlet_count":0,"master_deck":["bronze:Strike","bronze:Strike","bronze:Strike","bronze:Defend","bronze:Defend","bronze:Defend","bronze:Defend","bronze:Replicate+1","bronze:Goto","bronze:CutThrough","bronze:Branch","bronze:FineTuning","bronze:Boost","bronze:InfiniteBeams","bronze:HardenedForm+1","bronze:Iterate","bronze:Spike","bronze:FineTuning","bronze:InfiniteBeams","bronze:Fortify","bronze:DelayedSlice"],"relics":["bronze:BronzeCore","Peace Pipe","Gremlin Horn","Oddly Smooth Stone","Odd Mushroom","Matryoshka"],"acts_visited":["Exordium"],"potions_floor_usage":[4,16,16],"damage_taken":[{"damage":1,"enemies":"2 Louse","floor":2,"turns":2},{"damage":0,"enemies":"Small Slimes","floor":3,"turns":3},{"damage":1,"enemies":"Jaw Worm","floor":4,"turns":4},{"damage":1,"enemies":"downfall:FleeingMerchant","floor":6,"turns":4},{"damage":0,"enemies":"The Mushroom Lair","floor":8,"turns":4},{"damage":0,"enemies":"downfall:FleeingMerchant","floor":9,"turns":4},{"damage":11,"enemies":"downfall:FleeingMerchant","floor":11,"turns":4},{"damage":2,"enemies":"3 Louse","floor":12,"turns":3},{"damage":8,"enemies":"downfall:FleeingMerchant","floor":13,"turns":4},{"damage":3,"enemies":"3 Sentries","floor":14,"turns":5},{"damage":8,"enemies":"2 Fungi Beasts","floor":15,"turns":4},{"damage":9,"enemies":"SI_SHIV_ARCHETYPE","floor":16,"turns":8}],"seed_played":"504381851769434912","potions_obtained":[{"floor":3,"key":"Fruit Juice"},{"floor":11,"key":"EssenceOfSteel"},{"floor":12,"key":"Ancient Potion"},{"floor":14,"key":"champ:CounterPotion"}],"is_trial":false,"path_per_floor":["R","M","M","M","?","$","T","?","$","R","?","M","$","E","M","B"],"character_chosen":"THE_AUTOMATON","items_purchased":["Gremlin Horn","bronze:Iterate"],"campfire_rested":0,"item_purchase_floors":[6,9],"current_hp_per_floor":[49,48,48,52,49,48,48,48,48,48,37,35,27,24,16,7,7,7],"gold":95,"neow_bonus":"TWO_FIFTY_GOLD","is_daily":false,"chose_seed":false,"campfire_upgraded":2,"win_rate":0.0,"timestamp":1611517621,"path_taken":["R","M","M","M","?","$","T","?","$","R","?","?","$","E","M","BOSS"],"items_purchased_type":["Relic","Card"],"build_version":"2020-12-22","purchased_purges":1,"victory":false,"max_hp_per_floor":[70,70,70,75,75,75,75,75,75,75,75,75,75,75,75,75,75,75],"card_choices":[{"not_picked":["bronze:Overheat","bronze:FineTuning"],"picked":"bronze:CutThrough","floor":2},{"not_picked":["bronze:Deprecate","bronze:CutThrough"],"picked":"bronze:Branch","floor":3},{"not_picked":["bronze:Branch","bronze:DarkDash"],"picked":"bronze:FineTuning","floor":4},{"not_picked":["bronze:Separator","bronze:Philosophize"],"picked":"bronze:Boost","floor":6},{"not_picked":["bronze:Branch","bronze:NullPointer"],"picked":"bronze:InfiniteBeams","floor":8},{"not_picked":["bronze:Safeguard","bronze:BuggyMess"],"picked":"bronze:HardenedForm","floor":9},{"not_picked":[],"picked":"bronze:Spike","floor":11},{"not_picked":["bronze:BuggyMess","bronze:OilSpill"],"picked":"bronze:FineTuning","floor":12},{"not_picked":["bronze:WhirlingStrike","bronze:WildBeam"],"picked":"bronze:InfiniteBeams","floor":13},{"not_picked":["bronze:Optimize","bronze:WhirlingStrike"],"picked":"bronze:Fortify","floor":14},{"not_picked":["bronze:CutThrough","bronze:CloningBeam"],"picked":"bronze:DelayedSlice","floor":15}],"player_experience":822983,"relics_obtained":[{"floor":7,"key":"Oddly Smooth Stone"},{"floor":8,"key":"Odd Mushroom"},{"floor":14,"key":"Matryoshka"}],"event_choices":[{"damage_healed":0,"gold_gain":0,"player_choice":"Success","damage_taken":3,"relics_obtained":["Peace Pipe"],"max_hp_gain":0,"max_hp_loss":0,"event_name":"Scrap Ooze","floor":5,"gold_loss":0},{"damage_healed":0,"gold_gain":0,"player_choice":"Fought Mushrooms","damage_taken":0,"max_hp_gain":0,"max_hp_loss":0,"event_name":"Mushrooms","floor":8,"gold_loss":0}],"is_beta":false,"boss_relics":[],"items_purged_floors":[6],"is_endless":false,"potions_floor_spawned":[3,11,12,14,15],"killed_by":"SI_SHIV_ARCHETYPE","ascension_level":0}}