{"host":"3a1ypf1irl30q4k8","time":1611522643,"event":{"mods":["AchievementEnabler","BaseMod","Bestiary","Colored Map","Minty Spire (QoL Compilation)","Relic Stats"],"gold_per_floor":[110,129,129,129,147,147,181,201,201,201,58,58,76,89,89,189,189,205,191,207,32,45,45,45,45],"floor_reached":24,"language":"ENG","playtime":1167,"items_purged":["Strike_R","Strike_R"],"score":240,"play_id":"760caf82-3246-4aa2-9641-5ec1c65e7581","local_time":"20210124211043","is_ascension_mode":true,"campfire_choices":[{"data":"Power Through","floor":6.0,"key":"SMITH"},{"data":"Bash","floor":10.0,"key":"SMITH"},{"data":"True Grit","floor":12.0,"key":"SMITH"},{"data":"Cleave","floor":15.0,"key":"SMITH"},{"data":"Entrench","floor":23,"key":"SMITH"}],"circlet_count":0,"master_deck":["Strike_R","Strike_R","Strike_R","Defend_R","Defend_R","Defend_R","Defend_R","Bash+1","Sever Soul+1","Pommel Strike","Power Through+1","True Grit+1","Power Through","Sentinel","Cleave+1","Double Tap","Impervious","CurseOfTheBell","Spot Weakness+1","Wild Strike","Inflame+1","Entrench+1"],"relics":["Burning Blood","NlothsMask","White Beast Statue","Calling Bell","Nunchaku","Frozen Egg 2","Champion Belt"],"acts_visited":["Exordium","TheCity"],"potions_floor_usage":[24,24],"damage_taken":[{"damage":0.0,"enemies":"2 Louse","floor":1.0,"turns":3.0},{"damage":0.0,"enemies":"Small Slimes","floor":2.0,"turns":3.0},{"damage":1.0,"enemies":"Cultist","floor":5.0,"turns":3.0},{"damage":16.0,"enemies":"Gremlin Nob","floor":7.0,"turns":3.0},{"damage":3.0,"enemies":"Exordium Thugs","floor":8.0,"turns":5.0},{"damage":4.0,"enemies":"Blue Slaver","floor":13.0,"turns":3.0},{"damage":4.0,"enemies":"Large Slime","floor":14.0,"turns":7.0},{"damage":20.0,"enemies":"Slime Boss","floor":16.0,"turns":10.0},{"damage":35.0,"enemies":"Spheric Guardian","floor":18.0,"turns":8.0},{"damage":7.0,"enemies":"2 Thieves","floor":19.0,"turns":4.0},{"damage":26.0,"enemies":"Snecko","floor":20.0,"turns":8.0},{"damage":18.0,"enemies":"Shelled Parasite and Fungi","floor":22.0,"turns":7.0},{"damage":46,"enemies":"Slavers","floor":24,"turns":5}],"seed_played":"4036096213818906171","potions_obtained":[{"floor":5.0,"key":"Energy Potion"},{"floor":7.0,"key":"EssenceOfSteel"},{"floor":8.0,"key":"SpeedPotion"},{"floor":13.0,"key":"ColorlessPotion"},{"floor":14.0,"key":"DuplicationPotion"},{"floor":16.0,"key":"PowerPotion"},{"floor":18.0,"key":"Energy Potion"},{"floor":19.0,"key":"BloodPotion"},{"floor":20.0,"key":"GamblersBrew"},{"floor":22,"key":"Weak Potion"}],"is_trial":false,"path_per_floor":["M","M","?","?","M","R","E","M","T","R","$","R","M","M","R","B",null,"M","M","M","$","M","R","E"],"character_chosen":"IRONCLAD","items_purchased":["Sentinel","Inflame+1"],"campfire_rested":0,"item_purchase_floors":[11,21],"current_hp_per_floor":[88,88,88,88,88,88,78,81,81,81,81,81,83,85,85,71,88,59,58,55,55,43,43,0,0],"gold":45,"neow_bonus":"TEN_PERCENT_HP_BONUS","is_daily":false,"chose_seed":false,"campfire_upgraded":5,"win_rate":0.0,"timestamp":1611522643,"path_taken":["M","M","?","?","M","R","E","M","T","R","$","R","M","M","R","BOSS","M","?","M","$","M","R","E"],"items_purchased_type":["Card","Card"],"build_version":"2020-12-22","purchased_purges":2,"victory":false,"max_hp_per_floor":[88,88,88,88,88,88,88,88,88,88,88,88,88,88,88,88,88,88,88,88,88,88,88,88,88],"relic_stats":{"Nunchaku":[4],"counters":[13,69],"Champion Belt":[4],"obtain_stats":[{"Calling Bell":17,"Nunchaku":17,"Champion Belt":17,"Frozen Egg 2":17,"Burning Blood":0,"White Beast Statue":7,"NlothsMask":4},{"Calling Bell":8,"Nunchaku":8,"Champion Belt":8,"Frozen Egg 2":8,"Burning Blood":0,"White Beast Statue":4,"NlothsMask":2},{"Calling Bell":37,"Nunchaku":37,"Champion Belt":37,"Frozen Egg 2":37,"Burning Blood":0,"White Beast Statue":12,"NlothsMask":6}],"Burning Blood":55},"card_choices":[{"not_picked":["Thunderclap","Headbutt"],"picked":"Sever Soul","floor":1.0},{"not_picked":["Havoc","Clash"],"picked":"Pommel Strike","floor":2.0},{"not_picked":["Entrench","Bloodletting"],"picked":"Power Through","floor":5.0},{"not_picked":["Searing Blow","Perfected Strike"],"picked":"True Grit","floor":7.0},{"not_picked":["Body Slam","Thunderclap"],"picked":"Power Through","floor":8.0},{"not_picked":["Inflame","Heavy Blade"],"picked":"Cleave","floor":13.0},{"not_picked":["Disarm","Armaments"],"picked":"Double Tap","floor":14.0},{"not_picked":["Exhume","Barricade"],"picked":"Impervious","floor":16.0},{"not_picked":["Armaments","Flame Barrier+1"],"picked":"Spot Weakness+1","floor":18.0},{"not_picked":["Iron Wave","Shockwave"],"picked":"Wild Strike","floor":19.0},{"not_picked":["Flex+1","Anger+1","Sever Soul+1"],"picked":"SKIP","floor":20.0},{"not_picked":["Armaments","Twin Strike"],"picked":"Entrench","floor":22}],"player_experience":1192861,"relics_obtained":[{"floor":7.0,"key":"White Beast Statue"},{"floor":17.0,"key":"Nunchaku"},{"floor":17.0,"key":"Frozen Egg 2"},{"floor":17.0,"key":"Champion Belt"}],"event_choices":[{"damage_healed":0.0,"max_hp_gain":0.0,"max_hp_loss":0.0,"gold_gain":0.0,"event_name":"Living Wall","player_choice":"Grow","floor":3.0,"gold_loss":0.0,"damage_taken":0.0,"cards_upgraded":["Sever Soul"]},{"damage_healed":0.0,"max_hp_gain":0.0,"max_hp_loss":0.0,"gold_gain":0.0,"event_name":"FaceTrader","player_choice":"Trade","floor":4.0,"gold_loss":0.0,"damage_taken":0.0,"relics_obtained":["NlothsMask"]}],"is_beta":false,"boss_relics":[{"not_picked":["Black Star","Runic Dome"],"picked":"Calling Bell"}],"items_purged_floors":[11,21],"is_endless":false,"potions_floor_spawned":[5,7,8,13,14,16,18,19,20,22],"killed_by":"Slavers","ascension_level":4}}