{"host":"17uzppmr1r5fe5jj","time":1611513548,"event":{"mods":["BaseMod","Minty Spire (QoL Compilation)","Quick Restart","StSLib","[IsaacMod]ÒÔÈö¼âËþ"],"gold_per_floor":[115,115,187,112,130,130,146,146,146,165,200,200,218,249,249,345,345,362,22,0,13,25,55,55,84,155,172,372,372,392,402,402,507,507,524,108,118,135,39,39,39,39],"floor_reached":41,"language":"ZHS","playtime":1860,"items_purged":["Strike_R","Strike_R","Strike_R","Strike_R"],"score":653,"play_id":"5aaf4c7a-710b-404a-8e7f-c6338922ee5f","local_time":"20210125023908","is_ascension_mode":true,"campfire_choices":[{"data":"Sword Boomerang","floor":6.0,"key":"SMITH"},{"data":"Battle Trance","floor":8.0,"key":"SMITH"},{"data":"Entrench","floor":15.0,"key":"SMITH"},{"floor":29.0,"key":"REST"},{"data":"True Grit","floor":32.0,"key":"SMITH"},{"data":"Bludgeon","floor":40.0,"key":"SMITH"}],"circlet_count":0,"master_deck":["Strike_R","Defend_R","Defend_R","Defend_R","Defend_R+1","Bash","Rupture+1","Sword Boomerang+1","Battle Trance+1","Shrug It Off+1","Flex","Fire Breathing","Entrench+1","Bludgeon+1","Bloodletting+1","Pommel Strike","True Grit+1","Power Through+1","Body Slam+1","Feel No Pain","Dark Embrace","Bludgeon","CurseOfTheBell"],"relics":["HushsDoor","GuppysTail","Velvet Choker","Pear","Void","TheBible","Dream Catcher","Snecko Eye","DeathBook","Boot","Regal Pillow","Blue Candle","Calling Bell","SatanicBible","Centennial Puzzle","Ornamental Fan","BlankCard","Gambling Chip"],"acts_visited":["Exordium","TheCity","TheBeyond"],"potions_floor_usage":[],"damage_taken":[{"damage":9.0,"enemies":"Jaw Worm","floor":1.0,"turns":3.0},{"damage":3.0,"enemies":"Small Slimes","floor":5.0,"turns":4.0},{"damage":1.0,"enemies":"Cultist","floor":7.0,"turns":3.0},{"damage":13.0,"enemies":"Large Slime","floor":10.0,"turns":3.0},{"damage":0.0,"enemies":"3 Sentries","floor":11.0,"turns":6.0},{"damage":10.0,"enemies":"Lots of Slimes","floor":13.0,"turns":3.0},{"damage":7.0,"enemies":"Gremlin Nob","floor":14.0,"turns":4.0},{"damage":0.0,"enemies":"Hexaghost","floor":16.0,"turns":11.0},{"damage":0.0,"enemies":"Spheric Guardian","floor":18.0,"turns":3.0},{"damage":8.0,"enemies":"Chosen","floor":21.0,"turns":3.0},{"damage":3.0,"enemies":"Shelled Parasite and Fungi","floor":22.0,"turns":1.0},{"damage":14.0,"enemies":"Slavers","floor":23.0,"turns":4.0},{"damage":33.0,"enemies":"Gremlin Leader","floor":25.0,"turns":3.0},{"damage":3.0,"enemies":"Centurion and Healer","floor":27.0,"turns":4.0},{"damage":6.0,"enemies":"Snecko","floor":30.0,"turns":4.0},{"damage":8.0,"enemies":"Chosen and Byrds","floor":31.0,"turns":4.0},{"damage":6.0,"enemies":"Automaton","floor":33.0,"turns":9.0},{"damage":9.0,"enemies":"Orb Walker","floor":35.0,"turns":3.0},{"damage":0.0,"enemies":"3 Shapes","floor":37.0,"turns":3.0},{"damage":26.0,"enemies":"Sphere and 2 Shapes","floor":38.0,"turns":4.0},{"damage":0,"enemies":"Giant Head","floor":41,"turns":1}],"seed_played":"7562042738826810689","potions_obtained":[{"floor":7.0,"key":"Fire Potion"},{"floor":10.0,"key":"EntropicBrew"},{"floor":13.0,"key":"PowerPotion"},{"floor":18.0,"key":"FearPotion"},{"floor":21.0,"key":"Fire Potion"},{"floor":24.0,"key":"ColorlessPotion"},{"floor":24.0,"key":"Explosive Potion"},{"floor":24.0,"key":"Swift Potion"},{"floor":30.0,"key":"AttackPotion"},{"floor":33.0,"key":"AttackPotion"},{"floor":38.0,"key":"LiquidBronze"}],"is_trial":false,"path_per_floor":["M","?","T","$","M","R","M","R","T","M","E","?","M","E","R","B",null,"M","$","?","M","M","E","?","E","T","M","?","R","M","M","R","B",null,"M","$","M","M","$","R","E"],"character_chosen":"IRONCLAD","items_purchased":["DeathBook","SatanicBible","Gambling Chip","FairyPotion"],"campfire_rested":1,"item_purchase_floors":[19,34,36,39],"current_hp_per_floor":[71,71,81,81,78,78,77,77,77,64,64,46,36,29,29,29,85,85,85,85,77,74,60,60,27,27,24,24,63,57,49,49,43,72,63,63,63,37,37,37,37,37],"gold":39,"neow_bonus":"BOSS_RELIC","is_daily":false,"chose_seed":false,"campfire_upgraded":5,"win_rate":0.0,"timestamp":1611513548,"path_taken":["M","?","?","$","M","R","M","R","T","M","E","?","M","E","R","BOSS","M","$","?","M","M","E","?","E","T","M","?","R","?","?","R","BOSS","M","$","M","M","$","R","E"],"items_purchased_type":["Relic","Relic","Relic","Potion"],"build_version":"2020-12-22","purchased_purges":4,"victory":false,"max_hp_per_floor":[80,80,90,90,90,90,90,90,90,90,90,90,90,90,90,90,85,85,85,85,85,85,85,85,82,82,82,82,82,82,82,82,82,72,72,72,72,72,72,72,72,72],"card_choices":[{"not_picked":["Thunderclap","Headbutt"],"picked":"Rupture","floor":1.0},{"not_picked":["Armaments","Evolve"],"picked":"Sword Boomerang","floor":5.0},{"not_picked":["Sword Boomerang","Anger"],"picked":"Battle Trance","floor":7.0},{"not_picked":["Barricade","Cleave"],"picked":"Shrug It Off","floor":10.0},{"not_picked":["Thunderclap","Cleave"],"picked":"Flex","floor":11.0},{"not_picked":["Sword Boomerang","Shrug It Off"],"picked":"Fire Breathing","floor":13.0},{"not_picked":["Juggernaut","Havoc"],"picked":"Entrench","floor":14.0},{"not_picked":["Feed","Impervious"],"picked":"Bludgeon","floor":16.0},{"not_picked":["Headbutt+1","Second Wind+1"],"picked":"Bloodletting+1","floor":18.0},{"not_picked":["Shrug It Off","Warcry"],"picked":"Pommel Strike","floor":21.0},{"not_picked":["Searing Blow+1","Cleave+1","Flex"],"picked":"SKIP","floor":22.0},{"not_picked":["Combust","Anger"],"picked":"True Grit","floor":23.0},{"not_picked":["Juggernaut","Wild Strike+1"],"picked":"Power Through+1","floor":25.0},{"not_picked":["Headbutt","Bloodletting+1","Cleave"],"picked":"SKIP","floor":27.0},{"not_picked":["Shrug It Off","Rupture+1"],"picked":"Body Slam+1","floor":29.0},{"not_picked":["Clash","Headbutt"],"picked":"Feel No Pain","floor":30.0},{"not_picked":["Shrug It Off+1","Sword Boomerang"],"picked":"Dark Embrace","floor":31.0},{"not_picked":["Corruption","Feed"],"picked":"Bludgeon","floor":33.0},{"not_picked":["Wild Strike+1","Iron Wave+1","Inflame+1"],"picked":"SKIP","floor":35.0},{"not_picked":["Clothesline+1","Dual Wield","Searing Blow"],"picked":"SKIP","floor":37.0},{"not_picked":["Fire Breathing+1","Pommel Strike+1","Battle Trance+1"],"picked":"SKIP","floor":38.0}],"player_experience":107485,"relics_obtained":[{"floor":3.0,"key":"Pear"},{"floor":9.0,"key":"Void"},{"floor":11.0,"key":"TheBible"},{"floor":14.0,"key":"Dream Catcher"},{"floor":23.0,"key":"Boot"},{"floor":25.0,"key":"Regal Pillow"},{"floor":26.0,"key":"Blue Candle"},{"floor":34.0,"key":"Centennial Puzzle"},{"floor":34.0,"key":"Ornamental Fan"},{"floor":34.0,"key":"BlankCard"}],"event_choices":[{"damage_healed":0.0,"max_hp_gain":0.0,"max_hp_loss":0.0,"gold_gain":0.0,"event_name":"Living Wall","player_choice":"Grow","floor":2.0,"gold_loss":0.0,"damage_taken":0.0,"cards_upgraded":["Rupture"]},{"damage_healed":0.0,"max_hp_gain":0.0,"max_hp_loss":0.0,"gold_gain":0.0,"event_name":"Shining Light","player_choice":"Entered Light","floor":12.0,"gold_loss":0.0,"damage_taken":18.0,"cards_upgraded":["Shrug It Off","Defend_R"]},{"damage_healed":0.0,"max_hp_gain":0.0,"max_hp_loss":0.0,"gold_gain":0.0,"event_name":"Masked Bandits","player_choice":"Paid Fearfully","floor":20.0,"gold_loss":22.0,"damage_taken":0.0},{"damage_healed":0.0,"max_hp_gain":0.0,"max_hp_loss":0.0,"gold_gain":0.0,"event_name":"Lab","player_choice":"Got Potions","floor":24.0,"gold_loss":0.0,"damage_taken":0.0},{"damage_healed":0.0,"max_hp_gain":0.0,"max_hp_loss":0.0,"gold_gain":250.0,"event_name":"The Joust","player_choice":"Bet on Owner","floor":28.0,"gold_loss":50.0,"damage_taken":0.0}],"is_beta":false,"boss_relics":[{"not_picked":["Black Star","Busted Crown"],"picked":"Snecko Eye"},{"not_picked":[]},{"not_picked":["Runic Pyramid","Sozu"],"picked":"Calling Bell"},{"not_picked":[]}],"items_purged_floors":[4,17,19,36],"is_endless":false,"potions_floor_spawned":[7,10,13,18,21,30,33,38],"killed_by":"Giant Head","ascension_level":3}}