{"host":"8i58hvcssdezoe94","time":1611491942,"event":{"mods":["Act Like it!","BaseMod","BetterRewards","Colored Map","Colored Powertips","Conspire","Downfall","Gensokyo","Good Game Mod","KinomotoSakuraMod(木之本樱)","Marisa（F雨　魔理沙）","Minty Spire (QoL Compilation)","Quick Restart","Rare Cards Sparkle","Remilia（蕾米莉亚）","Replay The Spire","Shop Mod","StSLib","The Bug Knight","The Construct","The Cursed","The Hierophant","The Jungle","The Servant 0.9.4"],"gold_per_floor":[116,126,141,161,241,274,274,308,308,308,326,338,353,365,365,460,460,473,395,407,440,455,455,455,455,455,377,377,292,292,311,311,311,311],"floor_reached":33,"language":"ZHS","playtime":2082,"items_purged":[],"score":284,"play_id":"c7d43472-3113-42e8-ac50-a3459cf4c8ab","local_time":"20210124203902","is_ascension_mode":false,"campfire_choices":[{"floor":7,"key":"RECALL"},{"data":"Enlightenment","floor":10,"key":"SMITH"},{"data":"Seeing Red","floor":15,"key":"SMITH"},{"floor":23,"key":"REST"},{"data":"Barricade","floor":25,"key":"SMITH"},{"data":"Infernal Blade","floor":28,"key":"SMITH"},{"data":"Heavy Blade","floor":30,"key":"SMITH"},{"floor":32,"key":"REST"}],"circlet_count":0,"master_deck":["Strike_R+1","Strike_R+1","Strike_R+1","Strike_R+1","Strike_R+1","Defend_R","Defend_R","Defend_R+1","Defend_R+1","Bash","hexamod:SixthSeal","Enlightenment+1","Inflame+1","Perfected Strike+1","Shrug It Off","Pummel","Defy Death+1","Havoc+1","Clash","Shrug It Off","Blood for Blood+1","Seeing Red+1","Spot Weakness+1","ReplayTheSpireMod:Strike From Hell","Clothesline+1","Cleave","Carnage","ReplayTheSpireMod:Strike From Hell","Metallicize","Anger","Shockwave","Havoc+1","Hemogenesis","Headbutt","Barricade+1","CurseOfTheBell","Infernal Blade+1","Armaments+1","Flame Barrier","Replay:Undeath\u0027s Touch","Heavy Blade+1","Armaments","Metallicize+1","Havoc+1","Run Through","Seeing Red"],"relics":["Burning Blood","REME:ComplimentaryCards","Membership Card","Replay:PocketPolymizer","BargainBundle","Prayer Wheel","conspire:InfiniteJournal","BranchBurnRelic","Ornamental Fan","Meat on the Bone","Calling Bell","King of Hearts","Replay:Bottled Eggs","Counterbalance","ReplayFunnel","Red Mask","Orrery","ReplayTheSpireMod:TigerMarble"],"acts_visited":["Gensokyo:Gensokyo","TheCity"],"potions_floor_usage":[6],"damage_taken":[{"damage":4,"enemies":"Gensokyo:Python","floor":1,"turns":4},{"damage":10,"enemies":"Gensokyo:2_Kodama","floor":2,"turns":4},{"damage":5,"enemies":"Gensokyo:3_Fairies","floor":3,"turns":6},{"damage":0,"enemies":"Gensokyo:Kitsune","floor":4,"turns":3},{"damage":21,"enemies":"Gensokyo:Aya","floor":6,"turns":7},{"damage":11,"enemies":"Gensokyo:Mamizou","floor":8,"turns":8},{"damage":0,"enemies":"Gensokyo:LivingMonolith","floor":11,"turns":3},{"damage":8,"enemies":"Gensokyo:Python_and_Kodama","floor":12,"turns":4},{"damage":4,"enemies":"Gensokyo:3_Kodama","floor":13,"turns":5},{"damage":0,"enemies":"Gensokyo:LivingMonolith","floor":14,"turns":2},{"damage":41,"enemies":"Gensokyo:Yukari","floor":16,"turns":11},{"damage":27,"enemies":"Shell Parasite","floor":18,"turns":4},{"damage":42,"enemies":"conspire:FuzzyDice","floor":20,"turns":12},{"damage":32,"enemies":"Masked Bandits","floor":21,"turns":5},{"damage":16,"enemies":"Snake Plant","floor":22,"turns":4},{"damage":18,"enemies":"Centurion and Healer","floor":31,"turns":9},{"damage":86,"enemies":"Automaton","floor":33,"turns":6}],"seed_played":"-963047715855885411","potions_obtained":[{"floor":1,"key":"Ancient Potion"},{"floor":4,"key":"Toxic Potion"},{"floor":6,"key":"DuplicationPotion"},{"floor":12,"key":"FearPotion"}],"is_trial":false,"path_per_floor":["M","M","M","M","?","E","R","E","T","R","M","M","M","M","R","B",null,"M","$","M","?","M","R","?","R","T","$","R","?","R","M","R","B"],"character_chosen":"IRONCLAD","items_purchased":["Membership Card","Enlightenment","BargainBundle","Inflame","Perfected Strike","Shrug It Off","Pummel","ReplayFunnel","Orrery"],"campfire_rested":2,"item_purchase_floors":[0,0,0,0,0,0,0,19,27],"current_hp_per_floor":[46,42,43,49,49,34,34,44,44,44,59,57,59,65,65,50,80,59,59,35,26,28,52,52,52,52,52,52,52,52,55,79,0,0],"gold":311,"neow_bonus":"","is_daily":false,"chose_seed":false,"campfire_upgraded":5,"win_rate":0.0,"timestamp":1611491942,"path_taken":["M","M","M","M","?","E","R","E","T","R","?","M","M","M","R","BOSS","M","$","M","?","M","R","?","R","T","$","R","?","R","M","R","BOSS"],"items_purchased_type":["Relic","Card","Relic","Card","Card","Card","Card","Relic","Relic"],"build_version":"2020-12-22","purchased_purges":0,"victory":false,"max_hp_per_floor":[80,80,80,80,80,80,80,80,80,80,80,80,80,80,80,80,80,80,80,80,80,80,80,80,80,80,80,80,80,80,80,80,80,80],"card_choices":[{"not_picked":["Twin Strike","Sever Soul"],"picked":"Defy Death","floor":1},{"not_picked":["Armaments","Thunderclap"],"picked":"Havoc","floor":1},{"not_picked":["Body Slam","Thunderclap"],"picked":"Clash","floor":2},{"not_picked":["Perfected Strike","Twin Strike"],"picked":"Shrug It Off","floor":2},{"not_picked":["Thunderclap","Wild Strike"],"picked":"Blood for Blood","floor":3},{"not_picked":["Wild Strike","Armaments"],"picked":"Seeing Red","floor":3},{"not_picked":["Dark Embrace","Run Through"],"picked":"Spot Weakness","floor":4},{"not_picked":["Pommel Strike","Flex"],"picked":"ReplayTheSpireMod:Strike From Hell","floor":4},{"not_picked":["Havoc","Corruption"],"picked":"Clothesline","floor":6},{"not_picked":["Blood for Blood","Clothesline"],"picked":"Cleave","floor":8},{"not_picked":["Whirlwind","conspire:Charge"],"picked":"Carnage","floor":11},{"not_picked":["ReplayReversal","Run Through"],"picked":"ReplayTheSpireMod:Strike From Hell","floor":11},{"not_picked":["Run Through","Warcry"],"picked":"Metallicize","floor":12},{"not_picked":["Perfected Strike","Shrug It Off"],"picked":"Anger","floor":12},{"not_picked":["Bloodletting","Heavy Blade"],"picked":"Shockwave","floor":13},{"not_picked":["Shrug It Off","Pommel Strike"],"picked":"Havoc","floor":13},{"not_picked":["Cleave","Iron Wave"],"picked":"Hemogenesis","floor":14},{"not_picked":["Armaments","Warcry"],"picked":"Headbutt","floor":14},{"not_picked":["Feed","Corruption"],"picked":"Barricade","floor":16},{"not_picked":["Anger","Clash+1"],"picked":"Infernal Blade","floor":18},{"not_picked":["ReplayTheSpireMod:Muscle Training","Rampage"],"picked":"Armaments+1","floor":18},{"not_picked":["Carnage","True Grit"],"picked":"Iron Wave","floor":20},{"not_picked":["Ghostly Armor+1","Pommel Strike+1"],"picked":"Flame Barrier","floor":20},{"not_picked":["Havoc","Clash+1"],"picked":"Replay:Undeath\u0027s Touch","floor":21},{"not_picked":["Sword Boomerang","Iron Wave"],"picked":"Heavy Blade","floor":22},{"not_picked":["Iron Wave","Massacre","Wild Strike"],"picked":"SKIP","floor":22},{"not_picked":["Pommel Strike+1","Heavy Blade"],"picked":"Metallicize+1","floor":27},{"not_picked":["Pummel","Defy Death"],"picked":"Havoc+1","floor":27},{"not_picked":["Sever Soul","True Grit"],"picked":"Twin Strike","floor":31},{"not_picked":["Heavy Blade","Wild Strike"],"picked":"Run Through","floor":31}],"player_experience":59623,"relics_obtained":[{"floor":6,"key":"conspire:InfiniteJournal"},{"floor":8,"key":"Ornamental Fan"},{"floor":9,"key":"Meat on the Bone"},{"floor":17,"key":"King of Hearts"},{"floor":17,"key":"Replay:Bottled Eggs"},{"floor":17,"key":"Counterbalance"},{"floor":21,"key":"Red Mask"}],"event_choices":[{"damage_healed":0,"gold_gain":0,"player_choice":"Fought Bandits","damage_taken":0,"max_hp_gain":0,"max_hp_loss":0,"event_name":"Masked Bandits","floor":21,"gold_loss":0},{"damage_healed":0,"gold_gain":0,"player_choice":"Obtained Relic","damage_taken":0,"relics_obtained":["ReplayTheSpireMod:TigerMarble"],"max_hp_gain":0,"max_hp_loss":0,"event_name":"Addict","floor":29,"gold_loss":85}],"is_beta":false,"boss_relics":[{"not_picked":["Runic Dome","Mark of Pain"],"picked":"Calling Bell"}],"items_purged_floors":[],"is_endless":false,"potions_floor_spawned":[1,4,6,12,14,18,20],"killed_by":"Automaton","ascension_level":0}}