{"host":"xb2tau8pgi8aflss","time":1611469360,"event":{"mods":["AchievementEnabler","BaseMod","Hermit","Minty Spire (QoL Compilation)","StSLib","SuperFastMode"],"gold_per_floor":[110,122,133,133,103,103,129,54,78,120,132,1,1,1,1,102,102,113,126,26,26,39,39,39],"floor_reached":23,"language":"KOR","playtime":603,"items_purged":["Strike_P","PathToVictory"],"score":289,"play_id":"9571fbdd-e5c5-4e63-a393-219d0c25ebf9","local_time":"20210124152240","is_ascension_mode":true,"campfire_choices":[{"data":"Tantrum","floor":6,"key":"SMITH"},{"data":"MentalFortress","floor":13,"key":"SMITH"},{"data":"Evaluate","floor":15,"key":"SMITH"}],"circlet_count":0,"master_deck":["Eruption+1","Vigilance+1","Conclude","ClearTheMind","Tantrum+1","Evaluate+1","DeusExMachina","EmptyMind","MentalFortress+1","Omniscience","Crescendo","WreathOfFlame","Brilliance","Protect","Judgement","Worship","Adaptation","BowlingBash"],"relics":["SlaversCollar","Pen Nib","MawBank","StoneCalendar","Mango","Pandora\u0027s Box","Smiling Mask"],"acts_visited":["Exordium","TheCity"],"potions_floor_usage":[10],"damage_taken":[{"damage":4,"enemies":"2 Louse","floor":1,"turns":4},{"damage":0,"enemies":"Cultist","floor":2,"turns":2},{"damage":0,"enemies":"Small Slimes","floor":3,"turns":2},{"damage":4,"enemies":"Looter","floor":5,"turns":4},{"damage":17,"enemies":"3 Sentries","floor":7,"turns":4},{"damage":0,"enemies":"Gremlin Nob","floor":10,"turns":2},{"damage":28,"enemies":"The Guardian","floor":16,"turns":9},{"damage":6,"enemies":"Spheric Guardian","floor":18,"turns":3},{"damage":0,"enemies":"3 Byrds","floor":19,"turns":4},{"damage":20,"enemies":"Centurion and Healer","floor":22,"turns":4},{"damage":52,"enemies":"Gremlin Leader","floor":23,"turns":2}],"seed_played":"4956852498654455261","potions_obtained":[{"floor":1,"key":"Fire Potion"},{"floor":2,"key":"CultistPotion"},{"floor":7,"key":"BlessingOfTheForge"},{"floor":16,"key":"SteroidPotion"}],"is_trial":false,"path_per_floor":["M","M","M","?","M","R","E","$","T","E","?","$","R","?","R","B",null,"M","M","$","?","M","E"],"character_chosen":"WATCHER","items_purchased":["DeusExMachina","MentalFortress"],"campfire_rested":0,"item_purchase_floors":[8,12],"current_hp_per_floor":[61,61,61,61,57,57,40,40,40,40,40,40,40,29,29,1,65,59,59,59,59,39,0,0],"gold":39,"neow_bonus":"BOSS_RELIC","is_daily":false,"chose_seed":false,"campfire_upgraded":3,"win_rate":0.0,"timestamp":1611469360,"path_taken":["M","M","M","?","?","R","E","$","T","E","?","$","R","?","R","BOSS","M","M","$","?","?","E"],"items_purchased_type":["Card","Card"],"build_version":"2020-12-22","purchased_purges":2,"victory":false,"max_hp_per_floor":[72,72,72,72,72,72,72,72,72,72,72,72,72,86,86,86,86,86,86,86,86,86,86,86],"card_choices":[{"not_picked":["Indignation","PathToVictory"],"picked":"Conclude","floor":1},{"not_picked":["ThirdEye","JustLucky","Consecrate"],"picked":"SKIP","floor":2},{"not_picked":["Conclude","CutThroughFate"],"picked":"ClearTheMind","floor":3},{"not_picked":["SashWhip","BattleHymn"],"picked":"Tantrum","floor":5},{"not_picked":["Conclude","Wireheading"],"picked":"Evaluate","floor":7},{"not_picked":["SpiritShield","CrushJoints"],"picked":"EmptyMind","floor":10},{"not_picked":["ConjureBlade","Establishment"],"picked":"Omniscience","floor":16},{"not_picked":["EmptyFist+1","Consecrate+1"],"picked":"Adaptation","floor":18},{"not_picked":["Tantrum","EmptyBody"],"picked":"BowlingBash","floor":19},{"not_picked":["Sanctity+1","EmptyBody+1","FlurryOfBlows"],"picked":"SKIP","floor":22}],"player_experience":788831,"relics_obtained":[{"floor":7,"key":"Pen Nib"},{"floor":9,"key":"MawBank"},{"floor":10,"key":"StoneCalendar"}],"event_choices":[{"damage_healed":0,"gold_gain":0,"player_choice":"Upgraded","damage_taken":0,"max_hp_gain":0,"max_hp_loss":0,"event_name":"Upgrade Shrine","floor":4,"gold_loss":0,"cards_upgraded":["Eruption"]},{"damage_healed":0,"gold_gain":0,"player_choice":"Grow","damage_taken":0,"max_hp_gain":0,"max_hp_loss":0,"event_name":"Living Wall","floor":11,"gold_loss":0,"cards_upgraded":["Vigilance"]},{"damage_healed":0,"gold_gain":0,"player_choice":"Success","damage_taken":25,"relics_obtained":["Mango"],"max_hp_gain":0,"max_hp_loss":0,"event_name":"Scrap Ooze","floor":14,"gold_loss":0},{"damage_healed":0,"gold_gain":0,"player_choice":"Gave Potion","damage_taken":0,"relics_obtained":["Smiling Mask"],"max_hp_gain":0,"max_hp_loss":0,"event_name":"WeMeetAgain","floor":21,"gold_loss":0}],"is_beta":false,"boss_relics":[{"not_picked":["Snecko Eye","Black Star"],"picked":"Pandora\u0027s Box"}],"items_purged_floors":[12,20],"is_endless":false,"potions_floor_spawned":[1,2,7,16,19],"killed_by":"Gremlin Leader","ascension_level":6}}