{"host":"qxeepl7ydvsgmfdb","time":1611500199,"event":{"mods":["AchievementEnabler","BaseMod","Colored Powertips","Minty Spire (QoL Compilation)","Quick Restart","slay the spire mod where everything is the same but ironclad has a cowboy hat"],"gold_per_floor":[118,118,128,42,56,56,86,86,86,117,135,153,163,175,175,175,175],"floor_reached":16,"language":"ENG","playtime":537,"items_purged":[],"score":171,"play_id":"3bdac4bd-f29e-4792-8bc2-28c9e76017ad","local_time":"20210124095639","is_ascension_mode":true,"campfire_choices":[{"data":"Corpse Explosion","floor":6,"key":"SMITH"},{"data":"Deadly Poison","floor":8,"key":"SMITH"},{"floor":15,"key":"REST"}],"circlet_count":0,"master_deck":["AscendersBane","Strike_G","Strike_G","Strike_G","Strike_G","Strike_G","Defend_G","Defend_G+1","Defend_G","Defend_G","Defend_G+1","Survivor","Neutralize","Blade Dance","Corpse Explosion+1","Deadly Poison+1","Dagger Spray","Deflect","Cloak And Dagger","Backflip","Catalyst"],"relics":["Ring of the Snake","NeowsBlessing","War Paint","Juzu Bracelet","HornCleat","Oddly Smooth Stone"],"acts_visited":["Exordium"],"potions_floor_usage":[7,16,16],"damage_taken":[{"damage":0,"enemies":"2 Louse","floor":1,"turns":1},{"damage":0,"enemies":"Cultist","floor":3,"turns":1},{"damage":0,"enemies":"Small Slimes","floor":5,"turns":1},{"damage":25,"enemies":"Gremlin Nob","floor":7,"turns":4},{"damage":7,"enemies":"3 Sentries","floor":10,"turns":4},{"damage":11,"enemies":"Exordium Thugs","floor":11,"turns":4},{"damage":1,"enemies":"Gremlin Gang","floor":12,"turns":5},{"damage":0,"enemies":"Exordium Wildlife","floor":13,"turns":4},{"damage":2,"enemies":"Looter","floor":14,"turns":3},{"damage":43,"enemies":"Slime Boss","floor":16,"turns":6}],"seed_played":"634311317353009800","potions_obtained":[{"floor":1,"key":"SmokeBomb"},{"floor":5,"key":"AttackPotion"},{"floor":10,"key":"ColorlessPotion"},{"floor":14,"key":"FearPotion"}],"is_trial":false,"path_per_floor":["M","?","M","?","M","R","E","R","T","E","M","M","M","M","R","B"],"character_chosen":"THE_SILENT","items_purchased":[],"campfire_rested":1,"item_purchase_floors":[],"current_hp_per_floor":[63,63,63,63,63,63,38,38,38,31,20,19,19,17,38,0,0],"gold":175,"neow_bonus":"THREE_ENEMY_KILL","is_daily":false,"chose_seed":false,"campfire_upgraded":2,"win_rate":0.0,"timestamp":1611500199,"path_taken":["M","?","?","?","M","R","E","R","T","E","M","M","M","M","R","BOSS"],"items_purchased_type":[],"build_version":"2020-12-22","purchased_purges":0,"victory":false,"max_hp_per_floor":[70,70,70,70,70,70,70,70,70,70,70,70,70,70,70,70,70],"card_choices":[{"not_picked":["Crippling Poison","Underhanded Strike"],"picked":"Blade Dance","floor":1},{"not_picked":["Dagger Spray","Quick Slash"],"picked":"Deadly Poison","floor":3},{"not_picked":["Dodge and Roll","Dagger Throw"],"picked":"Dagger Spray","floor":5},{"not_picked":["Predator","Heel Hook","Unload"],"picked":"SKIP","floor":7},{"not_picked":["Expertise","Skewer"],"picked":"Deflect","floor":10},{"not_picked":["Slice","Quick Slash"],"picked":"Cloak And Dagger","floor":11},{"not_picked":["Caltrops","Quick Slash"],"picked":"Backflip","floor":12},{"not_picked":["Escape Plan","PiercingWail"],"picked":"Catalyst","floor":13},{"not_picked":["Skewer","Riddle With Holes","Acrobatics"],"picked":"SKIP","floor":14}],"player_experience":212695,"relics_obtained":[{"floor":7,"key":"Juzu Bracelet"},{"floor":9,"key":"HornCleat"},{"floor":10,"key":"Oddly Smooth Stone"}],"event_choices":[{"damage_healed":0,"gold_gain":0,"player_choice":"1 cards matched","damage_taken":0,"max_hp_gain":0,"max_hp_loss":0,"event_name":"Match and Keep!","floor":2,"gold_loss":0,"cards_obtained":["Corpse Explosion"]},{"damage_healed":0,"gold_gain":0,"player_choice":"Paid Gold","damage_taken":0,"relics_obtained":["War Paint"],"max_hp_gain":0,"max_hp_loss":0,"event_name":"WeMeetAgain","floor":4,"gold_loss":86}],"is_beta":false,"boss_relics":[],"items_purged_floors":[],"is_endless":false,"potions_floor_spawned":[1,5,10,14],"killed_by":"Slime Boss","ascension_level":10}}