{"host":"51f0ad793vly1w6u","time":1611474786,"event":{"mods":["BaseMod","Colored Map","DeckTracker","Minty Spire (QoL Compilation)","Replay The Spire","StSLib","SuperFastMode"],"gold_per_floor":[115,115,133,58,73,73,73,85,134,151,51,77,77,104,116,225,237,263,295,389,401,431,478,490,515,527,106,106,106,116,136,136,239,239,252,30,30,30,44,44,64,77,101,101,117,117,131,131,131,164,214,214,214,214,45,73,73,73],"floor_reached":57,"language":"KOR","playtime":1473,"items_purged":["Strike_P","Defend_P","Strike_P","Strike_P"],"score":754,"play_id":"2a91ea29-5539-4233-b071-429831ffdd53","local_time":"20210124165306","is_ascension_mode":false,"campfire_choices":[{"data":"EmptyFist","floor":7.0,"key":"SMITH"},{"data":"Prostrate","floor":13.0,"key":"SMITH"},{"data":"Prostrate","floor":15.0,"key":"SMITH"},{"data":"MasterReality","floor":24,"key":"SMITH"},{"data":"MentalFortress","floor":29,"key":"SMITH"},{"data":"TalkToTheHand","floor":32,"key":"SMITH"},{"data":"Vault","floor":40,"key":"SMITH"},{"data":"Ragnarok","floor":46,"key":"SMITH"},{"data":"Wallop","floor":54,"key":"SMITH"}],"circlet_count":0,"master_deck":["Defend_P","Defend_P+1","Defend_P+1","Eruption+1","Vigilance","Brilliance","Prostrate+1","Prostrate+1","EmptyFist+1","MasterReality+1","Ragnarok+1","Protect+1","TalkToTheHand+1","MentalFortress+1","CarveReality","Tantrum","Replay:ManipulateFuture+1","EmptyBody","Vault+1","Vengeance+1","Wallop+1","MentalFortress+1","TalkToTheHand+1","Prostrate+1","Prostrate+1","Adaptation","EmptyBody+1"],"relics":["PureWater","Juzu Bracelet","Odd Mushroom","MawBank","VioletLotus","War Paint","ReplayTheSpireMod:Shallot","Sundial","Calipers","ReplayTheSpireMod:DimensionalGlitch","Gremlin Food","Nunchaku","Counterbalance","ReplayTheSpireMod:Ninjato"],"acts_visited":["Exordium","TheCity","TheBeyond","TheEnding"],"potions_floor_usage":[23,30,33,33,33,50,52,52,57,57],"damage_taken":[{"damage":1.0,"enemies":"Jaw Worm","floor":1.0,"turns":3.0},{"damage":0.0,"enemies":"Cultist","floor":3.0,"turns":2.0},{"damage":0.0,"enemies":"2 Louse","floor":5.0,"turns":3.0},{"damage":0.0,"enemies":"Looter","floor":8.0,"turns":1.0},{"damage":0.0,"enemies":"Exordium Wildlife","floor":10.0,"turns":3.0},{"damage":0.0,"enemies":"The Mushroom Lair","floor":12.0,"turns":4.0},{"damage":6.0,"enemies":"Replay:BlueRogue","floor":14.0,"turns":6.0},{"damage":0.0,"enemies":"Slime Boss","floor":16.0,"turns":6.0},{"damage":2.0,"enemies":"Spheric Guardian","floor":18.0,"turns":3.0},{"damage":5.0,"enemies":"Chosen","floor":19.0,"turns":4.0},{"damage":2.0,"enemies":"Snecko","floor":22.0,"turns":5.0},{"damage":7,"enemies":"Gremlin Leader","floor":23,"turns":6},{"damage":0,"enemies":"Centurion and Healer","floor":25,"turns":4},{"damage":11,"enemies":"Snake Plant","floor":30,"turns":4},{"damage":0,"enemies":"Sentry and Sphere","floor":31,"turns":3},{"damage":7,"enemies":"Pondfish","floor":33,"turns":11},{"damage":0,"enemies":"3 Shapes","floor":35,"turns":3},{"damage":0,"enemies":"Orb Walker","floor":39,"turns":4},{"damage":6,"enemies":"Maw","floor":41,"turns":7},{"damage":2,"enemies":"4 Shapes","floor":42,"turns":5},{"damage":3,"enemies":"Spire Growth","floor":45,"turns":5},{"damage":6,"enemies":"Jaw Worm Horde","floor":47,"turns":5},{"damage":10,"enemies":"R_Hoarder","floor":50,"turns":7},{"damage":0,"enemies":"Mind Bloom Boss Battle","floor":51,"turns":4},{"damage":27,"enemies":"Replay:Hell Engine","floor":52,"turns":11},{"damage":34,"enemies":"Shield and Spear","floor":56,"turns":7},{"damage":49,"enemies":"The Heart","floor":57,"turns":4}],"seed_played":"-450558385304640906","potions_obtained":[{"floor":8.0,"key":"LiquidMemories"},{"floor":10.0,"key":"Regen Potion"},{"floor":12.0,"key":"AttackPotion"},{"floor":25,"key":"Reflective Coating"},{"floor":30,"key":"Explosive Potion"},{"floor":31,"key":"Toxic Potion"},{"floor":39,"key":"SpeedPotion"},{"floor":45,"key":"Dexterity Potion"},{"floor":47,"key":"Toxic Potion"},{"floor":51,"key":"BlessingOfTheForge"}],"is_trial":false,"path_per_floor":["M","?","M","$","M","?","R","M","T","M","$","?","R","E","R","B",null,"M","M","?","?","M","E","R","M","T","$","?","R","M","M","R","B",null,"M","$","?","?","M","R","M","M","T","?","M","R","M","PTL","PTL","E","R_BF","B",null,"R","$","E","B"],"character_chosen":"WATCHER","items_purchased":["Calipers","Wallop","Adaptation","SpeedPotion","SteroidPotion"],"campfire_rested":0,"item_purchase_floors":[27,36,55,55,55],"current_hp_per_floor":[71,71,71,71,71,76,76,76,76,76,76,76,76,70,70,70,77,75,70,51,51,49,57,57,57,57,57,57,57,46,46,46,39,77,77,77,73,73,73,73,67,65,65,65,62,62,56,56,56,49,49,22,73,73,73,39,0,0],"gold":73,"neow_bonus":"ONE_RANDOM_RARE_CARD","is_daily":false,"chose_seed":false,"campfire_upgraded":9,"win_rate":0.0,"timestamp":1611474786,"path_taken":["M","?","M","?","M","?","R","M","T","M","$","?","R","E","R","BOSS","M","M","?","?","M","E","R","M","T","$","?","R","M","M","R","BOSS","M","$","?","?","M","R","M","M","T","?","M","R","M","PTL","PTL","E","R_BF","BOSS","R","$","E","BOSS"],"items_purchased_type":["Relic","Card","Card","Potion","Potion"],"build_version":"2020-12-22","purchased_purges":4,"victory":false,"max_hp_per_floor":[72,72,72,72,72,77,77,77,77,77,77,77,77,77,77,77,77,77,77,77,77,77,77,77,77,77,77,77,77,77,77,77,77,77,77,77,73,73,73,73,73,73,73,73,73,73,73,73,73,73,73,73,73,73,73,73,73,73],"card_choices":[{"not_picked":["Replay:BluntJabs","Wireheading"],"picked":"Prostrate","floor":1.0},{"not_picked":["Replay:ManipulateFuture","FlurryOfBlows"],"picked":"Prostrate","floor":3.0},{"not_picked":["CutThroughFate","ClearTheMind"],"picked":"EmptyFist","floor":5.0},{"not_picked":["CutThroughFate","Protect","Replay:AtTheReady"],"picked":"SKIP","floor":8.0},{"not_picked":["FollowUp","Evaluate"],"picked":"MasterReality","floor":10.0},{"not_picked":["FlyingSleeves","SashWhip","FlurryOfBlows"],"picked":"SKIP","floor":14.0},{"not_picked":["Scrawl","Replay:LoomingThreat"],"picked":"Ragnarok","floor":16.0},{"not_picked":["Crescendo","Conclude"],"picked":"Protect+1","floor":18.0},{"not_picked":["FollowUp","PathToVictory"],"picked":"TalkToTheHand","floor":19.0},{"not_picked":["DevaForm","Protect"],"picked":"MentalFortress","floor":20.0},{"not_picked":["Crescendo+1","Perseverance"],"picked":"CarveReality","floor":20.0},{"not_picked":["Protect","Halt"],"picked":"Tantrum","floor":22.0},{"not_picked":["LikeWater","Collect","Replay:Hum"],"picked":"SKIP","floor":23},{"not_picked":["CarveReality","CutThroughFate"],"picked":"Replay:ManipulateFuture+1","floor":25},{"not_picked":["PathToVictory","FollowUp+1"],"picked":"EmptyBody","floor":30},{"not_picked":["EmptyBody","Evaluate","Tantrum"],"picked":"SKIP","floor":31},{"not_picked":["Scrawl","ConjureBlade"],"picked":"Vault","floor":33},{"not_picked":["SignatureMove+1","EmptyFist"],"picked":"Vengeance+1","floor":35},{"not_picked":["Wallop","Replay:BluntJabs+1"],"picked":"TalkToTheHand+1","floor":39},{"not_picked":["ThirdEye","EmptyMind","Replay:Hum+1"],"picked":"SKIP","floor":41},{"not_picked":["Tantrum+1","SignatureMove"],"picked":"Prostrate+1","floor":42},{"not_picked":["FlurryOfBlows+1","WheelKick","CutThroughFate+1"],"picked":"SKIP","floor":45},{"not_picked":["ThirdEye","Protect+1","FollowUp"],"picked":"SKIP","floor":47},{"not_picked":["Wish","CrushJoints+1"],"picked":"Prostrate+1","floor":50},{"not_picked":["Wireheading+1","Conclude"],"picked":"EmptyBody+1","floor":56}],"player_experience":1415143,"relics_obtained":[{"floor":9.0,"key":"Juzu Bracelet"},{"floor":12.0,"key":"Odd Mushroom"},{"floor":14.0,"key":"MawBank"},{"floor":20.0,"key":"War Paint"},{"floor":23,"key":"ReplayTheSpireMod:Shallot"},{"floor":26,"key":"Sundial"},{"floor":43,"key":"Gremlin Food"},{"floor":50,"key":"Nunchaku"},{"floor":51,"key":"Counterbalance"},{"floor":56,"key":"ReplayTheSpireMod:Ninjato"}],"event_choices":[{"damage_healed":0.0,"max_hp_gain":0.0,"max_hp_loss":0.0,"gold_gain":0.0,"event_name":"Upgrade Shrine","player_choice":"Upgraded","floor":2.0,"gold_loss":0.0,"damage_taken":0.0,"cards_upgraded":["Eruption"]},{"damage_healed":0.0,"max_hp_gain":5.0,"max_hp_loss":0.0,"gold_gain":0.0,"event_name":"Big Fish","player_choice":"Donut","floor":6.0,"gold_loss":0.0,"damage_taken":0.0},{"damage_healed":0.0,"max_hp_gain":0.0,"max_hp_loss":0.0,"gold_gain":0.0,"event_name":"Mushrooms","player_choice":"Fought Mushrooms","floor":12.0,"gold_loss":0.0,"damage_taken":0.0},{"cards_removed":["Strike_P"],"damage_healed":0.0,"max_hp_gain":0.0,"max_hp_loss":0.0,"gold_gain":0.0,"event_name":"Back to Basics","player_choice":"Elegance","floor":21.0,"gold_loss":0.0,"damage_taken":0.0},{"damage_healed":0,"gold_gain":0,"player_choice":"Ignored","damage_taken":0,"max_hp_gain":0,"max_hp_loss":0,"event_name":"Ghosts","floor":28,"gold_loss":0},{"damage_healed":0,"gold_gain":0,"player_choice":"Max HP","damage_taken":0,"max_hp_gain":0,"max_hp_loss":4,"event_name":"Winding Halls","floor":37,"gold_loss":0},{"damage_healed":0,"gold_gain":0,"player_choice":"Copied","damage_taken":0,"max_hp_gain":0,"max_hp_loss":0,"event_name":"Duplicator","floor":38,"gold_loss":0,"cards_obtained":["MentalFortress"]},{"damage_healed":0,"gold_gain":0,"player_choice":"Ignored","damage_taken":0,"max_hp_gain":0,"max_hp_loss":0,"event_name":"Tomb of Lord Red Mask","floor":44,"gold_loss":0},{"damage_healed":0,"gold_gain":0,"player_choice":"Fight","damage_taken":0,"max_hp_gain":0,"max_hp_loss":0,"event_name":"MindBloom","floor":51,"gold_loss":0}],"is_beta":false,"boss_relics":[{"not_picked":["Sozu","Abe\u0027s Treasure"],"picked":"VioletLotus"},{"not_picked":["Cursed Key","Philosopher\u0027s Stone"],"picked":"ReplayTheSpireMod:DimensionalGlitch"}],"items_purged_floors":[4,11,27,36],"is_endless":false,"potions_floor_spawned":[8,10,12,14,25,30,31,39,45,47,51],"killed_by":"The Heart","ascension_level":0}}