{"host":"kmbz9ox1244sqnmw","time":1611521951,"event":{"mods":["BaseMod","Downfall","Minty Spire (QoL Compilation)","StSLib"],"gold_per_floor":[99,99,114,114,125,142,188,205,221,250,50,67,67,86,100,100,100,100],"floor_reached":16,"language":"ENG","playtime":809,"items_purged":[],"score":106,"play_id":"77d3f668-f9a6-4bc5-b0ad-29409b6735bc","local_time":"20210124125911","is_ascension_mode":false,"campfire_choices":[{"floor":1,"key":"RECALL"},{"floor":11,"key":"REST"}],"circlet_count":0,"master_deck":["sneckomod:Strike","sneckomod:Strike","sneckomod:Strike+1","sneckomod:Defend","sneckomod:Defend+1","sneckomod:Defend","sneckomod:TailWhip","sneckomod:SnekBite","sneckomod:Unknown","downfall:Malfunctioning","sneckomod:CheapStock","Pain","sneckomod:SoulCleanse","sneckomod:SoulDraw","sneckomod:DiceCrush","sneckomod:UnendingSupply","sneckomod:SlitherStrike","sneckomod:UnknownDraw","Slimebound:SplitLeeching+1","sneckomod:UnknownDraw"],"relics":["sneckomod:SneckoSoul","WarpedTongs","Ancient Tea Set","downfall:HeartBlessingGreen","downfall:HeartBlessingRed"],"acts_visited":["Exordium"],"potions_floor_usage":[8,10,15,16],"damage_taken":[{"damage":0,"enemies":"Small Slimes","floor":3,"turns":3},{"damage":3,"enemies":"2 Louse","floor":5,"turns":3},{"damage":4,"enemies":"Cultist","floor":6,"turns":2},{"damage":9,"enemies":"3 Louse","floor":8,"turns":3},{"damage":18,"enemies":"Red Slaver","floor":9,"turns":4},{"damage":31,"enemies":"3 Sentries","floor":10,"turns":8},{"damage":4,"enemies":"2 Fungi Beasts","floor":12,"turns":3},{"damage":6,"enemies":"Blue Slaver","floor":14,"turns":4},{"damage":25,"enemies":"Exordium Thugs","floor":15,"turns":6},{"damage":39,"enemies":"DF_ARCHETYPE_STREAMLINE","floor":16,"turns":5}],"seed_played":"862294255495169857","potions_obtained":[{"floor":3,"key":"FearPotion"},{"floor":5,"key":"AttackPotion"},{"floor":8,"key":"EssenceOfSteel"},{"floor":12,"key":"EntropicBrew"}],"is_trial":false,"path_per_floor":["R","?","M","?","M","M","T","M","M","E","R","M","R","M","M","B"],"character_chosen":"THE_SNECKO","items_purchased":[],"campfire_rested":1,"item_purchase_floors":[],"current_hp_per_floor":[99,99,99,99,96,92,92,83,65,34,63,59,59,53,38,0,0,0],"gold":100,"neow_bonus":"TEN_PERCENT_HP_BONUS","is_daily":false,"chose_seed":false,"campfire_upgraded":0,"win_rate":0.0,"timestamp":1611521951,"path_taken":["R","?","M","?","M","M","T","M","M","E","R","M","R","?","M","BOSS"],"items_purchased_type":[],"build_version":"2020-12-22","purchased_purges":0,"victory":false,"max_hp_per_floor":[99,99,99,99,99,99,99,99,99,99,99,99,99,99,99,99,99,99],"card_choices":[{"not_picked":["sneckomod:SoulDraw","sneckomod:IronFang"],"picked":"sneckomod:CheapStock","floor":3},{"not_picked":["sneckomod:UnknownStrike","sneckomod:SoulRoll"],"picked":"sneckomod:SoulCleanse","floor":5},{"not_picked":["sneckomod:SoulRoll","sneckomod:DefensiveFlair"],"picked":"sneckomod:SoulDraw","floor":6},{"not_picked":["sneckomod:DiceBlock","sneckomod:UnknownCommonAttack"],"picked":"sneckomod:DiceCrush","floor":8},{"not_picked":["sneckomod:QuickMove","sneckomod:SoulRoll"],"picked":"sneckomod:UnendingSupply","floor":9},{"not_picked":["sneckomod:UnknownExhaust","sneckomod:SoulCleanse"],"picked":"sneckomod:SlitherStrike","floor":10},{"not_picked":["sneckomod:RainOfDice","sneckomod:Restock"],"picked":"sneckomod:UnknownDraw","floor":12},{"not_picked":["sneckomod:DiceBlock","sneckomod:QuickBite"],"picked":"sneckomod:UnknownDraw","floor":14},{"not_picked":["sneckomod:UnknownCommonAttack","sneckomod:QuickMove","sneckomod:CheapStock"],"picked":"SKIP","floor":15}],"player_experience":600478,"relics_obtained":[{"floor":10,"key":"Ancient Tea Set"}],"event_choices":[{"damage_healed":0,"gold_gain":0,"player_choice":"Rummage","damage_taken":0,"relics_obtained":["WarpedTongs"],"max_hp_gain":0,"max_hp_loss":0,"event_name":"Accursed Blacksmith","floor":4,"gold_loss":0,"cards_obtained":["Pain"]}],"is_beta":false,"boss_relics":[],"items_purged_floors":[],"is_endless":false,"potions_floor_spawned":[3,5,8,12],"killed_by":"DF_ARCHETYPE_STREAMLINE","ascension_level":0}}