{"host":"g01l53quoe6lrer0","time":1611485511,"event":{"mods":["2.2 Compatiblity","AchievementEnabler","BaseMod","Colored Map","Highlight Path","Keyboard Shortcuts","Minty Spire (QoL Compilation)","Permanent Neow","StSLib","SuperFastMode","everything is the same but u backflip on backflip"],"gold_per_floor":[119,129,145,161,161,189,189,206,206,206,216,259,48,71,71,181,181,201,201,101,122,56,56,79,106,130,168,168,208,235,260,260,369,369,391,391,391,417,441,441,460,460,460,483,509,509,537,0,0,0],"floor_reached":51,"language":"KOR","playtime":4409,"items_purged":["Strike_G","Strike_G"],"score":1110,"play_id":"1dab67f4-95a3-4127-babb-49573e37274e","local_time":"20210124195151","is_ascension_mode":true,"campfire_choices":[{"floor":7.0,"key":"REST"},{"data":"Glass Knife","floor":10.0,"key":"SMITH"},{"data":"Eviscerate","floor":15.0,"key":"SMITH"},{"data":"Terror","floor":23.0,"key":"SMITH"},{"data":"Accuracy","floor":28.0,"key":"SMITH"},{"data":"Tactician","floor":32.0,"key":"SMITH"},{"floor":40,"key":"REST"},{"data":"Calculated Gamble","floor":42,"key":"SMITH"},{"data":"Prepared","floor":46,"key":"SMITH"},{"data":"Neutralize","floor":49,"key":"SMITH"}],"circlet_count":0,"master_deck":["AscendersBane","Strike_G","Defend_G+1","Defend_G","Defend_G","Survivor","Neutralize+1","Blade Dance","Glass Knife+1","Sucker Punch","Dagger Throw","PiercingWail","Terror+1","Calculated Gamble+1","Deflect","Tactician+1","Backflip","Reflex+1","Eviscerate+1","Heel Hook","After Image","Leg Sweep","Blade Dance+1","Accuracy+1","Backflip+1","Dash+1","Distraction+1","PiercingWail","Blade Dance","Quick Slash","After Image","Outmaneuver","Reflex+1","Underhanded Strike","Acrobatics","Prepared+1","Masterful Stab+1"],"relics":["Ring of the Snake","MealTicket","Bag of Marbles","CeramicFish","HoveringKite","Snake Skull","Eternal Feather","InkBottle","Sozu","War Paint","Bronze Scales","Red Mask"],"acts_visited":["Exordium","TheCity","TheBeyond"],"potions_floor_usage":[],"damage_taken":[{"damage":0.0,"enemies":"Jaw Worm","floor":1.0,"turns":4.0},{"damage":0.0,"enemies":"Small Slimes","floor":2.0,"turns":4.0},{"damage":0.0,"enemies":"Cultist","floor":3.0,"turns":3.0},{"damage":10.0,"enemies":"Gremlin Gang","floor":4.0,"turns":5.0},{"damage":20.0,"enemies":"Gremlin Nob","floor":6.0,"turns":4.0},{"damage":5.0,"enemies":"Exordium Wildlife","floor":8.0,"turns":3.0},{"damage":0.0,"enemies":"2 Fungi Beasts","floor":11.0,"turns":2.0},{"damage":10.0,"enemies":"3 Sentries","floor":12.0,"turns":6.0},{"damage":1.0,"enemies":"3 Louse","floor":14.0,"turns":3.0},{"damage":32.0,"enemies":"Hexaghost","floor":16.0,"turns":10.0},{"damage":0.0,"enemies":"Chosen","floor":18.0,"turns":3.0},{"damage":0.0,"enemies":"Shell Parasite","floor":21.0,"turns":4.0},{"damage":9.0,"enemies":"Sentry and Sphere","floor":24.0,"turns":4.0},{"damage":8.0,"enemies":"Shelled Parasite and Fungi","floor":25.0,"turns":6.0},{"damage":0.0,"enemies":"Book of Stabbing","floor":27.0,"turns":4.0},{"damage":10.0,"enemies":"Slavers","floor":29.0,"turns":4.0},{"damage":0.0,"enemies":"Chosen and Byrds","floor":30.0,"turns":3.0},{"damage":20.0,"enemies":"Sentry and Sphere","floor":31.0,"turns":4.0},{"damage":34.0,"enemies":"Collector","floor":33.0,"turns":9.0},{"damage":8.0,"enemies":"3 Darklings","floor":35.0,"turns":6.0},{"damage":0.0,"enemies":"Orb Walker","floor":38.0,"turns":3.0},{"damage":15,"enemies":"Sphere and 2 Shapes","floor":39,"turns":4},{"damage":19,"enemies":"4 Shapes","floor":41,"turns":9},{"damage":6,"enemies":"3 Darklings","floor":45,"turns":6},{"damage":0,"enemies":"Transient","floor":47,"turns":5},{"damage":81,"enemies":"Donu and Deca","floor":50,"turns":11}],"seed_played":"6087660546077410874","potions_obtained":[{"floor":3.0,"key":"DuplicationPotion"},{"floor":6.0,"key":"AttackPotion"},{"floor":14.0,"key":"SteroidPotion"},{"floor":16.0,"key":"AttackPotion"},{"floor":27.0,"key":"GamblersBrew"},{"floor":29.0,"key":"FairyPotion"}],"is_trial":false,"path_per_floor":["M","M","M","M","?","E","R","M","T","R","M","E","$","M","R","B",null,"M","?","$","M","$","R","M","M","T","E","R","E","M","M","R","B",null,"M","?","?","M","M","R","M","R","T","T","M","R","M","?","R","B",null],"character_chosen":"THE_SILENT","items_purchased":["Reflex","Eviscerate","Accuracy"],"campfire_rested":2,"item_purchase_floors":[13,13,22],"current_hp_per_floor":[63,63,63,53,46,26,44,39,39,39,39,29,44,43,43,11,50,50,50,63,63,63,63,54,46,46,46,61,51,51,31,49,15,51,43,43,43,43,28,63,44,63,63,63,57,63,63,63,63,18],"gold":0,"neow_bonus":"TRANSFORM_TWO_CARDS","is_daily":false,"chose_seed":false,"campfire_upgraded":8,"win_rate":0.0,"timestamp":1611485511,"path_taken":["M","M","M","M","?","E","R","M","T","R","M","E","$","M","R","BOSS","M","?","$","M","$","R","M","M","T","E","R","E","M","M","R","BOSS","M","?","?","M","?","R","?","R","T","?","M","R","M","?","R","BOSS"],"items_purchased_type":["Card","Card","Card"],"build_version":"2020-12-22","purchased_purges":2,"victory":true,"max_hp_per_floor":[63,63,63,63,63,63,63,63,63,63,63,63,63,63,63,63,63,63,63,63,63,63,63,63,63,63,63,63,63,63,63,63,63,63,63,63,63,63,63,63,63,63,63,63,63,63,63,63,63,63],"card_choices":[{"not_picked":["Bane","Dodge and Roll"],"picked":"Sucker Punch","floor":1.0},{"not_picked":["Flechettes","Flying Knee"],"picked":"Dagger Throw","floor":2.0},{"not_picked":["Dagger Throw","Poisoned Stab"],"picked":"PiercingWail","floor":3.0},{"not_picked":["Deflect","Backflip"],"picked":"Terror","floor":4.0},{"not_picked":["Dagger Spray","Cloak And Dagger"],"picked":"Calculated Gamble","floor":6.0},{"not_picked":["Dagger Spray","Night Terror"],"picked":"Deflect","floor":8.0},{"not_picked":["Underhanded Strike","Bane"],"picked":"Tactician","floor":11.0},{"not_picked":["Endless Agony","Prepared"],"picked":"Backflip","floor":12.0},{"not_picked":["Deflect","Sucker Punch"],"picked":"Heel Hook","floor":14.0},{"not_picked":["Storm of Steel","Glass Knife"],"picked":"After Image","floor":16.0},{"not_picked":["Dodge and Roll","Flying Knee"],"picked":"Leg Sweep","floor":18.0},{"not_picked":["Acrobatics","Die Die Die"],"picked":"Blade Dance+1","floor":21.0},{"not_picked":["Predator","Deadly Poison"],"picked":"Backflip+1","floor":24.0},{"not_picked":["Leg Sweep","Heel Hook"],"picked":"Dash+1","floor":25.0},{"not_picked":["Poisoned Stab","Flying Knee"],"picked":"Distraction+1","floor":27.0},{"not_picked":["Backflip","Skewer"],"picked":"PiercingWail","floor":29.0},{"not_picked":["Distraction","Flying Knee+1"],"picked":"Blade Dance","floor":30.0},{"not_picked":["Sucker Punch","Deflect"],"picked":"Quick Slash","floor":31.0},{"not_picked":["Phantasmal Killer","Grand Finale"],"picked":"After Image","floor":33.0},{"not_picked":["Deflect","Deadly Poison"],"picked":"Outmaneuver","floor":35.0},{"not_picked":["Accuracy+1","Well Laid Plans"],"picked":"Reflex+1","floor":38.0},{"not_picked":["Bouncing Flask+1","Poisoned Stab"],"picked":"Underhanded Strike","floor":39},{"not_picked":["Dagger Spray+1","Blade Dance"],"picked":"Acrobatics","floor":41},{"not_picked":["Dagger Spray","Bane"],"picked":"Prepared","floor":45},{"not_picked":["Venomology","Poisoned Stab"],"picked":"Masterful Stab+1","floor":47}],"player_experience":270719,"relics_obtained":[{"floor":6.0,"key":"MealTicket"},{"floor":9.0,"key":"Bag of Marbles"},{"floor":12.0,"key":"CeramicFish"},{"floor":26.0,"key":"Snake Skull"},{"floor":27.0,"key":"Eternal Feather"},{"floor":29.0,"key":"InkBottle"},{"floor":43,"key":"War Paint"},{"floor":44,"key":"Bronze Scales"}],"event_choices":[{"cards_removed":["Strike_G"],"damage_healed":0.0,"max_hp_gain":0.0,"max_hp_loss":0.0,"gold_gain":0.0,"event_name":"Golden Wing","player_choice":"Card Removal","floor":5.0,"gold_loss":0.0,"damage_taken":7.0},{"damage_healed":0.0,"max_hp_gain":0.0,"max_hp_loss":0.0,"gold_gain":0.0,"event_name":"Vampires","player_choice":"Ignored","floor":19.0,"gold_loss":0.0,"damage_taken":0.0},{"damage_healed":0.0,"max_hp_gain":0.0,"max_hp_loss":0.0,"gold_gain":0.0,"event_name":"Mysterious Sphere","player_choice":"Ignored","floor":36.0,"gold_loss":0.0,"damage_taken":0.0},{"cards_removed":["Defend_G"],"damage_healed":0.0,"max_hp_gain":0.0,"max_hp_loss":0.0,"gold_gain":0.0,"event_name":"Purifier","player_choice":"Purged","floor":37.0,"gold_loss":0.0,"damage_taken":0.0},{"damage_healed":0,"gold_gain":0,"player_choice":"Paid","damage_taken":0,"relics_obtained":["Red Mask"],"max_hp_gain":0,"max_hp_loss":0,"event_name":"Tomb of Lord Red Mask","floor":48,"gold_loss":537}],"is_beta":false,"boss_relics":[{"not_picked":["Coffee Dripper","Black Star"],"picked":"HoveringKite"},{"not_picked":["Velvet Choker","Runic Dome"],"picked":"Sozu"}],"items_purged_floors":[13,20],"is_endless":false,"potions_floor_spawned":[3,6,14,16,18,24,27,29,35,39,41,45],"ascension_level":12}}