{"host":"3y2rtlgteqp2nuo3","time":1611468259,"event":{"mods":["2.2 Compatiblity","AchievementEnabler","BaseMod","Colored Map","DeckTracker","Highlight Path","Keyboard Shortcuts","Minty Spire (QoL Compilation)","Permanent Neow","Quick Restart","StSLib","SuperFastMode","everything is the same but u backflip on backflip"],"gold_per_floor":[109,125,145,70,81,81,97,97,177,177,197,532,532,492,492,571,571,584,373,384,401,414,414,444,240,289,308,308,339,339,351,351,428,428,446,189,203,220,220,220,233,244,244,260,260,271,286,300,300,300,300],"floor_reached":50,"language":"KOR","playtime":1823,"items_purged":["Strike_G","Strike_G","Defend_G","Defend_G+1"],"score":895,"play_id":"18374c5c-96ba-4f68-9ce5-bd02ac94df3c","local_time":"20210124150419","is_ascension_mode":true,"campfire_choices":[{"data":"Deadly Poison","floor":6.0,"key":"SMITH"},{"data":"Bouncing Flask","floor":8.0,"key":"SMITH"},{"floor":10.0,"key":"REST"},{"floor":13.0,"key":"REST"},{"data":"Leg Sweep","floor":15.0,"key":"SMITH"},{"floor":23.0,"key":"REST"},{"floor":28.0,"key":"REST"},{"floor":32.0,"key":"REST"},{"data":"Catalyst","floor":40.0,"key":"SMITH"},{"floor":45.0,"key":"REST"},{"floor":49,"key":"REST"}],"circlet_count":0,"master_deck":["AscendersBane","Defend_G+1","Defend_G+1","Defend_G+1","Survivor","Neutralize","Deadly Poison+1","Poisoned Stab","Bouncing Flask+1","Noxious Fumes","Outmaneuver","Leg Sweep+1","Bullet Time","Wraith Form v2","Well Laid Plans+1","Die Die Die+1","Blade Dance+1","Calculated Gamble+1","Reflex","Backflip+1","Catalyst+1","Burst","Escape Plan","Burst"],"relics":["Ring of the Snake","Paper Crane","Old Coin","Astrolabe","Membership Card","Red Mask","Pantograph","Lantern","Anchor","Cursed Key","Potion Belt"],"acts_visited":["Exordium","TheCity","TheBeyond"],"potions_floor_usage":[48,50,50],"damage_taken":[{"damage":0.0,"enemies":"Jaw Worm","floor":1.0,"turns":4.0},{"damage":1.0,"enemies":"Cultist","floor":2.0,"turns":3.0},{"damage":1.0,"enemies":"2 Louse","floor":3.0,"turns":2.0},{"damage":6.0,"enemies":"Exordium Wildlife","floor":5.0,"turns":5.0},{"damage":20.0,"enemies":"Lots of Slimes","floor":7.0,"turns":4.0},{"damage":11.0,"enemies":"Blue Slaver","floor":11.0,"turns":4.0},{"damage":14.0,"enemies":"3 Sentries","floor":12.0,"turns":6.0},{"damage":52.0,"enemies":"Slime Boss","floor":16.0,"turns":13.0},{"damage":3.0,"enemies":"Shell Parasite","floor":18.0,"turns":6.0},{"damage":0.0,"enemies":"Spheric Guardian","floor":20.0,"turns":3.0},{"damage":8.0,"enemies":"Centurion and Healer","floor":21.0,"turns":8.0},{"damage":15.0,"enemies":"Shelled Parasite and Fungi","floor":22.0,"turns":6.0},{"damage":21.0,"enemies":"Masked Bandits","floor":24.0,"turns":6.0},{"damage":0.0,"enemies":"Snake Plant","floor":27.0,"turns":4.0},{"damage":32.0,"enemies":"Book of Stabbing","floor":29.0,"turns":7.0},{"damage":0.0,"enemies":"Sentry and Sphere","floor":31.0,"turns":4.0},{"damage":47.0,"enemies":"Champ","floor":33.0,"turns":12.0},{"damage":10.0,"enemies":"3 Darklings","floor":35.0,"turns":6.0},{"damage":0.0,"enemies":"Orb Walker","floor":37.0,"turns":3.0},{"damage":0.0,"enemies":"Spire Growth","floor":38.0,"turns":4.0},{"damage":0.0,"enemies":"Writhing Mass","floor":41.0,"turns":3.0},{"damage":20.0,"enemies":"3 Darklings","floor":42.0,"turns":4.0},{"damage":18.0,"enemies":"4 Shapes","floor":44.0,"turns":6.0},{"damage":0.0,"enemies":"Sphere and 2 Shapes","floor":46.0,"turns":5.0},{"damage":16.0,"enemies":"3 Darklings","floor":47.0,"turns":5.0},{"damage":0,"enemies":"4 Shapes","floor":48,"turns":5},{"damage":66,"enemies":"Donu and Deca","floor":50,"turns":4}],"seed_played":"7188455502439021297","potions_obtained":[{"floor":1.0,"key":"Swift Potion"},{"floor":3.0,"key":"Fruit Juice"},{"floor":5.0,"key":"LiquidMemories"},{"floor":14.0,"key":"Dexterity Potion"},{"floor":14.0,"key":"EssenceOfSteel"},{"floor":16.0,"key":"BlessingOfTheForge"},{"floor":20.0,"key":"Dexterity Potion"},{"floor":27.0,"key":"SteroidPotion"},{"floor":31.0,"key":"Explosive Potion"},{"floor":35.0,"key":"GamblersBrew"},{"floor":47.0,"key":"DistilledChaos"}],"is_trial":false,"path_per_floor":["M","M","M","$","M","R","M","R","T","R","M","E","R","?","R","B",null,"M","$","M","M","M","R","?","$","T","M","R","E","?","M","R","B",null,"M","$","M","M","?","R","M","M","T","M","R","M","M","M","R","B"],"character_chosen":"THE_SILENT","items_purchased":["Membership Card","Pantograph","Potion Belt","Catalyst","Energy Potion","SkillPotion"],"campfire_rested":7,"item_purchase_floors":[19,25,36,36,36,36],"current_hp_per_floor":[59,58,62,62,56,56,36,36,36,57,46,32,53,53,53,1,54,51,51,51,43,28,49,28,28,28,28,49,17,17,17,38,16,57,47,47,47,47,47,47,47,27,27,9,30,30,14,14,35,0,0],"gold":300,"neow_bonus":"THREE_CARDS","is_daily":false,"chose_seed":false,"campfire_upgraded":4,"win_rate":0.0,"timestamp":1611468259,"path_taken":["M","M","M","$","M","R","M","R","T","R","M","E","R","?","R","BOSS","M","$","M","M","M","R","?","$","T","M","R","E","?","?","R","BOSS","M","$","M","?","?","R","M","M","T","?","R","M","M","M","R","BOSS"],"items_purchased_type":["Relic","Relic","Relic","Card","Potion","Potion"],"build_version":"2020-12-22","purchased_purges":4,"victory":false,"max_hp_per_floor":[66,66,71,71,71,71,71,71,71,71,71,71,71,71,71,71,71,71,71,71,71,71,71,71,71,71,71,71,71,71,71,71,71,71,71,71,71,71,71,71,71,71,71,71,71,71,71,71,71,71,71],"card_choices":[{"not_picked":["Flying Knee","Quick Slash"],"picked":"Deadly Poison","floor":0.0},{"not_picked":["Accuracy","Endless Agony"],"picked":"Poisoned Stab","floor":1.0},{"not_picked":["Quick Slash","Underhanded Strike","Infinite Blades"],"picked":"SKIP","floor":2.0},{"not_picked":["Deflect","Concentrate"],"picked":"Bouncing Flask","floor":3.0},{"not_picked":["Prepared","Well Laid Plans"],"picked":"Noxious Fumes","floor":5.0},{"not_picked":["Backflip","Heel Hook"],"picked":"Outmaneuver","floor":7.0},{"not_picked":["Distraction","All Out Attack"],"picked":"Leg Sweep","floor":11.0},{"not_picked":["Expertise","Envenom"],"picked":"Bullet Time","floor":12.0},{"not_picked":["Grand Finale","Doppelganger"],"picked":"Wraith Form v2","floor":16.0},{"not_picked":["Underhanded Strike","All Out Attack"],"picked":"Calculated Gamble+1","floor":18.0},{"not_picked":["Flying Knee","Bouncing Flask+1","Poisoned Stab"],"picked":"SKIP","floor":20.0},{"not_picked":["Flying Knee","Bouncing Flask+1","Poisoned Stab"],"picked":"SKIP","floor":20.0},{"not_picked":["Sucker Punch+1","Heel Hook","Deadly Poison"],"picked":"SKIP","floor":21.0},{"not_picked":["Die Die Die","Blade Dance+1","Noxious Fumes"],"picked":"SKIP","floor":22.0},{"not_picked":["Cloak And Dagger","Poisoned Stab"],"picked":"Reflex","floor":27.0},{"not_picked":["Blade Dance","Quick Slash+1","Skewer"],"picked":"SKIP","floor":29.0},{"not_picked":["Poisoned Stab","Deflect","Sucker Punch"],"picked":"SKIP","floor":31.0},{"not_picked":["Bullet Time","Venomology"],"picked":"Burst","floor":33.0},{"not_picked":["Finisher","Well Laid Plans"],"picked":"Backflip+1","floor":35.0},{"not_picked":["Bane","Calculated Gamble","Deflect"],"picked":"SKIP","floor":37.0},{"not_picked":["Bane","Calculated Gamble","Deflect"],"picked":"SKIP","floor":37.0},{"not_picked":["Dagger Throw+1","Infinite Blades","Dodge and Roll"],"picked":"SKIP","floor":38.0},{"not_picked":["Deflect","Acrobatics","Riddle With Holes+1"],"picked":"SKIP","floor":41.0},{"not_picked":["Deflect","Acrobatics","Riddle With Holes+1"],"picked":"SKIP","floor":41.0},{"not_picked":["Deflect","Acrobatics","Riddle With Holes+1"],"picked":"SKIP","floor":41.0},{"not_picked":["Backflip","Bane"],"picked":"Escape Plan","floor":42.0},{"not_picked":["Expertise","Poisoned Stab"],"picked":"Burst","floor":44.0},{"not_picked":["Endless Agony","Caltrops","Prepared"],"picked":"SKIP","floor":46.0},{"not_picked":["Backflip","Outmaneuver","Dagger Spray"],"picked":"SKIP","floor":47.0},{"not_picked":["Blur","Predator","Underhanded Strike"],"picked":"SKIP","floor":48}],"player_experience":713761,"relics_obtained":[{"floor":9.0,"key":"Paper Crane"},{"floor":12.0,"key":"Old Coin"},{"floor":24.0,"key":"Red Mask"},{"floor":26.0,"key":"Lantern"},{"floor":29.0,"key":"Anchor"}],"event_choices":[{"damage_healed":0.0,"max_hp_gain":0.0,"max_hp_loss":0.0,"gold_gain":0.0,"event_name":"The Woman in Blue","player_choice":"Bought 3 Potions","floor":14.0,"gold_loss":0.0,"damage_taken":0.0},{"damage_healed":0.0,"max_hp_gain":0.0,"max_hp_loss":0.0,"gold_gain":0.0,"event_name":"Masked Bandits","player_choice":"Fought Bandits","floor":24.0,"gold_loss":0.0,"damage_taken":0.0},{"damage_healed":0.0,"max_hp_gain":0.0,"max_hp_loss":0.0,"gold_gain":0.0,"event_name":"Back to Basics","player_choice":"Simplicity","floor":30.0,"gold_loss":0.0,"damage_taken":0.0,"cards_upgraded":["Defend_G","Defend_G","Defend_G","Defend_G"]},{"damage_healed":0.0,"max_hp_gain":0.0,"max_hp_loss":0.0,"gold_gain":0.0,"event_name":"Match and Keep!","player_choice":"0 cards matched","floor":39.0,"gold_loss":0.0,"damage_taken":0.0,"cards_obtained":[]}],"is_beta":false,"boss_relics":[{"not_picked":["Runic Dome","Pandora\u0027s Box"],"picked":"Astrolabe"},{"not_picked":["Fusion Hammer","SacredBark"],"picked":"Cursed Key"}],"items_purged_floors":[4,19,25,36],"is_endless":false,"potions_floor_spawned":[1,3,5,16,20,22,27,31,35,38,42,44,47],"killed_by":"Donu and Deca","ascension_level":16}}