{"host":"9jj9tzo2iym4bpat","time":1611526141,"event":{"mods":["Act Like it!","BaseMod","CapriCore","Colored Map","Dark Map","Luminous","Minty Spire (QoL Compilation)","Permanent Neow","StSLib","Td1madao Mod","The Animator","The Immortal","The Marked","The Servant 0.9.4","Yakumo Yukari mod"],"gold_per_floor":[13,31,31,31,46,81,101,101,127,64,76,90,14,33,33,130,130,146,159,13,13,13,41,41,61,84,84,101,112,123,123,123],"floor_reached":31,"language":"ENG","playtime":1093,"items_purged":[],"score":336,"play_id":"bdd6db9b-21d9-469c-a426-375b2a0280ec","local_time":"20210124160901","is_ascension_mode":true,"campfire_choices":[{"data":"Bash","floor":8,"key":"SMITH"},{"floor":15,"key":"REST"},{"floor":24,"key":"REST"},{"floor":27,"key":"REST"}],"circlet_count":0,"master_deck":["Strike_R","Strike_R","Strike_R","Strike_R","Strike_R","Defend_R","Defend_R","Defend_R","Defend_R","Bash+1","Twin Strike","Perfected Strike+1","Ghostly Armor","Anger","Seeing Red","Perfected Strike","Shrug It Off","Demon Form","RitualDagger","Flex","Pommel Strike","Anger"],"relics":["Black Blood","Toy Ornithopter","Odd Mushroom","Potion Belt","Nunchaku","PreservedInsect","Ancient Tea Set","Art of War"],"acts_visited":["Exordium","TheCity"],"potions_floor_usage":[16,16,18,19,23,25,28,29,31],"damage_taken":[{"damage":5,"enemies":"Cultist","floor":1,"turns":5},{"damage":8,"enemies":"2 Louse","floor":2,"turns":2},{"damage":0,"enemies":"Small Slimes","floor":5,"turns":2},{"damage":25,"enemies":"3 Sentries","floor":6,"turns":8},{"damage":19,"enemies":"The Mushroom Lair","floor":7,"turns":4},{"damage":13,"enemies":"Red Slaver","floor":11,"turns":3},{"damage":14,"enemies":"Large Slime","floor":12,"turns":5},{"damage":6,"enemies":"Looter","floor":14,"turns":3},{"damage":15,"enemies":"Slime Boss","floor":16,"turns":6},{"damage":18,"enemies":"Spheric Guardian","floor":18,"turns":4},{"damage":28,"enemies":"3 Byrds","floor":19,"turns":6},{"damage":70,"enemies":"Gremlin Leader","floor":23,"turns":6},{"damage":43,"enemies":"Cultist and Chosen","floor":25,"turns":7},{"damage":15,"enemies":"Snake Plant","floor":28,"turns":3},{"damage":32,"enemies":"3 Cultists","floor":29,"turns":6},{"damage":20,"enemies":"Chosen and Byrds","floor":30,"turns":6},{"damage":34,"enemies":"Centurion and Healer","floor":31,"turns":5}],"seed_played":"-7922412589890892570","potions_obtained":[{"floor":5,"key":"SkillPotion"},{"floor":7,"key":"Block Potion"},{"floor":11,"key":"EssenceOfSteel"},{"floor":12,"key":"Strength Potion"},{"floor":16,"key":"Block Potion"},{"floor":23,"key":"Block Potion"},{"floor":25,"key":"SpeedPotion"},{"floor":28,"key":"Explosive Potion"}],"is_trial":false,"path_per_floor":["M","M","?","?","M","E","?","R","T","?","M","M","$","M","R","B",null,"M","M","$","?","?","E","R","M","T","R","M","M","M","M"],"character_chosen":"IRONCLAD","items_purchased":["Shrug It Off","SpeedPotion","PreservedInsect"],"campfire_rested":3,"item_purchase_floors":[13,13,20],"current_hp_per_floor":[96,94,94,94,96,77,64,64,64,64,57,49,49,49,77,78,96,95,80,80,74,68,15,43,17,17,45,47,32,24,0,0],"gold":123,"neow_bonus":"TWENTY_PERCENT_HP_BONUS","is_daily":false,"chose_seed":false,"campfire_upgraded":1,"win_rate":0.0,"timestamp":1611526141,"path_taken":["M","M","?","?","M","E","?","R","T","?","M","?","?","M","R","BOSS","M","M","$","?","?","E","R","M","T","R","M","M","?","M"],"items_purchased_type":["Card","Potion","Relic"],"build_version":"2020-12-22","purchased_purges":0,"victory":false,"max_hp_per_floor":[96,96,96,96,96,96,96,96,96,96,96,96,96,96,96,96,96,96,96,96,96,96,96,96,96,96,96,96,96,96,96,96],"card_choices":[{"not_picked":["Warcry","Havoc"],"picked":"Twin Strike","floor":1},{"not_picked":["Iron Wave","Pommel Strike"],"picked":"Perfected Strike","floor":2},{"not_picked":["Combust","Evolve","Clothesline"],"picked":"SKIP","floor":5},{"not_picked":["Feel No Pain","Havoc"],"picked":"Ghostly Armor","floor":6},{"not_picked":["Thunderclap","Fiend Fire"],"picked":"Anger","floor":7},{"not_picked":["True Grit","Havoc"],"picked":"Seeing Red","floor":11},{"not_picked":["Feel No Pain","Battle Trance"],"picked":"Perfected Strike","floor":12},{"not_picked":["Rampage","Havoc","Power Through"],"picked":"SKIP","floor":14},{"not_picked":["Limit Break","Fiend Fire"],"picked":"Demon Form","floor":16},{"not_picked":["Armaments","Dual Wield","Thunderclap"],"picked":"SKIP","floor":18},{"not_picked":["Hemokinesis","Fire Breathing","Reckless Charge+1"],"picked":"SKIP","floor":19},{"not_picked":["Headbutt","Battle Trance"],"picked":"Flex","floor":23},{"not_picked":["Evolve+1","Iron Wave"],"picked":"Pommel Strike","floor":25},{"not_picked":["Ghostly Armor","Battle Trance+1","Warcry"],"picked":"SKIP","floor":28},{"not_picked":["Ghostly Armor","Disarm+1"],"picked":"Anger","floor":29},{"not_picked":["Dropkick","Whirlwind","Iron Wave"],"picked":"SKIP","floor":30}],"player_experience":302516,"relics_obtained":[{"floor":6,"key":"Toy Ornithopter"},{"floor":7,"key":"Odd Mushroom"},{"floor":9,"key":"Potion Belt"},{"floor":23,"key":"Ancient Tea Set"},{"floor":26,"key":"Art of War"}],"event_choices":[{"damage_healed":0,"gold_gain":0,"player_choice":"Grow","damage_taken":0,"max_hp_gain":0,"max_hp_loss":0,"event_name":"Living Wall","floor":3,"gold_loss":0,"cards_upgraded":["Perfected Strike"]},{"damage_healed":0,"gold_gain":0,"player_choice":"Ignored","damage_taken":0,"max_hp_gain":0,"max_hp_loss":0,"event_name":"Golden Wing","floor":4,"gold_loss":0},{"damage_healed":0,"gold_gain":0,"player_choice":"Fought Mushrooms","damage_taken":0,"max_hp_gain":0,"max_hp_loss":0,"event_name":"Mushrooms","floor":7,"gold_loss":0},{"damage_healed":0,"gold_gain":0,"player_choice":"Paid Gold","damage_taken":0,"relics_obtained":["Nunchaku"],"max_hp_gain":0,"max_hp_loss":0,"event_name":"WeMeetAgain","floor":10,"gold_loss":63},{"damage_healed":0,"gold_gain":0,"player_choice":"Joined the Cult","damage_taken":6,"max_hp_gain":0,"max_hp_loss":0,"event_name":"Nest","floor":21,"gold_loss":0,"cards_obtained":["RitualDagger"]},{"damage_healed":0,"gold_gain":0,"player_choice":"","damage_taken":6,"max_hp_gain":0,"max_hp_loss":0,"event_name":"Knowing Skull","floor":22,"potions_obtained":[],"gold_loss":0,"cards_obtained":[]}],"is_beta":false,"boss_relics":[{"not_picked":["Mark of Pain","Fusion Hammer"],"picked":"Black Blood"}],"items_purged_floors":[],"is_endless":false,"potions_floor_spawned":[5,7,11,12,16,23,25,28],"killed_by":"Centurion and Healer","ascension_level":4}}