{"host":"i58uscbei3sy5089","time":1611500612,"event":{"mods":["ATMod(阿瑾Mod)","Act Like it!","BaseMod","Challenge The Spire","Colored Powertips","Conspire","Gensokyo","Infinite Spire","Lobotomy","LobotomyExtend","Minty Spire (QoL Compilation)","MostiFishMod","Quick Restart","Replay The Spire","Shop Mod","Spicy Shops","StSLib","TestMod","UnlockEverythingMod","[IsaacMod]以撒尖塔","vexMod","【功能Mod】混沌之环修复补丁","【遗物卡牌】REMEMod","篝火指南"],"gold_per_floor":[113,113,113,168,168,168,200,213,213,238,43,69,69,380,380,476,476,496,496,511,511,27,2,2,33,112,112,362,362,362,362,362,760,760,973,989,1094,1494,626,626,656,656,656,688,697,905,702,702,702,702],"floor_reached":51,"language":"ZHS","playtime":3347,"items_purged":["MostiFishMod:TheEndOfMoonlight","SpecialBullet","FieryBird","SpecialBullet"],"score":1427,"play_id":"c735e715-0ecd-444e-bb4c-c165e36fa2c3","local_time":"20210124230332","is_ascension_mode":true,"campfire_choices":[{"data":"Mimicry","floor":27,"key":"SMITH"},{"data":"DaCapo","floor":30,"key":"SMITH"},{"data":"Secret Weapon","floor":32,"key":"SMITH"},{"data":"Gensokyo:FourOfAKind","floor":40,"key":"SMITH"},{"data":"Gensokyo:FourOfAKind","floor":42,"key":"SMITH"},{"data":"Gensokyo:FourOfAKind","floor":49,"key":"SMITH"}],"circlet_count":0,"master_deck":["SpecialBullet","SpecialBullet","SpecialBullet","SpecialBullet","SpecialBullet","SpecialBullet","MostiFishMod:SparklingWater","MostiFishMod:FantasySummer","MostiFishMod:NightSea","Gensokyo:LifeSpringInfinity+1","Madness","SecurityCode","InformationCode","MHz","Penitence","Hypocrisy","GoldRush+1","BlackSwan","DaCapo+1","Mimicry+1","Replay:Dark Deal","Horn+1","Gensokyo:FourOfAKind","Gensokyo:FourOfAKind+1","Gensokyo:FourOfAKind+1","Gensokyo:FourOfAKind+1","Secret Weapon+1","DaCapo+1","Hypocrisy"],"relics":["CogitoBucket","testmod-TestBox","KeepersGift","DaveBox","AT_ATBox","REME_ComplimentaryCards","testmod-CardMagician","LetterFromLob","SynthV:TestCard","Centennial Puzzle","DianDianMeat","Replay:WaspNest","infinitespire:ShieldingShard","Letter Opener","Ancient Tea Set","testmod-LifeArmor","SkinProphecy","testmod-Prudence","DeathBook","GuppysPaw","GuppysTail","AnarchistCookbook","conspire:Flyswatter","vexMod:TanglingVine","BlankCard","Guide Book","ReplayTheSpireMod:ShopPack","AT_ChloranthyRing","Shovel","Meat on the Bone","conspire:GiftBox","MagicBullet_r","ReplayTheSpireMod:Lightbulb","ShadowXiaoBlade","HowToJump","testmod-Charity","REME_CardOfGreed","Frozen Eye","TheAbacus","conspire:TreasureMap","AT_BellowingDragoncrestRing","Smiling Mask","Whetstone","Mirror","testmod-IndustrialRevolution","Mercury Hourglass"],"acts_visited":["Exordium","Gensokyo:Gensokyo","Gensokyo:Gensokyoer"],"potions_floor_usage":[],"damage_taken":[{"damage":0.0,"enemies":"Gensokyo:3_Fairies","floor":1.0,"turns":2.0},{"damage":5.0,"enemies":"Gensokyo:Aya","floor":7.0,"turns":2.0},{"damage":2.0,"enemies":"Gensokyo:2_Kodama","floor":8.0,"turns":2.0},{"damage":2.0,"enemies":"Gensokyo:Mamizou","floor":10.0,"turns":9.0},{"damage":0.0,"enemies":"Gensokyo:Aya","floor":12.0,"turns":1.0},{"damage":0.0,"enemies":"Gensokyo:Python","floor":14.0,"turns":8.0},{"damage":12.0,"enemies":"Gensokyo:Reimu","floor":16.0,"turns":6.0},{"damage":0.0,"enemies":"Gensokyo:Chomper","floor":18.0,"turns":3.0},{"damage":3,"enemies":"Gensokyo:CosmicMonolith","floor":20,"turns":2},{"damage":2,"enemies":"Gensokyo:Koishi","floor":25,"turns":4},{"damage":1,"enemies":"Gensokyo:Eternal_Rivals","floor":33,"turns":10},{"damage":152,"enemies":"Gensokyo:3_Boulders","floor":35,"turns":5},{"damage":0,"enemies":"Gensokyo:3_Bats","floor":36,"turns":1},{"damage":34,"enemies":"Gensokyo:Kasen","floor":41,"turns":4},{"damage":0,"enemies":"Gensokyo:Doremy","floor":44,"turns":1},{"damage":20,"enemies":"Gensokyo:AtlasGolem","floor":45,"turns":3},{"damage":0,"enemies":"Gensokyo:Dusk_and_Dawn","floor":46,"turns":4},{"damage":0,"enemies":"Gensokyo:Yuyuko","floor":50,"turns":4},{"damage":0,"enemies":"Malkuth","floor":51,"turns":4},{"damage":22,"enemies":"Hod","floor":51,"turns":2},{"damage":0,"enemies":"Geburah","floor":51,"turns":9},{"damage":20,"enemies":"Binah","floor":51,"turns":19},{"damage":0,"enemies":"Angela","floor":51,"turns":1}],"seed_played":"-1695226281545169881","potions_obtained":[{"floor":8.0,"key":"LiquidBronze"},{"floor":12.0,"key":"Fire Potion"},{"floor":14.0,"key":"ColorlessPotion"}],"is_trial":false,"path_per_floor":["M","?","?","?","T","R","E","M","T","E","COS","E","R","M","R","B",null,"M","AVR","M","?","COS","?","R","E","T","R","?","T","R","?","R","B",null,"M","M","?","?","COS","R","E","R","T","E","M","M","$","AVR","R","B",null],"character_chosen":"Angela","items_purchased":["Mimicry","Replay:Dark Deal","DeathBook","GuppysPaw","GuppysTail","testmod-IndustrialRevolution"],"campfire_rested":0,"item_purchase_floors":[17,17,17,17,17,47],"current_hp_per_floor":[63,49,49,34,34,35,38,49,49,59,85,102,102,110,110,139,137,139,139,155,180,315,315,315,317,317,317,298,324,324,314,314,357,357,224,232,260,260,382,382,379,379,379,388,394,417,417,417,417,417],"gold":702,"neow_bonus":"RANDOM_COLORLESS","is_daily":false,"chose_seed":false,"campfire_upgraded":6,"win_rate":0.0,"timestamp":1611500612,"path_taken":["M","?","?","?","?","R","E","M","T","E","COS","E","R","?","R","BOSS","M","AVR","M","?","COS","?","R","E","T","R","?","?","R","?","R","BOSS","M","M","?","?","COS","R","E","R","T","E","M","?","?","AVR","R","BOSS"],"items_purchased_type":["Card","Card","Relic","Relic","Relic","Relic"],"build_version":"2020-12-22","purchased_purges":4,"victory":true,"max_hp_per_floor":[70,70,70,70,70,71,71,76,76,80,106,115,115,115,115,154,137,139,139,156,180,315,315,315,317,317,317,298,324,324,324,324,357,357,361,363,391,391,513,513,516,516,516,519,522,528,528,528,528,534],"card_choices":[{"not_picked":["Bomb","ReplayTheSpireMod:Trickstab"],"picked":"Madness","floor":0.0},{"not_picked":["Moonlight","CUTE"],"picked":"SKIP","floor":1.0},{"not_picked":["Laetitia_ego","Hypocrisy","TodaysExpression","Soda"],"picked":"SKIP","floor":7.0},{"not_picked":["ShyLook","BeautyBeast"],"picked":"MHz","floor":8.0},{"not_picked":["BlueScar","ScreamingWedge","Galaxy","Beak"],"picked":"SKIP","floor":8.0},{"not_picked":["Pleasure","Heaven","Soda"],"picked":"Penitence","floor":10.0},{"not_picked":["Christmas","Pleasure","FrostShard"],"picked":"Hypocrisy","floor":12.0},{"not_picked":["MagicBullet","BlackSwan_ego","WristCuter","CrimsonScar"],"picked":"SKIP","floor":14.0},{"not_picked":["CENSORED_ego","SoundOfStar","Twilight"],"picked":"GoldRush","floor":16.0},{"not_picked":["MeatLantern","Murderer"],"picked":"BlackSwan","floor":16.0},{"not_picked":["SoundOfStar","Twilight","Justitia"],"picked":"DaCapo","floor":16.0},{"not_picked":["Soda+1","Diffraction+1","RedEyes","Tough+1"],"picked":"SKIP","floor":18.0},{"not_picked":["Harmony","Soda","SolemnVow+1"],"picked":"Horn","floor":20},{"not_picked":["MostiFishMod:MusicBox","REME_AllRoundStrike","MostiFishMod:JungleRules"],"picked":"Secret Weapon","floor":22},{"not_picked":["Wingbeat+1","CherryBlossom+2","Pinks+1","Regret_ego+2"],"picked":"SKIP","floor":25},{"not_picked":["Regret_ego+1","Justitia","BloodyDesire+1","Tough"],"picked":"SKIP","floor":25},{"not_picked":["Twilight","Justitia"],"picked":"DaCapo","floor":29},{"not_picked":["CherryBlossoms","FairyFestival"],"picked":"FieryBird","floor":33},{"not_picked":["Regret_ego","GrinderMk4+1","Beak","Soda"],"picked":"SKIP","floor":35},{"not_picked":["Regret_ego+1","Wingbeat+1","FourthMatchFlame+1","Loneliness+1"],"picked":"SKIP","floor":36},{"not_picked":["GoldRush","BearPaw","Beak+1"],"picked":"Hypocrisy","floor":37},{"not_picked":["SwordSharpenedByTears+1","ParadiseLost+1","Horn+1","Wingbeat+1"],"picked":"SKIP","floor":41},{"not_picked":["Pleasure","SwordSharpenedByTears+1","Harmony","Regret_ego"],"picked":"SKIP","floor":41},{"not_picked":["FrostShard+1","Pleasure","Adoration","RapturousDream"],"picked":"SKIP","floor":44},{"not_picked":["Lantern","LifeForTheDareDevil+1","Wingbeat","Beak"],"picked":"SKIP","floor":45},{"not_picked":["TheSmile","Twilight","Mimicry","Justitia"],"picked":"SKIP","floor":46},{"not_picked":["RedEyes+1","Regret_ego","Laetitia_ego","Penitence"],"picked":"SKIP","floor":46}],"player_experience":591308,"relics_obtained":[{"floor":1.0,"key":"LetterFromLob"},{"floor":1.0,"key":"SynthV:TestCard"},{"floor":5.0,"key":"Replay:WaspNest"},{"floor":7.0,"key":"infinitespire:ShieldingShard"},{"floor":9.0,"key":"Letter Opener"},{"floor":10.0,"key":"Ancient Tea Set"},{"floor":12.0,"key":"testmod-LifeArmor"},{"floor":25,"key":"Shovel"},{"floor":26,"key":"Meat on the Bone"},{"floor":29,"key":"conspire:GiftBox"},{"floor":37,"key":"HowToJump"},{"floor":41,"key":"AT_BellowingDragoncrestRing"},{"floor":43,"key":"Smiling Mask"},{"floor":44,"key":"Whetstone"}],"event_choices":[{"damage_healed":0.0,"max_hp_gain":0.0,"max_hp_loss":0.0,"gold_gain":0.0,"event_name":"给自己的盒子","player_choice":"Swap Relic","floor":3.0,"relics_lost":["MoonlightInvasionPlan"],"gold_loss":0.0,"damage_taken":0.0,"relics_obtained":["DianDianMeat"]},{"damage_healed":0,"gold_gain":400,"player_choice":"Sell","damage_taken":0,"max_hp_gain":0,"max_hp_loss":0,"event_name":"恩洛斯的盘子","floor":38,"relics_lost":["HushsDoor"],"gold_loss":0}],"is_beta":false,"boss_relics":[{"not_picked":["REME_ChargedStone","Velvet Choker"],"picked":"testmod-Prudence"},{"not_picked":[]},{"not_picked":["RhineCircuit","RhineFirstAidKit"],"picked":"ShadowXiaoBlade"},{"not_picked":[]}],"items_purged_floors":[17,19,47,48],"is_endless":false,"potions_floor_spawned":[8,12,14,16,33,35,44,46],"ascension_level":8}}