{"host":"dhlnk6yox2l1s6up","time":1611520482,"event":{"mods":["BaseMod","Colored Map","Highlight Path","Minty Spire (QoL Compilation)","Relic Stats","StSLib"],"gold_per_floor":[112,112,287,306,256,282,282,1,1,31,51,82,105,119,119,220,220,234,234,22,37,54,88,88,127,127,165,180,219,319,341,341,455,536,556,583,609,630,651,690,650,688,765,792,126,143,143,171,171,171,171,171,3,32,32],"floor_reached":56,"language":"ENG","playtime":4899,"items_purged":["Strike_G","Heel Hook","Choke+1"],"score":2018,"play_id":"39ad1716-4554-4d7f-b0b1-d188c7e172a1","local_time":"20210124143442","is_ascension_mode":true,"campfire_choices":[{"data":"Choke","floor":7.0,"key":"SMITH"},{"data":"Terror","floor":15.0,"key":"SMITH"},{"data":"Malaise","floor":24.0,"key":"SMITH"},{"data":"Tactician","floor":32.0,"key":"SMITH"},{"floor":47,"key":"RECALL"},{"data":"Burst","floor":49,"key":"SMITH"},{"data":"Envenom","floor":52,"key":"SMITH"}],"circlet_count":0,"master_deck":["Survivor","Neutralize","Blade Dance+1","Acrobatics","Well Laid Plans","Adrenaline","Tactician+1","Deadly Poison","Terror+1","Malaise+1","Backflip+1","Footwork","Leg Sweep","Accuracy","Cloak And Dagger+1","Burst+1","Blur","Dagger Throw+1","PiercingWail+1","Corpse Explosion","Doppelganger","Envenom+1","Flying Knee","Malaise","Flying Knee","Blur","Quick Slash","Caltrops","Acrobatics","Blur+1","Backflip+1","Deflect+1","Blade Dance+1","Calculated Gamble","Blur+1","Blade Dance+1","Well Laid Plans+1"],"relics":["Ring of the Snake","NeowsBlessing","Omamori","PreservedInsect","Ornamental Fan","The Courier","Bird Faced Urn","Pen Nib","Cursed Key","Lantern","CeramicFish","Art of War","Blood Vial","Girya","Shuriken","Pandora\u0027s Box","Smiling Mask","Anchor","Pantograph","Happy Flower","Bronze Scales","Mummified Hand","Strawberry","Mercury Hourglass"],"acts_visited":["Exordium","TheCity","TheBeyond","TheEnding"],"potions_floor_usage":[38,39,42,44,55],"damage_taken":[{"damage":0.0,"enemies":"Small Slimes","floor":1.0,"turns":1.0},{"damage":0.0,"enemies":"2 Louse","floor":4.0,"turns":1.0},{"damage":0.0,"enemies":"3 Sentries","floor":6.0,"turns":1.0},{"damage":9.0,"enemies":"Lagavulin","floor":10.0,"turns":6.0},{"damage":2.0,"enemies":"Jaw Worm","floor":11.0,"turns":2.0},{"damage":13.0,"enemies":"3 Sentries","floor":12.0,"turns":8.0},{"damage":0.0,"enemies":"Exordium Thugs","floor":14.0,"turns":4.0},{"damage":31.0,"enemies":"Hexaghost","floor":16.0,"turns":8.0},{"damage":0.0,"enemies":"3 Byrds","floor":18.0,"turns":3.0},{"damage":0.0,"enemies":"Chosen","floor":21.0,"turns":5.0},{"damage":0.0,"enemies":"Snake Plant","floor":22.0,"turns":4.0},{"damage":5.0,"enemies":"Book of Stabbing","floor":23.0,"turns":4.0},{"damage":6.0,"enemies":"Slavers","floor":25.0,"turns":5.0},{"damage":0.0,"enemies":"Book of Stabbing","floor":27.0,"turns":3.0},{"damage":2.0,"enemies":"Snecko","floor":28.0,"turns":6.0},{"damage":0.0,"enemies":"Gremlin Leader","floor":29.0,"turns":7.0},{"damage":0.0,"enemies":"Colosseum Slavers","floor":30.0,"turns":5.0},{"damage":0.0,"enemies":"Colosseum Nobs","floor":30.0,"turns":3.0},{"damage":0.0,"enemies":"Centurion and Healer","floor":31.0,"turns":5.0},{"damage":19.0,"enemies":"Collector","floor":33.0,"turns":6.0},{"damage":16,"enemies":"3 Darklings","floor":35,"turns":5},{"damage":0,"enemies":"3 Shapes","floor":36,"turns":6},{"damage":0,"enemies":"Maw","floor":37,"turns":8},{"damage":26,"enemies":"Spire Growth","floor":38,"turns":6},{"damage":16,"enemies":"Transient","floor":39,"turns":5},{"damage":0,"enemies":"Giant Head","floor":40,"turns":5},{"damage":2,"enemies":"Nemesis","floor":42,"turns":3},{"damage":0,"enemies":"Sphere and 2 Shapes","floor":44,"turns":7},{"damage":0,"enemies":"Jaw Worm Horde","floor":46,"turns":4},{"damage":0,"enemies":"Spire Growth","floor":48,"turns":5},{"damage":5,"enemies":"Time Eater","floor":50,"turns":11},{"damage":0,"enemies":"Shield and Spear","floor":54,"turns":3},{"damage":0,"enemies":"The Heart","floor":55,"turns":7}],"seed_played":"-787212973476692827","potions_obtained":[{"floor":10.0,"key":"Energy Potion"},{"floor":11.0,"key":"LiquidBronze"},{"floor":22.0,"key":"DistilledChaos"},{"floor":25.0,"key":"Block Potion"},{"floor":29.0,"key":"SpeedPotion"},{"floor":30.0,"key":"PowerPotion"},{"floor":33.0,"key":"GamblersBrew"},{"floor":38,"key":"SteroidPotion"},{"floor":41,"key":"Explosive Potion"},{"floor":42,"key":"Fruit Juice"},{"floor":44,"key":"GamblersBrew"}],"is_trial":false,"path_per_floor":["M","?","?","M","?","E","R","$","T","E","M","E","T","M","R","B",null,"M","?","$","M","M","E","R","E","T","E","M","E","?","M","R","B",null,"M","M","M","M","M","E","?","E","T","M","$","M","R","M","R","B",null,"R","$","E","B",null],"character_chosen":"THE_SILENT","items_purchased":["PreservedInsect","Well Laid Plans","SteroidPotion","Footwork","Leg Sweep","Accuracy","Happy Flower","Bronze Scales","GhostInAJar","EntropicBrew","Mummified Hand","Strawberry"],"campfire_rested":0,"item_purchase_floors":[8,8,8,20,20,20,45,45,45,45,45,53],"current_hp_per_floor":[63,63,63,63,63,63,63,63,63,54,52,39,39,41,41,12,56,58,58,58,64,70,67,67,67,67,70,70,70,70,70,70,53,66,58,70,70,48,44,54,54,58,58,75,75,75,75,75,75,74,75,75,82,82,82],"gold":32,"neow_bonus":"THREE_ENEMY_KILL","is_daily":false,"chose_seed":false,"campfire_upgraded":6,"win_rate":0.0,"timestamp":1611520482,"path_taken":["M","?","?","M","?","E","R","?","T","E","?","E","?","M","R","BOSS","M","?","$","M","M","E","R","E","T","E","?","E","?","M","R","BOSS","M","M","M","M","M","E","?","E","T","M","$","?","R","M","R","BOSS","R","$","E","BOSS"],"items_purchased_type":["Relic","Card","Potion","Card","Card","Card","Relic","Relic","Potion","Potion","Relic","Relic"],"build_version":"2020-12-22","purchased_purges":3,"victory":true,"max_hp_per_floor":[70,70,70,70,70,70,70,70,70,70,70,70,70,70,70,70,70,70,70,70,70,70,70,70,70,70,70,70,70,70,70,70,70,70,70,70,70,70,70,70,70,70,70,75,75,75,75,75,75,75,75,75,82,82,82],"relic_stats":{"Happy Flower":[10],"counters":[33,162],"CeramicFish":216,"PreservedInsect":565,"Pen Nib":[40],"Cursed Key":2,"Smiling Mask":80,"Mercury Hourglass":[21],"Blood Vial":12,"Ornamental Fan":[416],"Shuriken":[61],"Mummified Hand":[26],"Bird Faced Urn":[89],"Pantograph":0,"Bronze Scales":[165],"Pandora\u0027s Box":["Heel Hook","Doppelganger","Envenom","Flying Knee","Malaise","Flying Knee","Blur","Quick Slash","Caltrops"],"Art of War":[24],"obtain_stats":[{"Girya":30,"Lantern":19,"NeowsBlessing":0,"Happy Flower":45,"CeramicFish":23,"PreservedInsect":8,"The Courier":10,"Pen Nib":13,"Omamori":6,"Cursed Key":17,"Smiling Mask":40,"Mercury Hourglass":54,"Blood Vial":29,"Anchor":42,"Ornamental Fan":9,"Shuriken":30,"Mummified Hand":45,"Bird Faced Urn":12,"Pantograph":43,"Bronze Scales":45,"Strawberry":53,"Pandora\u0027s Box":34,"Art of War":25,"Ring of the Snake":0},{"Girya":18,"Lantern":9,"NeowsBlessing":0,"Happy Flower":28,"CeramicFish":12,"PreservedInsect":3,"The Courier":4,"Pen Nib":6,"Omamori":3,"Cursed Key":8,"Smiling Mask":26,"Mercury Hourglass":32,"Blood Vial":16,"Anchor":27,"Ornamental Fan":3,"Shuriken":18,"Mummified Hand":28,"Bird Faced Urn":6,"Pantograph":27,"Bronze Scales":28,"Strawberry":31,"Pandora\u0027s Box":20,"Art of War":13,"Ring of the Snake":0},{"Girya":76,"Lantern":34,"NeowsBlessing":0,"Happy Flower":132,"CeramicFish":47,"PreservedInsect":3,"The Courier":9,"Pen Nib":19,"Omamori":3,"Cursed Key":31,"Smiling Mask":122,"Mercury Hourglass":155,"Blood Vial":68,"Anchor":125,"Ornamental Fan":3,"Shuriken":76,"Mummified Hand":132,"Bird Faced Urn":19,"Pantograph":125,"Bronze Scales":132,"Strawberry":152,"Pandora\u0027s Box":87,"Art of War":52,"Ring of the Snake":0}],"Ring of the Snake":[66]},"card_choices":[{"not_picked":["Slice","Acrobatics"],"picked":"Blade Dance","floor":1.0},{"not_picked":["Quick Slash","Underhanded Strike"],"picked":"Acrobatics","floor":4.0},{"not_picked":["Cloak And Dagger","Poisoned Stab"],"picked":"Choke","floor":6.0},{"not_picked":["Outmaneuver","Deflect"],"picked":"Adrenaline","floor":10.0},{"not_picked":["Finisher","Concentrate"],"picked":"Tactician","floor":11.0},{"not_picked":["Poisoned Stab","Flying Knee"],"picked":"Deadly Poison","floor":12.0},{"not_picked":["Predator","Poisoned Stab"],"picked":"Terror","floor":14.0},{"not_picked":["Doppelganger","A Thousand Cuts"],"picked":"Malaise","floor":16.0},{"not_picked":["Infinite Blades+1","Acrobatics+1"],"picked":"Backflip+1","floor":18.0},{"not_picked":["Escape Plan","Well Laid Plans","Deflect"],"picked":"SKIP","floor":21.0},{"not_picked":["Acrobatics","Deadly Poison","Terror"],"picked":"SKIP","floor":22.0},{"not_picked":["Skewer+1","All Out Attack+1"],"picked":"Cloak And Dagger+1","floor":23.0},{"not_picked":["Riddle With Holes","Flying Knee"],"picked":"Burst","floor":25.0},{"not_picked":["Backflip","Endless Agony"],"picked":"Blur","floor":27.0},{"not_picked":["Endless Agony","Deadly Poison","Underhanded Strike"],"picked":"SKIP","floor":28.0},{"not_picked":["Leg Sweep","Deflect"],"picked":"Dagger Throw+1","floor":29.0},{"not_picked":["Prepared","Predator"],"picked":"PiercingWail+1","floor":31.0},{"not_picked":["Storm of Steel","Malaise"],"picked":"Corpse Explosion","floor":33.0},{"not_picked":["Dagger Spray","Flechettes"],"picked":"Acrobatics","floor":35},{"not_picked":["Reflex","Tactician+1"],"picked":"Blur+1","floor":36},{"not_picked":["Leg Sweep","PiercingWail"],"picked":"Backflip+1","floor":37},{"not_picked":["Terror+1","Backflip"],"picked":"Deflect+1","floor":38},{"not_picked":["Caltrops","Infinite Blades+1"],"picked":"Blade Dance+1","floor":39},{"not_picked":["Storm of Steel","Sucker Punch+1"],"picked":"Calculated Gamble","floor":40},{"not_picked":["Leg Sweep+1","Quick Slash+1"],"picked":"Blur+1","floor":42},{"not_picked":["Expertise","Acrobatics"],"picked":"Blade Dance+1","floor":44},{"not_picked":["Dagger Spray+1","Caltrops+1","Concentrate+1"],"picked":"SKIP","floor":46},{"not_picked":["Underhanded Strike","Endless Agony+1"],"picked":"Well Laid Plans+1","floor":48},{"not_picked":["Phantasmal Killer","Prepared","Blade Dance"],"picked":"SKIP","floor":54}],"player_experience":5943606,"relics_obtained":[{"floor":6.0,"key":"Omamori"},{"floor":9.0,"key":"Ornamental Fan"},{"floor":10.0,"key":"The Courier"},{"floor":12.0,"key":"Bird Faced Urn"},{"floor":13.0,"key":"Pen Nib"},{"floor":23.0,"key":"CeramicFish"},{"floor":25.0,"key":"Art of War"},{"floor":29.0,"key":"Blood Vial"},{"floor":30.0,"key":"Girya"},{"floor":30.0,"key":"Shuriken"},{"floor":40,"key":"Smiling Mask"},{"floor":42,"key":"Anchor"},{"floor":43,"key":"Pantograph"},{"floor":54,"key":"Mercury Hourglass"}],"event_choices":[{"damage_healed":0.0,"max_hp_gain":0.0,"max_hp_loss":0.0,"gold_gain":0.0,"event_name":"Living Wall","player_choice":"Grow","floor":2.0,"gold_loss":0.0,"damage_taken":0.0,"cards_upgraded":["Blade Dance"]},{"damage_healed":0.0,"max_hp_gain":0.0,"max_hp_loss":0.0,"gold_gain":175.0,"event_name":"Liars Game","player_choice":"AGREE","floor":3.0,"gold_loss":0.0,"damage_taken":0.0,"cards_obtained":["Doubt"]},{"cards_removed":["Doubt"],"damage_healed":0.0,"max_hp_gain":0.0,"max_hp_loss":0.0,"gold_gain":0.0,"event_name":"The Cleric","player_choice":"Card Removal","floor":5.0,"gold_loss":50.0,"damage_taken":0.0},{"damage_healed":0.0,"max_hp_gain":0.0,"max_hp_loss":0.0,"gold_gain":0.0,"event_name":"WeMeetAgain","player_choice":"Gave Potion","floor":19.0,"gold_loss":0.0,"damage_taken":0.0,"relics_obtained":["Lantern"]},{"damage_healed":0.0,"max_hp_gain":0.0,"max_hp_loss":0.0,"gold_gain":0.0,"event_name":"Colosseum","player_choice":"Fight","floor":30.0,"gold_loss":0.0,"damage_taken":0.0},{"damage_healed":0.0,"max_hp_gain":0.0,"max_hp_loss":0.0,"gold_gain":0.0,"event_name":"Colosseum","player_choice":"Fought Nobs","floor":30.0,"gold_loss":0.0,"damage_taken":0.0},{"damage_healed":0,"gold_gain":0,"player_choice":"Bought 3 Potions","damage_taken":0,"max_hp_gain":0,"max_hp_loss":0,"event_name":"The Woman in Blue","floor":41,"gold_loss":0}],"is_beta":false,"boss_relics":[{"not_picked":["Coffee Dripper","Runic Pyramid"],"picked":"Cursed Key"},{"not_picked":["SlaversCollar","HoveringKite"],"picked":"Pandora\u0027s Box"}],"items_purged_floors":[20,45,53],"is_endless":false,"potions_floor_spawned":[10,11,14,22,25,27,29,30,33,35,38,42,44,46,48],"ascension_level":8}}