{"host":"9v3x998ddbx8o276","time":1611485740,"event":{"mods":["AchievementEnabler","BaseMod","Colored Map","Colored Powertips","Highlight Path","Minty Spire (QoL Compilation)","Quick Restart","Rare Cards Sparkle"],"gold_per_floor":[112,125,140,140,16,16,50,50,50,50,68,87,122,142,142,216,216,235,251,266,8,8,8,8,18,18,34,34,54,54,69,69,146,146,163,6,6,0,0,0,0],"floor_reached":40,"language":"ENG","playtime":7613,"items_purged":["Strike_B","Strike_B"],"score":861,"play_id":"be674f89-4acf-4688-8a04-9f1edd452938","local_time":"20210124212540","is_ascension_mode":true,"campfire_choices":[{"data":"Defragment","floor":6.0,"key":"SMITH"},{"floor":8.0,"key":"REST"},{"floor":15.0,"key":"REST"},{"floor":28,"key":"REST"},{"floor":30,"key":"REST"},{"floor":32,"key":"REST"}],"circlet_count":0,"master_deck":["AscendersBane","Strike_B","Strike_B","Defend_B","Defend_B","Defend_B","Defend_B","Zap","Dualcast","Streamline","Capacitor","Go for the Eyes","Defragment+1","Sweeping Beam+1","Gash+1","Compile Driver+1","Multi-Cast","Static Discharge","Rip and Tear+1","Coolheaded+1","Turbo+1","Fission+1","Conserve Battery+1","Stack+1","Cold Snap+1","Chill+1","Gash+1","Writhe","Steam+1","Amplify+1","Defragment","Rip and Tear+1","FTL+1","Undo+1","Coolheaded+1","Creative AI","Defragment","Leap+1","Metamorphosis+1","Enlightenment+1"],"relics":["Cracked Core","Molten Egg 2","Dream Catcher","Regal Pillow","Toxic Egg 2","Fusion Hammer","Ancient Tea Set","Bronze Scales","Sundial","Snecko Eye","Red Mask"],"acts_visited":["Exordium","TheCity","TheBeyond"],"potions_floor_usage":[27,33,40],"damage_taken":[{"damage":1.0,"enemies":"Cultist","floor":1.0,"turns":3.0},{"damage":4.0,"enemies":"Small Slimes","floor":2.0,"turns":3.0},{"damage":1.0,"enemies":"2 Louse","floor":3.0,"turns":2.0},{"damage":10.0,"enemies":"Lagavulin","floor":7.0,"turns":7.0},{"damage":15.0,"enemies":"2 Fungi Beasts","floor":11.0,"turns":3.0},{"damage":10.0,"enemies":"Gremlin Gang","floor":12.0,"turns":5.0},{"damage":8.0,"enemies":"Gremlin Nob","floor":13.0,"turns":3.0},{"damage":0.0,"enemies":"Large Slime","floor":14.0,"turns":4.0},{"damage":11.0,"enemies":"The Guardian","floor":16.0,"turns":11.0},{"damage":16.0,"enemies":"3 Byrds","floor":18.0,"turns":3.0},{"damage":22.0,"enemies":"2 Thieves","floor":19.0,"turns":4.0},{"damage":22.0,"enemies":"Sentry and Sphere","floor":20.0,"turns":5.0},{"damage":0.0,"enemies":"Book of Stabbing","floor":23.0,"turns":1.0},{"damage":2.0,"enemies":"Centurion and Healer","floor":25.0,"turns":7.0},{"damage":5,"enemies":"3 Cultists","floor":27,"turns":6},{"damage":31,"enemies":"Snecko","floor":29,"turns":6},{"damage":17,"enemies":"Snake Plant","floor":31,"turns":4},{"damage":24,"enemies":"Automaton","floor":33,"turns":13},{"damage":13,"enemies":"Orb Walker","floor":35,"turns":4},{"damage":48,"enemies":"Reptomancer","floor":40,"turns":2}],"seed_played":"-992830562232595214","potions_obtained":[{"floor":0.0,"key":"PowerPotion"},{"floor":0.0,"key":"Block Potion"},{"floor":11.0,"key":"Fire Potion"},{"floor":20.0,"key":"SmokeBomb"},{"floor":25.0,"key":"SkillPotion"},{"floor":31,"key":"FocusPotion"},{"floor":35,"key":"Energy Potion"}],"is_trial":false,"path_per_floor":["M","M","M","?","$","R","E","R","T","$","M","M","E","M","R","B",null,"M","M","M","$","?","E","?","M","T","M","R","M","R","M","R","B",null,"M","$","?","?","$","E"],"character_chosen":"DEFECT","items_purchased":["Defragment","Sweeping Beam+1","Chill+1","Loop","Gash+1","Leap+1"],"campfire_rested":5,"item_purchase_floors":[5,5,21,21,21,36],"current_hp_per_floor":[63,59,58,58,58,58,48,69,69,69,54,44,36,36,71,60,68,52,30,8,8,8,8,8,6,6,1,37,6,42,25,61,37,63,50,50,45,45,45,0,0],"gold":0,"neow_bonus":"THREE_SMALL_POTIONS","is_daily":false,"chose_seed":false,"campfire_upgraded":1,"win_rate":0.0,"timestamp":1611485740,"path_taken":["M","?","M","?","?","R","E","R","T","$","M","M","E","?","R","BOSS","M","?","M","$","?","E","?","?","T","M","R","M","R","M","R","BOSS","M","$","?","?","?","E"],"items_purchased_type":["Card","Card","Card","Card","Card","Card"],"build_version":"2020-12-22","purchased_purges":2,"victory":false,"max_hp_per_floor":[71,71,71,71,71,71,71,71,71,71,71,71,71,71,71,71,71,71,71,71,71,71,71,71,71,71,71,71,71,71,71,71,71,71,71,71,71,71,71,71,71],"card_choices":[{"not_picked":["Redo","Consume"],"picked":"Streamline","floor":1.0},{"not_picked":["Conserve Battery","Streamline"],"picked":"Capacitor","floor":2.0},{"not_picked":["Conserve Battery","Hologram"],"picked":"Go for the Eyes","floor":3.0},{"not_picked":["Steam","Reprogram"],"picked":"Gash+1","floor":7.0},{"not_picked":["Steam","Rebound+1"],"picked":"Compile Driver+1","floor":8.0},{"not_picked":["Chaos","Redo"],"picked":"Multi-Cast","floor":11.0},{"not_picked":["BootSequence","Fusion"],"picked":"Static Discharge","floor":12.0},{"not_picked":["Hello World","Genetic Algorithm+1"],"picked":"Rip and Tear+1","floor":13.0},{"not_picked":["Beam Cell+1","Conserve Battery+1"],"picked":"Coolheaded+1","floor":14.0},{"not_picked":["Streamline+1","Redo+1"],"picked":"Turbo+1","floor":15.0},{"not_picked":["Creative AI","Core Surge+1"],"picked":"Fission+1","floor":16.0},{"not_picked":["Compile Driver+1","Recycle+1"],"picked":"Conserve Battery+1","floor":18.0},{"not_picked":["Hologram+1","Go for the Eyes+1"],"picked":"Stack+1","floor":19.0},{"not_picked":["Hologram+1","Streamline+1"],"picked":"Cold Snap+1","floor":20.0},{"not_picked":["Hologram+1","Streamline+1"],"picked":"Steam+1","floor":25.0},{"not_picked":["Melter+1","Sunder+1"],"picked":"Amplify+1","floor":27},{"not_picked":["Redo+1","Compile Driver+1"],"picked":"Defragment","floor":28},{"not_picked":["Gash+1","Heatsinks"],"picked":"Rip and Tear+1","floor":29},{"not_picked":["Chaos+1","Steam+1"],"picked":"FTL+1","floor":30},{"not_picked":["Stack+1","Compile Driver+1"],"picked":"Undo+1","floor":31},{"not_picked":["Steam+1","Chill+1"],"picked":"Coolheaded+1","floor":32},{"not_picked":["Seek+1","Rainbow+1"],"picked":"Creative AI","floor":33},{"not_picked":["Rebound+1","Double Energy+1"],"picked":"Defragment","floor":35},{"not_picked":["Trip+1","Mind Blast+1"],"picked":"Metamorphosis+1","floor":37},{"not_picked":["Mind Blast+1","Violence+1"],"picked":"Enlightenment+1","floor":37}],"player_experience":1693321,"relics_obtained":[{"floor":4.0,"key":"Molten Egg 2"},{"floor":7.0,"key":"Dream Catcher"},{"floor":9.0,"key":"Regal Pillow"},{"floor":13.0,"key":"Toxic Egg 2"},{"floor":26.0,"key":"Sundial"}],"event_choices":[{"damage_healed":0.0,"max_hp_gain":0.0,"max_hp_loss":0.0,"gold_gain":0.0,"event_name":"Wheel of Change","player_choice":"Relic","floor":4.0,"gold_loss":0.0,"damage_taken":0.0},{"damage_healed":0.0,"max_hp_gain":0.0,"max_hp_loss":0.0,"gold_gain":0.0,"event_name":"The Mausoleum","player_choice":"Opened","floor":22.0,"gold_loss":0.0,"damage_taken":0.0,"relics_obtained":["Ancient Tea Set"],"cards_obtained":["Writhe"]},{"cards_removed":["Loop"],"damage_healed":0.0,"max_hp_gain":0.0,"max_hp_loss":0.0,"gold_gain":0.0,"event_name":"WeMeetAgain","player_choice":"Gave Card","floor":24.0,"gold_loss":0.0,"damage_taken":0.0,"relics_obtained":["Bronze Scales"]},{"damage_healed":0,"gold_gain":0,"player_choice":"Memory 2","damage_taken":5,"max_hp_gain":0,"max_hp_loss":0,"event_name":"SensoryStone","floor":37,"gold_loss":0},{"damage_healed":0,"gold_gain":0,"player_choice":"Paid","damage_taken":0,"relics_obtained":["Red Mask"],"max_hp_gain":0,"max_hp_loss":0,"event_name":"Tomb of Lord Red Mask","floor":38,"gold_loss":6}],"is_beta":false,"boss_relics":[{"not_picked":["Busted Crown","SlaversCollar"],"picked":"Fusion Hammer"},{"not_picked":["Velvet Choker","Sozu"],"picked":"Snecko Eye"}],"items_purged_floors":[21,36],"is_endless":false,"potions_floor_spawned":[2,11,12,20,25,31,35],"killed_by":"Reptomancer","ascension_level":20}}