{"host":"6rz02yiipefhcw4r","time":1611473491,"event":{"mods":["2.2 Compatiblity","BaseMod","Block Reminder","Colored Map","Curses Come First","DeckTracker","Googly Eyes","Minty Spire (QoL Compilation)","Quick Restart","Rare Cards Sparkle","StSLib"],"gold_per_floor":[109,127,127,127,143,143,57,57,57],"floor_reached":8,"language":"ENG","playtime":173,"items_purged":[],"score":92,"play_id":"1351e98c-1dda-4aef-98b2-199de56723a2","local_time":"20210124053131","is_ascension_mode":true,"campfire_choices":[{"floor":6,"key":"REST"}],"circlet_count":0,"master_deck":["AscendersBane","Strike_R","Strike_R","Strike_R","Strike_R+1","Strike_R","Defend_R","Defend_R","Defend_R","Defend_R","Bash","Limit Break","Sword Boomerang","Spot Weakness+1","Spot Weakness","Whirlwind"],"relics":["Burning Blood","Golden Idol"],"acts_visited":["Exordium"],"potions_floor_usage":[],"damage_taken":[{"damage":1,"enemies":"2 Louse","floor":1,"turns":5},{"damage":10,"enemies":"Small Slimes","floor":2,"turns":4},{"damage":9,"enemies":"Jaw Worm","floor":5,"turns":3},{"damage":60,"enemies":"Gremlin Nob","floor":8,"turns":4}],"seed_played":"-5554161011489134590","potions_obtained":[],"is_trial":false,"path_per_floor":["M","M","?","?","M","R","$","E"],"character_chosen":"IRONCLAD","items_purchased":["Whirlwind"],"campfire_rested":1,"item_purchase_floors":[7],"current_hp_per_floor":[55,51,51,31,28,48,48,0,0],"gold":57,"neow_bonus":"THREE_RARE_CARDS","is_daily":false,"chose_seed":false,"campfire_upgraded":0,"win_rate":0.0,"timestamp":1611473491,"path_taken":["M","M","?","?","M","R","$","E"],"items_purchased_type":["Card"],"build_version":"2020-12-22","purchased_purges":0,"victory":false,"max_hp_per_floor":[75,75,68,68,68,68,68,68,68],"card_choices":[{"not_picked":["Fiend Fire","Exhume"],"picked":"Limit Break","floor":0},{"not_picked":["Wild Strike","Blood for Blood"],"picked":"Sword Boomerang","floor":1},{"not_picked":["Whirlwind","Sword Boomerang"],"picked":"Spot Weakness","floor":2},{"not_picked":["Reckless Charge","Cleave"],"picked":"Spot Weakness","floor":5}],"player_experience":727894,"relics_obtained":[],"event_choices":[{"damage_healed":0,"gold_gain":0,"player_choice":"Lose Max HP","damage_taken":0,"relics_obtained":["Golden Idol"],"max_hp_gain":0,"max_hp_loss":7,"event_name":"Golden Idol","floor":3,"gold_loss":0},{"damage_healed":0,"gold_gain":0,"player_choice":"Entered Light","damage_taken":20,"max_hp_gain":0,"max_hp_loss":0,"event_name":"Shining Light","floor":4,"gold_loss":0,"cards_upgraded":["Strike_R","Spot Weakness"]}],"is_beta":false,"boss_relics":[],"items_purged_floors":[],"is_endless":false,"potions_floor_spawned":[],"killed_by":"Gremlin Nob","ascension_level":20}}