{"host":"xmrw7jl1ir2912vf","time":1611527060,"event":{"mods":["BaseMod","Minty Spire (QoL Compilation)"],"gold_per_floor":[10,26,26,26,36,66,66,19,19,52,52,72,102,114,114,188,188,201,181,198,212,224,256,256,256,256,26,26,41,41,51,51,129,129,149,167,181,181,192,220,238,273,296,236,261,271,98,109,109,109,109,109,28,61,61,61],"floor_reached":55,"language":"ENG","playtime":4884,"items_purged":["Strike_R"],"score":1428,"play_id":"42f838b5-49fc-4c80-a1ef-a7ee3b5b3f1d","local_time":"20210124172420","is_ascension_mode":true,"campfire_choices":[{"data":"Iron Wave","floor":7.0,"key":"SMITH"},{"data":"Disarm","floor":11.0,"key":"SMITH"},{"data":"Cleave","floor":15.0,"key":"SMITH"},{"data":"Uppercut","floor":24,"key":"SMITH"},{"data":"Sword Boomerang","floor":28,"key":"SMITH"},{"data":"Pommel Strike","floor":30,"key":"SMITH"},{"data":"Limit Break","floor":32,"key":"SMITH"},{"floor":49,"key":"RECALL"},{"data":"Panacea","floor":52,"key":"SMITH"}],"circlet_count":0,"master_deck":["AscendersBane","Strike_R","Defend_R","Defend_R","Defend_R","Defend_R","Bash","Feed+1","Headbutt","Iron Wave+1","Iron Wave","Pommel Strike+1","Disarm+1","Cleave+1","Feed","Reaper","Sword Boomerang+1","Uppercut+1","Feel No Pain+1","Shrug It Off","Limit Break+1","Burning Pact","Barricade+1","Impervious+1","Seeing Red+1","Berserk+1","Demon Form+1","Panacea+1","Flash of Steel","Warcry","Armaments+1","Dark Embrace+1","Inflame+1","Metallicize+1","Dark Embrace+1","Pummel","Feel No Pain+1"],"relics":["Burning Blood","Dead Branch","Calipers","Bag of Preparation","Vajra","Frozen Egg 2","Coffee Dripper","The Courier","Potion Belt","Magic Flower","Astrolabe","Pen Nib","Prayer Wheel","Turnip","Membership Card","Bronze Scales","Letter Opener"],"acts_visited":["Exordium","TheCity","TheBeyond","TheEnding"],"potions_floor_usage":[20,23,23,33,36,39,42,42,50,54,55,55],"damage_taken":[{"damage":7.0,"enemies":"Small Slimes","floor":1.0,"turns":4.0},{"damage":15.0,"enemies":"Jaw Worm","floor":2.0,"turns":6.0},{"damage":1.0,"enemies":"Cultist","floor":5.0,"turns":3.0},{"damage":35.0,"enemies":"Lagavulin","floor":6.0,"turns":6.0},{"damage":25.0,"enemies":"Gremlin Nob","floor":10.0,"turns":4.0},{"damage":9.0,"enemies":"Red Slaver","floor":12.0,"turns":4.0},{"damage":18.0,"enemies":"Lagavulin","floor":13.0,"turns":8.0},{"damage":1.0,"enemies":"Gremlin Gang","floor":14.0,"turns":4.0},{"damage":6.0,"enemies":"Slime Boss","floor":16.0,"turns":3.0},{"damage":4.0,"enemies":"Spheric Guardian","floor":18.0,"turns":3.0},{"damage":13,"enemies":"2 Thieves","floor":20,"turns":3},{"damage":0,"enemies":"Snecko","floor":21,"turns":3},{"damage":31,"enemies":"3 Cultists","floor":22,"turns":6},{"damage":69,"enemies":"Slavers","floor":23,"turns":6},{"damage":18,"enemies":"Cultist and Chosen","floor":29,"turns":5},{"damage":18,"enemies":"Shelled Parasite and Fungi","floor":31,"turns":5},{"damage":87,"enemies":"Automaton","floor":33,"turns":12},{"damage":4,"enemies":"3 Shapes","floor":35,"turns":5},{"damage":3,"enemies":"Orb Walker","floor":36,"turns":4},{"damage":3,"enemies":"4 Shapes","floor":37,"turns":3},{"damage":12,"enemies":"Sphere and 2 Shapes","floor":39,"turns":6},{"damage":6,"enemies":"Nemesis","floor":40,"turns":9},{"damage":14,"enemies":"Maw","floor":41,"turns":12},{"damage":13,"enemies":"Giant Head","floor":42,"turns":8},{"damage":0,"enemies":"Mind Bloom Boss Battle","floor":45,"turns":3},{"damage":1,"enemies":"Writhing Mass","floor":46,"turns":8},{"damage":34,"enemies":"Spire Growth","floor":48,"turns":5},{"damage":24,"enemies":"Donu and Deca","floor":50,"turns":7},{"damage":81,"enemies":"Shield and Spear","floor":54,"turns":7},{"damage":100,"enemies":"The Heart","floor":55,"turns":6}],"seed_played":"-1894147148463568629","potions_obtained":[{"floor":10.0,"key":"BloodPotion"},{"floor":13.0,"key":"SpeedPotion"},{"floor":14.0,"key":"AttackPotion"},{"floor":19.0,"key":"SteroidPotion"},{"floor":21,"key":"Strength Potion"},{"floor":23,"key":"GamblersBrew"},{"floor":29,"key":"BlessingOfTheForge"},{"floor":31,"key":"Weak Potion"},{"floor":37,"key":"LiquidMemories"},{"floor":39,"key":"PowerPotion"},{"floor":40,"key":"FearPotion"},{"floor":41,"key":"Energy Potion"},{"floor":45,"key":"DuplicationPotion"},{"floor":48,"key":"SmokeBomb"}],"is_trial":false,"path_per_floor":["M","M","?","T","M","E","R","$","T","E","R","M","E","M","R","B",null,"M","?","M","M","M","E","R","?","T","$","R","M","R","M","R","B",null,"M","M","M","?","M","E","M","E","T","$","?","M","$","M","R","B",null,"R","$","E","B"],"character_chosen":"IRONCLAD","items_purchased":["Pommel Strike","Magic Flower","Membership Card","Metallicize+1","Dark Embrace+1","Weak Potion","Bronze Scales"],"campfire_rested":0,"item_purchase_floors":[8,27,47,47,47,53,53],"current_hp_per_floor":[70,64,64,64,73,44,44,44,44,25,25,26,35,44,44,44,84,90,90,94,104,83,40,40,109,109,109,109,110,110,116,116,62,103,113,119,127,117,130,134,135,137,137,137,142,146,146,127,127,118,145,145,145,93,0,0],"gold":61,"neow_bonus":"THREE_RARE_CARDS","is_daily":false,"chose_seed":false,"campfire_upgraded":8,"win_rate":0.0,"timestamp":1611527060,"path_taken":["M","M","?","?","M","E","R","$","T","E","R","?","E","M","R","BOSS","M","?","?","M","M","E","R","?","T","$","R","M","R","M","R","BOSS","M","M","?","?","M","E","M","E","T","$","?","M","?","M","R","BOSS","R","$","E","BOSS"],"items_purchased_type":["Card","Relic","Relic","Card","Card","Potion","Relic"],"build_version":"2020-12-22","purchased_purges":1,"victory":false,"max_hp_per_floor":[78,81,81,81,85,85,85,85,85,85,85,89,93,97,97,97,97,101,101,101,105,109,109,109,109,109,109,109,113,113,117,117,117,117,120,120,127,127,130,134,138,142,142,142,142,146,146,150,150,154,154,154,154,154,154,154],"card_choices":[{"not_picked":["Double Tap","Immolate"],"picked":"Feed","floor":0.0},{"not_picked":["Sword Boomerang","Clash"],"picked":"Headbutt","floor":1.0},{"not_picked":["Warcry","Metallicize"],"picked":"Iron Wave","floor":2.0},{"not_picked":["Armaments","Shrug It Off"],"picked":"Iron Wave","floor":5.0},{"not_picked":["Searing Blow","Sever Soul","Rupture"],"picked":"SKIP","floor":6.0},{"not_picked":["Hemokinesis","Rage"],"picked":"Disarm","floor":10.0},{"not_picked":["Clash","Blood for Blood","Combust"],"picked":"SKIP","floor":12.0},{"not_picked":["Iron Wave","Shockwave"],"picked":"Cleave","floor":13.0},{"not_picked":["Body Slam","Shrug It Off"],"picked":"Feed","floor":14.0},{"not_picked":["Feed","Fiend Fire"],"picked":"Reaper","floor":16.0},{"not_picked":["Clash","Perfected Strike"],"picked":"Sword Boomerang","floor":18.0},{"not_picked":["Pommel Strike","Anger"],"picked":"Uppercut","floor":20},{"not_picked":["Sword Boomerang","Warcry"],"picked":"Feel No Pain+1","floor":21},{"not_picked":["Heavy Blade","Wild Strike+1","Twin Strike"],"picked":"SKIP","floor":22},{"not_picked":["Iron Wave+1","Dual Wield"],"picked":"Shrug It Off","floor":23},{"not_picked":["Second Wind","Iron Wave+1"],"picked":"Limit Break","floor":29},{"not_picked":["Shrug It Off","Second Wind"],"picked":"Burning Pact","floor":31},{"not_picked":["Exhume","Brutality+1"],"picked":"Barricade+1","floor":33},{"not_picked":["Perfected Strike","Wild Strike","Clash+1"],"picked":"SKIP","floor":35},{"not_picked":["Headbutt","True Grit","Anger"],"picked":"SKIP","floor":36},{"not_picked":["Pommel Strike","Carnage"],"picked":"Demon Form+1","floor":37},{"not_picked":["Blind","The Bomb"],"picked":"Panacea","floor":38},{"not_picked":["Deep Breath","Secret Weapon"],"picked":"Flash of Steel","floor":38},{"not_picked":["True Grit","Twin Strike","Sword Boomerang"],"picked":"SKIP","floor":39},{"not_picked":["Cleave","Immolate"],"picked":"Warcry","floor":40},{"not_picked":["Clash","Blood for Blood"],"picked":"Armaments+1","floor":41},{"not_picked":["Second Wind","Inflame+1"],"picked":"Dark Embrace+1","floor":42},{"not_picked":["Anger","Shrug It Off"],"picked":"Inflame+1","floor":46},{"not_picked":["Twin Strike","Clash","Perfected Strike"],"picked":"SKIP","floor":46},{"not_picked":["Heavy Blade","Rage"],"picked":"Pummel","floor":48},{"not_picked":["Perfected Strike+1","Dropkick","Iron Wave"],"picked":"SKIP","floor":48},{"not_picked":["Thunderclap","True Grit"],"picked":"Feel No Pain+1","floor":54}],"player_experience":393041,"relics_obtained":[{"floor":4.0,"key":"Dead Branch"},{"floor":6.0,"key":"Calipers"},{"floor":9.0,"key":"Bag of Preparation"},{"floor":10.0,"key":"Vajra"},{"floor":13.0,"key":"Frozen Egg 2"},{"floor":23,"key":"The Courier"},{"floor":26,"key":"Potion Belt"},{"floor":40,"key":"Pen Nib"},{"floor":42,"key":"Prayer Wheel"},{"floor":45,"key":"Turnip"},{"floor":54,"key":"Letter Opener"}],"event_choices":[{"damage_healed":0.0,"max_hp_gain":0.0,"max_hp_loss":0.0,"gold_gain":0.0,"event_name":"Living Wall","player_choice":"Grow","floor":3.0,"gold_loss":0.0,"damage_taken":0.0,"cards_upgraded":["Feed"]},{"damage_healed":0.0,"max_hp_gain":0.0,"max_hp_loss":0.0,"gold_gain":0.0,"event_name":"The Woman in Blue","player_choice":"Bought 1 Potion","floor":19.0,"gold_loss":0.0,"damage_taken":0.0},{"damage_healed":69,"gold_gain":0,"player_choice":"Full Heal","damage_taken":0,"max_hp_gain":0,"max_hp_loss":0,"event_name":"Wheel of Change","floor":25,"gold_loss":0},{"damage_healed":0,"gold_gain":0,"player_choice":"Memory 3","damage_taken":10,"max_hp_gain":0,"max_hp_loss":0,"event_name":"SensoryStone","floor":38,"gold_loss":0},{"damage_healed":0,"gold_gain":0,"player_choice":"Fight","damage_taken":0,"max_hp_gain":0,"max_hp_loss":0,"event_name":"MindBloom","floor":45,"gold_loss":0}],"is_beta":false,"boss_relics":[{"not_picked":["Empty Cage","Black Star"],"picked":"Coffee Dripper"},{"not_picked":["Tiny House","Runic Cube"],"picked":"Astrolabe"}],"items_purged_floors":[44],"is_endless":false,"potions_floor_spawned":[10,13,14,21,23,29,31,37,39,40,41,45,48],"killed_by":"The Heart","ascension_level":14}}