{"host":"n91w9dq5l8qws978","time":1611514256,"event":{"mods":["BaseMod","Bestiary","Challenge The Spire","Custom Start","Defuse TimeMaze Blight","Keyboard Shortcuts","Minty Spire (QoL Compilation)","MonsterHotkey","Relic Stats","StSLib","Uncapped"],"gold_per_floor":[362,362,362,375,60,60,77,104,104,138,156,171,8,20,20,20,20],"floor_reached":16,"language":"ENG","playtime":653,"items_purged":["Defend_G"],"score":202,"play_id":"8e0547fd-d363-4959-889f-f0504cbd2286","local_time":"20210124185056","is_ascension_mode":true,"campfire_choices":[{"data":"Neutralize","floor":6.0,"key":"SMITH"},{"data":"Noxious Fumes","floor":15,"key":"SMITH"}],"circlet_count":0,"master_deck":["AscendersBane","Strike_G","Strike_G","Strike_G","Strike_G","Strike_G","Defend_G","Defend_G","Defend_G","Defend_G","Survivor","Neutralize+1","Concentrate+1","Prepared","Caltrops","Quick Slash","Backflip","Well Laid Plans","Flying Knee","Noxious Fumes+1"],"relics":["Ring of the Snake","Kunai","HornCleat","StrikeDummy","Nunchaku"],"acts_visited":["Exordium"],"potions_floor_usage":[],"damage_taken":[{"damage":1.0,"enemies":"2 Louse","floor":1.0,"turns":3.0},{"damage":4.0,"enemies":"Jaw Worm","floor":4.0,"turns":7.0},{"damage":1.0,"enemies":"Cultist","floor":7.0,"turns":4.0},{"damage":26.0,"enemies":"3 Sentries","floor":8.0,"turns":11.0},{"damage":9.0,"enemies":"Gremlin Nob","floor":10.0,"turns":4.0},{"damage":8.0,"enemies":"Red Slaver","floor":11.0,"turns":3.0},{"damage":6.0,"enemies":"Lots of Slimes","floor":12.0,"turns":5.0},{"damage":2,"enemies":"Gremlin Gang","floor":14,"turns":4},{"damage":0,"enemies":"Hexaghost","floor":16,"turns":1}],"seed_played":"-3353294015702765589","potions_obtained":[{"floor":1.0,"key":"BlessingOfTheForge"},{"floor":7.0,"key":"Dexterity Potion"},{"floor":8.0,"key":"GamblersBrew"}],"is_trial":false,"path_per_floor":["M","?","?","M","$","R","M","E","T","E","M","M","$","M","R","B"],"character_chosen":"THE_SILENT","items_purchased":["Kunai","Caltrops","Noxious Fumes"],"campfire_rested":0,"item_purchase_floors":[5,5,13],"current_hp_per_floor":[58,58,58,54,54,54,53,27,27,18,10,4,4,2,2,2,2],"gold":20,"neow_bonus":"TWO_FIFTY_GOLD","is_daily":false,"chose_seed":false,"campfire_upgraded":2,"win_rate":0.0,"timestamp":1611514256,"path_taken":["M","?","?","M","$","R","?","E","T","E","M","M","$","M","R","BOSS"],"items_purchased_type":["Relic","Card","Card"],"build_version":"2020-12-22","purchased_purges":1,"victory":false,"max_hp_per_floor":[60,60,60,60,60,60,60,60,60,60,60,60,60,60,60,60,60],"relic_stats":{"Nunchaku":[2],"counters":[9,42],"Kunai":[8],"obtain_stats":[{"Nunchaku":10,"HornCleat":8,"Kunai":5,"StrikeDummy":9,"Ring of the Snake":0},{"Nunchaku":5,"HornCleat":4,"Kunai":2,"StrikeDummy":4,"Ring of the Snake":0},{"Nunchaku":29,"HornCleat":25,"Kunai":10,"StrikeDummy":25,"Ring of the Snake":0}],"Ring of the Snake":[16]},"card_choices":[{"not_picked":["Escape Plan","Deflect"],"picked":"Concentrate","floor":1.0},{"not_picked":["Deflect","Accuracy"],"picked":"Prepared","floor":4.0},{"not_picked":["Slice","Skewer"],"picked":"Quick Slash","floor":7.0},{"not_picked":["Slice","Cloak And Dagger"],"picked":"Backflip","floor":8.0},{"not_picked":["PiercingWail","Finisher","Skewer"],"picked":"SKIP","floor":10.0},{"not_picked":["Endless Agony","Acrobatics"],"picked":"Well Laid Plans","floor":11.0},{"not_picked":["Terror","Flechettes"],"picked":"Flying Knee","floor":12.0},{"not_picked":["Prepared","Grand Finale","Dodge and Roll"],"picked":"SKIP","floor":14}],"player_experience":416692,"relics_obtained":[{"floor":8.0,"key":"HornCleat"},{"floor":9.0,"key":"StrikeDummy"},{"floor":10.0,"key":"Nunchaku"}],"event_choices":[{"damage_healed":0.0,"max_hp_gain":0.0,"max_hp_loss":0.0,"gold_gain":0.0,"event_name":"Golden Wing","player_choice":"Ignored","floor":2.0,"gold_loss":0.0,"damage_taken":0.0},{"damage_healed":0.0,"max_hp_gain":0.0,"max_hp_loss":0.0,"gold_gain":0.0,"event_name":"Upgrade Shrine","player_choice":"Upgraded","floor":3.0,"gold_loss":0.0,"damage_taken":0.0,"cards_upgraded":["Concentrate"]}],"is_beta":false,"boss_relics":[],"items_purged_floors":[13],"is_endless":false,"potions_floor_spawned":[1,7,8,12,14],"killed_by":"Hexaghost","ascension_level":16}}