{"host":"wogey4gsknv4ot2d","time":1611522490,"event":{"mods":["2.2 Compatiblity","AchievementEnabler","BaseMod","Bestiary","Better Match","Better Third Choice","Colored Map","Colored Powertips","Key Reminder","Minty Spire (QoL Compilation)","Permanent Neow","Rare Cards Sparkle","Relic Stats","StSLib"],"gold_per_floor":[116,116,116,126,142,167,167,184,184,184,200,127,138,213,213,312,312,325,341,341,73,73,73,102,102,102],"floor_reached":25,"language":"ENG","playtime":614,"items_purged":[],"score":271,"play_id":"5be9b431-de35-43f8-b4f9-bb5d85cdb443","local_time":"20210124150810","is_ascension_mode":false,"campfire_choices":[{"floor":7,"key":"REST"},{"floor":10,"key":"RECALL"},{"floor":15,"key":"REST"},{"data":"Noxious Fumes","floor":23,"key":"SMITH"}],"circlet_count":0,"master_deck":["Strike_G","Strike_G","Strike_G","Strike_G","Strike_G","Defend_G","Defend_G","Defend_G","Defend_G","Defend_G","Survivor","Neutralize+1","Dagger Spray","Deadly Poison","Bouncing Flask","Bane","Poisoned Stab","Blade Dance","Noxious Fumes+1","PiercingWail","Poisoned Stab","Heel Hook","J.A.X.","Deadly Poison","Noxious Fumes","Bane+1"],"relics":["Ring of the Snake","Ancient Tea Set","Eternal Feather","Busted Crown","Boot","Prayer Wheel"],"acts_visited":["Exordium","TheCity"],"potions_floor_usage":[6,16,19,19],"damage_taken":[{"damage":0,"enemies":"Jaw Worm","floor":1,"turns":7},{"damage":9,"enemies":"Cultist","floor":4,"turns":4},{"damage":0,"enemies":"Small Slimes","floor":5,"turns":3},{"damage":43,"enemies":"Gremlin Nob","floor":6,"turns":5},{"damage":16,"enemies":"3 Louse","floor":8,"turns":3},{"damage":0,"enemies":"Blue Slaver","floor":11,"turns":2},{"damage":11,"enemies":"Red Slaver","floor":13,"turns":3},{"damage":0,"enemies":"Slime Boss","floor":16,"turns":6},{"damage":19,"enemies":"Spheric Guardian","floor":18,"turns":4},{"damage":14,"enemies":"2 Thieves","floor":19,"turns":3},{"damage":56,"enemies":"Gremlin Leader","floor":24,"turns":5},{"damage":22,"enemies":"Sentry and Sphere","floor":25,"turns":3}],"seed_played":"-3458109913609650623","potions_obtained":[{"floor":4,"key":"CunningPotion"},{"floor":6,"key":"PowerPotion"},{"floor":11,"key":"Swift Potion"},{"floor":16,"key":"Energy Potion"}],"is_trial":false,"path_per_floor":["M","?","?","M","M","E","R","M","T","R","M","$","M","?","R","B",null,"M","M","?","$","?","R","E","M"],"character_chosen":"THE_SILENT","items_purchased":["Noxious Fumes","Boot","Deadly Poison","Noxious Fumes"],"campfire_rested":2,"item_purchase_floors":[12,21,21,21],"current_hp_per_floor":[70,70,70,61,61,18,48,32,32,41,41,41,30,19,52,52,70,51,37,37,37,60,70,14,0,0],"gold":102,"neow_bonus":"RANDOM_COMMON_RELIC","is_daily":false,"chose_seed":false,"campfire_upgraded":1,"win_rate":0.0,"timestamp":1611522490,"path_taken":["M","?","?","M","M","E","R","?","T","R","M","$","M","?","R","BOSS","M","M","?","$","?","R","E","M"],"items_purchased_type":["Card","Relic","Card","Card"],"build_version":"2020-12-22","purchased_purges":0,"victory":false,"max_hp_per_floor":[70,70,70,70,70,70,70,70,70,70,70,70,70,70,70,70,70,70,70,70,70,70,70,70,70,70],"relic_stats":{"Busted Crown":6,"counters":[12,48],"Eternal Feather":40,"Prayer Wheel":0,"Boot":[15],"obtain_stats":[{"keyreminder:keyreminder":6,"Busted Crown":17,"Eternal Feather":6,"Prayer Wheel":24,"Ancient Tea Set":0,"Boot":21,"Ring of the Snake":0},{"keyreminder:keyreminder":4,"Busted Crown":8,"Eternal Feather":4,"Prayer Wheel":11,"Ancient Tea Set":0,"Boot":10,"Ring of the Snake":0},{"keyreminder:keyreminder":19,"Busted Crown":33,"Eternal Feather":19,"Prayer Wheel":45,"Ancient Tea Set":0,"Boot":40,"Ring of the Snake":0}],"Ring of the Snake":[24]},"card_choices":[{"not_picked":["Outmaneuver","Eviscerate"],"picked":"Dagger Spray","floor":1},{"not_picked":["Dagger Spray","Outmaneuver"],"picked":"Deadly Poison","floor":4},{"not_picked":["Cloak And Dagger","Accuracy"],"picked":"Bouncing Flask","floor":5},{"not_picked":["Calculated Gamble","PiercingWail"],"picked":"Bane","floor":6},{"not_picked":["Blade Dance","Deflect"],"picked":"Poisoned Stab","floor":8},{"not_picked":["Reflex","Backflip"],"picked":"Blade Dance","floor":11},{"not_picked":["Calculated Gamble","Endless Agony"],"picked":"PiercingWail","floor":13},{"not_picked":[],"picked":"Poisoned Stab","floor":18},{"not_picked":[],"picked":"Heel Hook","floor":19},{"not_picked":[],"picked":"Bane+1","floor":24}],"player_experience":82675,"relics_obtained":[{"floor":6,"key":"Eternal Feather"},{"floor":24,"key":"Prayer Wheel"}],"event_choices":[{"damage_healed":0,"gold_gain":0,"player_choice":"Ignored","damage_taken":0,"max_hp_gain":0,"max_hp_loss":0,"event_name":"Golden Wing","floor":2,"gold_loss":0},{"damage_healed":0,"gold_gain":0,"player_choice":"Upgraded","damage_taken":0,"max_hp_gain":0,"max_hp_loss":0,"event_name":"Upgrade Shrine","floor":3,"gold_loss":0,"cards_upgraded":["Neutralize"]},{"damage_healed":0,"gold_gain":75,"player_choice":"Gold","damage_taken":11,"max_hp_gain":0,"max_hp_loss":0,"event_name":"betterThird:BetterGoop","floor":14,"gold_loss":0},{"damage_healed":0,"gold_gain":0,"player_choice":"Obtain J.A.X.","damage_taken":0,"max_hp_gain":0,"max_hp_loss":0,"event_name":"Drug Dealer","floor":20,"gold_loss":0,"cards_obtained":["J.A.X."]},{"damage_healed":23,"gold_gain":0,"player_choice":"Heal","damage_taken":0,"max_hp_gain":0,"max_hp_loss":0,"event_name":"The Library","floor":22,"gold_loss":0}],"is_beta":false,"boss_relics":[{"not_picked":["Fusion Hammer","Snecko Eye"],"picked":"Busted Crown"}],"items_purged_floors":[],"is_endless":false,"potions_floor_spawned":[4,6,11,16],"killed_by":"Sentry and Sphere","ascension_level":0}}