{"host":"5uvzo7moqy5vd63g","time":1611457360,"event":{"mods":["Aspiration","BaseMod","Conspire","Curses Come First","Dio Mod","Downfall","Hermit","Hubris","Jedi Mod","Mimic Mod","Minty Spire (QoL Compilation)","Replay The Spire","StSLib","Wandering Minibosses"],"gold_per_floor":[99,99,44,44,44,69,102,102,2,15,15,33,44,44,57,158,158,155,170,181,191,191,23,54,54,65,4,4,4,4,9,26,28,28,28],"floor_reached":33,"language":"ENG","playtime":2389,"items_purged":[],"score":268,"play_id":"173ae9d2-0590-4b76-88db-1cd7a84fc917","local_time":"20210123220240","is_ascension_mode":false,"campfire_choices":[{"floor":1,"key":"RECALL"},{"data":"bronze:ItsAFeature","floor":9,"key":"SMITH"},{"floor":11,"key":"REST"},{"floor":28,"key":"REST"},{"data":"bronze:AlphaBuild","floor":30,"key":"SMITH"}],"circlet_count":0,"master_deck":["bronze:Strike","bronze:Strike","bronze:Strike","bronze:Strike","bronze:Defend","bronze:Defend","bronze:Defend+1","bronze:Defend","bronze:Replicate","bronze:Goto","bronze:Repulsor+1","bronze:OilSpill","bronze:MaxOutput+1","bronze:OilSpill","bronze:Shield","bronze:WildBeam","bronze:ItsAFeature+1","bronze:CloningBeam","bronze:AlphaBuild+1","bronze:Repair","bronze:Mutator","bronze:BugBarrage","bronze:BugBarrage","bronze:Repulsor+1","bronze:Deprecate","bronze:Iterate+1","bronze:Safeguard","bronze:BronzeOrb+1"],"relics":["bronze:BronzeCore","downfall:HeartsMalice","ReplayFunnel","downfall:HeartBlessingRed","bronze:ElectromagneticCoil","downfall:HeartBlessingBlue","aspiration:RitualStick","DollysMirror","Singing Bowl","Happy Flower","MutagenicStrength","bronze:CableSpool"],"acts_visited":["Exordium","TheCity"],"potions_floor_usage":[15,16,16,23,23,27],"damage_taken":[{"damage":0,"enemies":"Cultist","floor":2,"turns":1},{"damage":0,"enemies":"downfall:FleeingMerchant","floor":3,"turns":1},{"damage":0,"enemies":"Jaw Worm","floor":5,"turns":1},{"damage":36,"enemies":"Lagavulin","floor":6,"turns":4},{"damage":0,"enemies":"Small Slimes","floor":7,"turns":6},{"damage":10,"enemies":"Small Slimes","floor":10,"turns":3},{"damage":2,"enemies":"Blue Slaver","floor":12,"turns":3},{"damage":12,"enemies":"Large Slime","floor":13,"turns":4},{"damage":2,"enemies":"Blue Slaver","floor":15,"turns":4},{"damage":6,"enemies":"SI_SHIV_ARCHETYPE","floor":16,"turns":9},{"damage":28,"enemies":"3 Byrds","floor":19,"turns":7},{"damage":25,"enemies":"Sentry and Sphere","floor":20,"turns":6},{"damage":28,"enemies":"Snecko","floor":21,"turns":5},{"damage":0,"enemies":"downfall:FleeingMerchant","floor":23,"turns":4},{"damage":4,"enemies":"Cultist and Chosen","floor":24,"turns":8},{"damage":10,"enemies":"Cultist and Chosen","floor":26,"turns":6},{"damage":0,"enemies":"downfall:FleeingMerchant","floor":27,"turns":4},{"damage":8,"enemies":"downfall:FleeingMerchant","floor":31,"turns":4},{"damage":0,"enemies":"Centurion and Healer","floor":32,"turns":5},{"damage":51,"enemies":"IC_MUSHROOM_ARCHETYPE","floor":33,"turns":7}],"seed_played":"7626536753559651870","potions_obtained":[{"floor":10,"key":"Dexterity Potion"},{"floor":12,"key":"Languid Potion"},{"floor":13,"key":"Strength Potion"},{"floor":15,"key":"Weak Potion"},{"floor":16,"key":"Ancient Potion"},{"floor":21,"key":"Languid Potion"},{"floor":26,"key":"Block Potion"},{"floor":32,"key":"Toxic Potion"}],"is_trial":false,"path_per_floor":["R","M","$","?","M","E","MIM","?","R","M","R","M","M","?","M","B",null,"R","M","M","M","?","$","MIM","?","M","$","R","?","R","$","M","B"],"character_chosen":"THE_AUTOMATON","items_purchased":["bronze:MaxOutput+1","DollysMirror","bronze:Deprecate","bronze:Safeguard","bronze:CableSpool"],"campfire_rested":2,"item_purchase_floors":[3,23,27,31,31],"current_hp_per_floor":[70,70,70,70,70,34,34,34,34,24,45,43,31,31,29,30,70,80,59,48,20,4,4,16,16,8,10,35,35,35,34,41,0,0,0],"gold":28,"neow_bonus":"THREE_ENEMY_KILL","is_daily":false,"chose_seed":false,"campfire_upgraded":2,"win_rate":0.0,"timestamp":1611457360,"path_taken":["R","M","?","?","?","E","MIM","?","R","M","R","M","M","?","M","BOSS","R","M","M","M","?","$","MIM","?","?","$","R","?","R","?","M","BOSS"],"items_purchased_type":["Card","Relic","Card","Card","Relic"],"build_version":"2020-12-22","purchased_purges":0,"victory":false,"max_hp_per_floor":[70,70,70,70,70,70,70,70,70,70,70,70,70,70,70,70,70,80,80,80,80,80,80,82,82,84,86,86,86,86,86,86,86,86,86],"card_choices":[{"not_picked":["bronze:WhirlingStrike","bronze:Repair"],"picked":"bronze:Repulsor","floor":2},{"not_picked":["bronze:DelayedSlice","bronze:NullPointer"],"picked":"bronze:OilSpill","floor":3},{"not_picked":["bronze:Deprecate","bronze:Repulsor"],"picked":"bronze:Shield","floor":5},{"not_picked":["bronze:ForLoop","bronze:Flail"],"picked":"bronze:WildBeam","floor":6},{"not_picked":["bronze:Constructor","bronze:Turbo"],"picked":"bronze:ItsAFeature","floor":7},{"not_picked":["bronze:DelayedGuard","bronze:BuggyMess"],"picked":"bronze:CloningBeam","floor":10},{"not_picked":["bronze:DigitalCarnage","bronze:WhirlingStrike"],"picked":"bronze:AlphaBuild","floor":12},{"not_picked":["bronze:Overload","bronze:FineTuning","bronze:Separator"],"picked":"SKIP","floor":13},{"not_picked":["bronze:Boost","bronze:Optimize"],"picked":"bronze:Repair","floor":15},{"not_picked":["bronze:RecursiveStrike","bronze:Format"],"picked":"bronze:Mutator","floor":16},{"not_picked":["bronze:Iterate+1","bronze:OilSpill"],"picked":"bronze:BugBarrage","floor":19},{"not_picked":["bronze:BitShift","bronze:Separator","bronze:Turbo+1"],"picked":"SKIP","floor":20},{"not_picked":["bronze:WildBeam","bronze:ThunderWave","bronze:BuggyMess"],"picked":"SKIP","floor":21},{"not_picked":["bronze:Terminator","bronze:ChosenStrike"],"picked":"bronze:BugBarrage","floor":23},{"not_picked":["bronze:BitShift","bronze:AlphaBuild","bronze:WildBeam"],"picked":"Singing Bowl","floor":24},{"not_picked":["bronze:CutThrough","bronze:FineTuning","bronze:WhirlingStrike+1"],"picked":"Singing Bowl","floor":26},{"not_picked":["bronze:BronzeArmor+1","bronze:ThunderWave","bronze:Mutator"],"picked":"Singing Bowl","floor":27},{"not_picked":["bronze:Allocate","bronze:CutThrough"],"picked":"bronze:Iterate+1","floor":31},{"not_picked":["bronze:CloningBeam+1","bronze:Shield"],"picked":"bronze:BronzeOrb+1","floor":32}],"player_experience":612103,"relics_obtained":[{"floor":6,"key":"ReplayFunnel"},{"floor":24,"key":"Singing Bowl"},{"floor":25,"key":"Happy Flower"}],"event_choices":[{"damage_healed":0,"gold_gain":0,"player_choice":"Relic","damage_taken":0,"max_hp_gain":0,"max_hp_loss":0,"event_name":"Wheel of Change","floor":25,"gold_loss":0},{"damage_healed":0,"gold_gain":0,"player_choice":"Inject Mutagens","damage_taken":0,"relics_obtained":["MutagenicStrength"],"max_hp_gain":0,"max_hp_loss":0,"event_name":"Drug Dealer","floor":29,"gold_loss":0}],"is_beta":false,"boss_relics":[{"not_picked":["aspiration:WatcherSkillbook","Snecko Eye"],"picked":"bronze:ElectromagneticCoil"}],"items_purged_floors":[],"is_endless":false,"potions_floor_spawned":[10,12,13,15,16,21,26,32],"killed_by":"IC_MUSHROOM_ARCHETYPE","ascension_level":0}}