{"host":"c3lc60y5x60jlt1y","time":1611484321,"event":{"mods":["AchievementEnabler","BaseMod","Bestiary","Colored Map","Minty Spire (QoL Compilation)","Quick Restart","StSLib","ojb\u0027s Info Mod"],"gold_per_floor":[119,119,169,185,202,202,237,48,48,73,91,107,127,158,158,158,158],"floor_reached":16,"language":"ENG","playtime":827,"items_purged":[],"score":238,"play_id":"b26b0e53-2382-4a2a-9d01-64e59eacedc4","local_time":"20210124123201","is_ascension_mode":true,"campfire_choices":[{"data":"Sweeping Beam","floor":6.0,"key":"SMITH"},{"floor":15.0,"key":"REST"}],"circlet_count":0,"master_deck":["AscendersBane","Strike_B","Strike_B","Strike_B","Defend_B","Defend_B","Defend_B","Defend_B","Zap","Dualcast","Sweeping Beam+1","Coolheaded","Auto Shields","Self Repair","Go for the Eyes","Compile Driver","Leap","Hyperbeam","Defragment","White Noise"],"relics":["Cracked Core","Du-Vu Doll","Sling","The Courier","Blue Candle","Toy Ornithopter"],"acts_visited":["Exordium"],"potions_floor_usage":[16,16],"damage_taken":[{"damage":16.0,"enemies":"Jaw Worm","floor":1.0,"turns":5.0},{"damage":1.0,"enemies":"Cultist","floor":4.0,"turns":3.0},{"damage":2.0,"enemies":"Small Slimes","floor":5.0,"turns":3.0},{"damage":16.0,"enemies":"Lagavulin","floor":7.0,"turns":9.0},{"damage":18.0,"enemies":"3 Sentries","floor":10.0,"turns":9.0},{"damage":1.0,"enemies":"2 Fungi Beasts","floor":11.0,"turns":3.0},{"damage":3.0,"enemies":"Looter","floor":12.0,"turns":4.0},{"damage":0.0,"enemies":"Exordium Wildlife","floor":13.0,"turns":2.0},{"damage":20.0,"enemies":"Lagavulin","floor":14.0,"turns":6.0},{"damage":19,"enemies":"Slime Boss","floor":16,"turns":7}],"seed_played":"-9125588341641934671","potions_obtained":[{"floor":4.0,"key":"Weak Potion"},{"floor":5.0,"key":"SneckoOil"},{"floor":11.0,"key":"LiquidBronze"},{"floor":12.0,"key":"Dexterity Potion"},{"floor":14.0,"key":"Swift Potion"}],"is_trial":false,"path_per_floor":["M","?","?","M","M","R","E","$","T","E","M","M","M","E","R","B"],"character_chosen":"DEFECT","items_purchased":["Sling","Go for the Eyes"],"campfire_rested":1,"item_purchase_floors":[8,8],"current_hp_per_floor":[48,48,48,47,45,45,29,29,29,18,24,28,28,8,29,20,20],"gold":158,"neow_bonus":"REMOVE_CARD","is_daily":false,"chose_seed":false,"campfire_upgraded":1,"win_rate":0.0,"timestamp":1611484321,"path_taken":["M","?","?","M","M","R","E","$","T","E","M","?","M","E","R","BOSS"],"items_purchased_type":["Relic","Card"],"build_version":"2020-12-22","purchased_purges":0,"victory":false,"max_hp_per_floor":[71,71,71,71,71,71,71,71,71,71,71,71,71,71,71,71,71],"card_choices":[{"not_picked":["Reinforced Body","Heatsinks"],"picked":"Sweeping Beam","floor":1.0},{"not_picked":["Doom and Gloom","Barrage"],"picked":"Coolheaded","floor":4.0},{"not_picked":["Coolheaded","Recycle"],"picked":"Auto Shields","floor":5.0},{"not_picked":["Cold Snap","Melter"],"picked":"Self Repair","floor":7.0},{"not_picked":["Rebound","Ball Lightning"],"picked":"Compile Driver","floor":10.0},{"not_picked":["Storm","Rip and Tear"],"picked":"Leap","floor":11.0},{"not_picked":["Rebound","Gash"],"picked":"Hyperbeam","floor":12.0},{"not_picked":["Static Discharge","Hologram"],"picked":"Defragment","floor":13.0},{"not_picked":["Reinforced Body","Heatsinks"],"picked":"White Noise","floor":14.0}],"player_experience":8481810,"relics_obtained":[{"floor":7.0,"key":"Du-Vu Doll"},{"floor":9.0,"key":"The Courier"},{"floor":10.0,"key":"Blue Candle"},{"floor":14.0,"key":"Toy Ornithopter"}],"event_choices":[{"damage_healed":0.0,"max_hp_gain":0.0,"max_hp_loss":0.0,"gold_gain":0.0,"event_name":"Liars Game","player_choice":"Ignored","floor":2.0,"gold_loss":0.0,"damage_taken":0.0},{"damage_healed":0.0,"max_hp_gain":0.0,"max_hp_loss":0.0,"gold_gain":50.0,"event_name":"Golden Shrine","player_choice":"Pray","floor":3.0,"gold_loss":0.0,"damage_taken":0.0}],"is_beta":false,"boss_relics":[],"items_purged_floors":[],"is_endless":false,"potions_floor_spawned":[4,5,11,12,14],"killed_by":"Slime Boss","ascension_level":19}}