{"host":"q4b0c643vtafhvqv","time":1611466733,"event":{"mods":["AchievementEnabler","BaseMod","Colored Map","Colored Powertips","Downfall","Minty Spire (QoL Compilation)","Permanent Neow","Quick Restart","StSLib"],"gold_per_floor":[117,117,117,135,150,190,190,230,230,230,250,273,346,406,406,496,496,517,103,121,161,180,220,220,243,543,668,684,697,697,343,343,439,439,452,267,282,114,134,134,165,186,186,186,205,245,258,293,293,293,293,293],"floor_reached":51,"language":"ZHS","playtime":2779,"items_purged":["SpiritShield+1","Ragnarok"],"score":1683,"play_id":"2eb3a169-11b4-4a3e-997f-ac9e6341b41b","local_time":"20210124133853","is_ascension_mode":true,"campfire_choices":[{"data":"ForeignInfluence","floor":7.0,"key":"SMITH"},{"floor":15.0,"key":"RECALL"},{"floor":30.0,"key":"REST"},{"floor":32.0,"key":"REST"},{"data":"Panacea","floor":40.0,"key":"SMITH"},{"data":"Alpha","floor":44.0,"key":"SMITH"},{"floor":49.0,"key":"REST"}],"circlet_count":0,"master_deck":["Eruption+1","Vigilance+1","Consecrate+1","Wireheading+1","BowlingBash+1","MasterReality+1","Fasting2+1","DeceiveReality+1","Weave+1","ForeignInfluence+1","Alpha+1","SignatureMove+1","Panacea+1"],"relics":["Unceasing Top","Golden Idol","Happy Flower","Question Card","Ginger","Frozen Egg 2","VioletLotus","TungstenRod","Red Mask","Sundial","Old Coin","Dead Branch","Darkstone Periapt","Membership Card","Regal Pillow","Runic Pyramid","White Beast Statue","Lee\u0027s Waffle","Akabeko","Anchor","Eternal Feather","Pen Nib","Vajra"],"acts_visited":["Exordium","TheCity","TheBeyond"],"potions_floor_usage":[50,50],"damage_taken":[{"damage":0.0,"enemies":"2 Louse","floor":1.0,"turns":1.0},{"damage":0.0,"enemies":"Jaw Worm","floor":4.0,"turns":3.0},{"damage":0.0,"enemies":"Cultist","floor":5.0,"turns":2.0},{"damage":0.0,"enemies":"Lagavulin","floor":6.0,"turns":4.0},{"damage":0.0,"enemies":"Gremlin Nob","floor":8.0,"turns":3.0},{"damage":0.0,"enemies":"2 Fungi Beasts","floor":11.0,"turns":3.0},{"damage":0.0,"enemies":"Large Slime","floor":12.0,"turns":2.0},{"damage":0.0,"enemies":"Gremlin Nob","floor":13.0,"turns":3.0},{"damage":10.0,"enemies":"3 Sentries","floor":14.0,"turns":3.0},{"damage":28.0,"enemies":"The Guardian","floor":16.0,"turns":7.0},{"damage":0.0,"enemies":"2 Thieves","floor":18.0,"turns":1.0},{"damage":2.0,"enemies":"3 Byrds","floor":20.0,"turns":4.0},{"damage":0.0,"enemies":"Masked Bandits","floor":21.0,"turns":3.0},{"damage":6.0,"enemies":"Centurion and Healer","floor":22.0,"turns":3.0},{"damage":30.0,"enemies":"Book of Stabbing","floor":23.0,"turns":5.0},{"damage":17.0,"enemies":"Snecko","floor":25.0,"turns":3.0},{"damage":0.0,"enemies":"Colosseum Slavers","floor":27.0,"turns":3.0},{"damage":10.0,"enemies":"Colosseum Nobs","floor":27.0,"turns":3.0},{"damage":10.0,"enemies":"Snake Plant","floor":28.0,"turns":3.0},{"damage":3.0,"enemies":"Centurion and Healer","floor":29.0,"turns":3.0},{"damage":3.0,"enemies":"Automaton","floor":33.0,"turns":3.0},{"damage":0.0,"enemies":"3 Shapes","floor":35.0,"turns":2.0},{"damage":2.0,"enemies":"Orb Walker","floor":37.0,"turns":2.0},{"damage":5.0,"enemies":"Transient","floor":39.0,"turns":6.0},{"damage":6.0,"enemies":"Nemesis","floor":41.0,"turns":3.0},{"damage":0.0,"enemies":"Spire Growth","floor":42.0,"turns":2.0},{"damage":0.0,"enemies":"Maw","floor":45.0,"turns":4.0},{"damage":3.0,"enemies":"Reptomancer","floor":46.0,"turns":6.0},{"damage":0.0,"enemies":"Sphere and 2 Shapes","floor":47.0,"turns":2.0},{"damage":0.0,"enemies":"Giant Head","floor":48.0,"turns":5.0},{"damage":55,"enemies":"Donu and Deca","floor":50,"turns":5},{"damage":52,"enemies":"Time Eater","floor":51,"turns":5}],"seed_played":"452212961046752512","potions_obtained":[{"floor":4.0,"key":"BlessingOfTheForge"},{"floor":6.0,"key":"Fire Potion"},{"floor":8.0,"key":"Energy Potion"},{"floor":11.0,"key":"Fruit Juice"},{"floor":13.0,"key":"Dexterity Potion"},{"floor":16.0,"key":"PowerPotion"},{"floor":18.0,"key":"Block Potion"},{"floor":25.0,"key":"Energy Potion"},{"floor":33.0,"key":"EssenceOfSteel"},{"floor":37.0,"key":"SteroidPotion"},{"floor":41.0,"key":"SpeedPotion"},{"floor":46.0,"key":"Block Potion"},{"floor":47.0,"key":"SkillPotion"}],"is_trial":false,"path_per_floor":["M","?","?","M","M","E","R","E","T","?","M","M","?","E","R","B",null,"M","$","M","?","M","E","?","M","T","?","M","M","R","$","R","B",null,"M","$","M","$","M","R","E","M","T","R","M","E","M","E","R","B","B"],"character_chosen":"WATCHER","items_purchased":["TungstenRod","Membership Card","FearPotion","SteroidPotion","Regal Pillow","White Beast Statue","Panacea","Lee\u0027s Waffle","Akabeko"],"campfire_rested":3,"item_purchase_floors":[19,31,31,31,31,36,36,38,38],"current_hp_per_floor":[68,45,45,45,45,45,45,45,45,50,55,55,55,45,45,17,63,63,63,61,61,55,25,41,24,24,14,4,1,24,24,62,59,73,73,73,71,85,80,80,74,74,74,80,80,77,77,77,85,30,0,0],"gold":293,"neow_bonus":"BOSS_RELIC","is_daily":false,"chose_seed":false,"campfire_upgraded":3,"win_rate":0.0,"timestamp":1611466733,"path_taken":["M","?","?","M","M","E","R","E","T","?","?","M","?","E","R","BOSS","M","$","M","?","M","E","?","M","T","?","M","M","R","$","R","BOSS","M","$","M","$","M","R","E","M","T","R","M","E","M","E","R","BOSS","BOSS"],"items_purchased_type":["Relic","Relic","Potion","Potion","Relic","Relic","Card","Relic","Relic"],"build_version":"2020-12-22","purchased_purges":2,"victory":false,"max_hp_per_floor":[68,68,68,68,68,68,68,68,68,73,78,78,78,78,78,78,78,78,78,78,78,78,78,78,78,78,78,78,78,78,78,78,78,78,78,78,78,85,85,85,85,85,85,85,85,85,85,85,85,85,85,85],"card_choices":[{"not_picked":["CrushJoints","InnerPeace","JustLucky"],"picked":"SKIP","floor":1.0},{"not_picked":["FollowUp","InnerPeace","FlurryOfBlows"],"picked":"SKIP","floor":4.0},{"not_picked":["Prostrate","Evaluate"],"picked":"ForeignInfluence","floor":5.0},{"not_picked":["Sanctity","FlurryOfBlows"],"picked":"Alpha","floor":6.0},{"not_picked":["Indignation","ThirdEye","InnerPeace"],"picked":"SKIP","floor":8.0},{"not_picked":["Crescendo","SashWhip","DeceiveReality","EmptyMind"],"picked":"SKIP","floor":11.0},{"not_picked":["CarveReality","Adaptation","Vengeance","Protect"],"picked":"SKIP","floor":12.0},{"not_picked":["PathToVictory","ReachHeaven","JustLucky","Judgement"],"picked":"SKIP","floor":14.0},{"not_picked":["Alpha","Brilliance","SpiritShield"],"picked":"Ragnarok","floor":16.0},{"not_picked":["Halt+1","Evaluate","Vengeance","CrushJoints"],"picked":"SKIP","floor":18.0},{"not_picked":["FlyingSleeves","Worship","ClearTheMind+1","Halt"],"picked":"SKIP","floor":20.0},{"not_picked":["TalkToTheHand","WaveOfTheHand","SashWhip"],"picked":"SignatureMove+1","floor":21.0},{"not_picked":["ClearTheMind","Ragnarok","FollowUp","Perseverance"],"picked":"SKIP","floor":22.0},{"not_picked":["BowlingBash","Protect","Nirvana+1","WaveOfTheHand"],"picked":"SKIP","floor":23.0},{"not_picked":["Halt","CarveReality","EmptyBody","BowlingBash"],"picked":"SKIP","floor":25.0},{"not_picked":["Collect","WreathOfFlame","Halt","Wallop"],"picked":"SKIP","floor":28.0},{"not_picked":["Vengeance","Study+1","Perseverance","PathToVictory"],"picked":"SKIP","floor":29.0},{"not_picked":["Protect+1","ReachHeaven","JustLucky+1","ThirdEye"],"picked":"SKIP","floor":35.0},{"not_picked":["BowlingBash","Wireheading+1","CutThroughFate","Halt"],"picked":"SKIP","floor":37.0},{"not_picked":["ClearTheMind+1","BattleHymn+1","CutThroughFate","SignatureMove+1"],"picked":"SKIP","floor":39.0},{"not_picked":["InnerPeace","Wallop","FollowUp","ReachHeaven"],"picked":"SKIP","floor":41.0},{"not_picked":["EmptyFist+1","EmptyBody","Collect+1","FollowUp"],"picked":"SKIP","floor":42.0},{"not_picked":["ThirdEye+1","EmptyBody","SignatureMove","FearNoEvil"],"picked":"SKIP","floor":45.0},{"not_picked":["CrushJoints+1","Swivel","Wish","ThirdEye+1"],"picked":"SKIP","floor":46.0},{"not_picked":["EmptyMind","Weave+1","InnerPeace","CrushJoints"],"picked":"SKIP","floor":47.0},{"not_picked":["Ragnarok","Consecrate","Conclude","Protect"],"picked":"SKIP","floor":48.0}],"player_experience":50691,"relics_obtained":[{"floor":6.0,"key":"Happy Flower"},{"floor":8.0,"key":"Question Card"},{"floor":13.0,"key":"Ginger"},{"floor":14.0,"key":"Frozen Egg 2"},{"floor":21.0,"key":"Red Mask"},{"floor":23.0,"key":"Sundial"},{"floor":26.0,"key":"Old Coin"},{"floor":27.0,"key":"Dead Branch"},{"floor":27.0,"key":"Darkstone Periapt"},{"floor":41.0,"key":"Anchor"},{"floor":43.0,"key":"Eternal Feather"},{"floor":46.0,"key":"Pen Nib"},{"floor":48.0,"key":"Vajra"}],"event_choices":[{"damage_healed":0.0,"max_hp_gain":0.0,"max_hp_loss":0.0,"gold_gain":0.0,"event_name":"Golden Idol","player_choice":"Take Damage","floor":2.0,"gold_loss":0.0,"damage_taken":23.0,"relics_obtained":["Golden Idol"]},{"damage_healed":0.0,"max_hp_gain":0.0,"max_hp_loss":0.0,"gold_gain":0.0,"event_name":"Shining Light","player_choice":"Ignored","floor":3.0,"gold_loss":0.0,"damage_taken":0.0},{"damage_healed":0.0,"max_hp_gain":5.0,"max_hp_loss":0.0,"gold_gain":0.0,"event_name":"Big Fish","player_choice":"Donut","floor":10.0,"gold_loss":0.0,"damage_taken":0.0},{"damage_healed":0.0,"max_hp_gain":0.0,"max_hp_loss":0.0,"gold_gain":30.0,"event_name":"Dead Adventurer","player_choice":"Searched \u00273\u0027 times","floor":13.0,"gold_loss":0.0,"damage_taken":0.0},{"damage_healed":0.0,"max_hp_gain":0.0,"max_hp_loss":0.0,"gold_gain":0.0,"event_name":"Masked Bandits","player_choice":"Fought Bandits","floor":21.0,"gold_loss":0.0,"damage_taken":0.0},{"damage_healed":16.0,"max_hp_gain":0.0,"max_hp_loss":0.0,"gold_gain":0.0,"event_name":"The Library","player_choice":"Heal","floor":24.0,"gold_loss":0.0,"damage_taken":0.0},{"damage_healed":0.0,"max_hp_gain":0.0,"max_hp_loss":0.0,"gold_gain":0.0,"event_name":"Colosseum","player_choice":"Fight","floor":27.0,"gold_loss":0.0,"damage_taken":0.0},{"damage_healed":0.0,"max_hp_gain":0.0,"max_hp_loss":0.0,"gold_gain":0.0,"event_name":"Colosseum","player_choice":"Fought Nobs","floor":27.0,"gold_loss":0.0,"damage_taken":0.0}],"is_beta":false,"boss_relics":[{"not_picked":["Coffee Dripper","Snecko Eye"],"picked":"VioletLotus"},{"not_picked":["Cursed Key","Sozu"],"picked":"Runic Pyramid"}],"items_purged_floors":[19,31],"is_endless":false,"potions_floor_spawned":[4,6,8,11,13,16,18,20,25,27,33,37,39,41,42,45,46,47,48],"killed_by":"Time Eater","ascension_level":20}}