{"host":"0s686iw3hprdrk8c","time":1611464805,"event":{"mods":["BaseMod","Bestiary","Downfall","Marisa????????","Minty Spire (QoL Compilation)","Replay The Spire","StSLib","The Hierophant"],"gold_per_floor":[99,116,116,134,14,31,31,57,57,76,92,92,103,133,145,247,247,47,57,71,171,81,81,81,81,98,201,219,104,116,66,85,180,180,80,97,97,115,41,41,64,64,77,127,127,127,165,177,203,215,227,264,3,3,3,3],"floor_reached":57,"language":"ENG","playtime":9761,"items_purged":["Looming Evil","Amnesia","downfall:Aged"],"score":1404,"play_id":"a2d87a33-5368-4d91-b87e-181e95b40093","local_time":"20210124000645","is_ascension_mode":false,"campfire_choices":[{"floor":1.0,"key":"RECALL"},{"floor":12.0,"key":"REST"},{"floor":18.0,"key":"DIG"},{"floor":23.0,"key":"DIG"},{"floor":25.0,"key":"DIG"},{"floor":35,"key":"DIG"},{"floor":42,"key":"REST"},{"floor":46,"key":"DIG"},{"floor":54,"key":"REST"}],"circlet_count":0,"master_deck":["Slimebound:Strike_Slimebound","Slimebound:Strike_Slimebound","Slimebound:Tackle","Slimebound:Defend_Slimebound","Slimebound:Defend_Slimebound","Slimebound:Defend_Slimebound","Slimebound:Defend_Slimebound","Slimebound:Split","Slimebound:CorrosiveSpit","Slimebound:LeechEnergy","Slimebound:ItLooksTasty","Slimebound:SplitBruiser","Slimebound:Repurpose","Slimebound:LeechingTouch","Slimebound:RainOfGoop","Slimebound:ViciousTackle","Slimebound:LevelUp","Slimebound:SplitMire","Slimebound:GoopSpray","Slimebound:GoopSpray","Replay:Sluggish","Voices","CommonCold","Pot Of Greed","Pot Of Greed","Pot Of Greed","Slimebound:SlimeSpikes+1","Slimebound:ForwardTackle","Slimebound:WasteNot","CommonCold","Slimebound:LeechEnergy","ReplayTheSpireMod:Faulty Equipment","ReplayTheSpireMod:Splinters","Slimebound:RollThrough","Slimebound:ViciousTackle+1","Pot Of Greed","Slimebound:OozeBath","Slimebound:Schlurp","Slimebound:LeechLife","Slimebound:Darklings","Slimebound:SplitLeeching+1","Slimebound:LevelUp+1","Slimebound:ProtectTheBoss","Pain","Doubt","Regret","Slimebound:SpikyOuterGoop","Writhe","Regret","Pot Of Greed","Slimebound:SpikyOuterGoop","Replay:SS_fish_1"],"relics":["Slimebound:AbsorbEndCombat","Vajra","Bottled Lightning","Ancient Tea Set","Replay:Ancient Bell","Pet Ghost","Darkstone Periapt","Shovel","downfall:HeartBlessingRed","downfall:HeartBlessingGreen","Grinning Jar","downfall:ExtraCursedKey","Singing Bowl","Replay:Mystery Machine","Fusion Hammer","downfall:HeartBlessingBlue","Snack Pack","ReplayTheSpireMod:Lightbulb","WarpedTongs","Art of War","Durian","MawBank","Anchor","Blue Candle"],"acts_visited":["Exordium","TheCity","TheBeyond","TheEnding"],"potions_floor_usage":[33,39,50,52,55,56,56],"damage_taken":[{"damage":3.0,"enemies":"Small Slimes","floor":2.0,"turns":3.0},{"damage":7.0,"enemies":"Cultist","floor":4.0,"turns":3.0},{"damage":3.0,"enemies":"downfall:FleeingMerchant","floor":5.0,"turns":4.0},{"damage":7.0,"enemies":"2 Louse","floor":6.0,"turns":2.0},{"damage":36.0,"enemies":"Lagavulin","floor":8.0,"turns":4.0},{"damage":19.0,"enemies":"2 Fungi Beasts","floor":10.0,"turns":3.0},{"damage":16.0,"enemies":"Large Slime","floor":11.0,"turns":5.0},{"damage":25.0,"enemies":"Gremlin Gang","floor":13.0,"turns":3.0},{"damage":0.0,"enemies":"Exordium Wildlife","floor":15.0,"turns":3.0},{"damage":11.0,"enemies":"WA_ARCHETYPE_RETAIN","floor":16.0,"turns":6.0},{"damage":15.0,"enemies":"Shell Parasite","floor":19.0,"turns":3.0},{"damage":34.0,"enemies":"Spheric Guardian","floor":20.0,"turns":6.0},{"damage":8.0,"enemies":"downfall:FleeingMerchant","floor":22.0,"turns":4.0},{"damage":34.0,"enemies":"Centurion and Healer","floor":26.0,"turns":5.0},{"damage":10.0,"enemies":"Cultist and Chosen","floor":28.0,"turns":4.0},{"damage":7.0,"enemies":"downfall:FleeingMerchant","floor":29.0,"turns":4.0},{"damage":9.0,"enemies":"Snake Plant","floor":30.0,"turns":3.0},{"damage":11.0,"enemies":"Centurion and Healer","floor":32.0,"turns":6.0},{"damage":26,"enemies":"IC_MUSHROOM_ARCHETYPE","floor":33,"turns":7},{"damage":42,"enemies":"3 Shapes","floor":36,"turns":3},{"damage":22,"enemies":"Orb Walker","floor":38,"turns":4},{"damage":12,"enemies":"downfall:FleeingMerchant","floor":39,"turns":3},{"damage":28,"enemies":"3 Darklings","floor":43,"turns":4},{"damage":3,"enemies":"3 Darklings","floor":44,"turns":6},{"damage":72,"enemies":"4 Shapes","floor":49,"turns":4},{"damage":0,"enemies":"SI_POISON_ARCHETYPE","floor":50,"turns":7},{"damage":200,"enemies":"downfall:CharBossMerchant","floor":52,"turns":11},{"damage":34,"enemies":"downfall:NeowBoss","floor":55,"turns":19},{"damage":83,"enemies":"downfall:NeowBossFinal","floor":56,"turns":15}],"seed_played":"7186601672899153807","potions_obtained":[{"floor":2.0,"key":"BlessingOfTheForge"},{"floor":6.0,"key":"Milkshake"},{"floor":10.0,"key":"Strength Potion"},{"floor":13.0,"key":"Reflective Coating"},{"floor":26.0,"key":"LiquidMemories"},{"floor":28.0,"key":"Languid Potion"},{"floor":32.0,"key":"BlessingOfTheForge"},{"floor":33,"key":"Energy Potion"},{"floor":44,"key":"Elixir"},{"floor":49,"key":"Regen Potion"},{"floor":52,"key":"SneckoOil"}],"is_trial":false,"path_per_floor":["R","M","?","M","$","M","T","E","?","M","M","R","M","?","M","B",null,"R","M","M","?","$","R","T","R","M","?","M","$","M","?","M","B",null,"R","M","?","M","$","?","T","R","M","?","?","R","T","?","M","B",null,"E","$","R","B","B",null],"character_chosen":"SLIMEBOUND","items_purchased":["Slimebound:Repurpose","Slimebound:LeechingTouch","ReplayTheSpireMod:Lightbulb","Fruit Juice","Slimebound:SlimedPotion","Slimebound:ProtectTheBoss","Replay:SS_fish_1","BlessingOfTheForge"],"campfire_rested":3,"item_purchase_floors":[5,5,39,39,39,39,53,53],"current_hp_per_floor":[71,70,70,69,71,64,64,34,34,17,5,26,9,9,17,14,89,89,74,44,67,67,67,79,79,55,63,61,60,59,103,102,84,138,148,112,112,94,91,97,109,160,140,152,152,152,164,164,98,116,194,29,29,87,77,28],"gold":3,"neow_bonus":"TEN_PERCENT_HP_BONUS","is_daily":false,"chose_seed":false,"campfire_upgraded":0,"win_rate":0.0,"timestamp":1611464805,"path_taken":["R","M","?","?","$","M","T","E","?","M","M","R","M","?","M","BOSS","R","M","M","?","$","R","T","R","M","?","?","$","M","?","M","BOSS","R","M","?","M","$","?","T","R","?","?","?","R","?","?","M","BOSS","E","$","R","BOSS","BOSS"],"items_purchased_type":["Card","Card","Relic","Potion","Potion","Card","Card","Potion"],"build_version":"2020-12-22","purchased_purges":3,"victory":true,"max_hp_per_floor":[71,71,71,71,71,71,71,71,71,71,71,71,71,71,71,71,89,89,89,89,112,112,112,124,124,126,134,136,136,136,136,138,138,138,148,150,150,150,155,161,173,173,173,180,180,180,192,192,194,194,194,196,196,196,196,196],"card_choices":[{"not_picked":["Slimebound:AcidTongue","Slimebound:RollThrough"],"picked":"Slimebound:LeechEnergy","floor":2.0},{"not_picked":["Slimebound:MegaLick","Slimebound:TongueLash"],"picked":"Slimebound:ItLooksTasty","floor":4.0},{"not_picked":["Slimebound:ForwardTackle","Slimebound:ItLooksTasty"],"picked":"Slimebound:SplitBruiser","floor":5.0},{"not_picked":["Slimebound:SplitMire","Slimebound:SplitLeeching"],"picked":"Slimebound:RainOfGoop","floor":6.0},{"not_picked":["Slimebound:SplitLeeching","Slimebound:GrowthPunch"],"picked":"Slimebound:ViciousTackle","floor":8.0},{"not_picked":["Slimebound:Prepare","Slimebound:HauntingLick"],"picked":"Slimebound:LevelUp","floor":10.0},{"not_picked":["Slimebound:DouseInSlime","Slimebound:Grow"],"picked":"Slimebound:SplitMire","floor":11.0},{"not_picked":["Slimebound:LeadByExample","Slimebound:LivingWall"],"picked":"Slimebound:GoopSpray","floor":13.0},{"not_picked":["Slimebound:HauntingLick","Slimebound:LivingWall"],"picked":"Slimebound:GoopSpray","floor":15.0},{"not_picked":["Slimebound:PrepareCrush","Slimebound:OneTwoCombo"],"picked":"Slimebound:Overexert","floor":16.0},{"not_picked":["Writhe","Voices"],"picked":"Replay:Sluggish","floor":17.0},{"not_picked":["Parasite","Amnesia"],"picked":"Voices","floor":17.0},{"not_picked":["Replay:Hysterical Blindness","Pain"],"picked":"CommonCold","floor":17.0},{"not_picked":["Slimebound:Grow","Slimebound:SplitMire+1"],"picked":"Slimebound:SlimeSpikes+1","floor":19.0},{"not_picked":["Slimebound:Repurpose","Slimebound:LivingWall"],"picked":"Slimebound:ForwardTackle","floor":20.0},{"not_picked":["Slimebound:LivingWall","Slimebound:ItLooksTasty"],"picked":"Slimebound:LeechEnergy","floor":22.0},{"not_picked":["Slimebound:Repurpose","Slimebound:SlimeBrawl","Slimebound:ForwardTackle"],"picked":"Singing Bowl","floor":26.0},{"not_picked":["Slimebound:FirmFortitude","Slimebound:GoopTackle","Slimebound:GoopSpray"],"picked":"Singing Bowl","floor":27.0},{"not_picked":["Slimebound:SplitBruiser","Slimebound:FormOfPuddle"],"picked":"Slimebound:RollThrough","floor":27.0},{"not_picked":["Slimebound:RejuvenatingLick+1","Slimebound:Grow"],"picked":"Slimebound:ViciousTackle+1","floor":27.0},{"not_picked":["Slimebound:LeechingTouch","Slimebound:FinishingTackle","Slimebound:SplitLeeching"],"picked":"Singing Bowl","floor":28.0},{"not_picked":["Slimebound:SplitAcid","Slimebound:ItLooksTasty"],"picked":"Slimebound:OozeBath","floor":29.0},{"not_picked":["Slimebound:Chomp","Slimebound:ItLooksTasty"],"picked":"Slimebound:Schlurp","floor":30.0},{"not_picked":["Slimebound:ItLooksTasty","Slimebound:GrowthPunch","Slimebound:SplitMire"],"picked":"Singing Bowl","floor":32.0},{"not_picked":["Slimebound:OozeBath","Slimebound:PrepareCrush"],"picked":"Slimebound:LeechLife","floor":33},{"not_picked":["Slimebound:GoopTackle","Slimebound:Grow+1","Slimebound:HauntingLick+1"],"picked":"Singing Bowl","floor":36},{"not_picked":["Slimebound:Prepare+1","Slimebound:ComboTackle"],"picked":"Slimebound:SplitLeeching+1","floor":38},{"not_picked":["Slimebound:DouseInSlime","Slimebound:SplitBruiser"],"picked":"Slimebound:LevelUp+1","floor":39},{"not_picked":["Slimebound:FinishingTackle+1","Slimebound:PressTheAttack"],"picked":"Slimebound:SpikyOuterGoop","floor":43},{"not_picked":["Slimebound:SplitMire+1","Slimebound:SplitAcid+1","Slimebound:ViciousTackle"],"picked":"Singing Bowl","floor":44},{"not_picked":["Slimebound:RejuvenatingLick","Slimebound:Prepare","Slimebound:ViciousTackle"],"picked":"Singing Bowl","floor":49},{"not_picked":["Slimebound:Prepare","Slimebound:ComboTackle","Slimebound:GoopTackle+1"],"picked":"Singing Bowl","floor":52}],"player_experience":216607,"relics_obtained":[{"floor":7.0,"key":"Vajra"},{"floor":8.0,"key":"Bottled Lightning"},{"floor":18.0,"key":"Grinning Jar"},{"floor":23.0,"key":"Singing Bowl"},{"floor":25.0,"key":"Replay:Mystery Machine"},{"floor":35,"key":"Snack Pack"},{"floor":41,"key":"Art of War"},{"floor":44,"key":"Durian"},{"floor":46,"key":"MawBank"},{"floor":47,"key":"Anchor"},{"floor":52,"key":"Blue Candle"}],"event_choices":[{"damage_healed":0,"gold_gain":0,"player_choice":"Rummage","damage_taken":0,"relics_obtained":["WarpedTongs"],"max_hp_gain":0,"max_hp_loss":0,"event_name":"Accursed Blacksmith","floor":40,"gold_loss":0,"cards_obtained":["Pain"]}],"is_beta":false,"boss_relics":[{"not_picked":["SlaversCollar","Runic Dome"],"picked":"Replay:Ancient Bell"},{"not_picked":["Bronze Scales","Potion Belt"],"picked":"Pet Ghost"},{"not_picked":["Pear","InkBottle"],"picked":"Darkstone Periapt"},{"not_picked":["Turnip","Thread and Needle"],"picked":"Shovel"},{"not_picked":["ChewingGum","Replay:Bronze Core"],"picked":"Fusion Hammer"}],"items_purged_floors":[22,29,53],"is_endless":false,"potions_floor_spawned":[2,6,10,13,15,26,28,32,33,44,49,52],"ascension_level":0}}