{"host":"92ge7uk92o4z80va","time":1611496221,"event":{"mods":["AchievementEnabler","Act Like it!","BaseMod","Better Third Choice","BetterRewards","Curses Come First","Evolution","Hubris","Infinite Spire","Lobotomy","LobotomyExtend","Marisa????????","Minty Spire (QoL Compilation)","Quick Restart","Replay The Spire","Robot Space Explorer","Spire Arcade","StSLib","The Blue Laboratory","The Bug Knight","The Jungle","The Runesmith"],"gold_per_floor":[132,58,58,109,167,215,248,144,144,64,76,93,93,93],"floor_reached":13,"language":"ENG","playtime":554,"items_purged":[],"score":87,"play_id":"a20e2108-291f-4b6b-b9e8-b212eb7607a4","local_time":"20210124085021","is_ascension_mode":false,"campfire_choices":[],"circlet_count":0,"master_deck":["HollowMod:SharpenedNail","HollowMod:SharpenedNail","HollowMod:NailStrikeStart","HollowMod:NailStrikeStart","HollowMod:QuickDashStart","HollowMod:QuickDashStart","HollowMod:QuickDashStart","HollowMod:QuickDashStart","HollowMod:FocusHealStart","HollowMod:PogoStrike","HandOfGreed","HollowMod:CycloneSlash","HollowMod:CloakDash","HollowMod:CornifersMapStart","HollowMod:Weaversong","HollowMod:DesolateDive","HollowMod:BaldurShell","HollowMod:DashSlash","HollowMod:DashSlash","HollowMod:SoulEater","HollowMod:WraithStrike","HollowMod:SlysStrikes"],"relics":["HollowMod:VesselMask","EVO:Axolotl","LetterFromLob","infinitespire:Joker Card","CaptainsWheel","Mercury Hourglass"],"acts_visited":["Exordium"],"potions_floor_usage":[13,13,13],"damage_taken":[{"damage":1,"enemies":"Cultist","floor":1,"turns":3},{"damage":0,"enemies":"Small Slimes","floor":4,"turns":3},{"damage":5,"enemies":"2 Louse","floor":5,"turns":4},{"damage":32,"enemies":"Lagavulin","floor":6,"turns":6},{"damage":0,"enemies":"2 Fungi Beasts","floor":7,"turns":2},{"damage":1,"enemies":"Looter","floor":11,"turns":4},{"damage":1,"enemies":"Blue Slaver","floor":12,"turns":4},{"damage":31,"enemies":"Gremlin Nob","floor":13,"turns":4}],"seed_played":"2738287467364179227","potions_obtained":[{"floor":5,"key":"Weak Potion"},{"floor":7,"key":"PowerPotion"},{"floor":11,"key":"Elixir"}],"is_trial":false,"path_per_floor":["M","?","$","M","M","E","M","$","T","$","M","M","E"],"character_chosen":"THE_BUGKNIGHT","items_purchased":["HollowMod:BaldurShell","HollowMod:DashSlash","HollowMod:SoulEater"],"campfire_rested":0,"item_purchase_floors":[8,8,10],"current_hp_per_floor":[67,67,67,67,62,30,30,30,30,30,29,28,0,0],"gold":93,"neow_bonus":"RANDOM_COLORLESS_2","is_daily":false,"chose_seed":false,"campfire_upgraded":0,"win_rate":0.0,"timestamp":1611496221,"path_taken":["M","?","$","?","M","E","M","$","T","$","M","M","E"],"items_purchased_type":["Card","Card","Card"],"build_version":"2020-12-22","purchased_purges":0,"victory":false,"max_hp_per_floor":[68,68,68,68,68,68,68,68,68,68,68,68,68,68],"card_choices":[{"not_picked":["The Bomb","ReplayTheSpireMod:Necrogeddon"],"picked":"HandOfGreed","floor":0},{"not_picked":["HollowMod:ShadowDash","HollowMod:NewLittleFool"],"picked":"HollowMod:CycloneSlash","floor":1},{"not_picked":["HollowMod:HowlingWraiths","HollowMod:TaintedHusks"],"picked":"HollowMod:CloakDash","floor":4},{"not_picked":["HollowMod:ShapeofUnn","HollowMod:AbyssShriek"],"picked":"HollowMod:CornifersMapStart","floor":5},{"not_picked":["HollowMod:InfectedAttack","HollowMod:WraithStrike"],"picked":"HollowMod:Weaversong","floor":6},{"not_picked":["HollowMod:WraithStrike","HollowMod:FallenFury"],"picked":"HollowMod:DesolateDive","floor":7},{"not_picked":["HollowMod:TaintedHusks","HollowMod:CornifersMapStart"],"picked":"HollowMod:WraithStrike","floor":11},{"not_picked":["HollowMod:WraithStrike","HollowMod:SoulEater"],"picked":"HollowMod:SlysStrikes","floor":12}],"player_experience":32776,"relics_obtained":[{"floor":1,"key":"LetterFromLob"},{"floor":6,"key":"CaptainsWheel"},{"floor":9,"key":"Mercury Hourglass"}],"event_choices":[{"damage_healed":0,"gold_gain":0,"player_choice":"Paid Gold","damage_taken":0,"relics_obtained":["infinitespire:Joker Card"],"max_hp_gain":0,"max_hp_loss":0,"event_name":"WeMeetAgain","floor":2,"gold_loss":74}],"is_beta":false,"boss_relics":[],"items_purged_floors":[],"is_endless":false,"potions_floor_spawned":[5,7,11],"killed_by":"Gremlin Nob","ascension_level":0}}