{"host":"i9z6y8pcdeu2qxnx","time":1611512955,"event":{"mods":["BaseMod","Colored Map","Googly Eyes","Highlight Path","Minty Spire (QoL Compilation)","Replay The Spire","StSLib"],"gold_per_floor":[117,117,145,173,198,224,299,299,299,329,329,362,418,459,459,459,459],"floor_reached":16,"language":"ENG","playtime":1328,"items_purged":[],"score":153,"play_id":"aad99bbd-741a-4d29-9bf9-2ead09f99382","local_time":"20210124132915","daily_mods":["Specialized","Colorless Cards","Elite Swarm"],"is_ascension_mode":false,"campfire_choices":[{"floor":8,"key":"REST"},{"floor":11,"key":"REST"},{"floor":15,"key":"REST"}],"circlet_count":0,"master_deck":["Strike_G","Strike_G","Strike_G","Strike_G","Strike_G","Defend_G","Defend_G","Defend_G","Defend_G","Defend_G","Survivor","Neutralize","Tools of the Trade","Tools of the Trade","Tools of the Trade","Tools of the Trade","Tools of the Trade","Dagger Spray","Languid","Finisher","Dash","Cloak And Dagger","Poisoned Strike","Envenom","ReplayTheSpireMod:Necrogeddon","Poisoned Strike"],"relics":["Ring of the Snake","ReplayTheSpireMod:Ring of Challenge","Ring of Hypnosis","StrikeDummy","Question Card","Calipers","Replay:Kaleidoscope","Pen Nib"],"acts_visited":["Exordium"],"potions_floor_usage":[5,6,14],"damage_taken":[{"damage":7,"enemies":"Small Slimes","floor":1,"turns":4},{"damage":0,"enemies":"2 Louse","floor":3,"turns":4},{"damage":11,"enemies":"Cultist","floor":4,"turns":6},{"damage":10,"enemies":"Blue Slaver","floor":5,"turns":6},{"damage":25,"enemies":"Gremlin Nob","floor":6,"turns":6},{"damage":8,"enemies":"Replay:BlueRogue","floor":10,"turns":5},{"damage":12,"enemies":"3 Sentries","floor":12,"turns":8},{"damage":23,"enemies":"Replay:BlueRogue","floor":14,"turns":6},{"damage":31,"enemies":"Slime Boss","floor":16,"turns":3}],"seed_played":"-1893898046779532932","potions_obtained":[{"floor":1,"key":"Explosive Potion"},{"floor":3,"key":"BlessingOfTheForge"},{"floor":4,"key":"FearPotion"},{"floor":12,"key":"Weak Potion"}],"is_trial":true,"path_per_floor":["M","?","M","M","M","E","?","R","T","E","R","E","?","E","R","B"],"character_chosen":"THE_SILENT","items_purchased":[],"campfire_rested":3,"item_purchase_floors":[],"current_hp_per_floor":[63,63,63,52,42,17,6,27,27,19,40,28,28,5,26,0,0],"gold":459,"neow_bonus":"","is_daily":false,"chose_seed":false,"campfire_upgraded":0,"win_rate":0.0,"timestamp":1611512955,"path_taken":["M","?","M","M","M","E","?","R","T","E","R","E","?","E","R","BOSS"],"items_purchased_type":[],"build_version":"2020-12-22","purchased_purges":0,"victory":false,"max_hp_per_floor":[70,70,70,70,70,70,70,70,70,70,70,70,70,70,70,70,70],"card_choices":[{"not_picked":["ReplayTheSpireMod:Tripwire","Masterful Stab"],"picked":"Dagger Spray","floor":1},{"not_picked":["Enlightenment","PiercingWail"],"picked":"Finisher","floor":3},{"not_picked":["Replay:Sssssssssshield","Slice"],"picked":"Dash","floor":4},{"not_picked":["Metamorphosis","Acrobatics"],"picked":"Cloak And Dagger","floor":5},{"not_picked":["Venomology","Corpse Explosion"],"picked":"Poisoned Strike","floor":6},{"not_picked":["Burst","ReplayTheSpireMod:Necrosis","Unload"],"picked":"Envenom","floor":10},{"not_picked":["Metamorphosis","ReplayTheSpireMod:From All Sides","Transmutation"],"picked":"ReplayTheSpireMod:Necrogeddon","floor":12},{"not_picked":["Violence","Magnetism","The Bomb"],"picked":"Poisoned Strike","floor":14}],"player_experience":951894,"relics_obtained":[{"floor":2,"key":"ReplayTheSpireMod:Ring of Challenge"},{"floor":2,"key":"Ring of Hypnosis"},{"floor":6,"key":"StrikeDummy"},{"floor":9,"key":"Question Card"},{"floor":10,"key":"Calipers"},{"floor":12,"key":"Replay:Kaleidoscope"},{"floor":14,"key":"Pen Nib"}],"event_choices":[{"damage_healed":0,"gold_gain":75,"player_choice":"Gather Gold","damage_taken":11,"max_hp_gain":0,"max_hp_loss":0,"event_name":"World of Goop","floor":7,"gold_loss":0},{"damage_healed":0,"gold_gain":56,"player_choice":"Gained Gold","damage_taken":0,"max_hp_gain":0,"max_hp_loss":0,"event_name":"Golden Wing","floor":13,"gold_loss":0}],"is_beta":false,"boss_relics":[],"items_purged_floors":[],"is_endless":false,"potions_floor_spawned":[1,3,4,12],"killed_by":"Slime Boss","ascension_level":0}}