{"host":"jpzdg3po3tjxdjri","time":1611488217,"event":{"mods":["BaseMod","Better Third Choice","Colored Map","Colored Powertips","Minty Spire (QoL Compilation)","StSLib"],"gold_per_floor":[119,134,34,45,45,45,74,74,74,74,105,126,301,321,321,398,398,413,28,43,60,70,70,96,96,96,96,96,0,0,0,0,79,79,89,89,104,104,124,124,124,124],"floor_reached":41,"language":"ENG","playtime":1390,"items_purged":["Clumsy","Doubt"],"score":709,"play_id":"c6e8b27d-3296-49a0-b1f7-d018e4d28a22","local_time":"20210124113657","is_ascension_mode":true,"campfire_choices":[{"data":"Deadly Poison","floor":6,"key":"SMITH"},{"data":"Deadly Poison","floor":8,"key":"SMITH"},{"data":"Sucker Punch","floor":10,"key":"SMITH"},{"floor":15,"key":"REST"},{"floor":23,"key":"REST"},{"floor":25,"key":"REST"},{"data":"Noxious Fumes","floor":27,"key":"SMITH"},{"data":"Footwork","floor":32,"key":"SMITH"},{"floor":40,"key":"REST"}],"circlet_count":0,"master_deck":["AscendersBane","Strike_G","Strike_G","Strike_G","Defend_G","Defend_G","Defend_G","Defend_G","Defend_G","Survivor","Neutralize","Deadly Poison+1","Sucker Punch+1","Dagger Spray","Deadly Poison+1","Reflex","Adrenaline","Noxious Fumes+1","Malaise","Poisoned Stab","Poisoned Stab","PiercingWail","Leg Sweep","Deadly Poison+1","Footwork+1","After Image+1","Underhanded Strike","Predator"],"relics":["Ring of the Snake","Eternal Feather","Boot","Singing Bowl","Odd Mushroom","Philosopher\u0027s Stone","Mercury Hourglass","Pocketwatch","Ninja Scroll","Sozu"],"acts_visited":["Exordium","TheCity","TheBeyond"],"potions_floor_usage":[12,16,24,24],"damage_taken":[{"damage":8,"enemies":"Cultist","floor":1,"turns":6},{"damage":0,"enemies":"2 Louse","floor":2,"turns":4},{"damage":0,"enemies":"Small Slimes","floor":4,"turns":2},{"damage":23,"enemies":"Lagavulin","floor":7,"turns":7},{"damage":40,"enemies":"3 Sentries","floor":11,"turns":7},{"damage":6,"enemies":"The Mushroom Lair","floor":12,"turns":3},{"damage":1,"enemies":"Blue Slaver","floor":14,"turns":3},{"damage":40,"enemies":"Slime Boss","floor":16,"turns":11},{"damage":15,"enemies":"Shell Parasite","floor":18,"turns":7},{"damage":0,"enemies":"Chosen","floor":20,"turns":4},{"damage":11,"enemies":"Snake Plant","floor":21,"turns":4},{"damage":24,"enemies":"3 Cultists","floor":22,"turns":5},{"damage":36,"enemies":"Slavers","floor":24,"turns":4},{"damage":64,"enemies":"Champ","floor":33,"turns":12},{"damage":16,"enemies":"Orb Walker","floor":35,"turns":4},{"damage":17,"enemies":"3 Darklings","floor":37,"turns":5},{"damage":14,"enemies":"Maw","floor":39,"turns":7},{"damage":73,"enemies":"Giant Head","floor":41,"turns":8}],"seed_played":"-6287076091199149567","potions_obtained":[{"floor":2,"key":"CultistPotion"},{"floor":12,"key":"Block Potion"},{"floor":14,"key":"CultistPotion"},{"floor":16,"key":"DuplicationPotion"}],"is_trial":false,"path_per_floor":["M","M","$","M","?","R","E","R","T","R","E","?","?","M","R","B",null,"M","$","M","M","M","R","E","R","T","R","?","?","$","?","R","B",null,"M","?","M","?","M","R","E"],"character_chosen":"THE_SILENT","items_purchased":["Dagger Spray","Poisoned Stab","Mercury Hourglass"],"campfire_rested":4,"item_purchase_floors":[3,19,19],"current_hp_per_floor":[63,63,63,63,56,56,33,42,42,51,11,7,7,6,42,2,61,46,46,46,37,13,49,13,52,52,67,67,67,67,67,82,18,66,52,52,35,35,21,61,0,0],"gold":124,"neow_bonus":"TWENTY_PERCENT_HP_BONUS","is_daily":false,"chose_seed":false,"campfire_upgraded":5,"win_rate":0.0,"timestamp":1611488217,"path_taken":["M","M","$","M","?","R","E","R","T","R","E","?","?","M","R","BOSS","M","$","M","M","M","R","E","R","T","R","?","?","$","?","R","BOSS","M","?","M","?","M","R","E"],"items_purchased_type":["Card","Card","Relic"],"build_version":"2020-12-22","purchased_purges":2,"victory":false,"max_hp_per_floor":[78,78,78,78,78,78,78,78,78,78,78,80,80,80,80,80,80,80,80,80,82,82,82,82,82,82,82,82,82,82,82,82,82,82,84,84,84,84,84,84,84,84],"card_choices":[{"not_picked":["Blade Dance","Underhanded Strike"],"picked":"Deadly Poison","floor":1},{"not_picked":["PiercingWail","Quick Slash"],"picked":"Sucker Punch","floor":2},{"not_picked":["Cloak And Dagger","Backflip"],"picked":"Deadly Poison","floor":4},{"not_picked":["Storm of Steel","Outmaneuver"],"picked":"Reflex","floor":7},{"not_picked":["Reflex","Dagger Spray"],"picked":"Adrenaline","floor":11},{"not_picked":["Acrobatics","Deflect","Accuracy"],"picked":"Singing Bowl","floor":12},{"not_picked":["Predator","Crippling Poison"],"picked":"Noxious Fumes","floor":14},{"not_picked":["Venomology","Night Terror"],"picked":"Malaise","floor":16},{"not_picked":["Deadly Poison+1","Bane+1"],"picked":"Poisoned Stab","floor":18},{"not_picked":["Acrobatics","Storm of Steel"],"picked":"PiercingWail","floor":20},{"not_picked":["Outmaneuver","Reflex","Flying Knee"],"picked":"Singing Bowl","floor":21},{"not_picked":["Prepared","Slice"],"picked":"Leg Sweep","floor":22},{"not_picked":["Dagger Spray","All Out Attack+1"],"picked":"Deadly Poison+1","floor":24},{"not_picked":["Glass Knife","Burst"],"picked":"After Image","floor":33},{"not_picked":["Predator","Concentrate","Escape Plan+1"],"picked":"Singing Bowl","floor":35},{"not_picked":["Prepared","Flying Knee"],"picked":"Underhanded Strike","floor":37},{"not_picked":["Acrobatics","Dodge and Roll"],"picked":"Predator","floor":39}],"player_experience":857115,"relics_obtained":[{"floor":7,"key":"Eternal Feather"},{"floor":9,"key":"Boot"},{"floor":11,"key":"Singing Bowl"},{"floor":12,"key":"Odd Mushroom"},{"floor":24,"key":"Pocketwatch"},{"floor":26,"key":"Ninja Scroll"}],"event_choices":[{"cards_removed":["Strike_G"],"damage_healed":0,"gold_gain":0,"player_choice":"Card Removal","damage_taken":7,"max_hp_gain":0,"max_hp_loss":0,"event_name":"Golden Wing","floor":5,"gold_loss":0},{"damage_healed":0,"gold_gain":0,"player_choice":"Fought Mushrooms","damage_taken":0,"max_hp_gain":0,"max_hp_loss":0,"event_name":"Mushrooms","floor":12,"gold_loss":0},{"damage_healed":0,"gold_gain":175,"player_choice":"AGREE","damage_taken":126,"max_hp_gain":0,"max_hp_loss":0,"event_name":"betterThird:BetterSerpent","floor":13,"gold_loss":0},{"damage_healed":0,"gold_gain":0,"player_choice":"Read","damage_taken":0,"max_hp_gain":0,"max_hp_loss":0,"event_name":"The Library","floor":28,"gold_loss":0,"cards_obtained":["Footwork"]},{"damage_healed":0,"gold_gain":0,"player_choice":"Paid Fearfully","damage_taken":0,"max_hp_gain":0,"max_hp_loss":0,"event_name":"Masked Bandits","floor":29,"gold_loss":96},{"damage_healed":0,"gold_gain":0,"player_choice":"Ignored","damage_taken":0,"max_hp_gain":0,"max_hp_loss":0,"event_name":"Ghosts","floor":31,"gold_loss":0},{"cards_removed":["Strike_G"],"damage_healed":0,"gold_gain":0,"player_choice":"Removed Attack","damage_taken":0,"max_hp_gain":0,"max_hp_loss":0,"event_name":"Falling","floor":36,"gold_loss":0},{"damage_healed":0,"gold_gain":0,"player_choice":"Upgraded","damage_taken":0,"max_hp_gain":0,"max_hp_loss":0,"event_name":"Upgrade Shrine","floor":38,"gold_loss":0,"cards_upgraded":["After Image"]}],"is_beta":false,"boss_relics":[{"not_picked":["Fusion Hammer","Cursed Key"],"picked":"Philosopher\u0027s Stone"},{"not_picked":["Pandora\u0027s Box","Coffee Dripper"],"picked":"Sozu"}],"items_purged_floors":[3,19],"is_endless":false,"potions_floor_spawned":[2,12,14,16,21,35,39],"killed_by":"Giant Head","ascension_level":14}}