{"host":"rj1j8apb2x4vafcu","time":1611517292,"event":{"mods":["AchievementEnabler","Act Like it!","BaseMod","Colored Map","Colored Powertips","Minty Spire (QoL Compilation)","Rare Cards Sparkle","StSLib"],"gold_per_floor":[113,127,127,175,193,224,246,246,246,246,277,277,131,131,131,228,228,241,340,353,365,381,381,392,427,473,489,508,508,508,522,522,522,522],"floor_reached":33,"language":"ENG","playtime":2454,"items_purged":["Strike_B"],"score":277,"play_id":"044770ab-64fa-40c6-b126-6b9fefb118c6","local_time":"20210124174132","is_ascension_mode":false,"campfire_choices":[{"floor":8,"key":"REST"},{"data":"White Noise","floor":10,"key":"SMITH"},{"data":"Machine Learning","floor":12,"key":"SMITH"},{"data":"Defragment","floor":15,"key":"SMITH"},{"floor":23,"key":"REST"},{"floor":29,"key":"REST"},{"data":"Dualcast","floor":32,"key":"SMITH"}],"circlet_count":0,"master_deck":["Strike_B","Strike_B","Defend_B","Defend_B","Defend_B","Zap","Dualcast+1","Streamline","White Noise+1","Sweeping Beam","Hello World","Steam","Machine Learning+1","Defragment+1","Static Discharge","Electrodynamics","Rebound+1","Genetic Algorithm","Force Field","Glacier+1","Gash+1","Redo+1","Rebound","Amplify","Rebound+1","Genetic Algorithm","BootSequence+1"],"relics":["Cracked Core","NeowsBlessing","Blood Vial","Dream Catcher","Eternal Feather","Odd Mushroom","Bottled Tornado","HornCleat","Black Star","Question Card","Sundial","Pen Nib"],"acts_visited":["Exordium","TheCity"],"potions_floor_usage":[7,16,16,22,25,25,25,25,27,33,33],"damage_taken":[{"damage":0,"enemies":"Cultist","floor":1,"turns":1},{"damage":0,"enemies":"Jaw Worm","floor":2,"turns":1},{"damage":0,"enemies":"Small Slimes","floor":5,"turns":1},{"damage":35,"enemies":"3 Sentries","floor":6,"turns":6},{"damage":20,"enemies":"The Mushroom Lair","floor":7,"turns":3},{"damage":30,"enemies":"Lagavulin","floor":11,"turns":6},{"damage":11,"enemies":"Slime Boss","floor":16,"turns":8},{"damage":13,"enemies":"3 Byrds","floor":18,"turns":1},{"damage":19,"enemies":"Shell Parasite","floor":20,"turns":6},{"damage":16,"enemies":"Shelled Parasite and Fungi","floor":21,"turns":5},{"damage":12,"enemies":"Snake Plant","floor":22,"turns":4},{"damage":13,"enemies":"Centurion and Healer","floor":24,"turns":6},{"damage":22,"enemies":"Slavers","floor":25,"turns":4},{"damage":10,"enemies":"Chosen and Byrds","floor":27,"turns":4},{"damage":14,"enemies":"Snake Plant","floor":28,"turns":5},{"damage":8,"enemies":"Snecko","floor":31,"turns":5},{"damage":66,"enemies":"Automaton","floor":33,"turns":12}],"seed_played":"-9161627244773285912","potions_obtained":[{"floor":1,"key":"Explosive Potion"},{"floor":7,"key":"DistilledChaos"},{"floor":11,"key":"Fire Potion"},{"floor":18,"key":"FocusPotion"},{"floor":20,"key":"Ancient Potion"},{"floor":21,"key":"EntropicBrew"},{"floor":22,"key":"FearPotion"},{"floor":25,"key":"Regen Potion"}],"is_trial":false,"path_per_floor":["M","M","?","T","M","E","?","R","T","R","E","R","$","?","R","B",null,"M","?","M","M","M","R","M","E","T","M","M","R","?","M","R","B"],"character_chosen":"DEFECT","items_purchased":["Defragment"],"campfire_rested":3,"item_purchase_floors":[13],"current_hp_per_floor":[75,75,72,72,74,40,22,50,50,59,31,40,40,40,49,40,75,62,62,45,31,21,55,44,24,24,28,16,53,53,47,62,0,0],"gold":522,"neow_bonus":"THREE_ENEMY_KILL","is_daily":false,"chose_seed":false,"campfire_upgraded":4,"win_rate":0.0,"timestamp":1611517292,"path_taken":["M","M","?","?","?","E","?","R","T","R","E","R","?","?","R","BOSS","M","?","M","M","M","R","M","E","T","M","M","R","?","?","R","BOSS"],"items_purchased_type":["Card"],"build_version":"2020-12-22","purchased_purges":1,"victory":false,"max_hp_per_floor":[75,75,75,75,75,75,75,75,75,75,75,75,75,75,75,75,75,75,75,75,75,75,75,75,75,75,75,75,75,75,75,75,75,75],"card_choices":[{"not_picked":["Storm","Ball Lightning","Compile Driver"],"picked":"SKIP","floor":1},{"not_picked":["Ball Lightning","Lockon"],"picked":"Streamline","floor":2},{"not_picked":["Sweeping Beam","Redo"],"picked":"White Noise","floor":5},{"not_picked":["Go for the Eyes","Gash"],"picked":"Sweeping Beam","floor":6},{"not_picked":["Biased Cognition","Reinforced Body"],"picked":"Hello World","floor":7},{"not_picked":["Glacier","Go for the Eyes"],"picked":"Steam","floor":8},{"not_picked":["Barrage","Reprogram"],"picked":"Machine Learning","floor":11},{"not_picked":["Biased Cognition","Echo Form"],"picked":"Electrodynamics","floor":16},{"not_picked":["Auto Shields","Turbo"],"picked":"Rebound+1","floor":18},{"not_picked":["Rebound","Ball Lightning"],"picked":"Genetic Algorithm","floor":20},{"not_picked":["Lockon+1","Hologram","Streamline"],"picked":"SKIP","floor":21},{"not_picked":["Conserve Battery","Rainbow"],"picked":"Force Field","floor":22},{"not_picked":["Coolheaded","Sweeping Beam"],"picked":"Glacier+1","floor":23},{"not_picked":["Storm","Go for the Eyes"],"picked":"Gash+1","floor":24},{"not_picked":["Leap","Rebound"],"picked":"Redo+1","floor":25},{"not_picked":["Coolheaded","Defragment","Leap"],"picked":"Rebound","floor":27},{"not_picked":["Beam Cell","Reprogram","Hologram"],"picked":"Amplify","floor":28},{"not_picked":["Steam","Beam Cell","Go for the Eyes"],"picked":"Rebound+1","floor":29},{"not_picked":["Sunder","Ball Lightning","Coolheaded+1"],"picked":"BootSequence+1","floor":31}],"player_experience":110334,"relics_obtained":[{"floor":4,"key":"Dream Catcher"},{"floor":6,"key":"Eternal Feather"},{"floor":7,"key":"Odd Mushroom"},{"floor":9,"key":"Bottled Tornado"},{"floor":11,"key":"HornCleat"},{"floor":25,"key":"Question Card"},{"floor":25,"key":"Sundial"},{"floor":26,"key":"Pen Nib"}],"event_choices":[{"damage_healed":0,"gold_gain":0,"player_choice":"Success","damage_taken":3,"relics_obtained":["Blood Vial"],"max_hp_gain":0,"max_hp_loss":0,"event_name":"Scrap Ooze","floor":3,"gold_loss":0},{"damage_healed":0,"gold_gain":0,"player_choice":"Fought Mushrooms","damage_taken":0,"max_hp_gain":0,"max_hp_loss":0,"event_name":"Mushrooms","floor":7,"gold_loss":0},{"damage_healed":0,"gold_gain":0,"cards_transformed":["Strike_B"],"player_choice":"Change","damage_taken":0,"max_hp_gain":0,"max_hp_loss":0,"event_name":"Living Wall","floor":14,"gold_loss":0,"cards_obtained":["Static Discharge"]},{"damage_healed":0,"gold_gain":99,"player_choice":"Stole From Cult","damage_taken":0,"max_hp_gain":0,"max_hp_loss":0,"event_name":"Nest","floor":19,"gold_loss":0},{"damage_healed":0,"gold_gain":0,"cards_transformed":["Defend_B"],"player_choice":"Transformed","damage_taken":0,"max_hp_gain":0,"max_hp_loss":0,"event_name":"Transmorgrifier","floor":30,"gold_loss":0,"cards_obtained":["Genetic Algorithm"]}],"is_beta":false,"boss_relics":[{"not_picked":["Calling Bell","Runic Dome"],"picked":"Black Star"}],"items_purged_floors":[13],"is_endless":false,"potions_floor_spawned":[1,7,11,18,20,21,22,25],"killed_by":"Automaton","ascension_level":0}}