{"host":"nbyw9l72shd4wdzc","time":1611468228,"event":{"mods":["AchievementEnabler","Act Like it!","BaseMod","Better Note","BetterRewards","Dio Mod","Downfall","Gold Saver","Hermit","Minty Spire (QoL Compilation)","Rare Cards Sparkle","Robot Space Explorer","StSLib","The Alterego","The Cursed","TheHero"],"gold_per_floor":[152,15,28,28,47,47,47,64,64,64,64,64,64,139,139,260,260,293,8,8,8,31,31,31],"floor_reached":23,"language":"ENG","playtime":1140,"items_purged":["hermit:Strike_Hermit","hermit:Strike_Hermit"],"score":177,"play_id":"a7a8307a-4815-4fc1-bc81-0e2dfd4da334","local_time":"20210123220348","is_ascension_mode":false,"campfire_choices":[{"floor":6,"key":"REST"},{"floor":10,"key":"RECALL"},{"data":"Apotheosis","floor":12,"key":"SMITH"},{"floor":15,"key":"REST"}],"circlet_count":0,"master_deck":["hermit:Strike_Hermit","hermit:Strike_Hermit","hermit:Defend_Hermit","hermit:Defend_Hermit","hermit:Defend_Hermit","hermit:Snapshot","hermit:Covet","Apotheosis+1","hermit:Determination","hermit:Quickdraw","hermit:DeadMansHand","hermit:CursedWeapon","hermit:CursedWeapon","hermit:Glare","hermit:Spite","Injury","hermit:Headshot","hermit:Reprieve","CurseOfTheBell","hermit:Dive+1","hermit:LoneWolf+1"],"relics":["hermit:Momento","Torii","Singing Bowl","Golden Idol","Mercury Hourglass","Calling Bell","CeramicFish","Toxic Egg 2","Prayer Wheel","Unceasing Top"],"acts_visited":["Exordium","TheCity"],"potions_floor_usage":[1,8,16,16,22],"damage_taken":[{"damage":0,"enemies":"2 Louse","floor":1,"turns":3},{"damage":11,"enemies":"Jaw Worm","floor":3,"turns":5},{"damage":1,"enemies":"Small Slimes","floor":5,"turns":3},{"damage":3,"enemies":"Exordium Wildlife","floor":8,"turns":4},{"damage":30,"enemies":"Gremlin Nob","floor":14,"turns":5},{"damage":8,"enemies":"Slime Boss","floor":16,"turns":5},{"damage":13,"enemies":"Shell Parasite","floor":18,"turns":5},{"damage":3,"enemies":"Chosen","floor":22,"turns":3},{"damage":72,"enemies":"Slavers","floor":23,"turns":4}],"seed_played":"-2475151541685508401","potions_obtained":[{"floor":3,"key":"bronze:BurnAndBuffPotion"},{"floor":5,"key":"SneckoOil"},{"floor":14,"key":"LiquidMemories"},{"floor":18,"key":"Swift Potion"}],"is_trial":false,"path_per_floor":["M","$","M","$","M","R","?","M","T","R","?","R","?","?","R","B",null,"M","$","?","$","M","E"],"character_chosen":"HERMIT","items_purchased":["Torii","Singing Bowl","Fruit Juice","Apotheosis","hermit:Determination","Unceasing Top"],"campfire_rested":2,"item_purchase_floors":[0,0,0,0,2,19],"current_hp_per_floor":[39,39,28,28,29,54,54,51,51,51,51,51,51,21,46,38,84,73,73,73,73,72,0,0],"gold":31,"neow_bonus":"","is_daily":false,"chose_seed":false,"campfire_upgraded":1,"win_rate":0.0,"timestamp":1611468228,"path_taken":["M","$","M","$","M","R","?","M","T","R","?","R","?","?","R","BOSS","M","$","?","$","M","E"],"items_purchased_type":["Relic","Relic","Potion","Card","Card","Relic"],"build_version":"2020-12-22","purchased_purges":2,"victory":false,"max_hp_per_floor":[82,82,82,82,84,84,84,84,84,84,84,84,84,84,84,84,84,86,86,86,86,88,88,88],"card_choices":[{"not_picked":["hermit:TakeCover","hermit:HoleUp","hermit:Shortfuse"],"picked":"Singing Bowl","floor":1},{"not_picked":["hermit:Misfire","hermit:Roulette"],"picked":"hermit:Quickdraw","floor":3},{"not_picked":["hermit:NoHoldsBarred","hermit:Glare","hermit:Brawl"],"picked":"Singing Bowl","floor":5},{"not_picked":["hermit:Snipe","hermit:Shortfuse"],"picked":"hermit:Spite","floor":8},{"not_picked":["hermit:HoleUp","hermit:Glare"],"picked":"hermit:Headshot","floor":14},{"not_picked":["hermit:RoundhouseKick","hermit:FatalDesire"],"picked":"hermit:Reprieve","floor":16},{"not_picked":["hermit:DeadMansHand+1","hermit:LowProfile+1"],"picked":"hermit:Dive+1","floor":18},{"not_picked":["hermit:CalledShot+1","hermit:Coalescence+1","hermit:BigShot"],"picked":"Singing Bowl","floor":18},{"not_picked":["hermit:LowProfile+1","hermit:Roulette+1"],"picked":"hermit:LoneWolf+1","floor":22},{"not_picked":["hermit:Roughhouse","hermit:Roulette+1","hermit:Maintenance+1"],"picked":"Singing Bowl","floor":22}],"player_experience":318835,"relics_obtained":[{"floor":14,"key":"Mercury Hourglass"},{"floor":17,"key":"CeramicFish"},{"floor":17,"key":"Toxic Egg 2"},{"floor":17,"key":"Prayer Wheel"}],"event_choices":[{"cards_removed":["hermit:Midnight"],"damage_healed":0,"gold_gain":0,"player_choice":"Forget","damage_taken":0,"max_hp_gain":0,"max_hp_loss":0,"event_name":"Living Wall","floor":11,"gold_loss":0},{"damage_healed":0,"gold_gain":0,"player_choice":"Take Wound","damage_taken":0,"relics_obtained":["Golden Idol"],"max_hp_gain":0,"max_hp_loss":0,"event_name":"Golden Idol","floor":13,"gold_loss":0,"cards_obtained":["Injury"]},{"damage_healed":0,"gold_gain":0,"player_choice":"Searched \u00272\u0027 times","damage_taken":0,"max_hp_gain":0,"max_hp_loss":0,"event_name":"Dead Adventurer","floor":14,"gold_loss":0},{"cards_removed":["hermit:Defend_Hermit"],"damage_healed":0,"gold_gain":0,"player_choice":"Purged","damage_taken":0,"max_hp_gain":0,"max_hp_loss":0,"event_name":"Purifier","floor":20,"gold_loss":0}],"is_beta":false,"boss_relics":[{"not_picked":["Philosopher\u0027s Stone","Black Star"],"picked":"Calling Bell"}],"items_purged_floors":[0,2],"is_endless":false,"potions_floor_spawned":[3,5,14,18],"killed_by":"Slavers","ascension_level":0}}