{"host":"b5mzvg96njlg7ry9","time":1611499424,"event":{"mods":["AlwaysNeverKeys","BaseMod","Colored Map","Colored Powertips","Downfall","Highlight Path","Minty Spire (QoL Compilation)","Quick Restart","Relic Sorter","StSLib","SuperFastMode","everything is the same but u backflip on backflip"],"gold_per_floor":[299,314,314,333,333,333,333,333,361,361,223,223,255,255,270,373,373,373,389,402,502,502,530,530,562,573,606,623,623,433,448,464,569,569,569,585,585,600,645,675,675,685,152,202,235,254,104,114,131,131,131,131],"floor_reached":50,"language":"ENG","playtime":3349,"items_purged":["bronze:Strike","bronze:Strike","bronze:BugBarrage+1","bronze:Shell+1"],"score":755,"play_id":"909a7c37-0ebe-47b5-a610-b32634d9c325","local_time":"20210124154344","is_ascension_mode":true,"campfire_choices":[{"data":"bronze:Replicate","floor":1.0,"key":"SMITH"},{"data":"bronze:Shell","floor":6.0,"key":"SMITH"},{"data":"bronze:Goto","floor":10.0,"key":"SMITH"},{"data":"bronze:HardenedForm","floor":12.0,"key":"SMITH"},{"data":"bronze:Spike","floor":18.0,"key":"SMITH"},{"data":"bronze:Boost","floor":29.0,"key":"SMITH"},{"data":"bronze:FineTuning","floor":35,"key":"SMITH"}],"circlet_count":0,"master_deck":["bronze:Defend+1","bronze:Defend+1","bronze:Defend","bronze:Replicate+1","bronze:Goto+1","bronze:Spike+1","bronze:HardenedForm+1","bronze:DelayedSlice","bronze:BronzeArmor","bronze:ForceShield","bronze:FindAndReplace","bronze:Terminator+1","bronze:InfiniteBeams","bronze:Boost+1","bronze:FineTuning+1","bronze:FineTuning","bronze:ClassDefault+1","bronze:MaxOutput+1","bronze:Flail+1","bronze:ClassDefault+1","bronze:FunctionCard","bronze:FineTuning+1","bronze:Library+1","bronze:Return+1","bronze:ItsAFeature+1","bronze:BronzeOrb"],"relics":["bronze:BronzeCore","StoneCalendar","downfall:HeartBlessingRed","downfall:HeartBlessingGreen","downfall:HeartBlessingBlue","Incense Burner","HornCleat","Juzu Bracelet","bronze:ElectromagneticCoil","downfall:RedIOU","Anchor","Frozen Egg 2","InkBottle","Mercury Hourglass","Astrolabe","Unceasing Top","bronze:ProtectiveGoggles","StrikeDummy","Chemical X","Singing Bowl","Bottled Flame","Girya","champ:DuelingGlove"],"acts_visited":["Exordium","TheCity","TheBeyond"],"potions_floor_usage":[36],"damage_taken":[{"damage":0.0,"enemies":"Jaw Worm","floor":2.0,"turns":2.0},{"damage":8.0,"enemies":"Jaw Worm","floor":3.0,"turns":4.0},{"damage":0.0,"enemies":"2 Louse","floor":4.0,"turns":2.0},{"damage":44.0,"enemies":"Gremlin Nob","floor":9.0,"turns":5.0},{"damage":0.0,"enemies":"downfall:FleeingMerchant","floor":11.0,"turns":4.0},{"damage":0.0,"enemies":"Lagavulin","floor":13.0,"turns":4.0},{"damage":0.0,"enemies":"Cultist","floor":14.0,"turns":1.0},{"damage":0.0,"enemies":"2 Fungi Beasts","floor":15.0,"turns":3.0},{"damage":1.0,"enemies":"WA_ARCHETYPE_RETAIN","floor":16.0,"turns":7.0},{"damage":1.0,"enemies":"3 Byrds","floor":19.0,"turns":5.0},{"damage":0.0,"enemies":"Cultist and Chosen","floor":20.0,"turns":6.0},{"damage":0.0,"enemies":"Book of Stabbing","floor":23.0,"turns":4.0},{"damage":0.0,"enemies":"Slavers","floor":25.0,"turns":2.0},{"damage":0.0,"enemies":"Snake Plant","floor":26.0,"turns":2.0},{"damage":7.0,"enemies":"Book of Stabbing","floor":27.0,"turns":5.0},{"damage":0.0,"enemies":"Centurion and Healer","floor":28.0,"turns":5.0},{"damage":1.0,"enemies":"downfall:FleeingMerchant","floor":30.0,"turns":4.0},{"damage":0.0,"enemies":"Sentry and Sphere","floor":31.0,"turns":3.0},{"damage":0.0,"enemies":"Snecko","floor":32.0,"turns":5.0},{"damage":48.0,"enemies":"DF_ARCHETYPE_CLAW","floor":33.0,"turns":6.0},{"damage":33,"enemies":"3 Darklings","floor":36,"turns":7},{"damage":0,"enemies":"3 Shapes","floor":38,"turns":1},{"damage":0,"enemies":"2 Orb Walkers","floor":39,"turns":2},{"damage":0,"enemies":"Reptomancer","floor":40,"turns":4},{"damage":19,"enemies":"Writhing Mass","floor":42,"turns":5},{"damage":0,"enemies":"downfall:FleeingMerchant","floor":43,"turns":1},{"damage":0,"enemies":"downfall:FleeingMerchant","floor":44,"turns":3},{"damage":0,"enemies":"Giant Head","floor":45,"turns":5},{"damage":0,"enemies":"Maw","floor":46,"turns":4},{"damage":0,"enemies":"Spire Growth","floor":48,"turns":4},{"damage":0,"enemies":"3 Darklings","floor":49,"turns":1},{"damage":33,"enemies":"IC_BLOCK_ARCHETYPE","floor":50,"turns":4}],"seed_played":"-8601858858233723580","potions_obtained":[{"floor":13.0,"key":"LiquidMemories"},{"floor":15.0,"key":"FearPotion"},{"floor":16.0,"key":"champ:CounterPotion"},{"floor":33.0,"key":"Weak Potion"},{"floor":38,"key":"SneckoOil"},{"floor":44,"key":"sneckomod:MuddlingPotion"},{"floor":49,"key":"bronze:FreeFunctionsPotion"}],"is_trial":false,"path_per_floor":["R","M","?","M","?","R","T","?","E","R","$","R","E","M","M","B",null,"R","M","M","?","?","E","T","E","M","E","M","R","$","M","M","B",null,"R","M","?","M","?","E","T","M","$","?","E","M","$","M","M","B"],"character_chosen":"THE_AUTOMATON","items_purchased":["bronze:DelayedSlice","bronze:MaxOutput+1","Chemical X","Singing Bowl","Bottled Flame","bronze:ItsAFeature+1"],"campfire_rested":0,"item_purchase_floors":[11,30,43,43,43,43],"current_hp_per_floor":[73,73,65,65,65,65,65,65,21,21,21,21,21,21,21,20,73,73,72,72,72,72,72,72,72,72,65,65,65,64,64,64,16,73,73,40,40,40,40,40,40,21,21,23,25,27,27,27,29,0,0,0],"gold":131,"neow_bonus":"ONE_RARE_RELIC","is_daily":false,"chose_seed":false,"campfire_upgraded":7,"win_rate":0.0,"timestamp":1611499424,"path_taken":["R","M","?","M","?","R","T","?","E","R","$","R","E","M","M","BOSS","R","M","M","?","?","E","T","E","M","E","M","R","$","M","M","BOSS","R","M","?","M","?","E","T","M","$","?","E","M","$","M","M","BOSS"],"items_purchased_type":["Card","Card","Relic","Relic","Relic","Card"],"build_version":"2020-12-22","purchased_purges":4,"victory":false,"max_hp_per_floor":[73,73,73,73,73,73,73,73,73,73,73,73,73,73,73,73,73,73,73,73,73,73,73,73,73,73,73,73,73,73,73,73,73,73,73,73,73,73,73,73,73,73,73,75,77,79,79,79,81,81,81,81],"card_choices":[{"not_picked":["bronze:Iterate","bronze:Turbo","bronze:CutThrough"],"picked":"SKIP","floor":2.0},{"not_picked":[],"picked":"bronze:Spike","floor":3.0},{"not_picked":["bronze:Shield","bronze:Invalidate"],"picked":"bronze:Shell","floor":3.0},{"not_picked":["bronze:Return","bronze:Terminator"],"picked":"bronze:HardenedForm","floor":4.0},{"not_picked":["bronze:BugBarrage","bronze:Allocate","bronze:Frontload"],"picked":"SKIP","floor":9.0},{"not_picked":["bronze:FollowUp","bronze:Frontload","bronze:Turbo"],"picked":"SKIP","floor":11.0},{"not_picked":["bronze:BugBarrage","bronze:Deprecate"],"picked":"bronze:BronzeArmor","floor":13.0},{"not_picked":["bronze:BugBarrage","bronze:WildBeam","bronze:Backtrace"],"picked":"SKIP","floor":14.0},{"not_picked":["bronze:OilSpill","bronze:Allocate"],"picked":"bronze:ForceShield","floor":15.0},{"not_picked":["bronze:HardenedForm","bronze:HyperBeam"],"picked":"bronze:FindAndReplace","floor":16.0},{"not_picked":["bronze:ClassDefault","bronze:Shield"],"picked":"bronze:Terminator+1","floor":19.0},{"not_picked":["bronze:Overheat","bronze:Repulsor"],"picked":"bronze:InfiniteBeams","floor":20.0},{"not_picked":["bronze:Deprecate+1","bronze:Flail"],"picked":"bronze:Boost","floor":23.0},{"not_picked":["bronze:BuggyMess+1","bronze:Philosophize+1"],"picked":"bronze:FineTuning","floor":25.0},{"not_picked":["bronze:Repair","bronze:DarkDash","bronze:Shield"],"picked":"SKIP","floor":26.0},{"not_picked":["bronze:Separator","bronze:BuggyMess"],"picked":"bronze:FineTuning","floor":27.0},{"not_picked":["bronze:DigitalCarnage+1","bronze:Shield"],"picked":"bronze:ClassDefault+1","floor":28.0},{"not_picked":["bronze:Constructor+1","bronze:Backtrace+1","bronze:ClassDefault+1"],"picked":"SKIP","floor":30.0},{"not_picked":["bronze:OilSpill","bronze:WildBeam","bronze:BitShift"],"picked":"SKIP","floor":31.0},{"not_picked":["bronze:Backtrace","bronze:Invalidate","bronze:Boost+1"],"picked":"SKIP","floor":32.0},{"not_picked":["bronze:HyperBeam","bronze:Mutator+1"],"picked":"bronze:Hardcode+1","floor":33.0},{"not_picked":["bronze:Frontload","bronze:ForceShield","bronze:Overheat"],"picked":"SKIP","floor":36},{"not_picked":["bronze:Terminator+1","bronze:WhirlingStrike+1"],"picked":"bronze:FineTuning+1","floor":38},{"not_picked":["bronze:NullPointer","bronze:OilSpill+1","bronze:WildBeam+1"],"picked":"SKIP","floor":40},{"not_picked":["bronze:BitShift","bronze:InfiniteBeams+1"],"picked":"bronze:Library+1","floor":42},{"not_picked":["bronze:Invalidate+1","bronze:ClassDefault+1"],"picked":"bronze:Return+1","floor":43},{"not_picked":["bronze:Constructor","bronze:Shell","bronze:Fortify"],"picked":"Singing Bowl","floor":44},{"not_picked":["bronze:FineTuning+1","bronze:BitShift+1","bronze:FollowUp+1"],"picked":"Singing Bowl","floor":45},{"not_picked":["bronze:BugBarrage+1","bronze:Overheat+1","bronze:Branch"],"picked":"Singing Bowl","floor":46},{"not_picked":["bronze:DelayedGuard","bronze:Branch"],"picked":"bronze:BronzeOrb","floor":48},{"not_picked":["bronze:Iterate","bronze:NullPointer","bronze:OilSpill+1"],"picked":"Singing Bowl","floor":49}],"player_experience":820604,"relics_obtained":[{"floor":7.0,"key":"Incense Burner"},{"floor":9.0,"key":"HornCleat"},{"floor":13.0,"key":"Juzu Bracelet"},{"floor":23.0,"key":"Anchor"},{"floor":24.0,"key":"Frozen Egg 2"},{"floor":25.0,"key":"InkBottle"},{"floor":27.0,"key":"Mercury Hourglass"},{"floor":39,"key":"Unceasing Top"},{"floor":40,"key":"bronze:ProtectiveGoggles"},{"floor":41,"key":"StrikeDummy"},{"floor":44,"key":"Girya"},{"floor":45,"key":"champ:DuelingGlove"}],"event_choices":[{"damage_healed":0,"gold_gain":0,"player_choice":"Fight","damage_taken":0,"max_hp_gain":0,"max_hp_loss":0,"event_name":"Mysterious Sphere","floor":39,"gold_loss":0}],"is_beta":false,"boss_relics":[{"not_picked":["Velvet Choker","Pandora\u0027s Box"],"picked":"bronze:ElectromagneticCoil"},{"not_picked":["Busted Crown","Runic Pyramid"],"picked":"Astrolabe"}],"items_purged_floors":[11,30,43,47],"is_endless":false,"potions_floor_spawned":[13,15,16,19,28,31,33,38,44,45,48,49],"killed_by":"IC_BLOCK_ARCHETYPE","ascension_level":1}}