{"host":"j4g6ia6asvpyu2b0","time":1611491513,"event":{"mods":["BaseMod","Colored Map","Minty Spire (QoL Compilation)","Permanent Neow","Quick Restart","Relic Stats","StSLib","Unceasing Turn Reminder"],"gold_per_floor":[109,120,120,120,137,137,164,164,164,175,192,192,230,38,38,120,120,139,166,175,194,211,211,255,255,255,291,319,328,353,397,397,397,397],"floor_reached":33,"language":"ENG","playtime":823,"items_purged":[],"score":792,"play_id":"8affe465-9836-45d2-a561-e00b17352516","local_time":"20210124053153","is_ascension_mode":true,"campfire_choices":[{"data":"Immolate","floor":6.0,"key":"SMITH"},{"data":"Barricade","floor":8.0,"key":"SMITH"},{"data":"Bash","floor":15.0,"key":"SMITH"},{"floor":23.0,"key":"RECALL"},{"floor":25.0,"key":"REST"},{"floor":32.0,"key":"REST"}],"circlet_count":0,"master_deck":["AscendersBane","Strike_R","Strike_R","Strike_R","Strike_R","Defend_R","Defend_R","Defend_R+1","Defend_R","Bash+1","Immolate+1","Anger","Spot Weakness+1","Pommel Strike","Barricade+1","Whirlwind","Feel No Pain","Spot Weakness","Battle Trance","Corruption","Seeing Red+1","Twin Strike","Immolate+1","Twin Strike+1","Body Slam","Burning Pact+1","Pummel","Exhume","Uppercut+1","Limit Break"],"relics":["Burning Blood","Matryoshka","War Paint","Red Skull","CeramicFish","Sling","Fusion Hammer","Lizard Tail","Vajra","InkBottle","Akabeko","Darkstone Periapt"],"acts_visited":["Exordium","TheCity"],"potions_floor_usage":[33,33],"damage_taken":[{"damage":1.0,"enemies":"Cultist","floor":1.0,"turns":3.0},{"damage":3.0,"enemies":"2 Louse","floor":2.0,"turns":3.0},{"damage":8.0,"enemies":"Small Slimes","floor":5.0,"turns":2.0},{"damage":15.0,"enemies":"Lagavulin","floor":7.0,"turns":5.0},{"damage":10.0,"enemies":"Gremlin Gang","floor":10.0,"turns":2.0},{"damage":8.0,"enemies":"Blue Slaver","floor":11.0,"turns":2.0},{"damage":24.0,"enemies":"Gremlin Nob","floor":13.0,"turns":4.0},{"damage":8.0,"enemies":"Hexaghost","floor":16.0,"turns":8.0},{"damage":0.0,"enemies":"3 Byrds","floor":18.0,"turns":5.0},{"damage":8.0,"enemies":"Spheric Guardian","floor":19.0,"turns":4.0},{"damage":14.0,"enemies":"Centurion and Healer","floor":21.0,"turns":3.0},{"damage":24.0,"enemies":"Snake Plant","floor":22.0,"turns":2.0},{"damage":28.0,"enemies":"Slavers","floor":24.0,"turns":3.0},{"damage":27.0,"enemies":"Book of Stabbing","floor":27.0,"turns":3.0},{"damage":0.0,"enemies":"Shelled Parasite and Fungi","floor":28.0,"turns":1.0},{"damage":0.0,"enemies":"3 Cultists","floor":30.0,"turns":2.0},{"damage":7.0,"enemies":"Slavers","floor":31.0,"turns":2.0},{"damage":86,"enemies":"Automaton","floor":33,"turns":9}],"seed_played":"1169693348698841366","potions_obtained":[{"floor":2.0,"key":"DuplicationPotion"},{"floor":10.0,"key":"ColorlessPotion"},{"floor":12.0,"key":"Regen Potion"},{"floor":19.0,"key":"BloodPotion"},{"floor":24.0,"key":"Explosive Potion"},{"floor":27.0,"key":"Explosive Potion"},{"floor":28.0,"key":"PowerPotion"}],"is_trial":false,"path_per_floor":["M","M","?","?","M","R","E","R","T","M","M","?","E","$","R","B",null,"M","M","?","M","M","R","E","R","T","E","M","?","M","E","R","B"],"character_chosen":"IRONCLAD","items_purchased":["Sling","Battle Trance"],"campfire_rested":2,"item_purchase_floors":[14,14],"current_hp_per_floor":[68,68,63,56,54,54,45,45,45,41,39,39,21,21,21,19,56,62,60,60,61,43,43,21,41,41,20,26,26,32,31,51,24,24],"gold":397,"neow_bonus":"THREE_RARE_CARDS","is_daily":false,"chose_seed":false,"campfire_upgraded":3,"win_rate":0.0,"timestamp":1611491513,"path_taken":["M","M","?","?","M","R","E","R","T","M","M","?","E","$","R","BOSS","M","?","?","M","M","R","E","R","T","E","?","?","?","E","R","BOSS"],"items_purchased_type":["Relic","Card"],"build_version":"2020-12-22","purchased_purges":0,"victory":false,"max_hp_per_floor":[68,68,68,68,68,68,68,68,68,68,68,68,68,68,68,68,68,68,68,68,68,68,68,68,68,68,68,68,68,68,68,68,68,68],"relic_stats":{"Darkstone Periapt":0,"Lizard Tail":34,"counters":[18,63],"CeramicFish":117,"War Paint":["Spot Weakness","Defend_R"],"obtain_stats":[{"Darkstone Periapt":31,"Lizard Tail":24,"Matryoshka":3,"CeramicFish":13,"Vajra":26,"Fusion Hammer":17,"War Paint":7,"Sling":14,"Burning Blood":0,"Red Skull":9,"InkBottle":26,"Akabeko":27},{"Darkstone Periapt":17,"Lizard Tail":13,"Matryoshka":2,"CeramicFish":7,"Vajra":13,"Fusion Hammer":8,"War Paint":4,"Sling":7,"Burning Blood":0,"Red Skull":4,"InkBottle":13,"Akabeko":14},{"Darkstone Periapt":54,"Lizard Tail":46,"Matryoshka":6,"CeramicFish":21,"Vajra":46,"Fusion Hammer":29,"War Paint":13,"Sling":21,"Burning Blood":0,"Red Skull":13,"InkBottle":46,"Akabeko":49}],"Burning Blood":100,"InkBottle":[6]},"card_choices":[{"not_picked":["Barricade","Double Tap"],"picked":"Immolate","floor":0.0},{"not_picked":["Sword Boomerang","Havoc"],"picked":"Anger","floor":1.0},{"not_picked":["Clothesline","Disarm"],"picked":"Spot Weakness","floor":2.0},{"not_picked":["Wild Strike","Shrug It Off"],"picked":"Pommel Strike","floor":5.0},{"not_picked":["Armaments","Combust"],"picked":"Barricade","floor":7.0},{"not_picked":["Sword Boomerang","Havoc"],"picked":"Whirlwind","floor":10.0},{"not_picked":["Body Slam","Burning Pact"],"picked":"Feel No Pain","floor":11.0},{"not_picked":["True Grit","Warcry"],"picked":"Spot Weakness","floor":13.0},{"not_picked":["Demon Form","Reaper"],"picked":"Corruption","floor":16.0},{"not_picked":["Hemokinesis","Burning Pact"],"picked":"Seeing Red+1","floor":18.0},{"not_picked":["Iron Wave","Perfected Strike"],"picked":"Twin Strike","floor":19.0},{"not_picked":["Battle Trance","Wild Strike"],"picked":"Twin Strike+1","floor":21.0},{"not_picked":["Cleave","Rampage+1","Twin Strike"],"picked":"SKIP","floor":22.0},{"not_picked":["Flex","Ghostly Armor"],"picked":"Body Slam","floor":24.0},{"not_picked":["Perfected Strike","Havoc+1"],"picked":"Burning Pact+1","floor":27.0},{"not_picked":["Immolate","Cleave"],"picked":"Pummel","floor":28.0},{"not_picked":["Anger","Sword Boomerang"],"picked":"Uppercut+1","floor":30.0},{"not_picked":["Perfected Strike","Flex"],"picked":"Limit Break","floor":31.0}],"player_experience":976220,"relics_obtained":[{"floor":7.0,"key":"War Paint"},{"floor":9.0,"key":"Red Skull"},{"floor":13.0,"key":"CeramicFish"},{"floor":24.0,"key":"Lizard Tail"},{"floor":26.0,"key":"Vajra"},{"floor":26.0,"key":"InkBottle"},{"floor":27.0,"key":"Akabeko"},{"floor":31.0,"key":"Darkstone Periapt"}],"event_choices":[{"damage_healed":0.0,"max_hp_gain":0.0,"max_hp_loss":0.0,"gold_gain":0.0,"event_name":"Scrap Ooze","player_choice":"Success","floor":3.0,"gold_loss":0.0,"damage_taken":5.0,"relics_obtained":["Matryoshka"]},{"cards_removed":["Strike_R"],"damage_healed":0.0,"max_hp_gain":0.0,"max_hp_loss":0.0,"gold_gain":0.0,"event_name":"Golden Wing","player_choice":"Card Removal","floor":4.0,"gold_loss":0.0,"damage_taken":7.0},{"damage_healed":0.0,"max_hp_gain":0.0,"max_hp_loss":0.0,"gold_gain":0.0,"event_name":"Lab","player_choice":"Got Potions","floor":12.0,"gold_loss":0.0,"damage_taken":0.0},{"damage_healed":0.0,"max_hp_gain":0.0,"max_hp_loss":0.0,"gold_gain":0.0,"event_name":"Duplicator","player_choice":"Copied","floor":20.0,"gold_loss":0.0,"damage_taken":0.0,"cards_obtained":["Immolate"]},{"damage_healed":0.0,"max_hp_gain":0.0,"max_hp_loss":0.0,"gold_gain":0.0,"event_name":"Match and Keep!","player_choice":"1 cards matched","floor":29.0,"gold_loss":0.0,"damage_taken":0.0,"cards_obtained":["Exhume"]}],"is_beta":false,"boss_relics":[{"not_picked":["Black Blood","Calling Bell"],"picked":"Fusion Hammer"}],"items_purged_floors":[],"is_endless":false,"potions_floor_spawned":[2,10,13,16,19,24,27,28],"killed_by":"Automaton","ascension_level":18}}