{"host":"yncvxcxtq9dkce9q","time":1611508486,"event":{"mods":["ATMod(°¢èªMod)","AchievementEnabler","Act Like it!","Arknights The Spire","Ascension Reborn","Aspiration","Bard","BaseMod","BetterRewards","ChefMod","Chen","Colored Powertips","Conspire","Custom Start","Defuse TimeMaze Blight","Dota2Spire","Energized Spire","Friendly Minions","Gensokyo","GifTheSpireLib","Gremlin Mod","Halation","Hermit","Hubris","Infinite Spire","Jedi Mod","Jorbs\u0027s Wanderer Trilogy","Lobotomy","LobotomyExtend","Marisa£¨ìFÓê¡¡Ä§ÀíÉ³£©","Marked Mod","Minty Spire (QoL Compilation)","MostiFishMod","Pale of the Ancients","Potionbrewer","Rare Cards Sparkle","Reimu£¨²©ÀöÁéÃÎ£©","Relic Sorter","Replay The Spire","RumiaBox-Â¶Ã×æ«µÄÉñÃØºÐ×Ó","Shop Mod","Spicy Shops","StSLib","Stuff the Spire","TestMod","The Administrix","The Blue Laboratory","The Construct","The Gatherer","The Hayseed","The Jungle","The Marked","The Runesmith","The Servant 0.9.4","Waifu the Spire","Wandering Minibosses","Warlord Emblem","Yakumo Yukari mod","Youmu£¨»êÆÇÑýÃÎ£©","[GremlinLeader]The Maniac","noobMod","vexMod","¡¾¹¦ÄÜMod¡¿»ìãçÖ®»·ÐÞ¸´²¹¶¡","¡¾ÒÅÎï¿¨ÅÆ¡¿REMEMod"],"gold_per_floor":[116,207,207,217,217,235,264,399,399,458,493,493,562,719,719,849,849,940,983,279,316,29,134,134,134,158,210,10,259,259,302,302,448,448,488,27,111,111,1261,1313,1313,1313,1313,1352,1352,1465,1465,1515,1515,1635,1635,1635,1635,1138,1213,1237],"floor_reached":57,"language":"ZHS","playtime":4376,"items_purged":["Chen:Strike","Chen:Defend","Chen:Defend","Chen:Strike","Chen:Defend"],"score":1695,"play_id":"04a8815b-193e-4516-ad6c-e6e2425abe9a","local_time":"20210125011446","is_ascension_mode":true,"campfire_choices":[{"data":"Chen:ResistTemptation","floor":24,"key":"SMITH"},{"data":"Chen:ResistTemptation","floor":30,"key":"SMITH"},{"data":"Chen:FollowUp","floor":32,"key":"SMITH"},{"data":"Chen:Clarity","floor":42,"key":"SMITH"},{"data":"Replay:Fractal Strike","floor":47,"key":"SMITH"},{"floor":49,"key":"RECALL"},{"data":"Chen:RapidfireEvasive","floor":53,"key":"SMITH"}],"circlet_count":0,"master_deck":["Chen:Strike+1","Chen:Strike+1","Chen:PounceTurnTail","Chen:GlitterPoke","FlawlessForm","Chen:Mixup","Clumsy","Chen:Excitement","Chen:SurpriseAttack","Chen:Rush","Chen:RapidfireEvasive+1","Chen:ResistTemptation+1","Chen:PhoenixWings","Chen:PhoenixEgg","Chen:TauntHiss+1","Chen:ResistTemptation+1","Chen:FollowUp+1","Chen:FlankingStrike","Chen:DazzleFlash","Chen:Scratch","Chen:Clarity+1","Chen:ResistTemptation+1","Chen:Salvo","Chen:Nimbleness","infinitespire:Collect","Replay:Fractal Strike+1","infinitespire:Execution","Chen:Excitement+1","Chen:ShikigamiForm"],"relics":["Chen:Catnip","testmod-TestBox","ice","DaveBox","REME_ComplimentaryCards","AT_ATBox","testmod-BlackFramedGlasses","Transparent","SynthV:TestCard","LetterFromLob","hubris:Icosahedron","Gensokyo:NagashiBinaDoll","AT_MibuBalloonWealth","AT_RabadonDeathcap","Onion Ring","halation:PurpleSoulGem","Whetstone","ChiXiaoBlade","MerchantsRug","vexMod:Cooldron","Oddly Smooth Stone","Medical Kit","Dota2Spire:Vanguard","Smiling Mask","Happy Flower","testmod-Charity","jedi:paperlyon","Kunai","DollysMirror","HandDrill","wanderingMiniBosses:MasterThiefsPresence","Dota2Spire:LotusOrb","Nunchaku","AT_TrinityForce","Dota2Spire:AghanimScepter","conspire:Boomerang","MoreBug","FeatherPendant","halation:WeightlessCrab","jedi:HeartOfTheCards","OrangePellets","conspire:BottledYoYo","testmod-HeartOfStrike"],"acts_visited":["Exordium","Gensokyo:Gensokyo","Gensokyo:Gensokyoer","TheEnding"],"potions_floor_usage":[44,46,46],"damage_taken":[{"damage":6,"enemies":"Gensokyo:Python","floor":1,"turns":2},{"damage":12,"enemies":"Gensokyo:3_Fairies","floor":4,"turns":2},{"damage":6,"enemies":"Gensokyo:2_Kodama","floor":6,"turns":1},{"damage":12,"enemies":"Gensokyo:Cirno","floor":7,"turns":4},{"damage":6,"enemies":"Gensokyo:5_Fairies","floor":8,"turns":3},{"damage":12,"enemies":"Gensokyo:Aya","floor":10,"turns":4},{"damage":6,"enemies":"Gensokyo:LivingMonolith","floor":11,"turns":1},{"damage":12,"enemies":"Gensokyo:Gryphon_and_Rabbit","floor":13,"turns":2},{"damage":18,"enemies":"Gensokyo:Cirno","floor":14,"turns":5},{"damage":27,"enemies":"Gensokyo:Kokoro","floor":16,"turns":6},{"damage":6,"enemies":"Gensokyo:3_Dogs","floor":18,"turns":2},{"damage":6,"enemies":"Gensokyo:AngelMirror","floor":19,"turns":1},{"damage":12,"enemies":"Gensokyo:Swordslinger","floor":21,"turns":2},{"damage":6,"enemies":"Gensokyo:Reisen","floor":23,"turns":1},{"damage":12,"enemies":"Gensokyo:Koishi","floor":27,"turns":2},{"damage":12,"enemies":"Gensokyo:Wraith","floor":31,"turns":3},{"damage":12,"enemies":"Gensokyo:Eternal_Rivals","floor":33,"turns":4},{"damage":6,"enemies":"Gensokyo:AncientGuardian","floor":35,"turns":1},{"damage":12,"enemies":"Gensokyo:3_Boulders","floor":37,"turns":2},{"damage":23,"enemies":"Gensokyo:Rafflesia","floor":39,"turns":5},{"damage":14,"enemies":"Gensokyo:Marisa","floor":40,"turns":2},{"damage":12,"enemies":"Gensokyo:Sharpion","floor":44,"turns":2},{"damage":6,"enemies":"Gensokyo:4_Bats","floor":46,"turns":1},{"damage":6,"enemies":"Nightmare","floor":48,"turns":1},{"damage":6,"enemies":"Gensokyo:Yuyuko","floor":50,"turns":1},{"damage":7,"enemies":"Shield and Spear","floor":55,"turns":1},{"damage":20,"enemies":"The Heart","floor":56,"turns":3}],"seed_played":"2587510783228363786","potions_obtained":[{"floor":8,"key":"potionbrewer:HastePotion"},{"floor":10,"key":"Explosive Potion"},{"floor":35,"key":"EntropicBrew"},{"floor":37,"key":"EntropicBrew"},{"floor":44,"key":"EntropicBrew"},{"floor":46,"key":"EntropicBrew"}],"is_trial":false,"path_per_floor":["M","?","?","M","?","M","E","M","T","E","M","?","M","E","R","B",null,"M","M","$","M","$","E","R","?","T","E","COS","?","R","M","R","B",null,"M","COS","M","?","M","E","?","R","T","M","AVR","M","R","NM","R","B",null,null,"R","$","E","B",null],"character_chosen":"CHEN","items_purchased":["Chen:FollowUp","Replay:Baseball","MerchantsRug","vexMod:Cooldron","Oddly Smooth Stone","Medical Kit","Dota2Spire:Vanguard","OrangePellets","conspire:BottledYoYo"],"campfire_rested":0,"item_purchase_floors":[20,20,20,20,20,22,22,54,54],"current_hp_per_floor":[63,48,48,63,63,63,63,63,63,63,63,63,63,63,63,63,63,63,63,63,63,63,63,63,63,63,63,63,61,61,63,63,66,66,68,68,72,72,77,79,60,60,60,62,62,67,67,69,69,74,74,74,74,74,77,78],"gold":1237,"neow_bonus":"REMOVE_TWO","is_daily":false,"chose_seed":false,"campfire_upgraded":6,"win_rate":0.0,"timestamp":1611508486,"path_taken":["M","?","?","M","?","M","E","?","T","E","M","?","M","E","R","BOSS","M","?","$","?","?","E","R","?","T","E","COS","?","R","?","R","BOSS","M","COS","?","?","M","E","?","R","T","M","AVR","?","R","NM","R","BOSS","R","$","E","BOSS"],"items_purchased_type":["Card","Relic","Relic","Relic","Relic","Relic","Relic","Relic","Relic"],"build_version":"2020-12-22","purchased_purges":5,"victory":true,"max_hp_per_floor":[63,63,63,63,63,63,63,63,63,63,63,63,63,63,63,63,63,63,63,63,63,63,63,63,63,63,63,63,61,61,63,63,66,66,68,68,72,72,77,79,60,60,60,62,62,67,67,69,69,74,74,74,74,74,77,78],"card_choices":[{"not_picked":["Chen:CatPunch","Chen:Knockout","Chen:PentagramFlight"],"picked":"SKIP","floor":1},{"not_picked":["Chen:RecklessLeap","Chen:Tear","Chen:FinalSpellCard","Chen:Catseye"],"picked":"Chen:Mixup","floor":2},{"not_picked":["Chen:RecklessLeap","Chen:Shot","Chen:Scratch","Chen:Sweep","Chen:Barrier"],"picked":"SKIP","floor":4},{"not_picked":["Chen:Honk","Chen:Unpredictable","Chen:RecklessLeap","Chen:Sneak"],"picked":"Chen:Excitement","floor":6},{"not_picked":["Chen:Sweep","Chen:MeditateFrenzy","Chen:TauntHiss","Chen:Panic"],"picked":"Chen:SurpriseAttack","floor":7},{"not_picked":["Chen:Sneak","Chen:Instinct","Chen:Shot","Chen:Panic"],"picked":"Chen:Rush","floor":8},{"not_picked":["Chen:Assault","Chen:MeditateFrenzy","Chen:Copycat","Chen:Shot"],"picked":"Chen:RapidfireEvasive","floor":10},{"not_picked":["Chen:Shot","Chen:Honk","Chen:Sweep","Chen:Instinct"],"picked":"Chen:ResistTemptation","floor":11},{"not_picked":["Chen:Tear","Chen:Sneak","Chen:TauntHiss","Chen:GuardCounter","Chen:Spray"],"picked":"SKIP","floor":13},{"not_picked":["Chen:Barrier","Chen:Panic","Chen:SurpriseAttack","Chen:Shot"],"picked":"Chen:PhoenixWings","floor":14},{"not_picked":["Chen:WhateverWorks","Chen:Clarity","Chen:PhoenixWings","Chen:FinalSpellCard"],"picked":"Chen:PhoenixEgg","floor":16},{"not_picked":["Chen:UnstableBoundary","Chen:Lacerate","Chen:Sidestep","Chen:Adaptability"],"picked":"Chen:TauntHiss+1","floor":18},{"not_picked":["Chen:SurpriseAttack","Chen:RecklessLeap","Chen:MeditateFrenzy+1","Chen:SelfConfidence"],"picked":"Chen:ResistTemptation","floor":19},{"not_picked":["Chen:Sweep","Chen:TauntHiss+1","Chen:Sidestep","Chen:Knockout"],"picked":"Chen:FlankingStrike","floor":21},{"not_picked":["Chen:Sidestep","Chen:Sneak+1","Chen:Adaptability","Chen:RecklessLeap","Chen:Sweep"],"picked":"SKIP","floor":23},{"not_picked":["Chen:Instinct","Chen:BlueOniRedOni","Chen:Impale+1","Chen:Sweep"],"picked":"Chen:DazzleFlash","floor":27},{"not_picked":["Chen:Flicker","Chen:Fadeout","Chen:Sweep+1","Chen:Lacerate"],"picked":"Chen:Scratch","floor":31},{"not_picked":["Chen:Stability","Chen:FlankingStrike","Chen:DazzleFlash","Chen:CurlUp"],"picked":"Chen:Clarity","floor":33},{"not_picked":["Chen:MeditateFrenzy+1","Chen:Fadeout+1","Chen:Instinct","Chen:Scratch"],"picked":"Chen:ResistTemptation+1","floor":35},{"not_picked":["Chen:Sweep","Chen:Knockout","Chen:Unpredictable","Chen:Sidestep+1"],"picked":"Chen:Salvo","floor":37},{"not_picked":["Chen:Barrier+1","Chen:Panic+1","Chen:Tear+1","Chen:Adaptability+1"],"picked":"Chen:Nimbleness","floor":39},{"not_picked":["Chen:SelfConfidence+1","Chen:Panic","Chen:Lacerate","Chen:BlueOniRedOni+1","Chen:Flit"],"picked":"SKIP","floor":40},{"not_picked":["Chen:Instinct","Chen:Barrier","Chen:Flicker+1","Chen:Sidestep","Chen:Spray+1"],"picked":"SKIP","floor":44},{"not_picked":["Chen:Scratch","Chen:Sweep+1","Chen:Sidestep","Chen:UnstableBoundary","Chen:Honk"],"picked":"SKIP","floor":46},{"not_picked":["Chen:GuardCounter+1","Chen:Knockout","Chen:Adaptability+1","Chen:Tear+1"],"picked":"Chen:Excitement+1","floor":48},{"not_picked":["Chen:Sneak","Chen:Shot+1","Chen:GuardCounter+1","Chen:Sidestep+1"],"picked":"Chen:ShikigamiForm","floor":55}],"player_experience":449631,"relics_obtained":[{"floor":1,"key":"SynthV:TestCard"},{"floor":1,"key":"LetterFromLob"},{"floor":7,"key":"AT_MibuBalloonWealth"},{"floor":9,"key":"AT_RabadonDeathcap"},{"floor":10,"key":"Onion Ring"},{"floor":14,"key":"Whetstone"},{"floor":23,"key":"Smiling Mask"},{"floor":27,"key":"Happy Flower"},{"floor":39,"key":"wanderingMiniBosses:MasterThiefsPresence"},{"floor":40,"key":"Nunchaku"},{"floor":43,"key":"Dota2Spire:AghanimScepter"},{"floor":48,"key":"jedi:HeartOfTheCards"},{"floor":55,"key":"testmod-HeartOfStrike"}],"event_choices":[{"damage_healed":0,"gold_gain":0,"player_choice":"Leave","damage_taken":0,"max_hp_gain":0,"max_hp_loss":0,"event_name":"conspire:Investor","floor":15,"gold_loss":0}],"is_beta":false,"boss_relics":[{"not_picked":["vexMod:RockOfEvil","infinitespire:Cupcake"],"picked":"ChiXiaoBlade"},{"not_picked":["REME_DemonsWealth","aspiration:PoetsPen_weak"],"picked":"jedi:paperlyon"}],"items_purged_floors":[20,22,45,54,54],"is_endless":false,"potions_floor_spawned":[8,10,11,19,35,37,44,46],"ascension_level":0}}