{"host":"ebj6lkgm8suah319","time":1611501275,"event":{"mods":["2.2 Compatiblity","AchievementEnabler","BaseMod","Block Reminder","Colored Map","Colored Powertips","Minty Spire (QoL Compilation)","Quick Restart","Rare Cards Sparkle","Relic Stats","SuperFastMode"],"gold_per_floor":[99,99,99,99,99,99,99,99,99,99,99,99,99,99,99,99,99,59,59,59,59,59,59,59,4,4,4,4,4,4,4,4,4,4],"floor_reached":33,"language":"ENG","playtime":767,"items_purged":[],"score":632,"play_id":"e1baf755-6fcd-44c8-8095-cfaad24afc2c","local_time":"20210124101435","is_ascension_mode":true,"campfire_choices":[{"data":"Perfected Strike","floor":11,"key":"SMITH"},{"floor":15,"key":"REST"},{"data":"Perfected Strike","floor":23,"key":"SMITH"},{"floor":27,"key":"REST"},{"floor":32,"key":"REST"}],"circlet_count":0,"master_deck":["AscendersBane","Strike_R","Strike_R","Strike_R","Defend_R","Defend_R","Defend_R","Defend_R","Bash","Perfected Strike+1","Pommel Strike","Thunderclap","Flame Barrier","Perfected Strike+1","Dual Wield","Blood for Blood","Evolve+1","Fiend Fire","Spot Weakness+1","Double Tap+1","Warcry+1"],"relics":["Ectoplasm","Bird Faced Urn","Kunai","Happy Flower","Velvet Choker","Juzu Bracelet","Paper Frog","Toxic Egg 2"],"acts_visited":["Exordium","TheCity"],"potions_floor_usage":[7,10,19,24,30,30,33],"damage_taken":[{"damage":7.0,"enemies":"Jaw Worm","floor":1.0,"turns":3.0},{"damage":0.0,"enemies":"Small Slimes","floor":2.0,"turns":3.0},{"damage":0.0,"enemies":"Cultist","floor":3.0,"turns":3.0},{"damage":12,"enemies":"Large Slime","floor":4,"turns":5},{"damage":10,"enemies":"Gremlin Gang","floor":5,"turns":4},{"damage":12,"enemies":"Exordium Wildlife","floor":6,"turns":3},{"damage":13,"enemies":"Lagavulin","floor":7,"turns":5},{"damage":9,"enemies":"Gremlin Nob","floor":10,"turns":4},{"damage":0,"enemies":"2 Fungi Beasts","floor":13,"turns":3},{"damage":9,"enemies":"Lots of Slimes","floor":14,"turns":3},{"damage":24,"enemies":"The Guardian","floor":16,"turns":8},{"damage":6,"enemies":"2 Thieves","floor":18,"turns":3},{"damage":29,"enemies":"Shell Parasite","floor":19,"turns":4},{"damage":16,"enemies":"Cultist and Chosen","floor":21,"turns":7},{"damage":18,"enemies":"Chosen and Byrds","floor":22,"turns":4},{"damage":27,"enemies":"Slavers","floor":24,"turns":5},{"damage":0,"enemies":"Gremlin Leader","floor":30,"turns":3},{"damage":65,"enemies":"Collector","floor":33,"turns":7}],"seed_played":"-4577531103256287013","potions_obtained":[{"floor":4,"key":"Ancient Potion"},{"floor":6,"key":"BloodPotion"},{"floor":7,"key":"ElixirPotion"},{"floor":10,"key":"Swift Potion"},{"floor":14,"key":"EssenceOfSteel"},{"floor":22,"key":"Explosive Potion"},{"floor":30,"key":"LiquidMemories"}],"is_trial":false,"path_per_floor":["M","M","M","M","M","M","E","?","T","E","R","?","M","M","R","B",null,"M","M","?","M","M","R","E","$","T","R","?","?","E","?","R","B"],"character_chosen":"IRONCLAD","items_purchased":["Strength Potion"],"campfire_rested":3,"item_purchase_floors":[25],"current_hp_per_floor":[61,61,61,49,39,27,29,29,29,20,20,20,20,11,33,9,59,53,26,85,69,51,51,26,26,26,51,26,20,20,20,47,0,0],"gold":4,"neow_bonus":"BOSS_RELIC","is_daily":false,"chose_seed":false,"campfire_upgraded":2,"win_rate":0.0,"timestamp":1611501275,"path_taken":["M","M","M","M","M","M","E","?","T","E","R","?","M","M","R","BOSS","M","?","?","M","?","R","E","$","T","R","?","?","E","?","R","BOSS"],"items_purchased_type":["Potion"],"build_version":"2020-12-22","purchased_purges":0,"victory":false,"max_hp_per_floor":[75,75,75,75,75,75,75,75,75,75,75,75,75,75,75,75,75,75,75,85,85,85,85,85,85,85,85,90,90,90,90,90,90,90],"relic_stats":{"Happy Flower":[15],"counters":[18,77],"Bird Faced Urn":[6],"Ectoplasm":417,"Juzu Bracelet":1,"Kunai":[23],"obtain_stats":[{"Happy Flower":10,"Bird Faced Urn":7,"Velvet Choker":17,"Ectoplasm":0,"Juzu Bracelet":24,"Kunai":9,"Toxic Egg 2":30,"Burning Blood":0,"Paper Frog":26},{"Happy Flower":8,"Bird Faced Urn":7,"Velvet Choker":11,"Ectoplasm":0,"Juzu Bracelet":16,"Kunai":7,"Toxic Egg 2":17,"Burning Blood":0,"Paper Frog":16},{"Happy Flower":30,"Bird Faced Urn":26,"Velvet Choker":44,"Ectoplasm":0,"Juzu Bracelet":67,"Kunai":26,"Toxic Egg 2":70,"Burning Blood":0,"Paper Frog":67}]},"card_choices":[{"not_picked":["Iron Wave","Twin Strike"],"picked":"Perfected Strike","floor":1.0},{"not_picked":["Anger","Flex"],"picked":"Pommel Strike","floor":2.0},{"not_picked":["Heavy Blade","Bloodletting","Flex"],"picked":"SKIP","floor":3.0},{"not_picked":["Berserk","Entrench","Body Slam"],"picked":"SKIP","floor":4},{"not_picked":["Cleave","Second Wind"],"picked":"Thunderclap","floor":5},{"not_picked":["Thunderclap","Shrug It Off"],"picked":"Flame Barrier","floor":6},{"not_picked":["Searing Blow","Seeing Red","Intimidate"],"picked":"SKIP","floor":7},{"not_picked":["Headbutt","Twin Strike"],"picked":"Perfected Strike","floor":10},{"not_picked":["Iron Wave","Twin Strike"],"picked":"Dual Wield","floor":13},{"not_picked":["Combust","Heavy Blade","Berserk"],"picked":"SKIP","floor":14},{"not_picked":["Exhume","Fiend Fire"],"picked":"Barricade","floor":16},{"not_picked":["Body Slam","Seeing Red+1","Cleave"],"picked":"SKIP","floor":18},{"not_picked":["Flex","Armaments"],"picked":"Blood for Blood","floor":19},{"not_picked":["Seeing Red","Clash","Sword Boomerang"],"picked":"SKIP","floor":21},{"not_picked":["Shrug It Off","Iron Wave"],"picked":"Evolve+1","floor":22},{"not_picked":["Wild Strike","Sentinel"],"picked":"Fiend Fire","floor":24},{"not_picked":["Uppercut","Armaments+1"],"picked":"Spot Weakness+1","floor":30}],"player_experience":63809,"relics_obtained":[{"floor":7,"key":"Bird Faced Urn"},{"floor":9,"key":"Kunai"},{"floor":10,"key":"Happy Flower"},{"floor":24,"key":"Juzu Bracelet"},{"floor":26,"key":"Paper Frog"},{"floor":30,"key":"Toxic Egg 2"}],"event_choices":[{"damage_healed":0,"gold_gain":0,"player_choice":"Ignored","damage_taken":0,"max_hp_gain":0,"max_hp_loss":0,"event_name":"Shining Light","floor":8,"gold_loss":0},{"damage_healed":0,"gold_gain":0,"player_choice":"0 cards matched","damage_taken":0,"max_hp_gain":0,"max_hp_loss":0,"event_name":"Match and Keep!","floor":12,"gold_loss":0,"cards_obtained":[]},{"cards_removed":["Barricade"],"damage_healed":49,"gold_gain":0,"player_choice":"Offered Rare","damage_taken":0,"max_hp_gain":10,"max_hp_loss":0,"event_name":"Bonfire Elementals","floor":20,"gold_loss":0},{"damage_healed":0,"gold_gain":0,"player_choice":"Shed Blood","damage_taken":30,"max_hp_gain":5,"max_hp_loss":0,"event_name":"Forgotten Altar","floor":28,"gold_loss":0},{"damage_healed":0,"gold_gain":0,"player_choice":"","damage_taken":6,"max_hp_gain":0,"max_hp_loss":0,"event_name":"Knowing Skull","floor":29,"potions_obtained":[],"gold_loss":0,"cards_obtained":[]},{"damage_healed":0,"gold_gain":0,"cards_transformed":["Strike_R","Strike_R"],"player_choice":"Became Test Subject","damage_taken":0,"max_hp_gain":0,"max_hp_loss":0,"event_name":"Drug Dealer","floor":31,"gold_loss":0,"cards_obtained":["Double Tap","Warcry"]}],"is_beta":false,"boss_relics":[{"not_picked":["Empty Cage","Fusion Hammer"],"picked":"Velvet Choker"}],"items_purged_floors":[],"is_endless":false,"potions_floor_spawned":[4,6,7,10,13,14,22,30],"killed_by":"Collector","ascension_level":19}}