{"host":"zk71suw73lg2r165","time":1611499773,"event":{"mods":["BaseMod","Colored Map","Minty Spire (QoL Compilation)","Permanent Neow","Relic Stats","StSLib"],"gold_per_floor":[111,186,204,217,142,142,174,174,221,221,256,272,272,272,272,272,272],"floor_reached":16,"language":"ENG","playtime":286,"items_purged":[],"score":216,"play_id":"a8ae1c1d-2bc7-4073-9d94-9cc5f5913164","local_time":"20210124094933","is_ascension_mode":true,"campfire_choices":[{"data":"Bash","floor":6,"key":"SMITH"},{"data":"Whirlwind","floor":8,"key":"SMITH"},{"data":"Clothesline","floor":10,"key":"SMITH"},{"data":"True Grit","floor":13,"key":"SMITH"},{"floor":15,"key":"REST"}],"circlet_count":0,"master_deck":["AscendersBane","Strike_R","Strike_R","Strike_R","Strike_R","Defend_R","Defend_R","Defend_R","Defend_R","Bash+1","Cleave","Clothesline+1","Flame Barrier","Whirlwind+1","Shockwave","True Grit+1","Pain"],"relics":["Burning Blood","Bronze Scales","Tiny Chest","Vajra","Ancient Tea Set","WarpedTongs"],"acts_visited":["Exordium"],"potions_floor_usage":[7,16],"damage_taken":[{"damage":1,"enemies":"Small Slimes","floor":1,"turns":4},{"damage":6,"enemies":"Jaw Worm","floor":3,"turns":4},{"damage":1,"enemies":"Cultist","floor":4,"turns":4},{"damage":33,"enemies":"Gremlin Nob","floor":7,"turns":5},{"damage":28,"enemies":"3 Sentries","floor":11,"turns":5},{"damage":12,"enemies":"Blue Slaver","floor":12,"turns":4},{"damage":37,"enemies":"The Guardian","floor":16,"turns":2}],"seed_played":"-4046906636167887278","potions_obtained":[{"floor":1,"key":"Fire Potion"},{"floor":4,"key":"Weak Potion"}],"is_trial":false,"path_per_floor":["M","?","M","M","?","R","E","R","T","R","E","M","R","?","R","B"],"character_chosen":"IRONCLAD","items_purchased":[],"campfire_rested":1,"item_purchase_floors":[],"current_hp_per_floor":[73,62,62,67,67,67,40,40,40,40,18,12,12,12,34,0,0],"gold":272,"neow_bonus":"RANDOM_COMMON_RELIC","is_daily":false,"chose_seed":false,"campfire_upgraded":4,"win_rate":0.0,"timestamp":1611499773,"path_taken":["M","?","M","M","?","R","E","R","T","R","E","M","R","?","R","BOSS"],"items_purchased_type":[],"build_version":"2020-12-22","purchased_purges":0,"victory":false,"max_hp_per_floor":[75,75,75,75,75,75,75,75,75,75,75,75,75,75,75,75,75],"relic_stats":{"counters":[7,28],"Bronze Scales":[54],"Tiny Chest":0,"obtain_stats":[{"Bronze Scales":0,"Vajra":9,"Tiny Chest":7,"Ancient Tea Set":11,"Burning Blood":0,"WarpedTongs":14},{"Bronze Scales":0,"Vajra":4,"Tiny Chest":4,"Ancient Tea Set":5,"Burning Blood":0,"WarpedTongs":6},{"Bronze Scales":0,"Vajra":17,"Tiny Chest":17,"Ancient Tea Set":22,"Burning Blood":0,"WarpedTongs":26}],"Burning Blood":36,"WarpedTongs":[2]},"card_choices":[{"not_picked":["Bloodletting","Heavy Blade"],"picked":"Cleave","floor":1},{"not_picked":["Thunderclap","Shrug It Off"],"picked":"Clothesline","floor":3},{"not_picked":["Anger","Thunderclap"],"picked":"Flame Barrier","floor":4},{"not_picked":["Anger","Perfected Strike"],"picked":"Whirlwind","floor":7},{"not_picked":["Metallicize","Hemokinesis"],"picked":"Shockwave","floor":11},{"not_picked":["Clash","Flame Barrier"],"picked":"True Grit","floor":12}],"player_experience":1353093,"relics_obtained":[{"floor":7,"key":"Tiny Chest"},{"floor":9,"key":"Vajra"},{"floor":11,"key":"Ancient Tea Set"}],"event_choices":[{"damage_healed":0,"gold_gain":75,"player_choice":"Gather Gold","damage_taken":11,"max_hp_gain":0,"max_hp_loss":0,"event_name":"World of Goop","floor":2,"gold_loss":0},{"cards_removed":["Strike_R"],"damage_healed":0,"gold_gain":0,"player_choice":"Card Removal","damage_taken":0,"max_hp_gain":0,"max_hp_loss":0,"event_name":"The Cleric","floor":5,"gold_loss":75},{"damage_healed":0,"gold_gain":0,"player_choice":"Rummage","damage_taken":0,"relics_obtained":["WarpedTongs"],"max_hp_gain":0,"max_hp_loss":0,"event_name":"Accursed Blacksmith","floor":14,"gold_loss":0,"cards_obtained":["Pain"]}],"is_beta":false,"boss_relics":[],"items_purged_floors":[],"is_endless":false,"potions_floor_spawned":[1,4],"killed_by":"The Guardian","ascension_level":20}}