{"host":"vgoo8hagqzs0eqkg","time":1611485789,"event":{"mods":["BaseMod","Downfall","Minty Spire (QoL Compilation)","Quick Restart","StSLib"],"gold_per_floor":[99,99,99,99,99,199,224,374,274,290,304,304,318,353,370,370,370,370],"floor_reached":16,"language":"ZHS","playtime":641,"items_purged":[],"score":98,"play_id":"cf66f5ad-1434-4fee-89f6-919d89615a2b","local_time":"20210124185629","is_ascension_mode":false,"campfire_choices":[{"floor":1,"key":"RECALL"},{"data":"Guardian:TwinSlam","floor":9,"key":"SMITH"},{"floor":12,"key":"REST"}],"circlet_count":0,"master_deck":["Guardian:Strike_Guardian","Guardian:Strike_Guardian","Guardian:Defend_Guardian","Guardian:Defend_Guardian","Guardian:Defend_Guardian","Guardian:Defend_Guardian","Guardian:CurlUp","Guardian:TwinSlam+1","Guardian:CrystalBeam","Guardian:Suspension+1","Guardian:TimeSifter","Guardian:ChargeUp","downfall:Icky","Guardian:PrismaticBarrier","Guardian:WalkerClaw","Guardian:Gem_Cyan","Guardian:VentSteam"],"relics":["Guardian:ModeShifter","downfall:HeartsMalice","Regal Pillow","downfall:HeartBlessingRed","MealTicket"],"acts_visited":["Exordium"],"potions_floor_usage":[16],"damage_taken":[{"damage":0,"enemies":"Jaw Worm","floor":2,"turns":1},{"damage":0,"enemies":"2 Louse","floor":3,"turns":1},{"damage":0,"enemies":"Cultist","floor":4,"turns":1},{"damage":36,"enemies":"downfall:Heads","floor":6,"turns":7},{"damage":2,"enemies":"3 Louse","floor":10,"turns":3},{"damage":1,"enemies":"2 Fungi Beasts","floor":11,"turns":3},{"damage":2,"enemies":"Large Slime","floor":13,"turns":5},{"damage":16,"enemies":"Gremlin Nob","floor":14,"turns":4},{"damage":10,"enemies":"Exordium Wildlife","floor":15,"turns":4},{"damage":63,"enemies":"SI_SHIV_ARCHETYPE","floor":16,"turns":10}],"seed_played":"1933869000653631432","potions_obtained":[{"floor":6,"key":"Weak Potion"},{"floor":10,"key":"ColorlessPotion"},{"floor":11,"key":"DuplicationPotion"},{"floor":13,"key":"LiquidMemories"}],"is_trial":false,"path_per_floor":["R","M","M","M","?","?","T","?","R","M","M","R","M","E","M","B"],"character_chosen":"GUARDIAN","items_purchased":[],"campfire_rested":1,"item_purchase_floors":[],"current_hp_per_floor":[80,80,80,80,85,49,49,49,49,47,46,85,83,67,57,0,0,0],"gold":370,"neow_bonus":"THREE_ENEMY_KILL","is_daily":false,"chose_seed":false,"campfire_upgraded":1,"win_rate":0.0,"timestamp":1611485789,"path_taken":["R","M","M","M","?","?","T","?","R","?","?","R","M","E","M","BOSS"],"items_purchased_type":[],"build_version":"2020-12-22","purchased_purges":0,"victory":false,"max_hp_per_floor":[80,80,80,80,85,85,85,85,85,85,85,85,85,85,85,85,85,85],"card_choices":[{"not_picked":["Guardian:GuardianWhirl","Guardian:Gem_Blue"],"picked":"Guardian:Gem_Red","floor":2},{"not_picked":["Guardian:ShieldCharger","Guardian:TemporalShield"],"picked":"Guardian:CrystalBeam","floor":3},{"not_picked":["Guardian:CrystalBeam","Guardian:Reroute"],"picked":"Guardian:Suspension","floor":4},{"not_picked":["Guardian:TemporalShield","Guardian:TimeCapacitor"],"picked":"Guardian:ChargeUp","floor":6},{"not_picked":["Guardian:Incinerate","Guardian:TemporalShield","Guardian:EvasiveProtocol"],"picked":"SKIP","floor":10},{"not_picked":["Guardian:VentSteam","Guardian:Suspension"],"picked":"Guardian:PrismaticBarrier","floor":11},{"not_picked":["Guardian:Incinerate","Guardian:ShieldCharger"],"picked":"Guardian:WalkerClaw","floor":13},{"not_picked":["Guardian:RollAttack","Guardian:Suspension"],"picked":"Guardian:Gem_Cyan","floor":14},{"not_picked":["Guardian:PrimingBeam","Guardian:RollAttack"],"picked":"Guardian:VentSteam","floor":15}],"player_experience":452362,"relics_obtained":[{"floor":7,"key":"Regal Pillow"},{"floor":14,"key":"MealTicket"}],"event_choices":[{"damage_healed":0,"gold_gain":0,"player_choice":"Donut","damage_taken":0,"max_hp_gain":5,"max_hp_loss":0,"event_name":"Big Fish","floor":5,"gold_loss":0}],"is_beta":false,"boss_relics":[],"items_purged_floors":[],"is_endless":false,"potions_floor_spawned":[6,10,11,13],"killed_by":"SI_SHIV_ARCHETYPE","ascension_level":0}}