{"host":"rx4dvj46as2nh7wl","time":1611506410,"event":{"mods":["100% Spire Juice","ATMod(°¢èªMod)","Act Like it!","BaseMod","BetterRewards","Defective Defect","Dota2Spire","Friendly Minions","Gensokyo","GifTheSpireLib","HololiveMod","Hubris","KomeijiMod","Lobotomy","Minty Spire (QoL Compilation)","Permanent Neow","Relic Stats","Replay The Spire","Spicy Shops","StSLib","The Alterego","WarShipGirlsR/Õ½½¢ÉÙÅ®R mod","Yakumo Yukari mod","vexMod"],"gold_per_floor":[115,128,140,152,170,195,214,214,214],"floor_reached":8,"language":"ZHS","playtime":1081,"items_purged":[],"score":62,"play_id":"9a76b1f1-72e7-4a66-8363-03e84325db48","local_time":"20210125004010","is_ascension_mode":false,"campfire_choices":[],"circlet_count":0,"master_deck":["alterego_mod:Strike","alterego_mod:Strike","alterego_mod:Strike","alterego_mod:Strike","alterego_mod:Defend","alterego_mod:Defend","alterego_mod:Defend","alterego_mod:Defend","alterego_mod:Impale","alterego_mod:BigMeatyClaws","alterego_mod:BrynhildrsRune","AT_FamilyPortrait","alterego_mod:Rip","LaLuna","MeatLantern","alterego_mod:Bounce","BlackArmy","alterego_mod:Swimsuit","alterego_mod:1TonWallop","Scorched","VoidDream","alterego_mod:Belle","WallGazer","alterego_mod:Collar","OSAHOGD","alterego_mod:GoddessCore"],"relics":["alterego_mod:MasochisticConstitution","AT_ATBox","CogitoBucket","Dota2Spire:Desolator","TreeSap"],"acts_visited":["Exordium"],"potions_floor_usage":[],"damage_taken":[{"damage":7,"enemies":"Cultist","floor":1,"turns":6},{"damage":0,"enemies":"2 Louse","floor":2,"turns":2},{"damage":0,"enemies":"Jaw Worm","floor":3,"turns":5},{"damage":6,"enemies":"Blue Slaver","floor":4,"turns":4},{"damage":0,"enemies":"Large Slime","floor":5,"turns":3},{"damage":44,"enemies":"Lagavulin","floor":6,"turns":5},{"damage":14,"enemies":"Exordium Thugs","floor":7,"turns":3},{"damage":30,"enemies":"3 Sentries","floor":8,"turns":2}],"seed_played":"5496399293882250041","potions_obtained":[{"floor":1,"key":"Dota2Spire:HealingSalve"},{"floor":4,"key":"Reflective Coating"}],"is_trial":false,"path_per_floor":["M","M","M","M","M","E","M","E"],"character_chosen":"The_Alterego","items_purchased":[],"campfire_rested":0,"item_purchase_floors":[],"current_hp_per_floor":[64,64,64,59,60,18,7,0,0],"gold":214,"neow_bonus":"","is_daily":false,"chose_seed":false,"campfire_upgraded":0,"win_rate":0.0,"timestamp":1611506410,"path_taken":["M","M","M","M","M","E","?","E"],"items_purchased_type":[],"build_version":"2020-12-22","purchased_purges":0,"victory":false,"max_hp_per_floor":[71,71,71,72,72,73,74,74,74],"relic_stats":{"counters":[9,31],"obtain_stats":[{"alterego_mod:MasochisticConstitution":0,"CogitoBucket":0,"AT_ATBox":0,"TreeSap":7,"Dota2Spire:Desolator":6},{"alterego_mod:MasochisticConstitution":0,"CogitoBucket":0,"AT_ATBox":0,"TreeSap":8,"Dota2Spire:Desolator":6},{"alterego_mod:MasochisticConstitution":0,"CogitoBucket":0,"AT_ATBox":0,"TreeSap":29,"Dota2Spire:Desolator":25}]},"card_choices":[{"not_picked":["alterego_mod:Mirror","alterego_mod:Birthday"],"picked":"alterego_mod:Rip","floor":1},{"not_picked":["MHz","CrumblingArmor"],"picked":"LaLuna","floor":1},{"not_picked":["Bloodbath","BeautyBeast"],"picked":"MeatLantern","floor":2},{"not_picked":["alterego_mod:TrashNCrash","alterego_mod:MagicResistance"],"picked":"alterego_mod:Bounce","floor":2},{"not_picked":["MHz","GalaxyChild"],"picked":"BlackArmy","floor":3},{"not_picked":["alterego_mod:Cycle","alterego_mod:Table"],"picked":"alterego_mod:Swimsuit","floor":3},{"not_picked":["alterego_mod:DustData","alterego_mod:Maid"],"picked":"alterego_mod:1TonWallop","floor":4},{"not_picked":["BeautyBeast","SpiderBud"],"picked":"Scorched","floor":4},{"not_picked":["NakedNest","HeroicMonk"],"picked":"VoidDream","floor":5},{"not_picked":["alterego_mod:Mirror","alterego_mod:Table"],"picked":"alterego_mod:Belle","floor":5},{"not_picked":["Funeral","FairyFestival"],"picked":"WallGazer","floor":6},{"not_picked":["alterego_mod:Undulate","alterego_mod:Lingerie"],"picked":"alterego_mod:Collar","floor":6},{"not_picked":["PunishingBird","SpiderBud"],"picked":"OSAHOGD","floor":7},{"not_picked":["alterego_mod:Schoolgirl","alterego_mod:BreastValley"],"picked":"alterego_mod:GoddessCore","floor":7}],"player_experience":166748,"relics_obtained":[{"floor":6,"key":"Dota2Spire:Desolator"}],"event_choices":[],"is_beta":false,"boss_relics":[],"items_purged_floors":[],"is_endless":false,"potions_floor_spawned":[1,4],"killed_by":"3 Sentries","ascension_level":0}}