{"host":"3dvzuba0ymfilitz","time":1611497539,"event":{"mods":["AchievementEnabler","BaseMod","Colored Powertips","Minty Spire (QoL Compilation)"],"gold_per_floor":[117,117,117,129,143,175,175,12,39,67,67,83,83,100,100,177,177,190,190,74,89,89,89,114,124,148,148,22,22,55,66,66,140,140,152,164,212,86,103,129,149,15,38,38,38,38,0,17,17,17],"floor_reached":51,"language":"ENG","playtime":4532,"items_purged":["Writhe","Strike_B","Strike_B","Strike_B+1"],"score":1421,"play_id":"e864f470-8bb6-4434-a082-fc2cd454b2c1","local_time":"20210124121219","is_ascension_mode":true,"campfire_choices":[{"floor":7.0,"key":"REST"},{"data":"Creative AI","floor":11.0,"key":"SMITH"},{"data":"Biased Cognition","floor":13.0,"key":"SMITH"},{"data":"Doom and Gloom","floor":15.0,"key":"SMITH"},{"data":"Loop","floor":23.0,"key":"SMITH"},{"floor":27.0,"key":"REST"},{"floor":32.0,"key":"REST"},{"floor":44,"key":"REST"},{"floor":49,"key":"REST"}],"circlet_count":0,"master_deck":["AscendersBane","Defend_B","Defend_B","Defend_B+1","Zap","Dualcast","Ball Lightning","Hologram+1","Ball Lightning","Machine Learning","Creative AI+1","Reinforced Body","Biased Cognition+1","Doom and Gloom+1","Conserve Battery","Echo Form","Cold Snap","Loop+1","Compile Driver+1","Redo","Tempest","Heatsinks","Glacier+1","Storm","Seek","Cold Snap+1","Steam Power+1","Lockon","Glacier","Creative AI","Doom and Gloom","FTL","Ball Lightning"],"relics":["Nuclear Battery","Smiling Mask","Akabeko","Bag of Preparation","Snecko Eye","MawBank","Orichalcum","Juzu Bracelet","Blue Candle","Calling Bell","Art of War","Mercury Hourglass","WingedGreaves","Du-Vu Doll","Ancient Tea Set","War Paint","Red Mask"],"acts_visited":["Exordium","TheCity","TheBeyond"],"potions_floor_usage":[],"damage_taken":[{"damage":3.0,"enemies":"2 Louse","floor":1.0,"turns":3.0},{"damage":9.0,"enemies":"Small Slimes","floor":4.0,"turns":4.0},{"damage":0.0,"enemies":"Cultist","floor":5.0,"turns":2.0},{"damage":17.0,"enemies":"Lagavulin","floor":6.0,"turns":6.0},{"damage":9.0,"enemies":"3 Sentries","floor":10.0,"turns":5.0},{"damage":1.0,"enemies":"Blue Slaver","floor":12.0,"turns":2.0},{"damage":4.0,"enemies":"Large Slime","floor":14.0,"turns":4.0},{"damage":0.0,"enemies":"Slime Boss","floor":16.0,"turns":5.0},{"damage":16.0,"enemies":"Shell Parasite","floor":18.0,"turns":4.0},{"damage":8.0,"enemies":"2 Thieves","floor":21.0,"turns":2.0},{"damage":27.0,"enemies":"Book of Stabbing","floor":24.0,"turns":6.0},{"damage":0.0,"enemies":"Chosen and Byrds","floor":25.0,"turns":3.0},{"damage":38.0,"enemies":"Slavers","floor":30.0,"turns":3.0},{"damage":2.0,"enemies":"Centurion and Healer","floor":31.0,"turns":4.0},{"damage":20.0,"enemies":"Collector","floor":33.0,"turns":5.0},{"damage":0.0,"enemies":"Orb Walker","floor":35.0,"turns":4.0},{"damage":4.0,"enemies":"3 Shapes","floor":36.0,"turns":5.0},{"damage":0.0,"enemies":"2 Orb Walkers","floor":37.0,"turns":5.0},{"damage":0.0,"enemies":"Jaw Worm Horde","floor":39.0,"turns":3.0},{"damage":17.0,"enemies":"Giant Head","floor":40.0,"turns":7.0},{"damage":10,"enemies":"3 Darklings","floor":41,"turns":5},{"damage":0,"enemies":"Writhing Mass","floor":48,"turns":4},{"damage":58,"enemies":"Awakened One","floor":50,"turns":11}],"seed_played":"-565657614297942255","potions_obtained":[{"floor":1.0,"key":"LiquidMemories"},{"floor":6.0,"key":"Block Potion"},{"floor":10.0,"key":"AttackPotion"},{"floor":14.0,"key":"FearPotion"},{"floor":18.0,"key":"AttackPotion"},{"floor":25.0,"key":"Swift Potion"},{"floor":31.0,"key":"AttackPotion"},{"floor":33.0,"key":"Block Potion"},{"floor":37.0,"key":"AttackPotion"},{"floor":41,"key":"SneckoOil"},{"floor":48,"key":"SkillPotion"}],"is_trial":false,"path_per_floor":["M","?","?","M","M","E","R","$","T","E","R","M","R","M","R","B",null,"M","?","$","M","?","R","E","M","T","R","$","?","E","M","R","B",null,"M","M","?","$","M","E","M","$","T","R","?","?","?","M","R","B",null],"character_chosen":"DEFECT","items_purchased":["Creative AI","Reinforced Body","Loop","Heatsinks","Lockon","Doom and Gloom"],"campfire_rested":5,"item_purchase_floors":[8,8,20,28,38,42],"current_hp_per_floor":[61,40,40,31,31,14,35,35,35,26,26,25,25,21,21,21,59,43,43,43,35,49,49,22,22,22,43,43,43,5,3,24,4,54,54,50,50,50,50,33,23,23,23,44,44,44,44,44,64,6],"gold":17,"neow_bonus":"BOSS_RELIC","is_daily":false,"chose_seed":false,"campfire_upgraded":4,"win_rate":0.0,"timestamp":1611497539,"path_taken":["M","?","?","M","?","E","R","$","T","E","R","M","R","M","R","BOSS","M","?","$","M","?","R","E","M","T","R","$","?","E","M","R","BOSS","M","M","?","$","M","E","M","$","T","R","?","?","?","M","R","BOSS"],"items_purchased_type":["Card","Card","Card","Card","Card","Card"],"build_version":"2020-12-22","purchased_purges":4,"victory":true,"max_hp_per_floor":[71,71,71,71,71,71,71,71,71,71,71,71,71,71,71,71,71,71,71,71,71,71,71,71,71,71,71,71,71,71,71,71,71,71,71,71,71,71,71,71,71,71,71,71,67,67,67,67,67,67],"card_choices":[{"not_picked":["Loop","Compile Driver"],"picked":"Ball Lightning","floor":1.0},{"not_picked":["Rebound","Gash"],"picked":"Hologram","floor":4.0},{"not_picked":["Fusion","Reprogram"],"picked":"Ball Lightning","floor":5.0},{"not_picked":["Lockon","Cold Snap"],"picked":"Machine Learning","floor":6.0},{"not_picked":["Barrage","Steam"],"picked":"Biased Cognition","floor":10.0},{"not_picked":["Beam Cell","Compile Driver"],"picked":"Doom and Gloom","floor":12.0},{"not_picked":["Stack","Rip and Tear"],"picked":"Conserve Battery","floor":14.0},{"not_picked":["Biased Cognition","Thunder Strike"],"picked":"Echo Form","floor":16.0},{"not_picked":["Leap+1","Stack"],"picked":"Cold Snap","floor":18.0},{"not_picked":["Hologram","Rip and Tear+1"],"picked":"Compile Driver+1","floor":21.0},{"not_picked":["Gash","Leap"],"picked":"Redo","floor":24.0},{"not_picked":["Gash","Reinforced Body+1"],"picked":"Tempest","floor":25.0},{"not_picked":["Recycle","Scrape"],"picked":"Glacier","floor":30.0},{"not_picked":["Hologram+1","Barrage"],"picked":"Storm","floor":31.0},{"not_picked":["Machine Learning","Hyperbeam"],"picked":"Seek","floor":33.0},{"not_picked":["Gash","Leap+1"],"picked":"Cold Snap+1","floor":35.0},{"not_picked":["Conserve Battery","FTL+1","Reinforced Body"],"picked":"SKIP","floor":36.0},{"not_picked":["Barrage","Static Discharge"],"picked":"Steam Power+1","floor":37.0},{"not_picked":["Scrape","Tempest","Leap"],"picked":"SKIP","floor":39.0},{"not_picked":["Reinforced Body","Skim+1"],"picked":"Glacier","floor":40.0},{"not_picked":["Auto Shields","Steam"],"picked":"Creative AI","floor":41},{"not_picked":["Hello World","Sweeping Beam"],"picked":"Ball Lightning","floor":48}],"player_experience":697704,"relics_obtained":[{"floor":6.0,"key":"Smiling Mask"},{"floor":9.0,"key":"Akabeko"},{"floor":10.0,"key":"Bag of Preparation"},{"floor":24.0,"key":"Orichalcum"},{"floor":26.0,"key":"Juzu Bracelet"},{"floor":30.0,"key":"Blue Candle"},{"floor":34.0,"key":"Art of War"},{"floor":34.0,"key":"Mercury Hourglass"},{"floor":34.0,"key":"WingedGreaves"},{"floor":37.0,"key":"Du-Vu Doll"},{"floor":40.0,"key":"Ancient Tea Set"},{"floor":43,"key":"War Paint"}],"event_choices":[{"damage_healed":0.0,"max_hp_gain":0.0,"max_hp_loss":0.0,"gold_gain":0.0,"event_name":"Shining Light","player_choice":"Entered Light","floor":2.0,"gold_loss":0.0,"damage_taken":21.0,"cards_upgraded":["Defend_B","Strike_B"]},{"cards_removed":["Strike_B"],"damage_healed":0.0,"max_hp_gain":0.0,"max_hp_loss":0.0,"gold_gain":0.0,"event_name":"Bonfire Elementals","player_choice":"Offered Basic","floor":3.0,"gold_loss":0.0,"damage_taken":0.0},{"damage_healed":0.0,"max_hp_gain":0.0,"max_hp_loss":0.0,"gold_gain":0.0,"event_name":"The Mausoleum","player_choice":"Opened","floor":19.0,"gold_loss":0.0,"damage_taken":0.0,"relics_obtained":["MawBank"],"cards_obtained":["Writhe"]},{"damage_healed":14.0,"max_hp_gain":0.0,"max_hp_loss":0.0,"gold_gain":0.0,"event_name":"The Library","player_choice":"Heal","floor":22.0,"gold_loss":0.0,"damage_taken":0.0},{"damage_healed":0.0,"max_hp_gain":0.0,"max_hp_loss":0.0,"gold_gain":0.0,"event_name":"Vampires","player_choice":"Ignored","floor":29.0,"gold_loss":0.0,"damage_taken":0.0},{"damage_healed":0.0,"max_hp_gain":0.0,"max_hp_loss":0.0,"gold_gain":0.0,"event_name":"Mysterious Sphere","player_choice":"Fight","floor":37.0,"gold_loss":0.0,"damage_taken":0.0},{"damage_healed":0,"gold_gain":0,"player_choice":"Max HP","damage_taken":0,"max_hp_gain":0,"max_hp_loss":4,"event_name":"Winding Halls","floor":45,"gold_loss":0},{"damage_healed":0,"gold_gain":0,"cards_transformed":["Defend_B"],"player_choice":"Transformed","damage_taken":0,"max_hp_gain":0,"max_hp_loss":0,"event_name":"Transmorgrifier","floor":46,"gold_loss":0,"cards_obtained":["FTL"]},{"damage_healed":0,"gold_gain":0,"player_choice":"Paid","damage_taken":0,"relics_obtained":["Red Mask"],"max_hp_gain":0,"max_hp_loss":0,"event_name":"Tomb of Lord Red Mask","floor":47,"gold_loss":38}],"is_beta":false,"boss_relics":[{"not_picked":["Runic Pyramid","Sozu"],"picked":"Snecko Eye"},{"not_picked":["Empty Cage","Busted Crown"],"picked":"Calling Bell"}],"items_purged_floors":[20,28,38,42],"is_endless":false,"potions_floor_spawned":[1,6,10,14,18,25,31,33,37,39,41,48],"ascension_level":18}}