{"host":"d7fiu2yjkssjxoz6","time":1611450705,"event":{"mods":["AchievementEnabler","BaseMod","Duelist Mod","Minty Spire (QoL Compilation)","StSLib"],"gold_per_floor":[143,160,214,23,33,33,50,81,105,123,123,141,170,195,195,297,297,313,313,325,357,357,357],"floor_reached":22,"language":"ENG","playtime":1283,"items_purged":[],"score":323,"play_id":"c467005f-15e8-42fc-9697-1ab7b3887ffa","local_time":"20210123171145","is_ascension_mode":true,"campfire_choices":[{"data":"theDuelist:SuperheavyOgre","floor":6.0,"key":"SMITH"},{"data":"theDuelist:SwordsConcealing","floor":11.0,"key":"SMITH"},{"floor":15.0,"key":"REST"}],"circlet_count":0,"master_deck":["theDuelist:CastleWalls","theDuelist:CastleWalls","theDuelist:ColossalFighter","theDuelist:CommandKnight","theDuelist:FeedbackWarrior","theDuelist:FeedbackWarrior","theDuelist:MightyWarrior","theDuelist:Sparks","theDuelist:Sparks","theDuelist:SuperheavySoulbuster","Finesse","theDuelist:SuperheavyOgre+1","theDuelist:SuperheavySoulbuster","theDuelist:AttackTheMoon","theDuelist:MeteorDestruction","theDuelist:BullBlader","theDuelist:SwordsConcealing+1","theDuelist:ChaosSeed+1","theDuelist:PowerGiant","theDuelist:SuperheavyMagnet","theDuelist:SuperheavyGeneral","theDuelist:ScrapFactory","theDuelist:Gandora","theDuelist:Nameless:Greed:GracefulCharity","theDuelist:Overworked+1","theDuelist:ImperialOrder","theDuelist:DeltaAttacker"],"relics":["theDuelist:MillenniumPuzzle","theDuelist:CardPoolRelic","theDuelist:CardPoolBasicRelic","theDuelist:BoosterPackPoolRelic","theDuelist:CardPoolAddRelic","theDuelist:CardPoolMinusRelic","theDuelist:CardPoolSaveRelic","theDuelist:CardPoolOptionsRelic","Anchor","theDuelist:MillenniumSymbol","Question Card","Red Skull","Dream Catcher","Nunchaku","Velvet Choker"],"acts_visited":["Exordium","TheCity"],"potions_floor_usage":[21],"damage_taken":[{"damage":6.0,"enemies":"Cultist","floor":1.0,"turns":3.0},{"damage":3.0,"enemies":"Jaw Worm","floor":2.0,"turns":2.0},{"damage":0.0,"enemies":"Small Slimes","floor":5.0,"turns":3.0},{"damage":13.0,"enemies":"Exordium Thugs","floor":7.0,"turns":6.0},{"damage":22.0,"enemies":"3 Sentries","floor":8.0,"turns":5.0},{"damage":0.0,"enemies":"Red Slaver","floor":10.0,"turns":2.0},{"damage":0.0,"enemies":"2 Fungi Beasts","floor":12.0,"turns":2.0},{"damage":0.0,"enemies":"Gremlin Nob","floor":13.0,"turns":3.0},{"damage":34.0,"enemies":"Slime Boss","floor":16.0,"turns":9.0},{"damage":0,"enemies":"Chosen","floor":18,"turns":5},{"damage":10,"enemies":"2 Thieves","floor":20,"turns":2},{"damage":10,"enemies":"Cultist and Chosen","floor":21,"turns":7},{"damage":52,"enemies":"Snecko","floor":22,"turns":4}],"seed_played":"-5362746467493248460","potions_obtained":[{"floor":5.0,"key":"Strength Potion"},{"floor":7.0,"key":"theDuelist:VampireVial"},{"floor":12.0,"key":"theDuelist:TokenPotionB"}],"is_trial":false,"path_per_floor":["M","M","T","$","M","R","M","E","T","M","R","M","E","T","R","B",null,"M","?","M","M","M"],"character_chosen":"THE_DUELIST","items_purchased":["theDuelist:MillenniumSymbol","theDuelist:SuperheavySoulbuster"],"campfire_rested":1,"item_purchase_floors":[4,4],"current_hp_per_floor":[74,71,71,71,71,71,58,36,36,36,36,36,36,36,62,28,73,73,65,55,45,0,0],"gold":357,"neow_bonus":"TEN_PERCENT_HP_BONUS","is_daily":false,"chose_seed":false,"campfire_upgraded":2,"win_rate":0.0,"timestamp":1611450705,"path_taken":["M","M","?","$","?","R","M","E","T","M","R","M","E","?","R","BOSS","M","?","M","M","M"],"items_purchased_type":["Relic","Card"],"build_version":"2020-12-22","purchased_purges":0,"victory":false,"max_hp_per_floor":[88,88,88,88,88,88,88,88,88,88,88,88,88,88,88,88,88,88,88,88,88,88,88],"card_choices":[{"not_picked":["Dark Shackles","Enlightenment","PanicButton"],"picked":"Finesse","floor":1.0},{"not_picked":["theDuelist:AfterTheStorm","theDuelist:SuperheavyMagnet","theDuelist:MeteorDestruction","theDuelist:MightyWarrior"],"picked":"theDuelist:SuperheavyOgre","floor":2.0},{"not_picked":["theDuelist:ClearKuriboh","theDuelist:EarthquakeGiant","theDuelist:HammerShot","theDuelist:ForbiddenLance"],"picked":"theDuelist:AttackTheMoon","floor":5.0},{"not_picked":["theDuelist:GoyoChaser","theDuelist:ColossalFighter","theDuelist:SuperheavySwordsman","theDuelist:SoldierLady"],"picked":"theDuelist:MeteorDestruction","floor":7.0},{"not_picked":["theDuelist:BetaMagnet","theDuelist:HardArmor","theDuelist:SuperheavyOgre","theDuelist:CircleFireKings"],"picked":"theDuelist:BullBlader","floor":8.0},{"not_picked":["theDuelist:BladeArmorNinja","theDuelist:DokiDoki","theDuelist:DarkGrepher","theDuelist:GoyoEmperor"],"picked":"theDuelist:SwordsConcealing","floor":10.0},{"not_picked":["theDuelist:MeteorDestruction+1","theDuelist:MagnumShield+1","theDuelist:LegendaryBlackBelt+1","theDuelist:LightningBlade+1"],"picked":"theDuelist:ChaosSeed+1","floor":12.0},{"not_picked":["theDuelist:ClearKuriboh","theDuelist:BigKoala","theDuelist:PotGreed","theDuelist:GauntletWarrior"],"picked":"theDuelist:PowerGiant","floor":13.0},{"not_picked":["theDuelist:CyberRaider","theDuelist:FortressWarrior","theDuelist:HardArmor"],"picked":"theDuelist:SuperheavyMagnet","floor":15.0},{"not_picked":["theDuelist:HiddenArmory","theDuelist:GravityLash","theDuelist:LightningBlade","theDuelist:SwordsConcealing"],"picked":"theDuelist:SuperheavyGeneral","floor":16.0},{"not_picked":["theDuelist:CombinationAttack","theDuelist:MeteorDestruction","theDuelist:EgoBoost","theDuelist:AdvanceForce"],"picked":"theDuelist:ScrapFactory","floor":18},{"not_picked":["theDuelist:ReadyForIntercepting","theDuelist:BattleguardHowling","theDuelist:CommanderSwords","theDuelist:ReinforceTruth"],"picked":"theDuelist:ImperialOrder","floor":20},{"not_picked":["theDuelist:RockstoneWarrior","theDuelist:FortressWarrior","theDuelist:SuperheavyGeneral","theDuelist:GladiatorReturn+1"],"picked":"theDuelist:DeltaAttacker","floor":21}],"player_experience":249226,"relics_obtained":[{"floor":3.0,"key":"Anchor"},{"floor":8.0,"key":"Question Card"},{"floor":9.0,"key":"Red Skull"},{"floor":13.0,"key":"Dream Catcher"},{"floor":14.0,"key":"Nunchaku"}],"event_choices":[{"power_reward":1,"total_magic_score":49,"gold_gain":0,"greed_reward":4,"duelist":true,"damage_taken":8,"relics_obtained":[],"points":9,"war_reward":4,"max_hp_gain":0,"max_hp_loss":0,"spent_points":{"magic":0,"greed":4,"war":4,"power":1,"hunger":0},"event_name":"Nameless Tomb","floor":19,"gold_loss":0,"cards_obtained":["theDuelist:Gandora","theDuelist:Nameless:Greed:GracefulCharity","theDuelist:Overworked"]}],"is_beta":false,"boss_relics":[{"not_picked":["Runic Cube","Runic Dome"],"picked":"Velvet Choker"}],"items_purged_floors":[],"is_endless":false,"potions_floor_spawned":[5,7,12,13,16],"killed_by":"Snecko","ascension_level":9}}