{"host":"5v9rfzf5qju8k9wy","time":1611493028,"event":{"mods":["Act Like it!","BaseMod","Decade(王小明)","Downfall","Hermit","Koishi","Marisa（F雨　魔理沙）","Minty Spire (QoL Compilation)","StSLib","The Bug Knight","The Cursed"],"gold_per_floor":[117,117,117,117,8,8,23,23,23,61,61,104,123,123,123,123,123],"floor_reached":16,"language":"ZHS","playtime":450,"items_purged":["TheCursedMod:Strike_TheCursed"],"score":131,"play_id":"39f0139e-f072-463a-9f61-0c102b6fb2b8","local_time":"20210124205708","is_ascension_mode":false,"campfire_choices":[{"data":"TheCursedMod:StingEye","floor":6,"key":"SMITH"},{"data":"TheCursedMod:HellfireBreathing","floor":8,"key":"SMITH"},{"data":"TheCursedMod:CursedWand","floor":11,"key":"SMITH"},{"data":"TheCursedMod:Wield","floor":15,"key":"SMITH"}],"circlet_count":0,"master_deck":["TheCursedMod:Strike_TheCursed","TheCursedMod:Strike_TheCursed","TheCursedMod:Strike_TheCursed","TheCursedMod:Defend_TheCursed","TheCursedMod:Defend_TheCursed","TheCursedMod:Defend_TheCursed+1","TheCursedMod:CursedWand+1","TheCursedMod:CleanUpWorkshop+1","TheCursedMod:Dregs","TheCursedMod:StingEye+1","Injury","Regret","TheCursedMod:HellfireBreathing+1","TheCursedMod:CursedBlade","TheCursedMod:SpitefulStrike","TheCursedMod:Wield+1","TheCursedMod:CursedAmulet"],"relics":["TheCursedMod:BlackMagic101","NeowsBlessing","Golden Idol","Centennial Puzzle","Pantograph","TheCursedMod:Tack","Vajra"],"acts_visited":["Exordium"],"potions_floor_usage":[],"damage_taken":[{"damage":0,"enemies":"2 Louse","floor":1,"turns":1},{"damage":0,"enemies":"Small Slimes","floor":7,"turns":1},{"damage":0,"enemies":"3 Sentries","floor":10,"turns":1},{"damage":4,"enemies":"Lagavulin","floor":12,"turns":4},{"damage":0,"enemies":"Jaw Worm","floor":13,"turns":2},{"damage":18,"enemies":"Hexaghost","floor":16,"turns":4}],"seed_played":"5534687253671147513","potions_obtained":[{"floor":12,"key":"Strength Potion"},{"floor":13,"key":"SmokeBomb"}],"is_trial":false,"path_per_floor":["M","?","?","?","$","R","M","R","T","E","R","E","M","?","R","B"],"character_chosen":"THE_CURSED","items_purchased":["TheCursedMod:HellfireBreathing"],"campfire_rested":0,"item_purchase_floors":[5],"current_hp_per_floor":[75,75,60,60,60,60,60,60,60,60,60,56,56,56,56,57,57],"gold":123,"neow_bonus":"THREE_ENEMY_KILL","is_daily":false,"chose_seed":false,"campfire_upgraded":4,"win_rate":0.0,"timestamp":1611493028,"path_taken":["M","?","?","?","?","R","?","R","T","E","R","E","M","?","R","BOSS"],"items_purchased_type":["Card"],"build_version":"2020-12-22","purchased_purges":1,"victory":false,"max_hp_per_floor":[75,75,75,75,75,75,75,75,75,75,75,75,75,75,75,75,75],"card_choices":[{"not_picked":["TheCursedMod:Stretching","TheCursedMod:AbyssShockwave"],"picked":"TheCursedMod:StingEye","floor":1},{"not_picked":["TheCursedMod:WearCloak","TheCursedMod:FleshFromBone"],"picked":"TheCursedMod:CursedBlade","floor":7},{"not_picked":["TheCursedMod:Stretching","TheCursedMod:StingEye"],"picked":"TheCursedMod:SpitefulStrike","floor":10},{"not_picked":["TheCursedMod:Neurasthenia","TheCursedMod:WearCloak"],"picked":"TheCursedMod:Wield","floor":12},{"not_picked":["TheCursedMod:FleshFromBone","TheCursedMod:RapidMovement"],"picked":"TheCursedMod:CursedAmulet","floor":13}],"player_experience":101171,"relics_obtained":[{"floor":9,"key":"Pantograph"},{"floor":10,"key":"TheCursedMod:Tack"},{"floor":12,"key":"Vajra"}],"event_choices":[{"damage_healed":0,"gold_gain":0,"player_choice":"Take Wound","damage_taken":0,"relics_obtained":["Golden Idol"],"max_hp_gain":0,"max_hp_loss":0,"event_name":"Golden Idol","floor":2,"gold_loss":0,"cards_obtained":["Injury"]},{"damage_healed":0,"gold_gain":0,"player_choice":"Entered Light","damage_taken":15,"max_hp_gain":0,"max_hp_loss":0,"event_name":"Shining Light","floor":3,"gold_loss":0,"cards_upgraded":["TheCursedMod:CleanUpWorkshop","TheCursedMod:Defend_TheCursed"]},{"damage_healed":0,"gold_gain":0,"player_choice":"Box","damage_taken":0,"relics_obtained":["Centennial Puzzle"],"max_hp_gain":0,"max_hp_loss":0,"event_name":"Big Fish","floor":4,"gold_loss":0,"cards_obtained":["Regret"]},{"cards_removed":["TheCursedMod:Defend_TheCursed"],"damage_healed":0,"gold_gain":0,"player_choice":"Forget","damage_taken":0,"max_hp_gain":0,"max_hp_loss":0,"event_name":"Living Wall","floor":14,"gold_loss":0}],"is_beta":false,"boss_relics":[],"items_purged_floors":[5],"is_endless":false,"potions_floor_spawned":[12,13],"killed_by":"Hexaghost","ascension_level":0}}