{"host":"j4g6ia6asvpyu2b0","time":1611514690,"event":{"mods":["BaseMod","Colored Map","Minty Spire (QoL Compilation)","Permanent Neow","Quick Restart","Relic Stats","StSLib","Unceasing Turn Reminder"],"gold_per_floor":[112,112,112,130,7,7,42,58,85,85,85],"floor_reached":10,"language":"ENG","playtime":201,"items_purged":[],"score":125,"play_id":"b13304f6-7661-454c-9983-4045c7edacf3","local_time":"20210124115810","is_ascension_mode":true,"campfire_choices":[{"data":"Defragment","floor":6,"key":"SMITH"}],"circlet_count":0,"master_deck":["AscendersBane","Strike_B","Strike_B","Strike_B","Defend_B","Defend_B","Defend_B","Defend_B","Zap","Dualcast","Compile Driver","Turbo","Capacitor","Defragment+1","Rip and Tear","Lockon","Coolheaded"],"relics":["Black Star","Art of War","Potion Belt","WingedGreaves","Orichalcum"],"acts_visited":["Exordium"],"potions_floor_usage":[7,7],"damage_taken":[{"damage":4,"enemies":"2 Louse","floor":1,"turns":4},{"damage":10,"enemies":"Small Slimes","floor":4,"turns":4},{"damage":21,"enemies":"Lagavulin","floor":7,"turns":8},{"damage":7,"enemies":"Jaw Worm","floor":8,"turns":2},{"damage":24,"enemies":"Gremlin Nob","floor":10,"turns":3}],"seed_played":"-6888844627350551847","potions_obtained":[{"floor":1,"key":"LiquidBronze"},{"floor":4,"key":"SpeedPotion"}],"is_trial":false,"path_per_floor":["M","?","?","M","$","R","E","M","T","E"],"character_chosen":"DEFECT","items_purchased":["Defragment","Rip and Tear"],"campfire_rested":0,"item_purchase_floors":[5,5],"current_hp_per_floor":[60,60,49,39,39,39,18,11,11,0,0],"gold":85,"neow_bonus":"BOSS_RELIC","is_daily":false,"chose_seed":false,"campfire_upgraded":1,"win_rate":0.0,"timestamp":1611514690,"path_taken":["M","?","?","M","$","R","E","M","T","E"],"items_purchased_type":["Card","Card"],"build_version":"2020-12-22","purchased_purges":0,"victory":false,"max_hp_per_floor":[71,71,71,71,71,71,71,71,71,71,71],"relic_stats":{"counters":[5,21],"Black Star":1,"Art of War":[5],"Orichalcum":[18],"obtain_stats":[{"Potion Belt":7,"WingedGreaves":7,"Black Star":0,"Art of War":3,"Orichalcum":9,"Cracked Core":0},{"Potion Belt":3,"WingedGreaves":3,"Black Star":0,"Art of War":1,"Orichalcum":4,"Cracked Core":0},{"Potion Belt":16,"WingedGreaves":16,"Black Star":0,"Art of War":4,"Orichalcum":18,"Cracked Core":0}]},"card_choices":[{"not_picked":["Beam Cell","Force Field"],"picked":"Compile Driver","floor":1},{"not_picked":["Gash","Redo"],"picked":"Capacitor","floor":4},{"not_picked":["Turbo","Go for the Eyes"],"picked":"Lockon","floor":7},{"not_picked":["Leap","Gash"],"picked":"Coolheaded","floor":8}],"player_experience":988965,"relics_obtained":[{"floor":7,"key":"Potion Belt"},{"floor":7,"key":"WingedGreaves"},{"floor":9,"key":"Orichalcum"}],"event_choices":[{"damage_healed":0,"gold_gain":0,"cards_transformed":["Strike_B"],"player_choice":"Change","damage_taken":0,"max_hp_gain":0,"max_hp_loss":0,"event_name":"Living Wall","floor":2,"gold_loss":0,"cards_obtained":["Turbo"]},{"damage_healed":0,"gold_gain":0,"player_choice":"Success","damage_taken":11,"relics_obtained":["Art of War"],"max_hp_gain":0,"max_hp_loss":0,"event_name":"Scrap Ooze","floor":3,"gold_loss":0}],"is_beta":false,"boss_relics":[],"items_purged_floors":[],"is_endless":false,"potions_floor_spawned":[1,4],"killed_by":"Gremlin Nob","ascension_level":18}}