{"host":"h1qktzcccqnez8tx","time":1611449546,"event":{"mods":["BaseMod","Block Reminder","Colored Map","Colored Powertips","Curses Come First","Highlight Path","Infinite Spire","Minty Spire (QoL Compilation)","Permanent Neow","Quick Restart","Replay The Spire","StSLib","The Jungle"],"gold_per_floor":[115,130,150,150,164,191,205,225,294,70,70,96,114,131,131,235,235,253,253,264,279,293,321,321,347,417,435,447,447,447,467,467,572,572,625,680,160,160,4,4,4],"floor_reached":40,"language":"ENG","playtime":1699,"items_purged":["Defend_R","Strike_R","Evolve"],"score":678,"play_id":"e7560421-30f4-4d8c-8a2e-db07cefccd3c","local_time":"20210124015226","is_ascension_mode":true,"campfire_choices":[{"data":"Cleave","floor":11,"key":"SMITH"},{"floor":15,"key":"REST"},{"floor":24,"key":"REST"},{"floor":29,"key":"REST"},{"floor":32,"key":"REST"}],"circlet_count":0,"master_deck":["Strike_R","Strike_R","Strike_R+1","Defend_R","Defend_R","Defend_R+1","Bash","Burning Pact","Perfected Strike","Shrug It Off","True Grit","Ghostly Armor","Battle Trance","Twin Strike","Cleave+1","Hemokinesis","Sword Boomerang","Hemogenesis","True Grit","Abandon","Clothesline","Shrug It Off","Sword Boomerang","Perfected Strike","ReplayTheSpireMod:Stacked","Feel No Pain","infinitespire:UltimateForm","Double Tap","Twin Strike","Perfected Strike+1","Fire Breathing","Wild Strike","Wild Strike","Enlightenment","Hemokinesis","Fire Breathing"],"relics":["infinitespire:Burning Sword","CultistMask","Red Skull","infinitespire:EmpoweringShard","BargainBundle","infinitespire:Satchel","Philosopher\u0027s Stone","Du-Vu Doll","Boot","Pantograph","Vajra","Black Star","infinitespire:EvilPickle","Simple Rune","Omamori","ReplayTheSpireMod:CursedCoin","DollysMirror"],"acts_visited":["Exordium","TheCity","TheBeyond"],"potions_floor_usage":[6,25,33,36],"damage_taken":[{"damage":6,"enemies":"Jaw Worm","floor":1,"turns":3},{"damage":1,"enemies":"Cultist","floor":2,"turns":3},{"damage":0,"enemies":"Small Slimes","floor":3,"turns":2},{"damage":2,"enemies":"Exordium Wildlife","floor":5,"turns":2},{"damage":29,"enemies":"Gremlin Nob","floor":6,"turns":4},{"damage":2,"enemies":"3 Louse","floor":7,"turns":3},{"damage":10,"enemies":"Lots of Slimes","floor":8,"turns":4},{"damage":6,"enemies":"3 Sentries","floor":12,"turns":3},{"damage":0,"enemies":"Exordium Thugs","floor":13,"turns":1},{"damage":2,"enemies":"Large Slime","floor":14,"turns":2},{"damage":40,"enemies":"The Guardian","floor":16,"turns":6},{"damage":24,"enemies":"Shell Parasite","floor":18,"turns":3},{"damage":16,"enemies":"Chosen","floor":20,"turns":2},{"damage":15,"enemies":"Shelled Parasite and Fungi","floor":21,"turns":3},{"damage":4,"enemies":"Snecko","floor":22,"turns":2},{"damage":20,"enemies":"Slavers","floor":23,"turns":3},{"damage":10,"enemies":"Book of Stabbing","floor":25,"turns":2},{"damage":2,"enemies":"Snake Plant","floor":27,"turns":2},{"damage":15,"enemies":"Shelled Parasite and Fungi","floor":28,"turns":3},{"damage":7,"enemies":"Snecko","floor":31,"turns":3},{"damage":80,"enemies":"Pondfish","floor":33,"turns":8},{"damage":2,"enemies":"3 Shapes","floor":35,"turns":2},{"damage":7,"enemies":"3 Darklings","floor":36,"turns":3},{"damage":76,"enemies":"Giant Head","floor":40,"turns":6}],"seed_played":"-8424453047533448323","potions_obtained":[{"floor":1,"key":"ColorlessPotion"},{"floor":2,"key":"Elixir"},{"floor":3,"key":"Venom Potion"},{"floor":8,"key":"Toxic Potion"},{"floor":23,"key":"HeartOfIron"},{"floor":27,"key":"Energy Potion"},{"floor":33,"key":"Fire Potion"}],"is_trial":false,"path_per_floor":["M","M","M","?","M","E","M","M","T","$","R","E","M","M","R","B",null,"M","?","M","M","M","E","R","E","T","M","M","R","AVR","M","R","B",null,"M","M","$","?","$","E"],"character_chosen":"IRONCLAD","items_purchased":["Cleave","BargainBundle","AttackPotion","Hemokinesis","Simple Rune","Fire Breathing","Wild Strike","Enlightenment","Omamori","ReplayTheSpireMod:CursedCoin","Strength Potion","DollysMirror"],"campfire_rested":4,"item_purchase_floors":[10,10,10,10,37,37,37,37,37,37,37,39],"current_hp_per_floor":[74,73,73,73,71,42,40,30,30,30,30,24,24,22,46,6,80,67,67,51,36,32,12,36,26,26,24,18,42,42,35,59,41,80,78,71,71,71,71,0,0],"gold":4,"neow_bonus":"BOSS_RELIC","is_daily":false,"chose_seed":false,"campfire_upgraded":1,"win_rate":0.0,"timestamp":1611449546,"path_taken":["M","M","M","?","M","E","M","M","T","$","R","E","M","?","R","BOSS","M","?","M","M","?","E","R","E","T","M","M","R","AVR","M","R","BOSS","M","M","$","?","?","E"],"items_purchased_type":["Card","Relic","Potion","Card","Relic","Card","Card","Card","Relic","Relic","Potion","Relic"],"build_version":"2020-12-22","purchased_purges":3,"victory":false,"max_hp_per_floor":[80,80,80,80,80,80,80,80,80,80,80,80,80,80,80,80,80,80,80,80,80,80,80,80,80,80,80,80,80,80,80,80,80,80,80,80,80,80,80,80,80],"card_choices":[{"not_picked":["ReplayTheSpireMod:LeadingStrike","infinitespire:OneForAll"],"picked":"Burning Pact","floor":1},{"not_picked":["Intimidate","Clash"],"picked":"Perfected Strike","floor":2},{"not_picked":["Limit Break","ReplayTheSpireMod:Muscle Training"],"picked":"Shrug It Off","floor":3},{"not_picked":["ReplayTheSpireMod:Stacked","Replay:Undeath\u0027s Touch"],"picked":"True Grit","floor":5},{"not_picked":["Iron Wave","ReplayTheSpireMod:Muscle Training"],"picked":"Ghostly Armor","floor":6},{"not_picked":["Flame Barrier","Armaments"],"picked":"Battle Trance","floor":7},{"not_picked":["Searing Blow","Flame Barrier"],"picked":"Twin Strike","floor":8},{"not_picked":["Bludgeon","Seeing Red"],"picked":"Sword Boomerang","floor":12},{"not_picked":["Blood for Blood","Anger","Sever Soul"],"picked":"SKIP","floor":13},{"not_picked":["Run Through","Intimidate","Carnage"],"picked":"SKIP","floor":14},{"not_picked":["Exhume","Corruption"],"picked":"Hemogenesis","floor":16},{"not_picked":["Replay:Undeath\u0027s Touch","Run Through"],"picked":"True Grit","floor":18},{"not_picked":["Heavy Blade+1","Armaments"],"picked":"Shrug It Off","floor":20},{"not_picked":["ReplayTheSpireMod:Limb From Limb+1","Flex","Run Through"],"picked":"SKIP","floor":21},{"not_picked":["ReplayTheSpireMod:Muscle Training","Ghostly Armor+1"],"picked":"Sword Boomerang","floor":22},{"not_picked":["Rampage","Reckless Charge"],"picked":"Perfected Strike","floor":23},{"not_picked":["Run Through","Replay:Undeath\u0027s Touch"],"picked":"ReplayTheSpireMod:Stacked","floor":25},{"not_picked":["Seeing Red","Iron Wave"],"picked":"Evolve","floor":27},{"not_picked":["Combust","Demon Form"],"picked":"Feel No Pain","floor":28},{"not_picked":["Heavy Blade","Anger","Run Through+1"],"picked":"SKIP","floor":31},{"not_picked":["Impervious","Demonic Infusion"],"picked":"Double Tap","floor":33},{"not_picked":["Combust","Replay:Undeath\u0027s Touch+1"],"picked":"Twin Strike","floor":35},{"not_picked":["Clothesline+1","ReplayTheSpireMod:Strike From Hell"],"picked":"Perfected Strike+1","floor":36}],"player_experience":110284,"relics_obtained":[{"floor":6,"key":"Red Skull"},{"floor":9,"key":"infinitespire:EmpoweringShard"},{"floor":12,"key":"infinitespire:Satchel"},{"floor":23,"key":"Du-Vu Doll"},{"floor":25,"key":"Boot"},{"floor":26,"key":"Pantograph"}],"event_choices":[{"damage_healed":0,"gold_gain":0,"player_choice":"Trade","damage_taken":0,"relics_obtained":["CultistMask"],"max_hp_gain":0,"max_hp_loss":0,"event_name":"FaceTrader","floor":4,"gold_loss":0},{"damage_healed":0,"gold_gain":0,"player_choice":"2 cards matched","damage_taken":0,"max_hp_gain":0,"max_hp_loss":0,"event_name":"Match and Keep!","floor":19,"gold_loss":0,"cards_obtained":["Abandon","Clothesline"]},{"damage_healed":0,"gold_gain":0,"cards_transformed":["Strike_R"],"player_choice":"Transformed","damage_taken":0,"max_hp_gain":0,"max_hp_loss":0,"event_name":"Transmorgrifier","floor":38,"gold_loss":0,"cards_obtained":["Hemokinesis"]}],"is_beta":false,"boss_relics":[{"not_picked":["Ectoplasm","Ooze Armor"],"picked":"Philosopher\u0027s Stone"},{"not_picked":["Calling Bell","Painkiller Herb"],"picked":"Black Star"}],"items_purged_floors":[10,30,37],"is_endless":false,"potions_floor_spawned":[1,2,3,8,20,22,23,27,31,33,35],"killed_by":"Giant Head","ascension_level":2}}