{"host":"41zuqv3z4fqqx8y0","time":1611449086,"event":{"mods":["BaseMod","Minty Spire (QoL Compilation)","Replay The Spire","StSLib","The Saiyan"],"gold_per_floor":[89,105,105,122,222,242,242,242,242,272,285,74,89,107,107,207,207,221,221,239,139,153,187,205,218,218,218,218],"floor_reached":27,"language":"FRA","playtime":2558,"items_purged":["Pain","Writhe"],"score":264,"play_id":"5093de10-11bf-4f2a-84e4-26a166dd90cf","local_time":"20210124014446","is_ascension_mode":false,"campfire_choices":[{"data":"Saiyan:Makankosappo","floor":8,"key":"SMITH"},{"data":"Saiyan:Rekindle","floor":15,"key":"SMITH"}],"circlet_count":0,"master_deck":["Saiyan:SAIYA_Strike","Saiyan:SAIYA_Strike","Saiyan:SAIYA_Defend","Saiyan:SAIYA_Defend","Saiyan:SAIYA_Defend","Saiyan:SAIYA_Defend","Saiyan:EnergyBlast","Saiyan:KaioKen","Saiyan:RuthlessBlow","Saiyan:Flurry","Saiyan:Makankosappo+1","Saiyan:ExpandingShockwave","Saiyan:PowerUp","Saiyan:Rekindle+1","Saiyan:Expend","Saiyan:Momentum","Saiyan:KiExplosion+1","Saiyan:Reset"],"relics":["SaiyanSoul","SaiyanHeart","WarpedTongs","Centennial Puzzle","InkBottle","Empty Cage","Potion Belt","Replay:Accelerometer","ReplayFunnel"],"acts_visited":["Exordium","TheCity"],"potions_floor_usage":[10,18,23,25,27],"damage_taken":[{"damage":0,"enemies":"Small Slimes","floor":1,"turns":3},{"damage":6,"enemies":"Cultist","floor":2,"turns":3},{"damage":0,"enemies":"Jaw Worm","floor":4,"turns":2},{"damage":1,"enemies":"Gremlin Gang","floor":6,"turns":5},{"damage":9,"enemies":"Gremlin Nob","floor":10,"turns":3},{"damage":0,"enemies":"2 Fungi Beasts","floor":11,"turns":2},{"damage":7,"enemies":"Exordium Thugs","floor":13,"turns":4},{"damage":0,"enemies":"Large Slime","floor":14,"turns":5},{"damage":1,"enemies":"The Guardian","floor":16,"turns":10},{"damage":17,"enemies":"Spheric Guardian","floor":18,"turns":6},{"damage":6,"enemies":"Shell Parasite","floor":20,"turns":7},{"damage":0,"enemies":"3 Cultists","floor":22,"turns":6},{"damage":4,"enemies":"Gremlin Leader","floor":23,"turns":6},{"damage":9,"enemies":"Sentry and Sphere","floor":24,"turns":10},{"damage":38,"enemies":"Snake Plant","floor":25,"turns":9},{"damage":27,"enemies":"Chosen and Byrds","floor":27,"turns":6}],"seed_played":"7655622438373036932","potions_obtained":[{"floor":4,"key":"Toxic Potion"},{"floor":10,"key":"LiquidMemories"},{"floor":11,"key":"Block Potion"},{"floor":20,"key":"Block Potion"},{"floor":23,"key":"Explosive Potion"},{"floor":25,"key":"FearPotion"}],"is_trial":false,"path_per_floor":["M","M","?","M","?","M","?","R","T","E","M","$","M","M","R","B",null,"M","?","M","$","M","E","M","M","T","M"],"character_chosen":"SAIYAJIN","items_purchased":["Saiyan:Rekindle"],"campfire_rested":0,"item_purchase_floors":[12],"current_hp_per_floor":[68,62,62,63,63,63,63,63,63,55,56,56,51,53,53,54,78,61,61,55,55,56,54,46,9,9,0,0],"gold":218,"neow_bonus":"TEN_PERCENT_HP_BONUS","is_daily":false,"chose_seed":false,"campfire_upgraded":2,"win_rate":0.0,"timestamp":1611449086,"path_taken":["M","M","?","?","?","?","?","R","T","E","M","$","M","M","R","BOSS","M","?","M","$","M","E","M","M","T","M"],"items_purchased_type":["Card"],"build_version":"2020-12-22","purchased_purges":2,"victory":false,"max_hp_per_floor":[68,68,68,69,69,70,70,70,70,71,72,72,74,76,76,78,78,78,78,78,78,79,81,82,83,83,83,83],"card_choices":[{"not_picked":["Saiyan:Medicine","Saiyan:TurtleShell"],"picked":"Saiyan:Flurry","floor":1},{"not_picked":["Saiyan:BurningSoul","Saiyan:RemoveWeights"],"picked":"Saiyan:Makankosappo","floor":2},{"not_picked":["Saiyan:Endure","Saiyan:Quickening","Saiyan:BackAttack"],"picked":"SKIP","floor":4},{"not_picked":["Saiyan:DragonFist","Saiyan:Quickening"],"picked":"Saiyan:ExpandingShockwave","floor":6},{"not_picked":["Saiyan:Scouter","Saiyan:Makankosappo","Saiyan:Kienzan"],"picked":"SKIP","floor":10},{"not_picked":["Saiyan:SaiyanHubris","Saiyan:Makankosappo"],"picked":"Saiyan:PowerUp","floor":11},{"not_picked":["Saiyan:BigBangAttack","Saiyan:Scouter","Saiyan:DragonRadar"],"picked":"SKIP","floor":13},{"not_picked":["Saiyan:DragonFist","Saiyan:Scouter"],"picked":"Saiyan:Expend","floor":14},{"not_picked":["Saiyan:MonkeyTail","Saiyan:SuperSaiyanThree"],"picked":"Saiyan:Momentum","floor":16},{"not_picked":["Saiyan:PowerUp","Saiyan:SaiyanHubris"],"picked":"Saiyan:KiExplosion+1","floor":18},{"not_picked":["Saiyan:UltraInstinct","Saiyan:ConcussiveBlow","Saiyan:PressOn"],"picked":"SKIP","floor":20},{"not_picked":["Saiyan:KiExplosion+1","Saiyan:MeteorDash","Saiyan:PowerUp"],"picked":"SKIP","floor":22},{"not_picked":["Saiyan:Honing+1","Saiyan:Planning","Saiyan:BigBangAttack"],"picked":"SKIP","floor":23},{"not_picked":["Saiyan:Honing+1","Saiyan:Planning","Saiyan:BigBangAttack"],"picked":"SKIP","floor":23},{"not_picked":["Saiyan:Taunt","Saiyan:DragonRadar","Saiyan:DrainingStrike"],"picked":"SKIP","floor":24},{"not_picked":["Saiyan:ExpandingShockwave","Saiyan:BackAttack"],"picked":"Saiyan:Reset","floor":25}],"player_experience":566049,"relics_obtained":[{"floor":9,"key":"Centennial Puzzle"},{"floor":10,"key":"InkBottle"},{"floor":23,"key":"Replay:Accelerometer"},{"floor":26,"key":"ReplayFunnel"}],"event_choices":[{"damage_healed":0,"gold_gain":0,"player_choice":"Ignored","damage_taken":0,"max_hp_gain":0,"max_hp_loss":0,"event_name":"NoteForYourself","floor":3,"gold_loss":0},{"damage_healed":0,"gold_gain":100,"player_choice":"Pray","damage_taken":0,"max_hp_gain":0,"max_hp_loss":0,"event_name":"Golden Shrine","floor":5,"gold_loss":0},{"damage_healed":0,"gold_gain":0,"player_choice":"Rummage","damage_taken":0,"relics_obtained":["WarpedTongs"],"max_hp_gain":0,"max_hp_loss":0,"event_name":"Accursed Blacksmith","floor":7,"gold_loss":0,"cards_obtained":["Pain"]}],"is_beta":false,"boss_relics":[{"not_picked":["Replay:Ancient Bell","Tiny House"],"picked":"Empty Cage"}],"items_purged_floors":[12,21],"is_endless":false,"potions_floor_spawned":[4,10,11,20,23,25],"killed_by":"Chosen and Byrds","ascension_level":0}}