{"host":"sdjng9zhqonqi3uc","time":1611513814,"event":{"mods":["2.2 Compatiblity","AchievementEnabler","BaseMod","Better Note","Better Third Choice","BetterRewards","Colored Map","Colored Powertips","Downfall","Hero for Fun","Hubris","Minty Spire (QoL Compilation)","Quick Restart","Relic Stats","Shop Mod","Spicy Shops","StSLib","Td1madao Mod","The Animator","The Cursed","The Servant 0.9.4"],"gold_per_floor":[110,137,148,59,59,85,85,85,85,67,95,110,110,136,136,235,235,262,110,110,110,140,140,161,161,161,161,185,185,185,230,230,339,339,356,380,380,380,380,380,173,195,195,229,229,42,42,65,65,69],"floor_reached":51,"language":"ENG","playtime":3469,"items_purged":[],"score":1273,"play_id":"1049e2d6-009e-474d-9119-8fd6d43bc86d","local_time":"20210124194334","is_ascension_mode":true,"campfire_choices":[{"floor":7,"key":"REST"},{"floor":13,"key":"REST"},{"floor":15,"key":"DIG"},{"floor":23,"key":"DIG"},{"floor":25,"key":"DIG"},{"floor":27,"key":"DIG"},{"data":"animator:Shiro","floor":32,"key":"SMITH"},{"data":"animator:Sora","floor":40,"key":"SMITH"},{"data":"animator:IchigoKurosaki","floor":45,"key":"SMITH"},{"floor":47,"key":"DIG"},{"floor":49,"key":"REST"}],"circlet_count":0,"master_deck":["animator:Strike_Fate","animator:Defend_Fate","animator:Alexander+1","animator:Rider","animator:Archer","animator:Darkness","animator:Strike_GATE","animator:Strike_NoGameNoLife","animator:Strike_Elsword+1","animator:Defend_Elsword","animator:Defend_Overlord","animator:EmiyaShirou","animator:Berserker","animator:GazelDwargon","animator:GazelDwargon","animator:Shion","animator:Shiro+1","animator:GuildGirl","animator:Tyuule+1","animator:NarberalGamma+1","animator:Biyorigo","animator:DolaSchwi","animator:Sora+1","animator:Priestess","animator:Shizu","animator:IchigoKurosaki+1","animator:ShinjiMatou","animator:ShinjiMatou","animator:Berserker+1"],"relics":["animator:LivingPicture","animator:TheMissingPiece","animator:PurgingStone","Omamori","Oddly Smooth Stone","Shovel","MerchantsRug","Chemical X","Boot","Ancient Tea Set","InkBottle","Dead Branch","PreservedInsect","hubris:RunicObelisk","Blood Vial","Bag of Preparation","hubris:Towel","Eternal Feather","Darkstone Periapt","Toy Ornithopter","Regal Pillow","MutagenicStrength","sneckomod:BabySnecko","animator:Buoy","Mark of Pain","Centennial Puzzle","Nunchaku","Calipers"],"acts_visited":["Exordium","TheCity","TheBeyond"],"potions_floor_usage":[6,6,16,18,33,44,44,50,50,50,50,50],"damage_taken":[{"damage":0,"enemies":"Jaw Worm","floor":1,"turns":5},{"damage":1,"enemies":"2 Louse","floor":2,"turns":3},{"damage":14,"enemies":"Small Slimes","floor":3,"turns":5},{"damage":10,"enemies":"3 Sentries","floor":6,"turns":11},{"damage":0,"enemies":"Looter","floor":10,"turns":4},{"damage":14,"enemies":"Gremlin Nob","floor":11,"turns":4},{"damage":0,"enemies":"Exordium Wildlife","floor":12,"turns":7},{"damage":0,"enemies":"Lagavulin","floor":14,"turns":10},{"damage":5,"enemies":"The Guardian","floor":16,"turns":17},{"damage":8,"enemies":"3 Byrds","floor":18,"turns":5},{"damage":11,"enemies":"Shell Parasite","floor":22,"turns":11},{"damage":5,"enemies":"Snake Plant","floor":24,"turns":7},{"damage":0,"enemies":"Centurion and Healer","floor":28,"turns":8},{"damage":7,"enemies":"animator:HornedBat","floor":31,"turns":6},{"damage":0,"enemies":"Champ","floor":33,"turns":12},{"damage":14,"enemies":"Orb Walker","floor":35,"turns":6},{"damage":42,"enemies":"3 Darklings","floor":36,"turns":8},{"damage":0,"enemies":"Maw","floor":42,"turns":9},{"damage":40,"enemies":"Nemesis","floor":44,"turns":7},{"damage":40,"enemies":"4 Shapes","floor":48,"turns":4},{"damage":0,"enemies":"hubris:GrandSnecko","floor":50,"turns":6}],"seed_played":"-5876087829529989641","potions_obtained":[{"floor":2,"key":"hexamod:SoulburnPotion"},{"floor":3,"key":"Weak Potion"},{"floor":12,"key":"Fire Potion"},{"floor":14,"key":"Fruit Juice"},{"floor":31,"key":"EssenceOfSteel"},{"floor":33,"key":"Fire Potion"},{"floor":42,"key":"ColorlessPotion"},{"floor":44,"key":"EntropicBrew"}],"is_trial":false,"path_per_floor":["M","M","M","?","?","E","R","?","T","M","E","M","R","E","R","B",null,"M","$","?","?","M","R","M","R","T","R","M","?","?","E","R","B",null,"M","M","?","?","?","R","$","M","T","E","R","$","R","M","R","B",null],"character_chosen":"THE_ANIMATOR","items_purchased":["Omamori","Oddly Smooth Stone","MerchantsRug","Chemical X","Blood Vial","Strawberry","animator:ShinjiMatou","Nunchaku","sneckomod:MuddlingPotion","Dexterity Potion"],"campfire_rested":3,"item_purchase_floors":[0,0,0,0,19,41,41,46,46,46],"current_hp_per_floor":[28,27,13,13,13,4,24,24,24,24,10,10,30,30,30,30,62,54,54,54,54,45,45,42,54,54,66,68,68,68,63,72,72,72,59,19,19,19,19,34,41,43,53,25,40,40,55,17,74,90],"gold":69,"neow_bonus":"","is_daily":false,"chose_seed":false,"campfire_upgraded":3,"win_rate":0.0,"timestamp":1611513814,"path_taken":["M","M","M","?","?","E","R","?","T","M","E","M","R","E","R","BOSS","M","$","?","?","M","R","M","R","T","R","M","?","?","E","R","BOSS","M","M","?","?","?","R","?","M","T","E","R","$","R","M","R","BOSS"],"items_purchased_type":["Relic","Relic","Relic","Relic","Relic","Relic","Card","Relic","Potion","Potion"],"build_version":"2020-12-22","purchased_purges":0,"victory":true,"max_hp_per_floor":[66,66,66,66,66,67,67,67,67,67,67,67,67,67,67,72,72,72,72,72,72,72,72,72,72,72,72,72,72,72,72,72,72,72,73,73,73,73,73,73,80,80,90,90,90,90,90,90,90,90],"relic_stats":{"Darkstone Periapt":0,"Regal Pillow":15,"counters":[21,155],"Dead Branch":[17],"Eternal Feather":93,"PreservedInsect":95,"Bag of Preparation":[22],"Boot":[54],"Blood Vial":18,"Centennial Puzzle":[1],"Nunchaku":[1],"Shovel":5,"Chemical X":[26],"obtain_stats":[{"Darkstone Periapt":25,"Regal Pillow":27,"Calipers":47,"animator:TheMissingPiece":0,"Bag of Preparation":20,"Whetstone":9,"hubris:RunicObelisk":17,"Boot":6,"Ancient Tea Set":8,"Blood Vial":19,"Centennial Puzzle":44,"Nunchaku":46,"Shovel":0,"animator:PurgingStone":0,"Strawberry":41,"Chemical X":0,"InkBottle":11,"animator:Buoy":31,"MerchantsRug":0,"Pear":43,"Dead Branch":14,"Oddly Smooth Stone":0,"Eternal Feather":23,"PreservedInsect":15,"Omamori":0,"hubris:Towel":21,"sneckomod:BabySnecko":30,"MutagenicStrength":29,"animator:LivingPicture":0,"Mark of Pain":34,"Toy Ornithopter":26},{"Darkstone Periapt":12,"Regal Pillow":12,"Calipers":19,"animator:TheMissingPiece":0,"Bag of Preparation":10,"Whetstone":4,"hubris:RunicObelisk":9,"Boot":4,"Ancient Tea Set":4,"Blood Vial":10,"Centennial Puzzle":19,"Nunchaku":19,"Shovel":0,"animator:PurgingStone":0,"Strawberry":17,"Chemical X":0,"InkBottle":6,"animator:Buoy":14,"MerchantsRug":0,"Pear":18,"Dead Branch":8,"Oddly Smooth Stone":0,"Eternal Feather":11,"PreservedInsect":8,"Omamori":0,"hubris:Towel":10,"sneckomod:BabySnecko":13,"MutagenicStrength":13,"animator:LivingPicture":0,"Mark of Pain":15,"Toy Ornithopter":12},{"Darkstone Periapt":89,"Regal Pillow":89,"Calipers":145,"animator:TheMissingPiece":0,"Bag of Preparation":71,"Whetstone":24,"hubris:RunicObelisk":66,"Boot":24,"Ancient Tea Set":24,"Blood Vial":71,"Centennial Puzzle":145,"Nunchaku":145,"Shovel":0,"animator:PurgingStone":0,"Strawberry":129,"Chemical X":0,"InkBottle":32,"animator:Buoy":103,"MerchantsRug":0,"Pear":138,"Dead Branch":49,"Oddly Smooth Stone":0,"Eternal Feather":82,"PreservedInsect":49,"Omamori":0,"hubris:Towel":71,"sneckomod:BabySnecko":97,"MutagenicStrength":97,"animator:LivingPicture":0,"Mark of Pain":115,"Toy Ornithopter":89}],"InkBottle":[35],"Toy Ornithopter":24},"card_choices":[{"not_picked":["animator:Cocytus","animator:DolaCouronne","animator:Kuribayashi"],"picked":"SKIP","floor":1},{"not_picked":["animator:Shuna","animator:ShinjiMatou"],"picked":"animator:Archer","floor":2},{"not_picked":["animator:Jibril","animator:DolaRiku"],"picked":"animator:Darkness","floor":3},{"not_picked":["animator:Rider","animator:Berserker"],"picked":"animator:EmiyaShirou","floor":6},{"not_picked":["animator:YaoHaDucy","animator:IzunaHatsuse"],"picked":"animator:Berserker","floor":10},{"not_picked":["animator:Caster","animator:Illya"],"picked":"animator:GazelDwargon","floor":11},{"not_picked":["animator:DwarfShaman","animator:Alexander"],"picked":"animator:GazelDwargon","floor":12},{"not_picked":["animator:Shuna","animator:Millim"],"picked":"animator:Shion","floor":14},{"not_picked":["animator:HigakiRinne","animator:Albedo"],"picked":"animator:Shiro","floor":16},{"not_picked":["animator:Vesta","animator:DolaCouronne+1"],"picked":"animator:GuildGirl","floor":18},{"not_picked":["animator:Rider","animator:Chris"],"picked":"animator:Tyuule+1","floor":22},{"not_picked":["animator:Konayuki","animator:EmiyaShirou"],"picked":"animator:NarberalGamma+1","floor":24},{"not_picked":["animator:Togame","animator:YunYun"],"picked":"animator:Biyorigo","floor":28},{"not_picked":["animator:DolaCouronne","animator:Gillette"],"picked":"animator:DolaSchwi","floor":31},{"not_picked":["animator:Albedo","animator:PinaCoLada"],"picked":"animator:Sora","floor":33},{"not_picked":["animator:Chris","animator:Tyuule"],"picked":"animator:Priestess","floor":35},{"not_picked":["animator:LeleiLaLalena","animator:Bozes"],"picked":"animator:Shizu","floor":36},{"not_picked":["animator:Magilou","animator:Urushihara"],"picked":"animator:IchigoKurosaki","floor":38},{"not_picked":["animator:Witch","animator:SakuraMatou","animator:YunYun"],"picked":"SKIP","floor":42},{"not_picked":["animator:Gillette","animator:DolaSchwi"],"picked":"animator:ShinjiMatou","floor":44},{"not_picked":["animator:ChaikaBohdan","animator:Aqua+1"],"picked":"animator:Berserker+1","floor":48}],"player_experience":387688,"relics_obtained":[{"floor":6,"key":"Boot"},{"floor":9,"key":"Whetstone"},{"floor":11,"key":"InkBottle"},{"floor":14,"key":"Dead Branch"},{"floor":15,"key":"PreservedInsect"},{"floor":23,"key":"Eternal Feather"},{"floor":25,"key":"Darkstone Periapt"},{"floor":26,"key":"Toy Ornithopter"},{"floor":27,"key":"Regal Pillow"},{"floor":31,"key":"animator:Buoy"},{"floor":43,"key":"Pear"},{"floor":44,"key":"Centennial Puzzle"},{"floor":47,"key":"Calipers"}],"event_choices":[{"damage_healed":0,"gold_gain":0,"player_choice":"Ignored","damage_taken":0,"max_hp_gain":0,"max_hp_loss":0,"event_name":"Golden Wing","floor":5,"gold_loss":0},{"damage_healed":0,"gold_gain":0,"player_choice":"Searched \u00271\u0027 times","damage_taken":0,"relics_obtained":["Ancient Tea Set"],"max_hp_gain":0,"max_hp_loss":0,"event_name":"Dead Adventurer","floor":8,"gold_loss":0},{"damage_healed":0,"gold_gain":0,"player_choice":"Opened","damage_taken":0,"relics_obtained":["Bag of Preparation"],"max_hp_gain":0,"max_hp_loss":0,"event_name":"The Mausoleum","floor":20,"gold_loss":0},{"damage_healed":0,"gold_gain":0,"player_choice":"Inject Mutagens","damage_taken":0,"relics_obtained":["MutagenicStrength"],"max_hp_gain":0,"max_hp_loss":0,"event_name":"Drug Dealer","floor":29,"gold_loss":0},{"damage_healed":0,"gold_gain":0,"player_choice":"Ignored","damage_taken":0,"max_hp_gain":0,"max_hp_loss":0,"event_name":"Mysterious Sphere","floor":37,"gold_loss":0},{"damage_healed":0,"gold_gain":0,"player_choice":"Memory 1","damage_taken":0,"max_hp_gain":0,"max_hp_loss":0,"event_name":"SensoryStone","floor":38,"gold_loss":0},{"cards_removed":["animator:Defend_MadokaMagica"],"damage_healed":0,"gold_gain":0,"player_choice":"Removed Skill","damage_taken":0,"max_hp_gain":0,"max_hp_loss":0,"event_name":"Falling","floor":39,"gold_loss":0}],"is_beta":false,"boss_relics":[{"not_picked":["SacredBark","SlaversCollar"],"picked":"hubris:RunicObelisk"},{"not_picked":["animator:CursedBlade","animator:RacePiece"],"picked":"Mark of Pain"}],"items_purged_floors":[],"is_endless":false,"potions_floor_spawned":[2,3,12,14,31,33,42,44],"ascension_level":9}}