{"host":"h77azxdx0evtsxw5","time":1611531877,"event":{"mods":["AchievementEnabler","BaseMod","Better Vampires","Minty Spire (QoL Compilation)","Quick Restart","Rare Cards Sparkle","Relic Stats"],"gold_per_floor":[115,115,132,152,227,258,258,26,26,26,56,72,37,64,64,168,168,179,179,27,126,401,401,430,430,430],"floor_reached":25,"language":"ENG","playtime":951,"items_purged":["Bash","Blood for Blood+1"],"score":306,"play_id":"90307ac6-ddc1-4936-a0ba-07b0a8a6fbc3","local_time":"20210124184437","is_ascension_mode":true,"campfire_choices":[{"data":"Perfected Strike","floor":7,"key":"SMITH"},{"data":"Flex","floor":15,"key":"SMITH"},{"floor":23,"key":"REST"}],"circlet_count":0,"master_deck":["Strike_R","Strike_R","Strike_R","Strike_R","Strike_R","Defend_R","Perfected Strike+1","Armaments","Inflame","Flex+1","Intimidate","Reaper","Battle Trance+1","Flame Barrier+1","Regret"],"relics":["Burning Blood","NeowsBlessing","Ginger","Sling","Letter Opener","Du-Vu Doll","Astrolabe","Eternal Feather","Bag of Marbles"],"acts_visited":["Exordium","TheCity"],"potions_floor_usage":[14,16,24],"damage_taken":[{"damage":0,"enemies":"Small Slimes","floor":1,"turns":1},{"damage":0,"enemies":"Cultist","floor":3,"turns":1},{"damage":0,"enemies":"2 Louse","floor":4,"turns":1},{"damage":36,"enemies":"Gremlin Nob","floor":6,"turns":4},{"damage":20,"enemies":"3 Sentries","floor":11,"turns":6},{"damage":25,"enemies":"Large Slime","floor":12,"turns":5},{"damage":22,"enemies":"Gremlin Nob","floor":14,"turns":4},{"damage":41,"enemies":"Slime Boss","floor":16,"turns":9},{"damage":64,"enemies":"3 Byrds","floor":18,"turns":6},{"damage":62,"enemies":"Gremlin Leader","floor":24,"turns":8},{"damage":19,"enemies":"Shell Parasite","floor":25,"turns":4}],"seed_played":"-2327971128026861875","potions_obtained":[{"floor":4,"key":"FairyPotion"},{"floor":12,"key":"Weak Potion"},{"floor":14,"key":"SneckoOil"}],"is_trial":false,"path_per_floor":["M","?","M","M","?","E","R","$","T","?","E","M","?","E","R","B",null,"M","?","$","?","?","R","E","M"],"character_chosen":"IRONCLAD","items_purchased":["Sling","Fire Potion"],"campfire_rested":1,"item_purchase_floors":[8,20],"current_hp_per_floor":[78,78,80,80,69,39,39,39,39,65,51,32,52,36,36,30,68,16,16,16,16,16,49,19,0,0],"gold":430,"neow_bonus":"THREE_ENEMY_KILL","is_daily":false,"chose_seed":false,"campfire_upgraded":2,"win_rate":0.0,"timestamp":1611531877,"path_taken":["M","?","M","?","?","E","R","$","T","?","E","M","?","E","R","BOSS","M","?","$","?","?","R","E","?"],"items_purchased_type":["Relic","Potion"],"build_version":"2020-12-22","purchased_purges":2,"victory":false,"max_hp_per_floor":[80,80,80,80,80,80,80,80,80,80,80,80,80,80,80,80,80,80,80,80,80,80,80,80,80,80],"relic_stats":{"counters":[11,49],"Astrolabe":["Battle Trance","Blood for Blood","Flame Barrier"],"Eternal Feather":9,"Ginger":[3],"Letter Opener":[0],"obtain_stats":[{"Du-Vu Doll":14,"NeowsBlessing":0,"Astrolabe":17,"Eternal Feather":19,"Bag of Marbles":24,"Ginger":6,"Letter Opener":11,"Sling":8,"Burning Blood":0},{"Du-Vu Doll":7,"NeowsBlessing":0,"Astrolabe":8,"Eternal Feather":9,"Bag of Marbles":10,"Ginger":4,"Letter Opener":5,"Sling":4,"Burning Blood":0},{"Du-Vu Doll":22,"NeowsBlessing":0,"Astrolabe":31,"Eternal Feather":37,"Bag of Marbles":45,"Ginger":7,"Letter Opener":13,"Sling":7,"Burning Blood":0}],"Burning Blood":50},"card_choices":[{"not_picked":["Pommel Strike","Flame Barrier"],"picked":"Perfected Strike","floor":1},{"not_picked":["Power Through","Entrench"],"picked":"Inflame","floor":3},{"not_picked":["Iron Wave","Perfected Strike"],"picked":"Flex","floor":4},{"not_picked":["Havoc","Sentinel"],"picked":"Inflame","floor":6},{"not_picked":["True Grit","Havoc"],"picked":"Intimidate","floor":11},{"not_picked":["Heavy Blade","Uppercut","Bloodletting"],"picked":"SKIP","floor":12},{"not_picked":["Clash","Cleave","Fire Breathing"],"picked":"SKIP","floor":14},{"not_picked":["Juggernaut","Barricade"],"picked":"Reaper","floor":16},{"not_picked":["Armaments","Carnage","Dual Wield"],"picked":"SKIP","floor":18},{"not_picked":["Bloodletting","Body Slam","Clothesline"],"picked":"SKIP","floor":24}],"player_experience":281705,"relics_obtained":[{"floor":6,"key":"Ginger"},{"floor":11,"key":"Letter Opener"},{"floor":14,"key":"Du-Vu Doll"},{"floor":24,"key":"Bag of Marbles"}],"event_choices":[{"damage_healed":0,"gold_gain":0,"cards_transformed":["Defend_R"],"player_choice":"Transformed","damage_taken":0,"max_hp_gain":0,"max_hp_loss":0,"event_name":"Transmorgrifier","floor":2,"gold_loss":0,"cards_obtained":["Armaments"]},{"damage_healed":0,"gold_gain":75,"player_choice":"Gather Gold","damage_taken":11,"max_hp_gain":0,"max_hp_loss":0,"event_name":"World of Goop","floor":5,"gold_loss":0},{"damage_healed":26,"gold_gain":0,"player_choice":"Banana","damage_taken":0,"max_hp_gain":0,"max_hp_loss":0,"event_name":"Big Fish","floor":10,"gold_loss":0},{"damage_healed":20,"gold_gain":0,"player_choice":"Healed","damage_taken":0,"max_hp_gain":0,"max_hp_loss":0,"event_name":"The Cleric","floor":13,"gold_loss":35},{"damage_healed":0,"gold_gain":0,"player_choice":"Opened","damage_taken":0,"relics_obtained":["Eternal Feather"],"max_hp_gain":0,"max_hp_loss":0,"event_name":"The Mausoleum","floor":19,"gold_loss":0},{"damage_healed":0,"gold_gain":99,"player_choice":"Stole From Cult","damage_taken":0,"max_hp_gain":0,"max_hp_loss":0,"event_name":"Nest","floor":21,"gold_loss":0},{"damage_healed":0,"gold_gain":275,"player_choice":"Desecrate","damage_taken":0,"max_hp_gain":0,"max_hp_loss":0,"event_name":"Golden Shrine","floor":22,"gold_loss":0,"cards_obtained":["Regret"]}],"is_beta":false,"boss_relics":[{"not_picked":["Runic Cube","Coffee Dripper"],"picked":"Astrolabe"}],"items_purged_floors":[8,20],"is_endless":false,"potions_floor_spawned":[4,12,14],"killed_by":"Shell Parasite","ascension_level":6}}