{"host":"y3h3n3f7seyagppx","time":1611450649,"event":{"mods":["AlwaysNeverKeys","BaseMod","Better Vampires","Colored Powertips","DeckTracker","Emptier Cage","Minty Spire (QoL Compilation)","Permanent Neow","Quick Restart","Rare Cards Sparkle","Relic Sorter","Relic Stats","StSLib","Transform Curses"],"gold_per_floor":[18,18,37,49,66,66,78,105,105,161,189,189,207,222,222,301,301,314,342,8,8,24,55,55,86,86,101,132,132,146,174,174,247,247,263,283,301,226,252,286,286,321,321,349,359,359,56,278,278,278,278,278,278,95,120,120],"floor_reached":57,"language":"ENG","playtime":9508,"items_purged":["Strike_R","Strike_R","Defend_R"],"score":2935,"play_id":"4356c44f-a640-48b1-b484-a1669bbcf6a5","local_time":"20210123201049","is_ascension_mode":true,"campfire_choices":[{"data":"Armaments","floor":6.0,"key":"SMITH"},{"data":"Power Through","floor":12.0,"key":"SMITH"},{"data":"Inflame","floor":15.0,"key":"SMITH"},{"data":"Sword Boomerang","floor":24.0,"key":"SMITH"},{"data":"Shockwave","floor":29.0,"key":"SMITH"},{"data":"Body Slam","floor":32.0,"key":"SMITH"},{"data":"Dual Wield","floor":41.0,"key":"SMITH"},{"data":"Feel No Pain","floor":49.0,"key":"SMITH"},{"data":"Power Through","floor":53.0,"key":"SMITH"}],"circlet_count":0,"master_deck":["AscendersBane","Strike_R","Defend_R","Defend_R","Defend_R","Bash+1","Iron Wave+1","Anger","Thunderclap","Armaments+1","Exhume","Feel No Pain+1","Power Through+1","Metallicize","Inflame+1","Reaper","Spot Weakness","Sword Boomerang+1","Shockwave+1","Power Through+1","Dual Wield+1","Body Slam+1","Reaper","Entrench+1","Flame Barrier+1","Offering","True Grit+1","Flex+1","Evolve"],"relics":["Burning Blood","Pocketwatch","Whetstone","HornCleat","Unceasing Top","Pear","Cursed Key","Red Mask","Centennial Puzzle","OrangePellets","Champion Belt","Mango","Omamori","Toy Ornithopter","Black Star","Blood Vial","Ancient Tea Set","Juzu Bracelet","Smiling Mask","Eternal Feather","Ginger","StoneCalendar","Blue Candle","Orrery","Ornamental Fan","Ice Cream"],"acts_visited":["Exordium","TheCity","TheBeyond","TheEnding"],"potions_floor_usage":[56,56],"damage_taken":[{"damage":4.0,"enemies":"Small Slimes","floor":1.0,"turns":4.0},{"damage":1.0,"enemies":"Cultist","floor":3.0,"turns":3.0},{"damage":12.0,"enemies":"Jaw Worm","floor":4.0,"turns":2.0},{"damage":13.0,"enemies":"Large Slime","floor":5.0,"turns":5.0},{"damage":3.0,"enemies":"Blue Slaver","floor":7.0,"turns":5.0},{"damage":19.0,"enemies":"Lagavulin","floor":8.0,"turns":6.0},{"damage":23.0,"enemies":"Gremlin Nob","floor":10.0,"turns":4.0},{"damage":0.0,"enemies":"Gremlin Nob","floor":11.0,"turns":3.0},{"damage":4.0,"enemies":"Red Slaver","floor":13.0,"turns":3.0},{"damage":0.0,"enemies":"Gremlin Gang","floor":14.0,"turns":6.0},{"damage":15.0,"enemies":"The Guardian","floor":16.0,"turns":14.0},{"damage":11.0,"enemies":"Chosen","floor":18.0,"turns":8.0},{"damage":5.0,"enemies":"Masked Bandits","floor":19.0,"turns":3.0},{"damage":5.0,"enemies":"Shell Parasite","floor":22.0,"turns":4.0},{"damage":23.0,"enemies":"Gremlin Leader","floor":23.0,"turns":6.0},{"damage":18.0,"enemies":"Book of Stabbing","floor":25.0,"turns":5.0},{"damage":0.0,"enemies":"Snecko","floor":27.0,"turns":5.0},{"damage":18.0,"enemies":"Slavers","floor":28.0,"turns":4.0},{"damage":3.0,"enemies":"Centurion and Healer","floor":30.0,"turns":6.0},{"damage":27.0,"enemies":"Gremlin Leader","floor":31.0,"turns":5.0},{"damage":67.0,"enemies":"Collector","floor":33.0,"turns":12.0},{"damage":6.0,"enemies":"Orb Walker","floor":35.0,"turns":4.0},{"damage":10.0,"enemies":"3 Darklings","floor":36.0,"turns":5.0},{"damage":22.0,"enemies":"Jaw Worm Horde","floor":37.0,"turns":5.0},{"damage":109.0,"enemies":"Reptomancer","floor":40.0,"turns":11.0},{"damage":51.0,"enemies":"Giant Head","floor":42.0,"turns":8.0},{"damage":67.0,"enemies":"Reptomancer","floor":44.0,"turns":6.0},{"damage":17.0,"enemies":"Maw","floor":45.0,"turns":6.0},{"damage":155.0,"enemies":"Awakened One","floor":50.0,"turns":15.0},{"damage":66.0,"enemies":"Donu and Deca","floor":51.0,"turns":9.0},{"damage":51,"enemies":"Shield and Spear","floor":55,"turns":8},{"damage":54,"enemies":"The Heart","floor":56,"turns":11}],"seed_played":"-2494309436678958995","potions_obtained":[{"floor":5.0,"key":"FearPotion"},{"floor":10.0,"key":"SpeedPotion"},{"floor":11.0,"key":"Explosive Potion"},{"floor":14.0,"key":"FairyPotion"},{"floor":27.0,"key":"Strength Potion"},{"floor":30.0,"key":"FairyPotion"},{"floor":31.0,"key":"BlessingOfTheForge"},{"floor":33.0,"key":"SkillPotion"},{"floor":42.0,"key":"PowerPotion"},{"floor":44.0,"key":"Weak Potion"}],"is_trial":false,"path_per_floor":["M","?","M","M","M","R","M","E","T","?","E","R","M","M","R","B",null,"M","?","$","?","M","E","R","E","T","M","E","R","M","E","R","B",null,"M","M","M","$","T","E","R","E","T","E","M","?","$","?","R","B","B",null,"R","$","E","B",null],"character_chosen":"IRONCLAD","items_purchased":["Centennial Puzzle","OrangePellets","Orrery","Evolve","SpeedPotion","DuplicationPotion"],"campfire_rested":0,"item_purchase_floors":[20,20,47,47,54,54],"current_hp_per_floor":[70,70,75,69,62,62,65,52,52,35,51,51,53,59,59,50,76,71,82,82,82,85,85,85,87,87,99,99,99,99,93,93,58,89,99,99,99,99,99,20,20,82,82,99,92,92,92,92,94,71,89,93,94,94,89,74],"gold":120,"neow_bonus":"ONE_RARE_RELIC","is_daily":false,"chose_seed":false,"campfire_upgraded":9,"win_rate":0.0,"timestamp":1611450649,"path_taken":["M","?","M","M","?","R","?","E","T","?","E","R","M","M","R","BOSS","M","?","$","?","M","E","R","E","T","M","E","R","?","E","R","BOSS","M","?","?","$","?","E","R","E","T","E","M","?","$","?","R","BOSS","BOSS","R","$","E","BOSS"],"items_purchased_type":["Relic","Relic","Relic","Card","Potion","Potion"],"build_version":"2020-12-22","purchased_purges":3,"victory":true,"max_hp_per_floor":[75,75,75,75,75,75,75,75,75,75,85,85,85,85,85,85,85,85,85,85,85,85,85,85,99,99,99,99,99,99,99,99,99,99,99,99,99,99,99,99,99,99,99,99,99,94,94,94,94,94,94,94,94,94,94,94],"relic_stats":{"counters":[32,201],"Blue Candle":[0],"Eternal Feather":3,"StoneCalendar":[161],"Juzu Bracelet":1,"Whetstone":["Iron Wave","Bash"],"Ginger":[9],"Cursed Key":2,"Smiling Mask":125,"Burning Blood":160,"Blood Vial":8,"OrangePellets":[9],"Centennial Puzzle":[54],"Ornamental Fan":[12],"Black Star":4,"Champion Belt":[72],"obtain_stats":[{"Ice Cream":55,"Mango":25,"StoneCalendar":44,"Juzu Bracelet":40,"Whetstone":8,"Ginger":43,"Cursed Key":17,"Ancient Tea Set":40,"Smiling Mask":42,"Burning Blood":0,"Blood Vial":39,"Centennial Puzzle":20,"HornCleat":9,"Red Mask":19,"Pear":11,"Blue Candle":44,"Eternal Feather":42,"Omamori":28,"OrangePellets":20,"Ornamental Fan":55,"Orrery":47,"Black Star":34,"Champion Belt":23,"Unceasing Top":10,"Toy Ornithopter":31,"Pocketwatch":0},{"Ice Cream":31,"Mango":16,"StoneCalendar":27,"Juzu Bracelet":25,"Whetstone":6,"Ginger":26,"Cursed Key":11,"Ancient Tea Set":25,"Smiling Mask":26,"Burning Blood":0,"Blood Vial":24,"Centennial Puzzle":13,"HornCleat":6,"Red Mask":13,"Pear":8,"Blue Candle":27,"Eternal Feather":26,"Omamori":18,"OrangePellets":13,"Ornamental Fan":31,"Orrery":28,"Black Star":21,"Champion Belt":15,"Unceasing Top":7,"Toy Ornithopter":20,"Pocketwatch":0},{"Ice Cream":190,"Mango":81,"StoneCalendar":152,"Juzu Bracelet":138,"Whetstone":25,"Ginger":146,"Cursed Key":55,"Ancient Tea Set":138,"Smiling Mask":146,"Burning Blood":0,"Blood Vial":127,"Centennial Puzzle":66,"HornCleat":25,"Red Mask":66,"Pear":32,"Blue Candle":152,"Eternal Feather":146,"Omamori":90,"OrangePellets":66,"Ornamental Fan":190,"Orrery":158,"Black Star":113,"Champion Belt":76,"Unceasing Top":29,"Toy Ornithopter":101,"Pocketwatch":0}],"Unceasing Top":[1],"Toy Ornithopter":15,"Pocketwatch":[385]},"card_choices":[{"not_picked":["Iron Wave","Havoc","Warcry"],"picked":"SKIP","floor":1.0},{"not_picked":["Havoc","Warcry"],"picked":"Iron Wave","floor":1.0},{"not_picked":["Cleave","Ghostly Armor"],"picked":"Thunderclap","floor":3.0},{"not_picked":["Sever Soul","Ghostly Armor"],"picked":"Armaments","floor":4.0},{"not_picked":["Wild Strike","Headbutt","Twin Strike"],"picked":"SKIP","floor":5.0},{"not_picked":["Wild Strike","Headbutt","Twin Strike"],"picked":"SKIP","floor":5.0},{"not_picked":["Wild Strike","Headbutt","Twin Strike"],"picked":"SKIP","floor":5.0},{"not_picked":["Thunderclap","True Grit"],"picked":"Exhume","floor":7.0},{"not_picked":["Whirlwind","Sentinel","Perfected Strike"],"picked":"SKIP","floor":8.0},{"not_picked":["Armaments","Intimidate"],"picked":"Feel No Pain","floor":10.0},{"not_picked":["Dual Wield","Evolve"],"picked":"Power Through","floor":11.0},{"not_picked":["Entrench","Twin Strike"],"picked":"Metallicize","floor":13.0},{"not_picked":["Twin Strike","Clothesline"],"picked":"Inflame","floor":14.0},{"not_picked":["Bludgeon","Brutality"],"picked":"Reaper","floor":16.0},{"not_picked":["Warcry","Cleave"],"picked":"Spot Weakness","floor":18.0},{"not_picked":["Cleave","Warcry+1","True Grit"],"picked":"SKIP","floor":22.0},{"not_picked":["Cleave","Warcry+1","True Grit"],"picked":"SKIP","floor":22.0},{"not_picked":["Inflame","Flex"],"picked":"Sword Boomerang","floor":23.0},{"not_picked":["Ghostly Armor","Power Through"],"picked":"Shockwave","floor":25.0},{"not_picked":["Pommel Strike","Shrug It Off"],"picked":"Power Through","floor":27.0},{"not_picked":["Shockwave","Pommel Strike"],"picked":"Dual Wield","floor":28.0},{"not_picked":["Uppercut","Clothesline+1"],"picked":"Body Slam","floor":30.0},{"not_picked":["Sever Soul","Iron Wave","Sword Boomerang"],"picked":"SKIP","floor":31.0},{"not_picked":["Sever Soul","Iron Wave","Sword Boomerang"],"picked":"SKIP","floor":31.0},{"not_picked":["Berserk","Exhume"],"picked":"Reaper","floor":33.0},{"not_picked":["Clash","Flex","Twin Strike"],"picked":"SKIP","floor":35.0},{"not_picked":["Anger","Twin Strike"],"picked":"Entrench+1","floor":36.0},{"not_picked":["Sever Soul","Sword Boomerang"],"picked":"Flame Barrier+1","floor":37.0},{"not_picked":["Cleave+1","Dark Embrace","Twin Strike"],"picked":"SKIP","floor":40.0},{"not_picked":["Shockwave+1","Fire Breathing"],"picked":"Offering","floor":42.0},{"not_picked":["Power Through","Flame Barrier+1"],"picked":"True Grit+1","floor":44.0},{"not_picked":["Clash","Burning Pact","Sword Boomerang"],"picked":"SKIP","floor":45.0},{"not_picked":["Feed","Rampage"],"picked":"Flex+1","floor":47.0},{"not_picked":["Bloodletting","Sword Boomerang","Pummel"],"picked":"SKIP","floor":55}],"player_experience":21517626,"relics_obtained":[{"floor":8.0,"key":"Whetstone"},{"floor":9.0,"key":"HornCleat"},{"floor":10.0,"key":"Unceasing Top"},{"floor":11.0,"key":"Pear"},{"floor":19.0,"key":"Red Mask"},{"floor":23.0,"key":"Champion Belt"},{"floor":25.0,"key":"Mango"},{"floor":28.0,"key":"Omamori"},{"floor":31.0,"key":"Toy Ornithopter"},{"floor":39.0,"key":"Blood Vial"},{"floor":40.0,"key":"Ancient Tea Set"},{"floor":40.0,"key":"Juzu Bracelet"},{"floor":42.0,"key":"Smiling Mask"},{"floor":42.0,"key":"Eternal Feather"},{"floor":43.0,"key":"Ginger"},{"floor":44.0,"key":"StoneCalendar"},{"floor":44.0,"key":"Blue Candle"},{"floor":55,"key":"Ornamental Fan"},{"floor":55,"key":"Ice Cream"}],"event_choices":[{"damage_healed":0.0,"max_hp_gain":0.0,"max_hp_loss":0.0,"gold_gain":0.0,"cards_transformed":["Strike_R"],"event_name":"Transmorgrifier","player_choice":"Transformed","floor":2.0,"gold_loss":0.0,"damage_taken":0.0,"cards_obtained":["Anger"]},{"damage_healed":0.0,"max_hp_gain":0.0,"max_hp_loss":0.0,"gold_gain":30.0,"event_name":"Dead Adventurer","player_choice":"Searched \u00272\u0027 times","floor":10.0,"gold_loss":0.0,"damage_taken":0.0},{"damage_healed":0.0,"max_hp_gain":0.0,"max_hp_loss":0.0,"gold_gain":0.0,"event_name":"Masked Bandits","player_choice":"Fought Bandits","floor":19.0,"gold_loss":0.0,"damage_taken":0.0},{"cards_removed":["Strike_R"],"damage_healed":0.0,"max_hp_gain":0.0,"max_hp_loss":0.0,"gold_gain":0.0,"event_name":"Bonfire Elementals","player_choice":"Offered Basic","floor":21.0,"gold_loss":0.0,"damage_taken":0.0},{"damage_healed":0.0,"max_hp_gain":0.0,"max_hp_loss":5.0,"gold_gain":0.0,"event_name":"Winding Halls","player_choice":"Max HP","floor":46.0,"gold_loss":0.0,"damage_taken":0.0},{"damage_healed":0.0,"max_hp_gain":0.0,"max_hp_loss":0.0,"gold_gain":222.0,"event_name":"Tomb of Lord Red Mask","player_choice":"Wore Mask","floor":48.0,"gold_loss":0.0,"damage_taken":0.0}],"is_beta":false,"boss_relics":[{"not_picked":["Black Blood","Pandora\u0027s Box"],"picked":"Cursed Key"},{"not_picked":["Empty Cage","Tiny House"],"picked":"Black Star"}],"items_purged_floors":[38,47,54],"is_endless":false,"potions_floor_spawned":[5,10,11,14,16,22,27,30,31,33,35,36,42,44,55],"ascension_level":20}}