{"host":"w7o06k3e8uel8euj","time":1611491693,"event":{"mods":["AchievementEnabler","BaseMod","Colored Powertips","Custom Start","DeckTracker","Keyboard Shortcuts","Minty Spire (QoL Compilation)","Quick Restart","Relic Stats","StSLib","SuperFastMode","everything is the same but u backflip on backflip"],"gold_per_floor":[110,35,35,49,63,63,82,110,110,122,150,164,195,95,95,198,198,217,142,17,17,17,48,48,82,82,117,131,146,178,193,193,297,297,312,162,162,162,162,162,192,192,264,264,282,312,365,398,398,398,398],"floor_reached":50,"language":"KOR","playtime":1440,"items_purged":["Strike_G","Strike_G","Strike_G","Acrobatics"],"score":976,"play_id":"c8b63ac9-0b6b-44fb-932b-5b1665de6b19","local_time":"20210124213453","is_ascension_mode":true,"campfire_choices":[{"data":"Neutralize","floor":6.0,"key":"SMITH"},{"floor":15.0,"key":"REST"},{"data":"Acrobatics","floor":24.0,"key":"SMITH"},{"data":"Tactician","floor":32,"key":"SMITH"},{"data":"Tactician","floor":40,"key":"SMITH"},{"data":"Acrobatics","floor":42,"key":"SMITH"},{"data":"Calculated Gamble","floor":44,"key":"SMITH"},{"data":"Prepared","floor":49,"key":"SMITH"}],"circlet_count":0,"master_deck":["Survivor","Neutralize+1","Blade Dance+1","Grand Finale+1","Acrobatics+1","Quick Slash+1","Acrobatics+1","Tactician+1","Reflex+1","Escape Plan","Prepared+1","Reflex+1","Calculated Gamble+1","Cloak And Dagger","Acrobatics","Tactician+1","Deep Breath","Bandage Up","Deflect","Escape Plan+1"],"relics":["Ring of the Snake","Pear","Prayer Wheel","Turnip","Potion Belt","SacredBark","Dream Catcher","Anchor","Snake Skull","Whetstone","Ancient Tea Set","Meat on the Bone","Pandora\u0027s Box","Bottled Lightning","Centennial Puzzle","Tough Bandages","Paper Crane"],"acts_visited":["Exordium","TheCity","TheBeyond"],"potions_floor_usage":[],"damage_taken":[{"damage":0.0,"enemies":"Small Slimes","floor":1.0,"turns":3.0},{"damage":0.0,"enemies":"Cultist","floor":4.0,"turns":3.0},{"damage":0.0,"enemies":"Jaw Worm","floor":5.0,"turns":3.0},{"damage":2.0,"enemies":"3 Louse","floor":7.0,"turns":3.0},{"damage":21.0,"enemies":"Gremlin Nob","floor":8.0,"turns":4.0},{"damage":19.0,"enemies":"Lots of Slimes","floor":10.0,"turns":4.0},{"damage":17.0,"enemies":"Lagavulin","floor":11.0,"turns":5.0},{"damage":6.0,"enemies":"Looter","floor":12.0,"turns":2.0},{"damage":2.0,"enemies":"3 Sentries","floor":13.0,"turns":3.0},{"damage":5.0,"enemies":"Slime Boss","floor":16.0,"turns":8.0},{"damage":5.0,"enemies":"3 Byrds","floor":18.0,"turns":6.0},{"damage":16.0,"enemies":"Gremlin Leader","floor":23.0,"turns":4.0},{"damage":0.0,"enemies":"Slavers","floor":25.0,"turns":1.0},{"damage":7,"enemies":"Book of Stabbing","floor":27,"turns":3},{"damage":0,"enemies":"Chosen","floor":28,"turns":1},{"damage":0,"enemies":"Shelled Parasite and Fungi","floor":29,"turns":1},{"damage":0,"enemies":"Gremlin Leader","floor":30,"turns":2},{"damage":0,"enemies":"Snake Plant","floor":31,"turns":1},{"damage":0,"enemies":"Champ","floor":33,"turns":2},{"damage":0,"enemies":"3 Darklings","floor":35,"turns":1},{"damage":0,"enemies":"Reptomancer","floor":41,"turns":1},{"damage":0,"enemies":"Orb Walker","floor":45,"turns":1},{"damage":0,"enemies":"Nemesis","floor":46,"turns":1},{"damage":0,"enemies":"2 Orb Walkers","floor":47,"turns":1},{"damage":0,"enemies":"Giant Head","floor":48,"turns":1},{"damage":76,"enemies":"Time Eater","floor":50,"turns":10}],"seed_played":"4876622984236661631","potions_obtained":[{"floor":7.0,"key":"ColorlessPotion"},{"floor":8.0,"key":"Poison Potion"},{"floor":10.0,"key":"BlessingOfTheForge"},{"floor":11.0,"key":"PowerPotion"},{"floor":25.0,"key":"Strength Potion"},{"floor":31,"key":"BlessingOfTheForge"},{"floor":33,"key":"Poison Potion"},{"floor":47,"key":"DuplicationPotion"},{"floor":48,"key":"Energy Potion"}],"is_trial":false,"path_per_floor":["M","$","?","M","M","R","M","E","T","M","E","M","E","$","R","B",null,"M","?","$","?","?","E","R","E","T","E","M","M","E","M","R","B",null,"M","$","?","?","$","R","E","R","T","R","M","E","?","E","R","B"],"character_chosen":"THE_SILENT","items_purchased":[],"campfire_rested":1,"item_purchase_floors":[],"current_hp_per_floor":[63,63,63,63,63,63,61,50,50,31,14,8,6,6,27,22,73,68,68,68,68,68,52,52,52,52,45,45,45,45,45,45,45,73,73,73,73,63,63,63,67,67,67,67,71,73,73,73,73,0,0],"gold":398,"neow_bonus":"REMOVE_TWO","is_daily":false,"chose_seed":false,"campfire_upgraded":7,"win_rate":0.0,"timestamp":1611491693,"path_taken":["M","$","?","M","?","R","M","E","T","M","E","M","E","$","R","BOSS","M","?","$","?","?","E","R","E","T","E","M","M","E","?","R","BOSS","M","$","?","?","$","R","E","R","T","R","M","E","?","E","R","BOSS"],"items_purchased_type":[],"build_version":"2020-12-22","purchased_purges":4,"victory":false,"max_hp_per_floor":[63,63,63,63,63,63,63,73,73,73,73,73,73,73,73,73,73,73,73,73,73,73,73,73,73,73,73,73,73,73,73,73,73,73,73,73,73,73,73,73,73,73,73,73,73,73,73,73,73,73,73],"relic_stats":{"Dream Catcher":0,"Centennial Puzzle":[3],"Tough Bandages":[384],"counters":[26,75],"Prayer Wheel":8,"Pandora\u0027s Box":["Calculated Gamble","Cloak And Dagger","Acrobatics","Acrobatics"],"Turnip":[5],"Snake Skull":[0],"Whetstone":["Quick Slash","Grand Finale"],"obtain_stats":[{"Potion Belt":13,"Pear":8,"SacredBark":17,"Snake Skull":25,"Whetstone":26,"Paper Crane":48,"Ancient Tea Set":27,"Dream Catcher":22,"Anchor":23,"Centennial Puzzle":46,"Tough Bandages":47,"Prayer Wheel":9,"Pandora\u0027s Box":34,"Turnip":11,"Bottled Lightning":41,"Ring of the Snake":0,"Meat on the Bone":30},{"Potion Belt":9,"Pear":5,"SacredBark":10,"Snake Skull":13,"Whetstone":13,"Paper Crane":25,"Ancient Tea Set":14,"Dream Catcher":11,"Anchor":12,"Centennial Puzzle":23,"Tough Bandages":24,"Prayer Wheel":5,"Pandora\u0027s Box":19,"Turnip":7,"Bottled Lightning":21,"Ring of the Snake":0,"Meat on the Bone":17},{"Potion Belt":30,"Pear":16,"SacredBark":38,"Snake Skull":49,"Whetstone":49,"Paper Crane":65,"Ancient Tea Set":52,"Dream Catcher":44,"Anchor":48,"Centennial Puzzle":63,"Tough Bandages":64,"Prayer Wheel":16,"Pandora\u0027s Box":59,"Turnip":25,"Bottled Lightning":61,"Ring of the Snake":0,"Meat on the Bone":56}],"Ring of the Snake":[52],"Meat on the Bone":0},"card_choices":[{"not_picked":["All Out Attack","Dagger Throw"],"picked":"Blade Dance","floor":1.0},{"not_picked":["Sucker Punch","PiercingWail","Infinite Blades"],"picked":"SKIP","floor":4.0},{"not_picked":["Bane","Endless Agony","Deflect"],"picked":"SKIP","floor":5.0},{"not_picked":["Quick Slash","Backflip"],"picked":"Blade Dance","floor":7.0},{"not_picked":["Poisoned Stab","Bane"],"picked":"Grand Finale","floor":8.0},{"not_picked":["Sucker Punch","Bane"],"picked":"Acrobatics","floor":10.0},{"not_picked":["Finisher","Noxious Fumes","Blur"],"picked":"SKIP","floor":10.0},{"not_picked":["Finisher","Noxious Fumes","Blur"],"picked":"SKIP","floor":10.0},{"not_picked":["Dash","Poisoned Stab","PiercingWail"],"picked":"SKIP","floor":11.0},{"not_picked":["Blade Dance","Cloak And Dagger"],"picked":"Quick Slash","floor":12.0},{"not_picked":["Flying Knee","Deadly Poison","Sucker Punch"],"picked":"SKIP","floor":12.0},{"not_picked":["PiercingWail","Heel Hook"],"picked":"Acrobatics","floor":13.0},{"not_picked":["Outmaneuver","Dodge and Roll"],"picked":"Tactician","floor":18.0},{"not_picked":["Sucker Punch","Choke","Catalyst+1"],"picked":"SKIP","floor":18.0},{"not_picked":["Dagger Throw","Dagger Spray+1"],"picked":"Reflex+1","floor":23.0},{"not_picked":["Cloak And Dagger+1","Outmaneuver+1","Poisoned Stab"],"picked":"SKIP","floor":25.0},{"not_picked":["Cloak And Dagger+1","Outmaneuver+1","Poisoned Stab"],"picked":"SKIP","floor":25.0},{"not_picked":["Glass Knife","Dodge and Roll","Flying Knee+1"],"picked":"SKIP","floor":27},{"not_picked":["Dagger Throw+1","Calculated Gamble"],"picked":"Escape Plan","floor":28},{"not_picked":["Heel Hook+1","Slice+1"],"picked":"Prepared","floor":28},{"not_picked":["Riddle With Holes","Malaise","Leg Sweep"],"picked":"SKIP","floor":29},{"not_picked":["Dodge and Roll+1","Calculated Gamble","Choke"],"picked":"SKIP","floor":29},{"not_picked":["Prepared","Flying Knee"],"picked":"Reflex+1","floor":30},{"not_picked":["PiercingWail+1","Deadly Poison","Expertise+1"],"picked":"SKIP","floor":31},{"not_picked":["Prepared+1","Slice+1","Underhanded Strike"],"picked":"SKIP","floor":31},{"not_picked":["Sucker Punch+1","PiercingWail+1"],"picked":"Tactician","floor":35},{"not_picked":["PiercingWail+1","Backflip","Quick Slash+1"],"picked":"SKIP","floor":35},{"not_picked":["Panacea","Jack Of All Trades"],"picked":"Deep Breath","floor":38},{"not_picked":["Dark Shackles","Apotheosis"],"picked":"Bandage Up","floor":38},{"not_picked":["Masterful Stab+1","Quick Slash","Malaise"],"picked":"SKIP","floor":41},{"not_picked":["Prepared","Poisoned Stab+1"],"picked":"Deflect","floor":45},{"not_picked":["Prepared+1","Dodge and Roll+1","Slice"],"picked":"SKIP","floor":45},{"not_picked":["Backstab+1","Corpse Explosion","Underhanded Strike+1"],"picked":"SKIP","floor":46},{"not_picked":["Catalyst","Deflect+1"],"picked":"Escape Plan+1","floor":48}],"player_experience":504715,"relics_obtained":[{"floor":8.0,"key":"Pear"},{"floor":9.0,"key":"Prayer Wheel"},{"floor":11.0,"key":"Turnip"},{"floor":13.0,"key":"Potion Belt"},{"floor":23.0,"key":"Anchor"},{"floor":25.0,"key":"Snake Skull"},{"floor":26.0,"key":"Whetstone"},{"floor":27,"key":"Ancient Tea Set"},{"floor":30,"key":"Meat on the Bone"},{"floor":41,"key":"Bottled Lightning"},{"floor":46,"key":"Centennial Puzzle"},{"floor":47,"key":"Tough Bandages"},{"floor":48,"key":"Paper Crane"}],"event_choices":[{"damage_healed":0.0,"max_hp_gain":0.0,"max_hp_loss":0.0,"gold_gain":0.0,"event_name":"Upgrade Shrine","player_choice":"Upgraded","floor":3.0,"gold_loss":0.0,"damage_taken":0.0,"cards_upgraded":["Blade Dance"]},{"cards_removed":["Strike_G"],"damage_healed":0.0,"max_hp_gain":0.0,"max_hp_loss":0.0,"gold_gain":0.0,"event_name":"Beggar","player_choice":"Gave Gold","floor":19.0,"gold_loss":75.0,"damage_taken":0.0},{"cards_removed":["Blade Dance"],"damage_healed":0.0,"max_hp_gain":0.0,"max_hp_loss":0.0,"gold_gain":0.0,"event_name":"WeMeetAgain","player_choice":"Gave Card","floor":22.0,"gold_loss":0.0,"damage_taken":0.0,"relics_obtained":["Dream Catcher"]},{"damage_healed":0,"gold_gain":0,"player_choice":"Ignored","damage_taken":0,"max_hp_gain":0,"max_hp_loss":0,"event_name":"Tomb of Lord Red Mask","floor":37,"gold_loss":0},{"damage_healed":0,"gold_gain":0,"player_choice":"Memory 3","damage_taken":10,"max_hp_gain":0,"max_hp_loss":0,"event_name":"SensoryStone","floor":38,"gold_loss":0},{"damage_healed":0,"gold_gain":0,"player_choice":"Fight","damage_taken":0,"max_hp_gain":0,"max_hp_loss":0,"event_name":"Mysterious Sphere","floor":47,"gold_loss":0}],"is_beta":false,"boss_relics":[{"not_picked":["WristBlade","Coffee Dripper"],"picked":"SacredBark"},{"not_picked":["Ring of the Serpent","Velvet Choker"],"picked":"Pandora\u0027s Box"}],"items_purged_floors":[2,14,20,36],"is_endless":false,"potions_floor_spawned":[7,8,10,11,25,31,33,41,47,48],"killed_by":"Time Eater","ascension_level":3}}