{"host":"2lvuisjyit3p3u01","time":1611499142,"event":{"mods":["Act Like it!","BaseMod","Bestiary","Better Synergies","CapriCore","Colored Map","Colored Powertips","Duelist Mod","GifTheSpireLib","Minty Spire (QoL Compilation)","Quick Restart","Replay The Spire","StSLib"],"gold_per_floor":[137,57,57,157,174,200,200,214,214,230,0,0,10,27,27,127,127,143,43,43,57,57,57,75,75,75,90,106,124,0,10,10,108,108,124,124,176,27,27,27],"floor_reached":39,"language":"ENG","playtime":2710,"items_purged":["theDuelist:CurseAging","theDuelist:FallenAngelRoses"],"score":433,"play_id":"4684d451-3588-4609-a503-d1c50486f258","local_time":"20210124163902","is_ascension_mode":false,"campfire_choices":[{"data":"theDuelist:Polymerization","floor":7,"key":"SMITH"},{"data":"theDuelist:TwilightRoseKnight","floor":15,"key":"SMITH"},{"data":"theDuelist:VioletCrystal","floor":23,"key":"SMITH"},{"data":"theDuelist:PredaplantChlamydosundew","floor":25,"key":"SMITH"},{"floor":32,"key":"REST"}],"circlet_count":0,"master_deck":["theDuelist:AngelTrumpeter","theDuelist:CactusBouncer","theDuelist:CastleWalls","theDuelist:DarkworldThorns","theDuelist:Inmato","theDuelist:JerryBeansMan","theDuelist:JerryBeansMan","theDuelist:Sparks","theDuelist:Sparks","theDuelist:BlackRoseDragon+1","theDuelist:BlackRoseDragon+1","theDuelist:Polymerization+1","theDuelist:PredaplantChlamydosundew+1","theDuelist:TwilightRoseKnight+1","theDuelist:BloomingDarkestRose","theDuelist:BlackRoseDragon+1","theDuelist:RevivalRose","theDuelist:VioletCrystal+1","theDuelist:PlantFoodChain","Trip+1"],"relics":["theDuelist:MillenniumPuzzle","theDuelist:CardPoolRelic","theDuelist:CardPoolBasicRelic","theDuelist:BoosterPackPoolRelic","theDuelist:CardPoolAddRelic","theDuelist:CardPoolSaveRelic","theDuelist:CardPoolOptionsRelic","NeowsBlessing","theDuelist:MillenniumCoin","Replay:Bottled Eggs","theDuelist:MillenniumRod","Inserter","theDuelist:DuelistTeaSet","Nloth\u0027s Gift","Quantum Egg","SacredBark","theDuelist:ResummonBranch","Magic Flower","Sling"],"acts_visited":["Exordium","TheCity","TheBeyond"],"potions_floor_usage":[16,16,24,31,33],"damage_taken":[{"damage":0,"enemies":"Small Slimes","floor":1,"turns":1},{"damage":1,"enemies":"2 Louse","floor":5,"turns":1},{"damage":2,"enemies":"Lagavulin","floor":6,"turns":2},{"damage":0,"enemies":"Cultist","floor":8,"turns":2},{"damage":7,"enemies":"Looter","floor":10,"turns":2},{"damage":6,"enemies":"Gremlin Gang","floor":13,"turns":2},{"damage":5,"enemies":"Red Slaver","floor":14,"turns":3},{"damage":31,"enemies":"Fading Forest","floor":16,"turns":11},{"damage":10,"enemies":"Chosen","floor":18,"turns":3},{"damage":0,"enemies":"Shell Parasite","floor":21,"turns":3},{"damage":8,"enemies":"Centurion and Healer","floor":24,"turns":4},{"damage":0,"enemies":"Cultist and Chosen","floor":27,"turns":4},{"damage":14,"enemies":"Snake Plant","floor":28,"turns":3},{"damage":15,"enemies":"Snecko","floor":29,"turns":4},{"damage":16,"enemies":"Cultist and Chosen","floor":31,"turns":5},{"damage":18,"enemies":"Collector","floor":33,"turns":5},{"damage":33,"enemies":"3 Darklings","floor":35,"turns":3},{"damage":43,"enemies":"3 Darklings","floor":37,"turns":7},{"damage":5,"enemies":"3 Shapes","floor":39,"turns":2}],"seed_played":"-448725876376690228","potions_obtained":[{"floor":8,"key":"Strength Potion"},{"floor":14,"key":"Ancient Potion"},{"floor":16,"key":"Dexterity Potion"},{"floor":18,"key":"theDuelist:VampireVial"},{"floor":29,"key":"Fire Potion"},{"floor":33,"key":"Venom Potion"},{"floor":37,"key":"theDuelist:DebuffFuryPotion"}],"is_trial":false,"path_per_floor":["M","$","?","?","M","E","R","M","T","M","$","?","M","M","R","B",null,"M","$","?","M","?","R","M","R","T","M","M","M","?","M","R","B",null,"M","?","?","$","M"],"character_chosen":"THE_DUELIST","items_purchased":["theDuelist:BlackRoseDragon","theDuelist:TwilightRoseKnight","theDuelist:BloomingDarkestRose","Sling"],"campfire_rested":1,"item_purchase_floors":[2,11,11,38],"current_hp_per_floor":[80,80,80,80,79,77,77,77,77,70,70,70,64,59,59,38,80,70,70,64,64,64,64,56,56,56,56,42,27,27,11,35,17,80,47,47,4,4,0,0],"gold":27,"neow_bonus":"THREE_ENEMY_KILL","is_daily":false,"chose_seed":false,"campfire_upgraded":4,"win_rate":0.0,"timestamp":1611499142,"path_taken":["M","$","?","?","?","E","R","M","T","M","$","?","?","M","R","BOSS","M","?","?","M","?","R","M","R","T","M","?","M","?","M","R","BOSS","M","?","?","?","M"],"items_purchased_type":["Card","Card","Card","Relic"],"build_version":"2020-12-22","purchased_purges":2,"victory":false,"max_hp_per_floor":[80,80,80,80,80,80,80,80,80,80,80,80,80,80,80,80,80,80,80,80,80,80,80,80,80,80,80,80,80,80,80,80,80,80,80,80,80,80,80,80],"card_choices":[{"not_picked":["theDuelist:BotanicalLion","theDuelist:WitchBlackRose","theDuelist:PredaplantFlytrap","theDuelist:Mudora"],"picked":"theDuelist:BlackRoseDragon","floor":1},{"not_picked":["theDuelist:BigFire","theDuelist:DarklordSuperbia","theDuelist:LightningDarts","theDuelist:FuryFire","theDuelist:Hinotama"],"picked":"SKIP","floor":5},{"not_picked":["theDuelist:HammerShot","theDuelist:MudragonSwamp","theDuelist:GiantSoldierSteel","theDuelist:PreventRat"],"picked":"theDuelist:Polymerization","floor":6},{"not_picked":["theDuelist:KamionTimelord","theDuelist:BlackRoseDragon"],"picked":"theDuelist:FallenAngelRoses","floor":8},{"not_picked":["theDuelist:LonefireBlossom","theDuelist:SilverApples","theDuelist:FrozenRose","theDuelist:Spore"],"picked":"theDuelist:PredaplantChlamydosundew","floor":10},{"not_picked":["theDuelist:BotanicalLion","theDuelist:CactusBouncer","theDuelist:SangaEarth","theDuelist:JerryBeansMan"],"picked":"theDuelist:BlackRoseDragon","floor":13},{"not_picked":["theDuelist:BotanicalLion","theDuelist:CactusBouncer","theDuelist:DarkworldThorns","theDuelist:PredaplantFlytrap","theDuelist:TwilightRoseKnight"],"picked":"SKIP","floor":14},{"not_picked":["theDuelist:QueenAngelRoses","theDuelist:PredaplantSarraceniant","theDuelist:PredaplantChimerafflesia","theDuelist:Gigaplant"],"picked":"theDuelist:RevivalRose","floor":16},{"not_picked":["theDuelist:VenomShot","theDuelist:CheerfulCoffin","theDuelist:WorldTree","theDuelist:ThornMalice"],"picked":"theDuelist:VioletCrystal","floor":18},{"not_picked":["theDuelist:BottomlessTrapHole+1","theDuelist:WhiteRoseDragon+1","theDuelist:LonefireBlossom","theDuelist:WorldCarrot","theDuelist:RoseWitch"],"picked":"SKIP","floor":21},{"not_picked":["theDuelist:BottomlessTrapHole","theDuelist:AcidTrapHole+1","theDuelist:BloomingDarkestRose+1","theDuelist:Reinforcements"],"picked":"theDuelist:PlantFoodChain","floor":24},{"not_picked":["theDuelist:BlueRoseDragon","theDuelist:BlackRoseDragon","theDuelist:BlueBloodedOni","theDuelist:RainbowKuriboh+1","theDuelist:RainbowOverdragon+1"],"picked":"SKIP","floor":27},{"not_picked":["theDuelist:WhiteRoseDragon","theDuelist:BlueRoseDragon","theDuelist:GreenGraveOni","theDuelist:PurplePainOni","theDuelist:RainbowKuriboh"],"picked":"SKIP","floor":28},{"not_picked":["theDuelist:CactusBouncer","theDuelist:LonefireBlossom","theDuelist:Firegrass+1","theDuelist:PredaplantChlamydosundew+1","theDuelist:Predaponics"],"picked":"SKIP","floor":29},{"not_picked":["Mayhem","Metamorphosis+1","Violence"],"picked":"Trip+1","floor":31},{"not_picked":["theDuelist:Polymerization","theDuelist:BloomingDarkestRose+1","theDuelist:MarkRose+1","theDuelist:VioletCrystal","theDuelist:RagingMadPlants+2"],"picked":"SKIP","floor":35}],"player_experience":320192,"relics_obtained":[{"floor":6,"key":"Replay:Bottled Eggs"},{"floor":9,"key":"theDuelist:MillenniumRod"},{"floor":26,"key":"Quantum Egg"},{"floor":37,"key":"theDuelist:ResummonBranch"},{"floor":37,"key":"Magic Flower"}],"event_choices":[{"damage_healed":0,"gold_gain":0,"player_choice":"Leave","duelist":true,"damage_taken":0,"max_hp_gain":0,"max_hp_loss":0,"event_name":"Relic Duplicator","floor":3,"gold_loss":0},{"damage_healed":0,"gold_gain":0,"player_choice":"Took item - Received: Millennium Coin","duelist":true,"damage_taken":0,"max_hp_gain":0,"max_hp_loss":0,"event_name":"Millennium Items","floor":4,"gold_loss":0},{"cards_removed":["theDuelist:CastleWalls"],"damage_healed":0,"gold_gain":0,"player_choice":"Card Removal","damage_taken":0,"max_hp_gain":0,"max_hp_loss":0,"event_name":"Wheel of Change","floor":12,"gold_loss":0},{"damage_healed":0,"gold_gain":0,"player_choice":"Dig - random Duelist relic","duelist":true,"damage_taken":0,"max_hp_gain":0,"max_hp_loss":0,"event_name":"Aknamkanon\u0027s Tomb","floor":20,"gold_loss":0},{"damage_healed":0,"gold_gain":0,"player_choice":"Traded Relic","damage_taken":0,"relics_obtained":["Nloth\u0027s Gift"],"max_hp_gain":0,"max_hp_loss":0,"event_name":"N\u0027loth","floor":22,"relics_lost":["theDuelist:CardPoolMinusRelic"],"gold_loss":0},{"damage_healed":0,"gold_gain":0,"player_choice":"Paid Fearfully","damage_taken":0,"max_hp_gain":0,"max_hp_loss":0,"event_name":"Masked Bandits","floor":30,"gold_loss":124},{"damage_healed":0,"gold_gain":0,"player_choice":"Leave","duelist":true,"damage_taken":0,"max_hp_gain":0,"max_hp_loss":0,"event_name":"Card Trader","floor":36,"gold_loss":0},{"damage_healed":0,"gold_gain":0,"player_choice":"Fight","duelist":true,"damage_taken":0,"max_hp_gain":0,"max_hp_loss":0,"event_name":"Battle City","floor":37,"gold_loss":0}],"is_beta":false,"boss_relics":[{"not_picked":["ChewingGum","Fusion Hammer"],"picked":"Inserter"},{"not_picked":["Honey Jar","Replay:Wanted Poster"],"picked":"SacredBark"}],"items_purged_floors":[11,19],"is_endless":false,"potions_floor_spawned":[8,14,16,18,29,33,37],"killed_by":"3 Shapes","ascension_level":0}}