{"host":"kjcsj8kbkx3w6fc4","time":1611459368,"event":{"mods":["2.2 Compatiblity","Aspiration","BaseMod","Better Third Choice","Conspire","Downfall","Hermit","Infinite Spire","Minty Spire (QoL Compilation)","Permanent Neow","StSLib","The Cursed"],"gold_per_floor":[99,111,130,41,341,374,400,400,410,410,427,427,439,450,461,558,558,558,569,569,466,466,491,491,507,509,509,509],"floor_reached":26,"language":"ENG","playtime":1956,"items_purged":[],"score":228,"play_id":"70f2fca2-7b5f-479c-847f-f024c3c48040","local_time":"20210123223608","is_ascension_mode":false,"campfire_choices":[{"data":"Guardian:TwinSlam","floor":1,"key":"SMITH"},{"data":"Guardian:FloatingOrbs","floor":8,"key":"SMITH"},{"data":"Guardian:RollAttack","floor":12,"key":"SMITH"},{"data":"Guardian:PiercingHide","floor":18,"key":"SMITH"}],"circlet_count":0,"master_deck":["Guardian:Strike_Guardian","Guardian:Strike_Guardian+1","Guardian:Strike_Guardian","Guardian:Strike_Guardian+1","Guardian:Defend_Guardian","Guardian:Defend_Guardian","Guardian:Defend_Guardian","Guardian:Defend_Guardian","Guardian:CurlUp","Guardian:TwinSlam+1","Guardian:Reroute","Guardian:FloatingOrbs+1","Guardian:RollAttack+1","Guardian:TemporalStrike","downfall:Icky","downfall:Icky","Guardian:TimeBomb","Guardian:PiercingHide+1","Guardian:BodySlam","Guardian:CrystalBeam","Guardian:ExploitGems","Guardian:EvasiveProtocol","Guardian:Gem_Yellow","Guardian:Gem_Red","Guardian:Gem_White","infinitespire:TheBestDefense","Guardian:SphericShield","Guardian:ArmoredProtocol"],"relics":["Guardian:ModeShifter","Nunchaku","Dream Catcher","Potion Belt","conspire:SlowCooker","downfall:KnowingSkull","Pantograph","Whetstone"],"acts_visited":["Exordium","TheCity"],"potions_floor_usage":[11,16,16,16,23,25,26],"damage_taken":[{"damage":6,"enemies":"Cultist","floor":2,"turns":5},{"damage":0,"enemies":"Small Slimes","floor":3,"turns":2},{"damage":10,"enemies":"downfall:FleeingMerchant","floor":4,"turns":4},{"damage":18,"enemies":"Lagavulin","floor":6,"turns":5},{"damage":0,"enemies":"2 Louse","floor":9,"turns":2},{"damage":6,"enemies":"Lots of Slimes","floor":11,"turns":4},{"damage":7,"enemies":"Exordium Thugs","floor":13,"turns":5},{"damage":7,"enemies":"Blue Slaver","floor":14,"turns":3},{"damage":9,"enemies":"Large Slime","floor":15,"turns":6},{"damage":6,"enemies":"IC_STATUS_ARCHETYPE","floor":16,"turns":10},{"damage":11,"enemies":"Chosen","floor":19,"turns":4},{"damage":11,"enemies":"downfall:FleeingMerchant","floor":21,"turns":4},{"damage":36,"enemies":"Book of Stabbing","floor":23,"turns":7},{"damage":13,"enemies":"Shell Parasite","floor":25,"turns":6},{"damage":6,"enemies":"conspire:MimicChest","floor":26,"turns":5}],"seed_played":"-8975307678312545285","potions_obtained":[{"floor":6,"key":"Dexterity Potion"},{"floor":11,"key":"ColorlessPotion"},{"floor":14,"key":"Guardian:DefensiveModePotion"},{"floor":15,"key":"Fire Potion"},{"floor":16,"key":"Energy Potion"},{"floor":19,"key":"SkillPotion"},{"floor":25,"key":"DistilledChaos"}],"is_trial":false,"path_per_floor":["R","M","M","$","?","E","T","R","M","?","M","R","M","M","M","B",null,"R","M","?","$","AVR","E","T","M","?"],"character_chosen":"GUARDIAN","items_purchased":["Guardian:Gem_Red","Guardian:TemporalStrike","Guardian:Gem_Red","Guardian:Gem_White"],"campfire_rested":0,"item_purchase_floors":[4,4,21,21],"current_hp_per_floor":[80,74,74,64,64,46,46,46,46,39,33,33,26,19,10,4,80,80,69,61,50,50,18,18,5,0,0,0],"gold":509,"neow_bonus":"THREE_CARDS","is_daily":false,"chose_seed":false,"campfire_upgraded":4,"win_rate":0.0,"timestamp":1611459368,"path_taken":["R","M","M","$","?","E","T","R","M","?","M","R","M","M","M","BOSS","R","M","?","?","AVR","E","T","M","?"],"items_purchased_type":["Card","Card","Card","Card"],"build_version":"2020-12-22","purchased_purges":0,"victory":false,"max_hp_per_floor":[80,80,80,80,80,80,80,80,80,80,80,80,80,80,80,80,80,80,80,80,80,80,80,80,80,80,80,80],"card_choices":[{"not_picked":["Guardian:VentSteam","Guardian:Gem_Lightblue"],"picked":"Guardian:Gem_Yellow","floor":0},{"not_picked":["Guardian:TimeCapacitor","Guardian:Incinerate"],"picked":"Guardian:Reroute","floor":2},{"not_picked":["Guardian:BronzeArmor","Guardian:ShieldSpikes"],"picked":"Guardian:FloatingOrbs","floor":3},{"not_picked":["Guardian:Suspension","Guardian:Gem_Lightblue"],"picked":"Guardian:RollAttack","floor":4},{"not_picked":["Guardian:Gem_Blue","Guardian:Gem_Fragmented"],"picked":"Guardian:Gem_Green","floor":6},{"not_picked":["Guardian:ChargeCore","Guardian:Gem_Blue"],"picked":"Guardian:Gem_Cyan","floor":9},{"not_picked":["Guardian:Gem_Cyan","Guardian:Gem_Red"],"picked":"Guardian:TimeBomb","floor":11},{"not_picked":["Guardian:Clone","Guardian:ChargeCore"],"picked":"Guardian:PiercingHide","floor":13},{"not_picked":["Guardian:FastForward","Guardian:Suspension"],"picked":"Guardian:BodySlam","floor":14},{"not_picked":["Guardian:WalkerClaw","Guardian:Gem_Red"],"picked":"Guardian:CrystalBeam","floor":15},{"not_picked":["Guardian:GatlingBeam","Guardian:HyperBeam_Guardian"],"picked":"Guardian:ExploitGems","floor":16},{"not_picked":["Guardian:Orbwalk","Guardian:BronzeOrb+1"],"picked":"Guardian:EvasiveProtocol","floor":19},{"not_picked":["Guardian:EvasiveProtocol","Guardian:GuardianWhirl"],"picked":"Guardian:Gem_Yellow","floor":21},{"not_picked":["Guardian:Gem_Green","Guardian:TemporalStrike+1"],"picked":"Guardian:SphericShield","floor":23},{"not_picked":["Guardian:PrimingBeam","Guardian:MultiBeam"],"picked":"Guardian:ArmoredProtocol","floor":25}],"player_experience":136429,"relics_obtained":[{"floor":6,"key":"Nunchaku"},{"floor":7,"key":"Dream Catcher"},{"floor":23,"key":"Whetstone"}],"event_choices":[{"damage_healed":0,"gold_gain":1,"player_choice":"Relic ","damage_taken":7,"max_hp_gain":0,"max_hp_loss":0,"event_name":"betterThird:BetterScrap","floor":10,"gold_loss":0,"cards_obtained":["conspire:SharedLibrary"]}],"is_beta":false,"boss_relics":[{"not_picked":["Busted Crown","aspiration:RunicSpoon"],"picked":"conspire:SlowCooker"}],"items_purged_floors":[],"is_endless":false,"potions_floor_spawned":[6,11,14,15,16,19,25],"killed_by":"conspire:MimicChest","ascension_level":0}}