{"host":"1q3j0ei39r3fhrcd","time":1611522502,"event":{"mods":["2.2 Compatiblity","Astrologer","Bard","Bartender","BaseMod","Beaked The Cultist","Better Note","Better Skull","Better Third Choice","BetterRewards","Challenge The Spire","Clockwork Mod","Conspire","Dio Mod","Downfall","Duelist Mod","Gremlin Mod","GungeonMod","Hermit","Hubris","Infinite Spire","Jorbs\u0027s Wanderer Trilogy","Marisa????????","Minty Spire (QoL Compilation)","Replay The Spire","Robot Space Explorer","SIMod","Shop Mod","Somnambulant","Spicy Shops","Spire Arcade","StSLib","The Blackbeard","The Bug Knight","The Clintock","The Construct","The Cursed","The Death Knight","The Disciple","The Dragon Tamer","The Druid","The Elementalist","The Forsaken","The Hierophant","The Judge","The Mystic","The Necromancer","The Runesmith","The Sage","The Servant 0.9.4","The Showman","The Valiant","The Vixen","The Wild Card","The Witch","TheFirefly","Yuri Mod","[IsaacMod]????","thorton","vexMod"],"gold_per_floor":[112,171,1,15,27,56,56,70,70,70,86,104,134,4,4,103,103,120,120,120,130,140,140,159,192,192,192,211,227,246,262,281,281,281,281,281],"floor_reached":35,"language":"ENG","playtime":2799,"items_purged":["DTMod:Strike","DTMod:Strike","DTMod:Strike","DTMod:TargetDefense"],"score":470,"play_id":"5b4777be-b8fc-45a3-9c04-c736ee528c09","local_time":"20210124220822","is_ascension_mode":false,"metric_token":3859,"campfire_choices":[{"data":"DTMod:Inferno","floor":7,"key":"SMITH"},{"data":"DTMod:TriAttack","floor":10,"key":"SMITH"},{"data":"DTMod:ShadowImage","floor":15,"key":"SMITH"},{"data":"DTMod:TagTeam","floor":15,"key":"SMITH"},{"data":"DTMod:Multitask","floor":23,"key":"SMITH"},{"data":"DTMod:SneakAttack","floor":23,"key":"SMITH"},{"data":"Pot Of Greed","floor":27,"key":"SMITH"},{"data":"Pot Of Greed","floor":27,"key":"SMITH"},{"data":"DTMod:Training","floor":33,"key":"SMITH"},{"data":"Survey Options","floor":33,"key":"SMITH"}],"dtmod_dragon_data":[35,50,-1,-1,0,0],"circlet_count":0,"master_deck":["DTMod:Strike","DTMod:DoubleHit","DTMod:TargetDefense","DTMod:TargetDefense","DTMod:TargetDefense","DTMod:SwitchingTactic","DTMod:Inferno+1","GreatAndPowerful","Survey Options+1","DTMod:Training+1","DTMod:SneakAttack+1","DTMod:MagicField","DTMod:StarRain","DTMod:Training","DTMod:TriAttack+1","DTMod:DeepFocus","DTMod:ShadowImage+1","DTMod:Hide","DTMod:Threaten","DTMod:TagTeam+1","DTMod:Multitask+1","DTMod:BlueScale","DTMod:Cover","Pot Of Greed+1","Pot Of Greed+1"],"relics":["DTMod:PactStone","HushsDoor","SteamSale","conspire:TreasureMap","vexMod:CardConverter","Anchor","DemoMod:OrangeGuonStone","BargainBundle","BelialBook","Gambling Chip","Pantograph","Replay:Arrowhead","DeathKnight:SindragosasSkull","conspire:RoyalGoblet","infinitespire:ShieldingShard","Replay:Mystery Machine","Grinning Jar"],"acts_visited":["Exordium","TheCity","TheCity"],"potions_floor_usage":[6,24,31,34,35],"damage_taken":[{"damage":0,"enemies":"Jaw Worm","floor":1,"turns":2},{"damage":0,"enemies":"conspire:RoseBush","floor":4,"turns":2},{"damage":0,"enemies":"Cultist","floor":5,"turns":1},{"damage":0,"enemies":"HollowMod:MossKnight","floor":6,"turns":2},{"damage":0,"enemies":"Blue Slaver","floor":8,"turns":2},{"damage":0,"enemies":"2 Fungi Beasts","floor":11,"turns":1},{"damage":0,"enemies":"Exordium Thugs","floor":12,"turns":2},{"damage":0,"enemies":"Gremlin Nob","floor":13,"turns":2},{"damage":0,"enemies":"The Guardian","floor":16,"turns":11},{"damage":0,"enemies":"conspire:FuzzyDice","floor":18,"turns":2},{"damage":0,"enemies":"2 Thieves","floor":21,"turns":2},{"damage":0,"enemies":"3 Cultists","floor":22,"turns":3},{"damage":0,"enemies":"Centurion and Healer","floor":24,"turns":6},{"damage":0,"enemies":"theDuelist:KaibaA2","floor":25,"turns":3},{"damage":0,"enemies":"DemoMod:Red_and_blue_shotgun_kin","floor":28,"turns":1},{"damage":0,"enemies":"DemoMod:4_Bullet_Kins","floor":29,"turns":1},{"damage":2,"enemies":"DemoMod:Veteran_shot_gun_kin_and_blue_shotgun_kin_with_gunsinger","floor":30,"turns":2},{"damage":0,"enemies":"DemoMod:Veteran_shot_gun_kin_and_blue_shotgun_kin","floor":31,"turns":4},{"damage":0,"enemies":"DemoMod:Red_and_blue_shotgun_kin_with_gunsinger","floor":32,"turns":4},{"damage":86,"enemies":"DemoMod:ResourcefulRat","floor":35,"turns":18}],"seed_played":"6971160102389641639","potions_obtained":[{"floor":1,"key":"Block Potion"},{"floor":5,"key":"Swift Potion"},{"floor":11,"key":"LifebloodPotion"},{"floor":12,"key":"hexamod:SoulburnPotion"},{"floor":24,"key":"Strength Potion"},{"floor":32,"key":"Dexterity Potion"}],"is_trial":false,"path_per_floor":["M","?","$","M","M","E","R","M","T","R","M","M","E","$","R","B",null,"M","AVR","?","M","M","R","M","E","T","R","M","M","M","M","M","R","B","B"],"character_chosen":"THE_DT","items_purchased":["conspire:TreasureMap","DTMod:Inferno","DemoMod:GnawedKey","GreatAndPowerful","Survey Options","DTMod:Training","DTMod:SneakAttack","Anchor","DTMod:MagicField","BargainBundle","DTMod:TriAttack","BelialBook","DeathKnight:SindragosasSkull"],"campfire_rested":0,"item_purchase_floors":[0,0,0,0,0,0,0,0,0,3,3,3,14],"current_hp_per_floor":[35,25,27,29,29,31,31,33,33,33,33,35,37,37,37,64,75,75,75,75,77,79,79,79,79,83,83,83,83,81,81,81,81,83,0,0],"gold":281,"neow_bonus":"","is_daily":false,"chose_seed":false,"campfire_upgraded":10,"win_rate":0.0,"timestamp":1611522502,"path_taken":["M","?","$","M","M","E","R","M","T","R","M","M","E","?","R","BOSS","M","AVR","?","M","M","R","M","E","T","R","M","M","M","M","M","R","BOSS","BOSS"],"items_purchased_type":["Relic","Card","Relic","Card","Card","Card","Card","Relic","Card","Relic","Card","Relic","Relic"],"build_version":"2020-12-22","purchased_purges":4,"victory":false,"max_hp_per_floor":[57,61,63,65,65,67,67,69,69,69,69,71,73,73,73,75,75,75,75,75,77,79,79,79,79,83,83,83,83,83,83,83,83,83,83,83],"card_choices":[{"not_picked":[],"picked":"ChaosCard","floor":0},{"not_picked":["DTMod:MasterPlan","DTMod:BlazingStrike"],"picked":"DTMod:StarRain","floor":1},{"not_picked":["DTMod:BlazingStrike","DTMod:QuickFly"],"picked":"DTMod:Training","floor":2},{"not_picked":["DTMod:BreakAttack","DTMod:Coolant"],"picked":"Bomb","floor":2},{"not_picked":["DTMod:Observe","DTMod:RecklessFlurry"],"picked":"DTMod:DeepFocus","floor":4},{"not_picked":["DTMod:FlameSlash","DTMod:Feint","DTMod:BuildUp"],"picked":"SKIP","floor":5},{"not_picked":["DTMod:BreakAttack","DTMod:DragonDance"],"picked":"DTMod:ShadowImage","floor":6},{"not_picked":["DTMod:DeepFocus","DTMod:DragonDance"],"picked":"DTMod:Hide","floor":8},{"not_picked":["DTMod:BreakAttack","DTMod:Punisher","DTMod:LowKick"],"picked":"SKIP","floor":11},{"not_picked":["DTMod:Punisher","DTMod:MagicField"],"picked":"DTMod:Threaten","floor":12},{"not_picked":["DTMod:SealedStrike","DTMod:BreakAttack"],"picked":"DTMod:TagTeam","floor":13},{"not_picked":["DTMod:Prediction","DTMod:SealedStrike"],"picked":"DTMod:Multitask","floor":16},{"not_picked":["DTMod:BreakAttack","DTMod:Dissolve","DTMod:FlameSlash"],"picked":"SKIP","floor":18},{"not_picked":["DTMod:BreakAttack","DTMod:Dissolve","DTMod:FlameSlash"],"picked":"SKIP","floor":18},{"not_picked":["DTMod:DeepFocus","DTMod:QuickFly+1"],"picked":"DTMod:BlueScale","floor":21},{"not_picked":["DTMod:BurningEnergy+1","DTMod:CrossStep+1"],"picked":"DTMod:Cover","floor":22},{"not_picked":["DTMod:MasterPlan+1","DTMod:BlazingStrike","DTMod:MagicField+1"],"picked":"SKIP","floor":24},{"not_picked":["DTMod:Weaken","DTMod:Cover","DTMod:MagicField"],"picked":"SKIP","floor":25},{"not_picked":["DTMod:BizarreTactic","DTMod:RepeatStrike","DTMod:FlameSlash+1"],"picked":"SKIP","floor":28},{"not_picked":["DTMod:Threaten","DTMod:Conduct","DTMod:BlazingStrike"],"picked":"SKIP","floor":29},{"not_picked":["DTMod:StarRain+1","DTMod:RecklessFlurry+1","DTMod:BurningEnergy"],"picked":"SKIP","floor":30},{"not_picked":["DTMod:MasterPlan+1","DTMod:ForkedFire","DTMod:Observe"],"picked":"SKIP","floor":31},{"not_picked":["DTMod:BizarreTactic","DTMod:Weaken+1","DTMod:Cover+1"],"picked":"SKIP","floor":32},{"not_picked":["DTMod:BizarreTactic","DTMod:Weaken+1","DTMod:Cover+1"],"picked":"SKIP","floor":32}],"player_experience":1776978,"relics_obtained":[{"floor":2,"key":"DemoMod:OrangeGuonStone"},{"floor":6,"key":"Gambling Chip"},{"floor":9,"key":"Pantograph"},{"floor":13,"key":"Replay:Arrowhead"},{"floor":25,"key":"Replay:Mystery Machine"},{"floor":26,"key":"Grinning Jar"}],"event_choices":[{"damage_healed":0,"gold_gain":0,"player_choice":"Ignored","damage_taken":0,"max_hp_gain":0,"max_hp_loss":0,"event_name":"betterNote:BetterNote","floor":20,"gold_loss":0,"cards_obtained":["DemoMod:FinishedGun"]}],"is_beta":false,"boss_relics":[{"not_picked":["vexMod:BigBerry","hubris:ScarierMask"],"picked":"conspire:RoyalGoblet"},{"not_picked":[]}],"items_purged_floors":[0,0,3,19],"is_endless":false,"potions_floor_spawned":[1,5,11,12,13,21,22,24,25,28,32],"killed_by":"DemoMod:ResourcefulRat","ascension_level":0}}