{"host":"ayu32rudboxboqpk","time":1611494321,"event":{"mods":["BaseMod","Colored Powertips","Downfall","Hermit","Marisa????????","Minty Spire (QoL Compilation)","Replay The Spire","StSLib","The Animator","The Cursed","The Servant 0.9.4"],"gold_per_floor":[114,314,340,305,330,330,330,394,419,33,33,69,92,106,106,226,251,275,31,31,85,5,69,69,85,185,210,59,79,145,295,295,295,295],"floor_reached":33,"language":"SPA","playtime":1627,"items_purged":[],"score":306,"play_id":"927479b1-8d46-4de3-907c-fd46c211e195","local_time":"20210124141841","is_ascension_mode":false,"campfire_choices":[{"data":"animator:Gilgamesh+5","floor":7,"key":"SMITH"},{"data":"animator:Eve","floor":15,"key":"SMITH"},{"floor":24,"key":"REST"}],"circlet_count":0,"master_deck":["animator:Defend","animator:Defend","animator:Defend","animator:IrohaTamaki","animator:YuiTsuruno","animator:Gilgamesh+18","animator:RinTohsaka","CurseOfTheBell","CurseOfTheBell","animator:Eve+1","animator:HiiragiShinya","animator:FeridBathory","animator:YachiyoNanami","animator:SuzuneAmano","animator:LeleiLaLalena","animator:EmiyaShirou","animator:HomuraAkemi","Slimebound:Tackle+1","Slimebound:Tackle+1","Slimebound:Tackle+1","animator:Illya+1","animator:Archer","animator:Caster","animator:Caster+1","Spreading Infection","animator:Curse_Dizziness"],"relics":["animator:LivingPicture","animator:TheMissingPiece","downfall:ExtraCursedBell","Omamori","Paper Frog","Replay:Multitool","Golden Idol","Garlic","White Beast Statue","animator:HallowedScabbard","Empty Cage","Iron Hammer","Pocketwatch","Happy Flower","Letter Opener","Nilry\u0027s Codex","ClockworkSouvenir","Akabeko","Ring of Greed","Golden Egg","Smiling Mask","ReplayTheSpireMod:Ring of Exchange"],"acts_visited":["Exordium","TheCity"],"potions_floor_usage":[14,16,16,23,23,25,30,30,33,33],"damage_taken":[{"damage":6,"enemies":"2 Louse","floor":1,"turns":3},{"damage":15,"enemies":"Small Slimes","floor":3,"turns":6},{"damage":3,"enemies":"Replay:BlueRogue","floor":8,"turns":6},{"damage":3,"enemies":"Cultist","floor":12,"turns":4},{"damage":5,"enemies":"Blue Slaver","floor":13,"turns":4},{"damage":3,"enemies":"Looter","floor":14,"turns":4},{"damage":13,"enemies":"Slime Boss","floor":16,"turns":8},{"damage":9,"enemies":"Spheric Guardian","floor":18,"turns":4},{"damage":9,"enemies":"Book of Stabbing","floor":23,"turns":4},{"damage":7,"enemies":"Shell Parasite","floor":25,"turns":4},{"damage":3,"enemies":"Snecko","floor":29,"turns":4},{"damage":29,"enemies":"Slavers","floor":30,"turns":4},{"damage":56,"enemies":"Automaton","floor":33,"turns":6}],"seed_played":"-9092302426582937924","potions_obtained":[{"floor":8,"key":"hexamod:SoulburnPotion"},{"floor":12,"key":"FearPotion"},{"floor":13,"key":"Fire Potion"},{"floor":14,"key":"hexamod:SoulburnPotion"},{"floor":16,"key":"LifebloodPotion"},{"floor":18,"key":"SpeedPotion"},{"floor":23,"key":"DistilledChaos"},{"floor":25,"key":"PowerPotion"},{"floor":29,"key":"AttackPotion"},{"floor":30,"key":"PowerPotion"}],"is_trial":false,"path_per_floor":["M","?","M","?","?","?","R","E","T","$","?","M","M","M","R","B",null,"M","$","?","?","$","E","R","M","T","?","$","M","E","?","R","B"],"character_chosen":"THE_ANIMATOR","items_purchased":["animator:HallowedScabbard","animator:YachiyoNanami","Iron Hammer","animator:Archer","ClockworkSouvenir"],"campfire_rested":1,"item_purchase_floors":[10,10,19,22,28],"current_hp_per_floor":[60,65,50,67,50,50,50,48,48,48,72,69,64,61,61,58,73,64,64,64,46,46,37,58,51,51,35,35,32,10,10,31,0,0],"gold":295,"neow_bonus":"ONE_RANDOM_RARE_CARD","is_daily":false,"chose_seed":false,"campfire_upgraded":2,"win_rate":0.0,"timestamp":1611494321,"path_taken":["M","?","M","?","?","?","R","E","T","$","?","M","?","M","R","BOSS","M","$","?","?","$","E","R","M","T","?","$","?","E","?","R","BOSS"],"items_purchased_type":["Relic","Card","Relic","Card","Relic"],"build_version":"2020-12-22","purchased_purges":0,"victory":false,"max_hp_per_floor":[66,71,71,71,71,71,71,72,72,72,72,72,72,72,72,73,73,73,73,73,73,73,73,73,73,73,73,73,73,73,73,73,73,73],"card_choices":[{"not_picked":["animator:Mikaela","animator:Elsword"],"picked":"animator:RinTohsaka","floor":1},{"not_picked":["animator:Verdia","animator:KrulTepes"],"picked":"animator:HiiragiShinya","floor":3},{"not_picked":["animator:GazelDwargon","animator:Tyuule"],"picked":"animator:FeridBathory","floor":8},{"not_picked":["animator:YuiTsuruno","animator:KyokoSakura"],"picked":"animator:SuzuneAmano","floor":12},{"not_picked":["animator:Megumin","animator:Shigure"],"picked":"animator:LeleiLaLalena","floor":13},{"not_picked":["animator:Mikaela","animator:Hakurou"],"picked":"animator:EmiyaShirou","floor":14},{"not_picked":["animator:Rimuru","animator:Elesis"],"picked":"animator:HomuraAkemi","floor":16},{"not_picked":["animator:Ciel+1","animator:Shuna","animator:Mitsuba"],"picked":"SKIP","floor":18},{"not_picked":["animator:Kazuma+1","animator:Megumin"],"picked":"animator:Illya+1","floor":21},{"not_picked":["animator:Assassin","animator:Rider"],"picked":"animator:Caster","floor":23},{"not_picked":["animator:Kuribayashi","animator:Benimaru"],"picked":"animator:Caster","floor":25},{"not_picked":["animator:Lancer","animator:Alexander","animator:OrikoMikuni+1"],"picked":"SKIP","floor":29},{"not_picked":["animator:YachiyoNanami+1","animator:Tyuule","animator:Chung"],"picked":"SKIP","floor":30}],"player_experience":362464,"relics_obtained":[{"floor":2,"key":"Omamori"},{"floor":2,"key":"Paper Frog"},{"floor":2,"key":"Replay:Multitool"},{"floor":8,"key":"Garlic"},{"floor":9,"key":"White Beast Statue"},{"floor":21,"key":"Pocketwatch"},{"floor":23,"key":"Happy Flower"},{"floor":26,"key":"Letter Opener"},{"floor":27,"key":"Nilry\u0027s Codex"},{"floor":30,"key":"Akabeko"},{"floor":31,"key":"Ring of Greed"},{"floor":31,"key":"Golden Egg"},{"floor":31,"key":"Smiling Mask"},{"floor":31,"key":"ReplayTheSpireMod:Ring of Exchange"}],"event_choices":[{"damage_healed":17,"gold_gain":0,"player_choice":"Healed","damage_taken":0,"max_hp_gain":0,"max_hp_loss":0,"event_name":"The Cleric","floor":4,"gold_loss":35},{"damage_healed":0,"gold_gain":0,"player_choice":"Take Damage","damage_taken":17,"relics_obtained":["Golden Idol"],"max_hp_gain":0,"max_hp_loss":0,"event_name":"Golden Idol","floor":5,"gold_loss":0},{"cards_removed":["Writhe"],"damage_healed":0,"gold_gain":0,"player_choice":"Removed","damage_taken":0,"max_hp_gain":0,"max_hp_loss":0,"event_name":"The Cursed Forest","floor":6,"gold_loss":0},{"damage_healed":24,"gold_gain":0,"player_choice":"Full Heal","damage_taken":0,"max_hp_gain":0,"max_hp_loss":0,"event_name":"Wheel of Change","floor":11,"gold_loss":0},{"damage_healed":0,"gold_gain":0,"player_choice":"Obtained Book","damage_taken":16,"max_hp_gain":0,"max_hp_loss":0,"event_name":"Cursed Tome","floor":27,"gold_loss":0}],"is_beta":false,"boss_relics":[{"not_picked":["Ectoplasm","Sozu"],"picked":"Empty Cage"}],"items_purged_floors":[],"is_endless":false,"potions_floor_spawned":[8,12,13,14,16,18,23,25,29,30],"killed_by":"Automaton","ascension_level":0}}