{"host":"6a9c3xws62y7efyw","time":1611474042,"event":{"mods":["BaseMod","Colored Map","Minty Spire (QoL Compilation)","Relic Stats","StSLib"],"gold_per_floor":[111,125,44,61,71,97,109,109,109,129,129,163,163,192,192,264,264,281,461,110,128,3,38,52,52,52],"floor_reached":25,"language":"ENG","playtime":2793,"items_purged":["Strike_P"],"score":566,"play_id":"a37fc39e-0920-4889-b870-11581efb5b1b","local_time":"20210123234042","is_ascension_mode":true,"campfire_choices":[{"floor":8,"key":"REST"},{"data":"Conclude","floor":13,"key":"SMITH"},{"data":"MentalFortress","floor":15,"key":"SMITH"}],"circlet_count":0,"master_deck":["AscendersBane","Strike_P","Strike_P","Strike_P","Defend_P","Defend_P","Defend_P","Defend_P","Eruption","Vigilance","Consecrate","ThirdEye","CarveReality","Conclude+1","Establishment","TalkToTheHand","MentalFortress+1","Wallop+1","CutThroughFate","Tantrum","Blasphemy","BowlingBash","EmptyFist","CutThroughFate+1","Protect","CrushJoints"],"relics":["PureWater","Juzu Bracelet","Mercury Hourglass","White Beast Statue","Toy Ornithopter","Odd Mushroom","Runic Pyramid","ClockworkSouvenir","Bag of Marbles","Calipers"],"acts_visited":["Exordium","TheCity"],"potions_floor_usage":[12,14,14,18,21,23,24,25],"damage_taken":[{"damage":0,"enemies":"Jaw Worm","floor":1,"turns":3},{"damage":1,"enemies":"2 Louse","floor":2,"turns":4},{"damage":0,"enemies":"Cultist","floor":4,"turns":2},{"damage":31,"enemies":"Exordium Wildlife","floor":5,"turns":6},{"damage":15,"enemies":"Lagavulin","floor":6,"turns":7},{"damage":0,"enemies":"Blue Slaver","floor":7,"turns":2},{"damage":1,"enemies":"2 Fungi Beasts","floor":10,"turns":3},{"damage":10,"enemies":"3 Sentries","floor":12,"turns":2},{"damage":6,"enemies":"The Mushroom Lair","floor":14,"turns":3},{"damage":0,"enemies":"Slime Boss","floor":16,"turns":3},{"damage":12,"enemies":"2 Thieves","floor":18,"turns":3},{"damage":8,"enemies":"Shell Parasite","floor":21,"turns":3},{"damage":26,"enemies":"Book of Stabbing","floor":23,"turns":4},{"damage":0,"enemies":"Centurion and Healer","floor":24,"turns":5},{"damage":32,"enemies":"Slavers","floor":25,"turns":2}],"seed_played":"-5459607949211928612","potions_obtained":[{"floor":5,"key":"Explosive Potion"},{"floor":6,"key":"Fire Potion"},{"floor":12,"key":"SpeedPotion"},{"floor":14,"key":"SkillPotion"},{"floor":16,"key":"Fire Potion"},{"floor":18,"key":"Fire Potion"},{"floor":21,"key":"DistilledChaos"},{"floor":23,"key":"Weak Potion"},{"floor":24,"key":"Weak Potion"}],"is_trial":false,"path_per_floor":["M","M","$","M","M","E","M","R","T","M","?","E","R","?","R","B",null,"M","?","$","M","$","E","M","E"],"character_chosen":"WATCHER","items_purchased":["CarveReality","EmptyFist","ClockworkSouvenir","Bag of Marbles","Protect"],"campfire_rested":1,"item_purchase_floors":[3,20,20,20,22],"current_hp_per_floor":[61,60,60,60,29,14,14,34,34,33,33,23,23,27,27,27,58,51,32,32,29,29,8,13,0,0],"gold":52,"neow_bonus":"RANDOM_COMMON_RELIC","is_daily":false,"chose_seed":false,"campfire_upgraded":2,"win_rate":0.0,"timestamp":1611474042,"path_taken":["M","M","$","M","M","E","M","R","T","M","?","E","R","?","R","BOSS","M","?","$","M","$","E","M","E"],"items_purchased_type":["Card","Card","Relic","Relic","Card"],"build_version":"2020-12-22","purchased_purges":1,"victory":false,"max_hp_per_floor":[68,68,68,68,68,68,68,68,68,68,68,68,68,68,68,68,68,68,68,68,68,68,68,68,68,68],"relic_stats":{"counters":[15,52],"Juzu Bracelet":0,"obtain_stats":[{"Calipers":23,"Juzu Bracelet":0,"Bag of Marbles":20,"PureWater":0,"Odd Mushroom":14,"White Beast Statue":9,"Toy Ornithopter":12,"Mercury Hourglass":6,"Runic Pyramid":17,"ClockworkSouvenir":20},{"Calipers":13,"Juzu Bracelet":0,"Bag of Marbles":11,"PureWater":0,"Odd Mushroom":9,"White Beast Statue":6,"Toy Ornithopter":8,"Mercury Hourglass":5,"Runic Pyramid":10,"ClockworkSouvenir":11},{"Calipers":45,"Juzu Bracelet":0,"Bag of Marbles":38,"PureWater":0,"Odd Mushroom":32,"White Beast Statue":24,"Toy Ornithopter":29,"Mercury Hourglass":22,"Runic Pyramid":35,"ClockworkSouvenir":38}],"Toy Ornithopter":35,"Mercury Hourglass":[138]},"card_choices":[{"not_picked":["ThirdEye","Crescendo"],"picked":"Consecrate","floor":1},{"not_picked":["Study","Halt"],"picked":"ThirdEye","floor":2},{"not_picked":["Perseverance","FollowUp"],"picked":"Conclude","floor":4},{"not_picked":["Fasting2","Prostrate"],"picked":"Establishment","floor":5},{"not_picked":["WaveOfTheHand","BattleHymn"],"picked":"TalkToTheHand","floor":6},{"not_picked":["ThirdEye","PathToVictory"],"picked":"MentalFortress","floor":7},{"not_picked":["FlyingSleeves","CutThroughFate"],"picked":"Wallop","floor":10},{"not_picked":["SandsOfTime","Fasting2"],"picked":"CutThroughFate","floor":12},{"not_picked":["Pray","Worship"],"picked":"Tantrum","floor":14},{"not_picked":["Establishment","Scrawl"],"picked":"Blasphemy","floor":16},{"not_picked":["EmptyMind","Protect"],"picked":"BowlingBash","floor":18},{"not_picked":["CrushJoints","ReachHeaven"],"picked":"CutThroughFate+1","floor":21},{"not_picked":["Evaluate","Consecrate","Establishment"],"picked":"SKIP","floor":23},{"not_picked":["Evaluate","EmptyMind"],"picked":"CrushJoints","floor":24}],"player_experience":1407300,"relics_obtained":[{"floor":6,"key":"Mercury Hourglass"},{"floor":9,"key":"White Beast Statue"},{"floor":12,"key":"Toy Ornithopter"},{"floor":14,"key":"Odd Mushroom"},{"floor":23,"key":"Calipers"}],"event_choices":[{"damage_healed":0,"gold_gain":0,"player_choice":"Grow","damage_taken":0,"max_hp_gain":0,"max_hp_loss":0,"event_name":"Living Wall","floor":11,"gold_loss":0,"cards_upgraded":["Wallop"]},{"damage_healed":0,"gold_gain":0,"player_choice":"Fought Mushrooms","damage_taken":0,"max_hp_gain":0,"max_hp_loss":0,"event_name":"Mushrooms","floor":14,"gold_loss":0},{"damage_healed":0,"gold_gain":180,"player_choice":"GOLD GOLD ","damage_taken":19,"max_hp_gain":0,"max_hp_loss":0,"event_name":"Knowing Skull","floor":19,"potions_obtained":[],"gold_loss":0,"cards_obtained":[]}],"is_beta":false,"boss_relics":[{"not_picked":["HolyWater","Empty Cage"],"picked":"Runic Pyramid"}],"items_purged_floors":[22],"is_endless":false,"potions_floor_spawned":[5,6,10,12,14,16,18,21,23,24],"killed_by":"Slavers","ascension_level":20}}