{"host":"jbj9vjxoxc0v9q6j","time":1611450548,"event":{"mods":["BaseMod","Downfall","Hermit","Infinite Spire","Jorbs\u0027s Wanderer Trilogy","Minty Spire (QoL Compilation)","Replay The Spire","Shop Mod","StSLib","The Disciple","The Runesmith","The Senshi","The Servant 0.9.4"],"gold_per_floor":[99,99,99,99,115,115,115,115,127,127,127,52,64,26,46,143,143,143,159,159,159,171,199,251,266,277,277,277,309,309,343,243,255,275,376,376,376,432,432,19,32,32,108,123,148,167,167,167,167,183,183,199,212,212,212,212],"floor_reached":54,"language":"ENG","playtime":8187,"items_purged":["Slimebound:Replication"],"score":594,"play_id":"8f606f70-040d-4179-8c80-c88dbb79e2cb","local_time":"20210123200908","is_ascension_mode":false,"campfire_choices":[{"data":"Slimebound:FormOfPuddle","floor":6,"key":"SMITH"},{"data":"Slimebound:Split","floor":8,"key":"SMITH"},{"data":"Slimebound:CorrosiveSpit","floor":11,"key":"SMITH"},{"data":"ReplayTheSpireMod:Book of Names","floor":18,"key":"SMITH"},{"data":"Slimebound:SelfFormingGoo","floor":32,"key":"SMITH"},{"floor":37,"key":"DIG"},{"data":"Slimebound:OneTwoCombo","floor":47,"key":"SMITH"},{"data":"sneckomod:Unknown","floor":51,"key":"SMITH"}],"circlet_count":0,"master_deck":["Slimebound:Split+1","Slimebound:CorrosiveSpit+1","Slimebound:SplitLeeching","Slimebound:RallyTheTroops","Slimebound:FormOfPuddle+1","Slimebound:SplitMire","Slimebound:SplitAcid","Slimebound:SpikyOuterGoop","Slimebound:SpikyOuterGoop","Slimebound:ItLooksTasty","Slimebound:SlimeBarrage","Slimebound:GoopSpray","Slimebound:MassRepurpose","stsjorbsmod:Withering","sneckomod:Unknown+1","Slimebound:SelfFormingGoo+1","Dramatic Entrance","ReplayTheSpireMod:Book of Names+1","Slimebound:Gluttony+1","Slimebound:Gluttony","Slimebound:Overexert","Slimebound:LeechingTouch","Slimebound:GoopSpray","Slimebound:ProtectTheBoss+1","Slimebound:SpikyOuterGoop","Slimebound:Repurpose+1","Slimebound:SplitAcid","Slimebound:SelfFormingGoo","Slimebound:AcidTongue","Slimebound:TongueLash","Slimebound:GoopSpray","Slimebound:LeechLife","Slimebound:FirmFortitude","Slimebound:OneTwoCombo+1","Slimebound:Schlurp","Slimebound:SplitBruiser+1","Slimebound:SplitMire","Slimebound:LivingWall","Slimebound:SplitAcid","ReplayTheSpireMod:Chaos Vortex","Slimebound:LeechEnergy+1","Slimebound:DisruptingSlam+1","Slimebound:DisruptingSlam","Slimebound:SlimeSpikes+1","Slimebound:TongueLash","Slimebound:RejuvenatingLick+1","Slimebound:LevelUp+1"],"relics":["Slimebound:AbsorbEndCombat","downfall:HeartsMalice","Divine Protection","ReplayTheSpireMod:SealedPack","Replay:PocketPolymizer","Tiny Chest","Replay:Accelerometer","downfall:KnowingSkull","Eternal Feather","downfall:HeartBlessingGreen","Pandora\u0027s Box","ReplayTheSpireMod:Lightbulb","PreservedInsect","Bag of Marbles","Centennial Puzzle","infinitespire:Eraser","Pear"],"acts_visited":["Exordium","TheCity","TheBeyond"],"potions_floor_usage":[16,23,26,29,31,34,35,35,45,53,54],"damage_taken":[{"damage":0,"enemies":"2 Louse","floor":2,"turns":1},{"damage":0,"enemies":"Small Slimes","floor":3,"turns":1},{"damage":0,"enemies":"Jaw Worm","floor":4,"turns":1},{"damage":0,"enemies":"3 Louse","floor":5,"turns":4},{"damage":2,"enemies":"Red Slaver","floor":9,"turns":3},{"damage":0,"enemies":"downfall:FleeingMerchant","floor":12,"turns":4},{"damage":11,"enemies":"Exordium Thugs","floor":13,"turns":5},{"damage":0,"enemies":"downfall:FleeingMerchant","floor":14,"turns":4},{"damage":0,"enemies":"2 Fungi Beasts","floor":15,"turns":4},{"damage":2,"enemies":"SI_SHIV_ARCHETYPE","floor":16,"turns":9},{"damage":2,"enemies":"3 Byrds","floor":19,"turns":4},{"damage":0,"enemies":"Snake Plant","floor":22,"turns":5},{"damage":20,"enemies":"Nightmare","floor":23,"turns":7},{"damage":23,"enemies":"Cultist and Chosen","floor":25,"turns":5},{"damage":0,"enemies":"Snecko","floor":26,"turns":5},{"damage":6,"enemies":"Slavers","floor":29,"turns":4},{"damage":33,"enemies":"Book of Stabbing","floor":31,"turns":8},{"damage":13,"enemies":"Shelled Parasite and Fungi","floor":33,"turns":8},{"damage":14,"enemies":"3 Cultists","floor":34,"turns":4},{"damage":51,"enemies":"DF_ARCHETYPE_CLAW","floor":35,"turns":10},{"damage":11,"enemies":"3 Darklings","floor":38,"turns":6},{"damage":9,"enemies":"downfall:FleeingMerchant","floor":40,"turns":4},{"damage":1,"enemies":"3 Shapes","floor":41,"turns":5},{"damage":14,"enemies":"3 Darklings","floor":44,"turns":6},{"damage":27,"enemies":"Nightmare","floor":45,"turns":9},{"damage":5,"enemies":"Sphere and 2 Shapes","floor":46,"turns":4},{"damage":26,"enemies":"Jaw Worm Horde","floor":50,"turns":3},{"damage":2,"enemies":"4 Shapes","floor":52,"turns":6},{"damage":2,"enemies":"Sphere and 2 Shapes","floor":53,"turns":6},{"damage":116,"enemies":"IC_BLOCK_ARCHETYPE","floor":54,"turns":4}],"seed_played":"-3362639527327581886","potions_obtained":[{"floor":1,"key":"LifebloodPotion"},{"floor":1,"key":"Slimebound:SlimyTonguePotion"},{"floor":9,"key":"Ancient Potion"},{"floor":16,"key":"Dexterity Potion"},{"floor":21,"key":"CultistPotion"},{"floor":23,"key":"SkillPotion"},{"floor":29,"key":"Energy Potion"},{"floor":34,"key":"hexamod:SoulburnPotion"},{"floor":41,"key":"PowerPotion"},{"floor":45,"key":"SteroidPotion"},{"floor":50,"key":"Toxic Potion"},{"floor":53,"key":"Swift Potion"}],"is_trial":false,"path_per_floor":["R","M","M","M","M","R","T","R","M","?","R","$","M","$","M","B",null,"R","M","?","?","M","NM","T","M","M","PTL","PTL","E","?","E","R","M","M","B",null,"R","M","?","$","M","T","T","M","NM","M","R","PTL","PTL","M","R","M","M","B"],"character_chosen":"SLIMEBOUND","items_purchased":["Slimebound:SpikyOuterGoop","Slimebound:GoopSpray","PreservedInsect","Slimebound:SplitMire","Bag of Marbles"],"campfire_rested":0,"item_purchase_floors":[12,14,40,40,40],"current_hp_per_floor":[65,65,65,65,65,65,65,65,65,70,70,70,67,70,70,68,70,70,68,68,68,70,56,56,41,49,49,49,51,45,30,48,37,31,14,80,80,80,80,75,80,80,80,66,67,62,86,86,86,66,90,90,90,0,0,0],"gold":212,"neow_bonus":"THREE_ENEMY_KILL","is_daily":false,"chose_seed":false,"campfire_upgraded":7,"win_rate":0.0,"timestamp":1611450548,"path_taken":["R","M","M","M","M","R","T","R","M","?","R","$","M","$","M","BOSS","R","M","?","?","M","NM","T","M","M","PTL","PTL","E","?","E","R","?","M","BOSS","R","M","?","$","M","?","T","M","NM","M","R","PTL","PTL","M","R","M","M","BOSS"],"items_purchased_type":["Card","Card","Relic","Card","Relic"],"build_version":"2020-12-22","purchased_purges":1,"victory":false,"max_hp_per_floor":[65,65,65,65,65,65,65,65,65,70,70,70,70,70,70,70,70,70,70,70,70,70,70,70,70,70,70,70,70,70,80,80,80,80,80,80,80,80,80,80,80,80,80,80,90,90,90,90,90,90,90,90,90,90,90,90],"card_choices":[{"not_picked":["Slimebound:FlameTackle","Slimebound:HauntingLick"],"picked":"Slimebound:SplitLeeching","floor":2},{"not_picked":["Slimebound:SplitAcid","Slimebound:FormOfPuddle"],"picked":"Slimebound:Replication","floor":3},{"not_picked":["Slimebound:FinishingTackle","Slimebound:BestDefense"],"picked":"Slimebound:RallyTheTroops","floor":4},{"not_picked":["Slimebound:GoopTackle","Slimebound:RollThrough"],"picked":"Slimebound:FormOfPuddle","floor":5},{"not_picked":["Slimebound:FinishingTackle","Slimebound:SlimeSpikes"],"picked":"Slimebound:SplitMire","floor":9},{"not_picked":["Slimebound:SamplingLick","Slimebound:RollThrough"],"picked":"Slimebound:SplitAcid","floor":12},{"not_picked":["Slimebound:GoopTackle","Slimebound:Grow"],"picked":"Slimebound:ItLooksTasty","floor":13},{"not_picked":["Slimebound:ProtectTheBoss","Slimebound:ItLooksTasty"],"picked":"Slimebound:SlimeBarrage","floor":14},{"not_picked":["Slimebound:WasteNot","Slimebound:ViciousTackle"],"picked":"Slimebound:ForwardTackle","floor":15},{"not_picked":["Slimebound:OozeBath","Slimebound:FirmFortitude"],"picked":"Slimebound:MassRepurpose","floor":16},{"not_picked":["m_BronzeSurvivor","stsjorbsmod:Withering"],"picked":"sneckomod:Unknown","floor":17},{"not_picked":["Slimebound:PrepareCrush","Slimebound:WasteNot"],"picked":"Slimebound:SelfFormingGoo","floor":17},{"not_picked":["Madness","Finesse"],"picked":"Dramatic Entrance","floor":17},{"not_picked":["infinitespire:FutureSight","infinitespire:Fortify"],"picked":"ReplayTheSpireMod:Book of Names","floor":17},{"not_picked":["Slimebound:SamplingLick","Slimebound:Replication+1"],"picked":"Slimebound:Gluttony+1","floor":19},{"not_picked":["Slimebound:PressTheAttack","Slimebound:Nibble"],"picked":"Slimebound:Gluttony","floor":22},{"not_picked":["Slimebound:ProtectTheBoss","Slimebound:SlimeBrawl"],"picked":"Slimebound:Overexert","floor":23},{"not_picked":["Slimebound:GoopSpray","Slimebound:Replication+1"],"picked":"Slimebound:LeechingTouch","floor":25},{"not_picked":["Slimebound:Replication","Slimebound:FormOfPuddle"],"picked":"Slimebound:GoopSpray","floor":26},{"not_picked":["Slimebound:ForwardTackle","Slimebound:Gluttony"],"picked":"Slimebound:ProtectTheBoss+1","floor":29},{"not_picked":["Slimebound:SlimeSlap","Slimebound:ItLooksTasty+1","Slimebound:RollThrough"],"picked":"SKIP","floor":31},{"not_picked":["Slimebound:LeadByExample","Slimebound:ItLooksTasty"],"picked":"Slimebound:Repurpose+1","floor":33},{"not_picked":["Slimebound:ItLooksTasty","Slimebound:Nibble"],"picked":"Slimebound:SplitAcid","floor":34},{"not_picked":["Slimebound:MassFeed","Slimebound:DuplicatedForm"],"picked":"Slimebound:SelfFormingGoo","floor":35},{"not_picked":["Slimebound:SlimeBarrage","Slimebound:Prepare+1"],"picked":"Slimebound:Schlurp","floor":38},{"not_picked":["Slimebound:FlameTackle+1","Slimebound:BestDefense"],"picked":"Slimebound:SplitBruiser+1","floor":40},{"not_picked":["Slimebound:HauntingLick","Slimebound:FinishingTackle"],"picked":"Slimebound:LivingWall","floor":41},{"not_picked":["Slimebound:ProtectTheBoss","Slimebound:GoopTackle+1"],"picked":"Slimebound:SplitAcid","floor":44},{"not_picked":["infinitespire:TheBestDefense","infinitespire:Collect"],"picked":"ReplayTheSpireMod:Chaos Vortex","floor":45},{"not_picked":["Slimebound:Schlurp+1","Slimebound:ItLooksTasty+1"],"picked":"Slimebound:LeechEnergy+1","floor":45},{"not_picked":["Slimebound:AcidTongue","Slimebound:ItLooksTasty+1"],"picked":"Slimebound:DisruptingSlam+1","floor":46},{"not_picked":["Slimebound:Prepare+1","Slimebound:HauntingLick+1"],"picked":"Slimebound:SlimeSpikes+1","floor":50},{"not_picked":["Slimebound:LivingWall+1","Slimebound:BestDefense+1"],"picked":"Slimebound:RejuvenatingLick+1","floor":52},{"not_picked":["Slimebound:SpikyOuterGoop+1","Slimebound:LeechEnergy+1"],"picked":"Slimebound:LevelUp+1","floor":53}],"player_experience":1933479,"relics_obtained":[{"floor":7,"key":"Divine Protection"},{"floor":23,"key":"Replay:PocketPolymizer"},{"floor":24,"key":"Tiny Chest"},{"floor":29,"key":"Replay:Accelerometer"},{"floor":31,"key":"Eternal Feather"},{"floor":37,"key":"ReplayTheSpireMod:Lightbulb"},{"floor":42,"key":"Centennial Puzzle"},{"floor":43,"key":"infinitespire:Eraser"},{"floor":45,"key":"Pear"}],"event_choices":[{"damage_healed":0,"gold_gain":0,"player_choice":"Donut","damage_taken":0,"max_hp_gain":5,"max_hp_loss":0,"event_name":"Big Fish","floor":10,"gold_loss":0},{"damage_healed":0,"gold_gain":0,"player_choice":"Ignored","damage_taken":0,"max_hp_gain":0,"max_hp_loss":0,"event_name":"Vampires","floor":20,"gold_loss":0}],"is_beta":false,"boss_relics":[{"not_picked":["Slimebound:TarBlob","Black Star"],"picked":"ReplayTheSpireMod:SealedPack"},{"not_picked":["bronze:MakeshiftBattery","Busted Crown"],"picked":"Pandora\u0027s Box"}],"items_purged_floors":[40],"is_endless":true,"potions_floor_spawned":[9,13,15,16,23,29,34,41,45,50,53],"killed_by":"IC_BLOCK_ARCHETYPE","ascension_level":0}}