{"host":"btkahjvw3wdsn6lk","time":1611491805,"event":{"mods":["ATMod(°¢èªMod)","Act Like it!","BaseMod","Dota2Spire","Gensokyo","Highlight Path","Minty Spire (QoL Compilation)","RumiaBox-Â¶Ã×æ«µÄÉñÃØºÐ×Ó","Spicy Shops","StSLib","Yakumo Yukari mod","¡¾ÒÅÎï¿¨ÅÆ¡¿REMEMod"],"gold_per_floor":[134,4,4,16,34,65,65,65,65,78,178,178,210,221,221,316,316,333,333,351,237,237,237,237],"floor_reached":23,"language":"ZHS","playtime":1682,"items_purged":[],"score":269,"play_id":"65ab1de9-f2f2-408b-a871-1c123fa517e9","local_time":"20210124203645","is_ascension_mode":true,"campfire_choices":[{"data":"AT_KingSlayer","floor":8.0,"key":"SMITH"},{"data":"WeekHit_purple","floor":15,"key":"SMITH"}],"circlet_count":0,"master_deck":["AT_purpleEX","AT_purpleEX","Defend_purpleEX","Defend_purpleEX","Defend_purpleEX","Defend_purpleEX","Observe_purple_1","Observe_purple_2","AT_KingSlayer+1","Theboundaryofcreation_purpleEX","Theboundaryofcreation_purpleEX","WeekHit_purple+1","ButterflyHabitatTemple_purple","CommonSense_AntiCommonSense_purple","Boundary_LifeAndDeath_purple","Gensokyo:ScrapIron","Gensokyo:BlemishedSteel"],"relics":["Boundary_crack","Memoryfragments_purpleEX","AT_ATBox","REME_ComplimentaryCards","Mercury Hourglass","Dota2Spire:Vanguard","AT_GoldPhoenixTree","Potion Belt","Empty Cage","Gensokyo:RedStar"],"acts_visited":["Exordium","Gensokyo:Gensokyo"],"potions_floor_usage":[16],"damage_taken":[{"damage":5.0,"enemies":"Gensokyo:2_Kodama","floor":1.0,"turns":5.0},{"damage":15.0,"enemies":"Gensokyo:Gryphon","floor":4.0,"turns":5.0},{"damage":4.0,"enemies":"Gensokyo:Python","floor":5.0,"turns":4.0},{"damage":30.0,"enemies":"Gensokyo:Cirno","floor":6.0,"turns":7.0},{"damage":0.0,"enemies":"Gensokyo:VengefulSpirit","floor":10.0,"turns":5.0},{"damage":0,"enemies":"Gensokyo:Mamizou","floor":13,"turns":9},{"damage":0,"enemies":"Gensokyo:Python_and_Kodama","floor":14,"turns":3},{"damage":38,"enemies":"Gensokyo:Kokoro","floor":16,"turns":6},{"damage":0,"enemies":"Gensokyo:2_Gloops","floor":18,"turns":4},{"damage":0,"enemies":"Gensokyo:AngelMirror","floor":20,"turns":3},{"damage":19,"enemies":"Gensokyo:Reisen","floor":23,"turns":6}],"seed_played":"3059346317172487377","potions_obtained":[{"floor":5.0,"key":"ColorlessPotion"},{"floor":10.0,"key":"DuplicationPotion"},{"floor":13,"key":"ColorlessPotion"},{"floor":16,"key":"PowerPotion"},{"floor":18,"key":"FearPotion"}],"is_trial":false,"path_per_floor":["M","COS","?","M","M","E","$","R","T","M","?","?","E","M","R","B",null,"M","?","M","COS","?","E"],"character_chosen":"Youkari","items_purchased":[],"campfire_rested":0,"item_purchase_floors":[],"current_hp_per_floor":[77,77,77,63,61,33,33,33,33,35,35,43,46,49,49,15,94,94,94,94,94,94,75,75],"gold":237,"neow_bonus":"TEN_PERCENT_HP_BONUS","is_daily":false,"chose_seed":false,"campfire_upgraded":2,"win_rate":0.0,"timestamp":1611491805,"path_taken":["M","COS","?","M","M","E","?","R","T","M","?","?","E","?","R","BOSS","M","?","M","COS","?","E"],"items_purchased_type":[],"build_version":"2020-12-22","purchased_purges":0,"victory":false,"max_hp_per_floor":[80,80,80,80,80,80,80,80,80,80,80,88,91,94,94,94,94,94,94,94,94,94,94,94],"card_choices":[{"not_picked":["MeetDecomposer_purple","StateErode_purple","Realm_recovery_purpleEX"],"picked":"SKIP","floor":1.0},{"not_picked":["SfantasyHide_purple","PositiveMatter_Antimatter_Universe_purple","Line_surface_state_purple"],"picked":"SKIP","floor":4.0},{"not_picked":["Boundary_of_Extermination_purpleEX","Boundary_ObjectiveBoundary_purple","WatchEChange_purple"],"picked":"SKIP","floor":5.0},{"not_picked":["Boundary_LightAndDark_purple","CommonSense_AntiCommonSense_purple"],"picked":"Theboundaryofcreation_purpleEX","floor":6.0},{"not_picked":["Realm_recovery_purpleEX","Boundary_of_Extermination_purpleEX"],"picked":"WeekHit_purple","floor":10.0},{"not_picked":["DimensionStaggered_purple","Umbrella_purple"],"picked":"ButterflyHabitatTemple_purple","floor":13},{"not_picked":["StateErode_purple","StateDuplicate_purple"],"picked":"CommonSense_AntiCommonSense_purple","floor":14},{"not_picked":["Know_ledgeAbilityRealm_purple","WangLiang_OokamiKakushi_purple"],"picked":"Boundary_LifeAndDeath_purple","floor":16},{"not_picked":["StateDuplicate_purple","Realm_recovery_purpleEX+1","Line_surface_state_purple"],"picked":"SKIP","floor":18},{"not_picked":["ExistenceContinue_purple","Anti_communist_purple","Shallow_ocean_purpleEX+1"],"picked":"SKIP","floor":20}],"player_experience":400422,"relics_obtained":[{"floor":6.0,"key":"Dota2Spire:Vanguard"},{"floor":13,"key":"Potion Belt"}],"event_choices":[],"is_beta":false,"boss_relics":[{"not_picked":["SacredBark","Cursed Key"],"picked":"Empty Cage"}],"items_purged_floors":[],"is_endless":false,"potions_floor_spawned":[5,10,13,16,18],"killed_by":"Gensokyo:Reisen","ascension_level":2}}