{"host":"xc18ixkpjvqrt8st","time":1611464315,"event":{"mods":["Act Like it!","BaseMod","Better Match","Better Third Choice","Conspire","Hallownest","Hermit","Hubris","Infinite Spire","Minty Spire (QoL Compilation)","Robot Space Explorer","Shop Mod","Spicy Shops","StSLib","The Animator","The Jungle","The Marked","The Sage"],"gold_per_floor":[125,155,198,209,16,43,43,88,162,5,105,105,123,123,123,234,234,251,129,99,99,109,109,127,127,127,127,127,157,157,188,188,287,287,300,20,40,40,56,56,11,11,37,37,37,82,82,82,82,82,82],"floor_reached":50,"language":"ENG","playtime":4006,"items_purged":[],"score":588,"play_id":"44e64089-8324-4a4e-9466-2aa70f699860","local_time":"20210123225835","is_ascension_mode":true,"campfire_choices":[{"floor":7,"key":"RECALL"},{"floor":12,"key":"REST"},{"floor":15,"key":"REST"},{"floor":23,"key":"REST"},{"data":"animator:SuzuneAmano","floor":25,"key":"SMITH"},{"floor":32,"key":"REST"},{"floor":40,"key":"REST"},{"data":"infinitespire:Fortify","floor":42,"key":"SMITH"},{"data":"animator:Mitsurugi","floor":45,"key":"SMITH"},{"floor":49,"key":"REST"}],"circlet_count":0,"master_deck":["animator:Strike_Konosuba","animator:Defend_Konosuba","animator:Strike","animator:Strike","animator:Strike","animator:Defend","animator:Defend","animator:Defend","animator:Kazuma","animator:Aqua","animator:YachiyoNanami+1","animator:Vanir","animator:KyokoSakura","animator:ElricEdward","animator:Priestess","animator:Mitsurugi+1","animator:SuzuneAmano+1","animator:LizardPriest","animator:Elesis","animator:ElricAlphonse","animator:Kagari","animator:Gillette","infinitespire:Starlight","animator:Layla","animator:Kazuma","animator:ElricAlphonse","animator:Sloth+1","infinitespire:Fortify+1","animator:Biyorigo","animator:Togame+1","animator:Ain+1","animator:Darkness","animator:Wiz","animator:MisaKurobane","animator:Kuroyukihime"],"relics":["animator:LivingPicture","animator:TheMissingPiece","Art of War","hubris:OldNail","Juzu Bracelet","hubris:MysteriousPyramids","Meat on the Bone","Blood Vial","Busted Crown","MealTicket","hubris:Backtick","Regal Pillow","Omamori","SlaversCollar","TwistedFunnel","InkBottle","infinitespire:FocusingShard","Vajra","Paper Crane"],"acts_visited":["Exordium","TheCity","TheBeyond"],"potions_floor_usage":[6,14,16,22,24,31,35,35,39,46],"damage_taken":[{"damage":2,"enemies":"2 Louse","floor":1,"turns":3},{"damage":4,"enemies":"Cultist","floor":2,"turns":6},{"damage":6,"enemies":"conspire:MimicChest","floor":3,"turns":11},{"damage":1,"enemies":"Small Slimes","floor":4,"turns":4},{"damage":5,"enemies":"3 Sentries","floor":6,"turns":9},{"damage":27,"enemies":"Gremlin Nob","floor":8,"turns":4},{"damage":8,"enemies":"Blue Slaver","floor":13,"turns":3},{"damage":0,"enemies":"Gremlin Gang","floor":14,"turns":1},{"damage":6,"enemies":"Slime Boss","floor":16,"turns":13},{"damage":2,"enemies":"Shell Parasite","floor":18,"turns":7},{"damage":27,"enemies":"2 Thieves","floor":22,"turns":4},{"damage":0,"enemies":"Centurion and Healer","floor":24,"turns":9},{"damage":37,"enemies":"Book of Stabbing","floor":29,"turns":6},{"damage":29,"enemies":"animator:HornedBat","floor":31,"turns":11},{"damage":25,"enemies":"conspire:MysteriousRune","floor":33,"turns":13},{"damage":52,"enemies":"3 Darklings","floor":35,"turns":7},{"damage":18,"enemies":"Orb Walker","floor":37,"turns":4},{"damage":23,"enemies":"Maw","floor":39,"turns":8},{"damage":58,"enemies":"Giant Head","floor":46,"turns":10},{"damage":69,"enemies":"Donu and Deca","floor":50,"turns":7}],"seed_played":"-2434977881432892763","potions_obtained":[{"floor":3,"key":"SmokeBomb"},{"floor":4,"key":"Explosive Potion"},{"floor":8,"key":"BlessingOfTheForge"},{"floor":16,"key":"Ancient Potion"},{"floor":20,"key":"ColorlessPotion"},{"floor":20,"key":"Strength Potion"},{"floor":24,"key":"Energy Potion"},{"floor":29,"key":"DuplicationPotion"},{"floor":33,"key":"DistilledChaos"},{"floor":35,"key":"BlessingOfTheForge"}],"is_trial":false,"path_per_floor":["M","M","?","M","$","E","R","E","T","$","?","R","M","M","R","B",null,"M","$","?","?","M","R","M","R","T","?","?","E","AVR","E","R","B",null,"M","$","M","T","M","R","$","R","T","?","R","E","NS","?","R","B"],"character_chosen":"THE_ANIMATOR","items_purchased":["hubris:OldNail","animator:Priestess","Blood Vial","animator:Kagari","animator:Gillette","TwistedFunnel","InkBottle","animator:Darkness"],"campfire_rested":6,"item_purchase_floors":[5,5,10,19,19,36,36,41],"current_hp_per_floor":[72,68,65,64,64,62,62,37,37,37,37,59,55,57,74,70,74,72,72,72,53,40,62,74,74,74,74,74,39,39,36,73,51,74,46,61,58,58,49,75,75,75,75,75,75,41,41,36,73,18,18],"gold":82,"neow_bonus":"TEN_PERCENT_HP_BONUS","is_daily":false,"chose_seed":false,"campfire_upgraded":3,"win_rate":0.0,"timestamp":1611464315,"path_taken":["M","M","?","M","$","E","R","E","T","?","?","R","M","M","R","BOSS","M","?","?","?","M","R","M","R","T","?","?","E","AVR","E","R","BOSS","M","$","M","?","M","R","?","R","T","?","R","E","NS","?","R","BOSS"],"items_purchased_type":["Relic","Card","Relic","Card","Card","Relic","Relic","Card"],"build_version":"2020-12-22","purchased_purges":0,"victory":false,"max_hp_per_floor":[72,72,73,73,73,74,74,74,74,74,74,74,74,74,74,74,74,74,74,74,74,74,74,74,74,74,74,74,74,74,74,74,74,74,74,74,75,75,75,75,75,75,75,75,75,75,75,75,75,75,75],"card_choices":[{"not_picked":["animator:OrikoMikuni","animator:AcuraAkari"],"picked":"animator:YachiyoNanami","floor":1},{"not_picked":["animator:YachiyoNanami","animator:Priestess"],"picked":"animator:Vanir","floor":2},{"not_picked":["animator:Kazuma","animator:YuiTsuruno"],"picked":"animator:KyokoSakura","floor":3},{"not_picked":["animator:Kazuma","animator:Viivi"],"picked":"animator:ElricEdward","floor":4},{"not_picked":["animator:Vanir","animator:Eris"],"picked":"animator:Mitsurugi","floor":6},{"not_picked":["animator:ChaikaBohdan","animator:AcuraTooru"],"picked":"animator:SuzuneAmano","floor":8},{"not_picked":["animator:Elsword","animator:KyokoSakura"],"picked":"animator:LizardPriest","floor":13},{"not_picked":["animator:AcuraShin","animator:Kyubey"],"picked":"animator:Elesis","floor":16},{"not_picked":[],"picked":"animator:ElricAlphonse","floor":18},{"not_picked":["infinitespire:NeuralNetwork","infinitespire:FutureSight"],"picked":"infinitespire:Starlight","floor":21},{"not_picked":[],"picked":"animator:Layla","floor":22},{"not_picked":[],"picked":"animator:Kazuma","floor":24},{"not_picked":[],"picked":"animator:Sloth+1","floor":29},{"not_picked":[],"picked":"animator:Spearman","floor":31},{"not_picked":[],"picked":"animator:Biyorigo","floor":33},{"not_picked":[],"picked":"animator:Togame+1","floor":35},{"not_picked":[],"picked":"animator:Ain+1","floor":37},{"not_picked":["animator:AcuraTooru+1"],"picked":"SKIP","floor":39},{"not_picked":[],"picked":"animator:Wiz","floor":46},{"not_picked":[],"picked":"animator:MisaKurobane","floor":48},{"not_picked":[],"picked":"animator:Kuroyukihime","floor":48}],"player_experience":587307,"relics_obtained":[{"floor":3,"key":"Art of War"},{"floor":6,"key":"Juzu Bracelet"},{"floor":8,"key":"hubris:MysteriousPyramids"},{"floor":9,"key":"Meat on the Bone"},{"floor":29,"key":"MealTicket"},{"floor":31,"key":"Omamori"},{"floor":38,"key":"infinitespire:FocusingShard"},{"floor":43,"key":"Vajra"},{"floor":46,"key":"Paper Crane"}],"event_choices":[{"damage_healed":0,"gold_gain":100,"player_choice":"Pray","damage_taken":0,"max_hp_gain":0,"max_hp_loss":0,"event_name":"Golden Shrine","floor":11,"gold_loss":0},{"damage_healed":0,"gold_gain":0,"player_choice":"Bought 2 Potions","damage_taken":0,"max_hp_gain":0,"max_hp_loss":0,"event_name":"The Woman in Blue","floor":20,"gold_loss":0},{"damage_healed":0,"gold_gain":0,"player_choice":"Copied","damage_taken":0,"max_hp_gain":0,"max_hp_loss":0,"event_name":"Duplicator","floor":28,"gold_loss":0,"cards_obtained":["animator:ElricAlphonse"]},{"cards_removed":["animator:Spearman"],"damage_healed":5,"gold_gain":0,"player_choice":"Offered Common","damage_taken":0,"max_hp_gain":0,"max_hp_loss":0,"event_name":"Bonfire Elementals","floor":44,"gold_loss":0},{"cards_removed":["animator:Spearman"],"damage_healed":5,"gold_gain":0,"player_choice":"Offered Special","damage_taken":0,"max_hp_gain":0,"max_hp_loss":0,"event_name":"Bonfire Elementals","floor":44,"gold_loss":0},{"damage_healed":0,"gold_gain":0,"player_choice":"Memory 2","damage_taken":5,"max_hp_gain":0,"max_hp_loss":0,"event_name":"SensoryStone","floor":48,"gold_loss":0}],"is_beta":false,"boss_relics":[{"not_picked":["hubris:TerracottaHorce","hubris:RunicObelisk"],"picked":"Busted Crown"},{"not_picked":["Fusion Hammer","Astrolabe"],"picked":"SlaversCollar"}],"items_purged_floors":[],"is_endless":false,"potions_floor_spawned":[3,4,8,16,24,29,33,35],"killed_by":"Donu and Deca","ascension_level":2}}