{"host":"rj1j8apb2x4vafcu","time":1611471861,"event":{"mods":["AchievementEnabler","Act Like it!","BaseMod","Colored Map","Colored Powertips","Minty Spire (QoL Compilation)","Rare Cards Sparkle","StSLib"],"gold_per_floor":[112,187,200,200,218,246,246,259,259,259,74,103,103,130,130,234,234,253,267,280,280,297,322,335,335,335,354,372,372,382,401,401,401,401],"floor_reached":33,"language":"ENG","playtime":2538,"items_purged":["Defend_G"],"score":295,"play_id":"1bd0e3d1-23bd-4d6e-a3e3-4395cf6ab8e1","local_time":"20210124050421","is_ascension_mode":true,"campfire_choices":[{"floor":7,"key":"REST"},{"data":"Tactician","floor":10,"key":"SMITH"},{"data":"Reflex","floor":13,"key":"SMITH"},{"floor":15,"key":"REST"},{"floor":25,"key":"REST"},{"data":"Phantasmal Killer","floor":29,"key":"SMITH"},{"floor":32,"key":"REST"}],"circlet_count":0,"master_deck":["Strike_G","Strike_G","Strike_G","Strike_G","Strike_G","Defend_G","Defend_G","Defend_G","Defend_G","Survivor","Neutralize","Unload","Underhanded Strike","Tactician+1","Prepared","Prepared","Underhanded Strike","Escape Plan","Reflex+1","Infinite Blades+1","Burst","Slice+1","Backflip+1","Terror+1","Escape Plan+1","Phantasmal Killer+1","Well Laid Plans+1","Acrobatics"],"relics":["Ring of the Snake","Frozen Egg 2","Sundial","Letter Opener","Bottled Lightning","Bag of Marbles","HoveringKite","Pen Nib","Question Card"],"acts_visited":["Exordium","TheCity"],"potions_floor_usage":[6,18,19,33,33],"damage_taken":[{"damage":0,"enemies":"2 Louse","floor":1,"turns":2},{"damage":0,"enemies":"Jaw Worm","floor":3,"turns":3},{"damage":0,"enemies":"Cultist","floor":5,"turns":2},{"damage":24,"enemies":"Gremlin Nob","floor":6,"turns":4},{"damage":2,"enemies":"2 Fungi Beasts","floor":8,"turns":3},{"damage":8,"enemies":"Lagavulin","floor":12,"turns":5},{"damage":8,"enemies":"Hexaghost","floor":16,"turns":9},{"damage":12,"enemies":"Shell Parasite","floor":18,"turns":6},{"damage":0,"enemies":"3 Byrds","floor":19,"turns":4},{"damage":11,"enemies":"Centurion and Healer","floor":20,"turns":5},{"damage":19,"enemies":"Sentry and Sphere","floor":22,"turns":4},{"damage":20,"enemies":"Book of Stabbing","floor":23,"turns":5},{"damage":18,"enemies":"Cultist and Chosen","floor":24,"turns":5},{"damage":5,"enemies":"3 Cultists","floor":27,"turns":4},{"damage":0,"enemies":"Snecko","floor":28,"turns":3},{"damage":22,"enemies":"Shelled Parasite and Fungi","floor":30,"turns":4},{"damage":0,"enemies":"3 Cultists","floor":31,"turns":2},{"damage":48,"enemies":"Collector","floor":33,"turns":5}],"seed_played":"-8778642414658399378","potions_obtained":[{"floor":3,"key":"PowerPotion"},{"floor":8,"key":"CunningPotion"},{"floor":12,"key":"SkillPotion"},{"floor":18,"key":"FairyPotion"},{"floor":22,"key":"SmokeBomb"},{"floor":30,"key":"Poison Potion"},{"floor":31,"key":"Swift Potion"}],"is_trial":false,"path_per_floor":["M","?","M","?","M","E","R","M","T","R","$","E","R","T","R","B",null,"M","M","M","?","M","E","M","R","T","M","M","R","M","M","R","B"],"character_chosen":"THE_SILENT","items_purchased":["Escape Plan","Reflex"],"campfire_rested":4,"item_purchase_floors":[11,11],"current_hp_per_floor":[70,59,59,26,26,2,23,21,21,21,21,13,13,13,34,26,70,58,58,47,47,28,8,14,35,35,30,30,30,8,8,29,0,0],"gold":401,"neow_bonus":"ONE_RANDOM_RARE_CARD","is_daily":false,"chose_seed":false,"campfire_upgraded":3,"win_rate":0.0,"timestamp":1611471861,"path_taken":["M","?","M","?","M","E","R","M","T","R","?","E","R","?","R","BOSS","M","M","M","?","M","E","M","R","T","M","M","R","M","M","R","BOSS"],"items_purchased_type":["Card","Card"],"build_version":"2020-12-22","purchased_purges":1,"victory":false,"max_hp_per_floor":[70,70,70,70,70,70,70,70,70,70,70,70,70,70,70,70,70,70,70,70,70,70,70,70,70,70,70,70,70,70,70,70,70,70],"card_choices":[{"not_picked":["Poisoned Stab","Bane"],"picked":"Underhanded Strike","floor":1},{"not_picked":["Finisher","Prepared"],"picked":"Tactician","floor":3},{"not_picked":["Dagger Spray","PiercingWail"],"picked":"Prepared","floor":5},{"not_picked":["Dodge and Roll","Dagger Throw"],"picked":"Prepared","floor":6},{"not_picked":["Flechettes","Skewer"],"picked":"Underhanded Strike","floor":8},{"not_picked":["Bane","Underhanded Strike"],"picked":"Infinite Blades+1","floor":12},{"not_picked":["Doppelganger","Night Terror"],"picked":"Burst","floor":16},{"not_picked":["Deflect","Accuracy+1"],"picked":"Slice+1","floor":18},{"not_picked":["PiercingWail","Deadly Poison"],"picked":"Backflip+1","floor":19},{"not_picked":["Eviscerate","Blade Dance"],"picked":"Terror+1","floor":20},{"not_picked":["Bane","Underhanded Strike+1"],"picked":"Escape Plan+1","floor":22},{"not_picked":["Prepared","Flying Knee"],"picked":"Phantasmal Killer","floor":23},{"not_picked":["Dagger Spray","Outmaneuver"],"picked":"Well Laid Plans+1","floor":24},{"not_picked":["Distraction","PiercingWail","Riddle With Holes+1"],"picked":"Acrobatics","floor":27},{"not_picked":["Slice","Catalyst+1","Poisoned Stab","Dagger Spray+1"],"picked":"SKIP","floor":28},{"not_picked":["Acrobatics","Masterful Stab+1","Blade Dance","Slice+1"],"picked":"SKIP","floor":30},{"not_picked":["Poisoned Stab","Dagger Spray+1","Dodge and Roll","Malaise"],"picked":"SKIP","floor":31}],"player_experience":95821,"relics_obtained":[{"floor":6,"key":"Sundial"},{"floor":9,"key":"Letter Opener"},{"floor":12,"key":"Bottled Lightning"},{"floor":14,"key":"Bag of Marbles"},{"floor":23,"key":"Pen Nib"},{"floor":26,"key":"Question Card"}],"event_choices":[{"damage_healed":0,"gold_gain":75,"player_choice":"Gather Gold","damage_taken":11,"max_hp_gain":0,"max_hp_loss":0,"event_name":"World of Goop","floor":2,"gold_loss":0},{"damage_healed":0,"gold_gain":0,"player_choice":"Success","damage_taken":33,"relics_obtained":["Frozen Egg 2"],"max_hp_gain":0,"max_hp_loss":0,"event_name":"Scrap Ooze","floor":4,"gold_loss":0},{"damage_healed":0,"gold_gain":0,"player_choice":"Ignored","damage_taken":0,"max_hp_gain":0,"max_hp_loss":0,"event_name":"Cursed Tome","floor":21,"gold_loss":0}],"is_beta":false,"boss_relics":[{"not_picked":["Tiny House","Cursed Key"],"picked":"HoveringKite"}],"items_purged_floors":[11],"is_endless":false,"potions_floor_spawned":[3,8,12,18,22,30,31],"killed_by":"Collector","ascension_level":1}}