{"host":"7gewg82ormp6yt4e","time":1611488844,"event":{"mods":["BaseMod","Block Reminder","Colored Map","DeckTracker","Highlight Path","Minty Spire (QoL Compilation)","Relic Stats","StSLib","ojb\u0027s Info Mod"],"gold_per_floor":[116,116,132,144,157,157,186,186,186,221,221,232,247,43,43,117,117,133,58,74,124,135,135,135,135],"floor_reached":24,"language":"JPN","playtime":1371,"items_purged":[],"score":466,"play_id":"da8a3a99-1eb1-4ded-93b6-2cbb88a24ae6","local_time":"20210124204724","is_ascension_mode":true,"campfire_choices":[{"data":"Streamline","floor":6,"key":"SMITH"},{"floor":8,"key":"REST"},{"data":"Zap","floor":11,"key":"SMITH"},{"data":"Skim","floor":15,"key":"SMITH"},{"floor":23,"key":"REST"}],"circlet_count":0,"master_deck":["AscendersBane","Strike_B","Strike_B","Defend_B","Defend_B","Defend_B","Dualcast","Streamline+1","Gash","Aggregate","FTL","Cold Snap","Cold Snap","Skim+1","Coolheaded+1","Hologram+1","Reprogram+1","Hologram+1","Good Instincts+1","Fission+1","Sunder+1","Machine Learning+1","Hello World+1","Streamline+1","Conserve Battery+1","Rebound"],"relics":["Cracked Core","Torii","Vajra","Bag of Marbles","Toxic Egg 2","Astrolabe"],"acts_visited":["Exordium","TheCity"],"potions_floor_usage":[7,10,16,20,22,24],"damage_taken":[{"damage":1,"enemies":"2 Louse","floor":1,"turns":2},{"damage":1,"enemies":"Cultist","floor":3,"turns":3},{"damage":7,"enemies":"Jaw Worm","floor":4,"turns":3},{"damage":27,"enemies":"Exordium Thugs","floor":5,"turns":5},{"damage":11,"enemies":"3 Sentries","floor":7,"turns":9},{"damage":0,"enemies":"Gremlin Nob","floor":10,"turns":2},{"damage":1,"enemies":"2 Fungi Beasts","floor":12,"turns":2},{"damage":2,"enemies":"Blue Slaver","floor":13,"turns":3},{"damage":1,"enemies":"Slime Boss","floor":16,"turns":7},{"damage":1,"enemies":"Spheric Guardian","floor":18,"turns":3},{"damage":13,"enemies":"Shell Parasite","floor":20,"turns":4},{"damage":17,"enemies":"Snake Plant","floor":22,"turns":6},{"damage":47,"enemies":"Gremlin Leader","floor":24,"turns":5}],"seed_played":"7361080379835025888","potions_obtained":[{"floor":4,"key":"Dexterity Potion"},{"floor":5,"key":"SteroidPotion"},{"floor":12,"key":"Weak Potion"},{"floor":18,"key":"Dexterity Potion"},{"floor":20,"key":"Swift Potion"}],"is_trial":false,"path_per_floor":["M","?","M","M","M","R","E","R","T","E","R","M","M","$","R","B",null,"M","?","M","?","M","R","E"],"character_chosen":"DEFECT","items_purchased":["Hologram+1","Good Instincts+1","SteroidPotion"],"campfire_rested":2,"item_purchase_floors":[14,14,14],"current_hp_per_floor":[63,63,62,55,28,28,17,36,36,36,36,35,33,33,33,32,56,55,55,42,42,25,44,0,0],"gold":135,"neow_bonus":"ONE_RARE_RELIC","is_daily":false,"chose_seed":false,"campfire_upgraded":3,"win_rate":0.0,"timestamp":1611488844,"path_taken":["M","?","M","M","M","R","E","R","T","E","R","M","M","$","R","BOSS","M","?","M","?","M","R","E"],"items_purchased_type":["Card","Card","Potion"],"build_version":"2020-12-22","purchased_purges":0,"victory":false,"max_hp_per_floor":[64,64,64,64,64,64,64,64,64,64,64,64,64,64,64,64,64,64,64,64,64,64,64,64,64],"relic_stats":{"Torii":29,"counters":[13,54],"Astrolabe":["Sunder","Machine Learning","Hello World"],"obtain_stats":[{"Torii":0,"Astrolabe":17,"Vajra":7,"Bag of Marbles":9,"Toxic Egg 2":10,"Cracked Core":0},{"Torii":0,"Astrolabe":9,"Vajra":5,"Bag of Marbles":5,"Toxic Egg 2":6,"Cracked Core":0},{"Torii":0,"Astrolabe":36,"Vajra":22,"Bag of Marbles":22,"Toxic Egg 2":24,"Cracked Core":0}]},"card_choices":[{"not_picked":["Sweeping Beam","Steam"],"picked":"Streamline","floor":1},{"not_picked":["Rebound","Barrage"],"picked":"FTL","floor":3},{"not_picked":["Capacitor","Fusion"],"picked":"Cold Snap","floor":4},{"not_picked":["Darkness","Leap"],"picked":"Cold Snap","floor":5},{"not_picked":["Force Field","Amplify"],"picked":"Skim","floor":7},{"not_picked":["Cold Snap","Genetic Algorithm+1"],"picked":"Coolheaded+1","floor":10},{"not_picked":["Ball Lightning","Tempest+1"],"picked":"Hologram+1","floor":12},{"not_picked":["Rip and Tear","Gash"],"picked":"Reprogram+1","floor":13},{"not_picked":["Rainbow+1","Biased Cognition"],"picked":"Fission+1","floor":16},{"not_picked":["Ball Lightning+1","Storm"],"picked":"Streamline+1","floor":18},{"not_picked":["Gash","Stack+1"],"picked":"Conserve Battery+1","floor":20},{"not_picked":["Ball Lightning","Cold Snap"],"picked":"Rebound","floor":22}],"player_experience":2674655,"relics_obtained":[{"floor":7,"key":"Vajra"},{"floor":9,"key":"Bag of Marbles"},{"floor":10,"key":"Toxic Egg 2"}],"event_choices":[{"damage_healed":0,"gold_gain":0,"player_choice":"2 cards matched","damage_taken":0,"max_hp_gain":0,"max_hp_loss":0,"event_name":"Match and Keep!","floor":2,"gold_loss":0,"cards_obtained":["Gash","Aggregate"]},{"cards_removed":["Defend_B"],"damage_healed":0,"gold_gain":0,"player_choice":"Gave Gold","damage_taken":0,"max_hp_gain":0,"max_hp_loss":0,"event_name":"Beggar","floor":19,"gold_loss":75},{"damage_healed":0,"gold_gain":50,"player_choice":"Pray","damage_taken":0,"max_hp_gain":0,"max_hp_loss":0,"event_name":"Golden Shrine","floor":21,"gold_loss":0}],"is_beta":false,"boss_relics":[{"not_picked":["Inserter","Calling Bell"],"picked":"Astrolabe"}],"items_purged_floors":[],"is_endless":false,"potions_floor_spawned":[4,5,12,18,20],"killed_by":"Gremlin Leader","ascension_level":20}}