{"host":"qgrlfjrqk9z96gfi","time":1611513226,"event":{"mods":["BaseMod","Block Reminder","Colored Map","Custom Start","DeckTracker","Minty Spire (QoL Compilation)"],"gold_per_floor":[114,189,236,51,10,10,37,56,56,56,88,88,101,115,115,189,189,199,9,22,50,63,63,63,63],"floor_reached":24,"language":"ENG","playtime":697,"items_purged":["Strike_G"],"score":558,"play_id":"f246822a-9e47-46d2-93ef-66a7c3502286","local_time":"20210124083346","is_ascension_mode":true,"campfire_choices":[{"data":"Terror","floor":6.0,"key":"SMITH"},{"data":"Blade Dance","floor":10.0,"key":"SMITH"},{"data":"All Out Attack","floor":12.0,"key":"SMITH"},{"floor":15.0,"key":"REST"},{"floor":23.0,"key":"REST"}],"circlet_count":0,"master_deck":["AscendersBane","Strike_G+1","Strike_G","Strike_G","Strike_G+1","Defend_G","Defend_G","Defend_G","Defend_G","Defend_G","Survivor","Neutralize","All Out Attack+1","Underhanded Strike","Terror+1","Accuracy","Blade Dance+1","Dagger Throw","Venomology","Slice","After Image","Dash+1","Footwork","Endless Agony","Reflex"],"relics":["Ring of the Snake","NeowsBlessing","Whetstone","Happy Flower","Dream Catcher","White Beast Statue","The Courier","Black Star","Akabeko","Red Mask"],"acts_visited":["Exordium","TheCity"],"potions_floor_usage":[24,24,24],"damage_taken":[{"damage":0.0,"enemies":"2 Louse","floor":1.0,"turns":1.0},{"damage":0.0,"enemies":"Gremlin Nob","floor":7.0,"turns":1.0},{"damage":0.0,"enemies":"Jaw Worm","floor":8.0,"turns":1.0},{"damage":11.0,"enemies":"Lagavulin","floor":11.0,"turns":5.0},{"damage":0.0,"enemies":"Cultist","floor":13.0,"turns":2.0},{"damage":3.0,"enemies":"Large Slime","floor":14.0,"turns":4.0},{"damage":0.0,"enemies":"Slime Boss","floor":16.0,"turns":3.0},{"damage":16.0,"enemies":"Shell Parasite","floor":18.0,"turns":4.0},{"damage":0.0,"enemies":"Chosen","floor":20.0,"turns":2.0},{"damage":16.0,"enemies":"Masked Bandits","floor":21.0,"turns":6.0},{"damage":8.0,"enemies":"Centurion and Healer","floor":22.0,"turns":5.0},{"damage":45,"enemies":"Book of Stabbing","floor":24,"turns":6}],"seed_played":"-1741803303424208966","potions_obtained":[{"floor":7.0,"key":"LiquidMemories"},{"floor":8.0,"key":"BlessingOfTheForge"},{"floor":11.0,"key":"DistilledChaos"},{"floor":13.0,"key":"Strength Potion"},{"floor":16.0,"key":"PowerPotion"},{"floor":20.0,"key":"Weak Potion"},{"floor":21.0,"key":"SkillPotion"},{"floor":22.0,"key":"Block Potion"}],"is_trial":false,"path_per_floor":["M","?","T","$","$","R","E","M","T","R","E","R","M","M","R","B",null,"M","$","M","?","M","R","E"],"character_chosen":"THE_SILENT","items_purchased":["Underhanded Strike","Happy Flower","Terror","Akabeko"],"campfire_rested":2,"item_purchase_floors":[4,4,5,19],"current_hp_per_floor":[59,48,48,48,48,48,48,48,48,48,37,37,37,34,53,53,63,47,47,47,31,23,42,0,0],"gold":63,"neow_bonus":"THREE_ENEMY_KILL","is_daily":false,"chose_seed":false,"campfire_upgraded":3,"win_rate":0.0,"timestamp":1611513226,"path_taken":["M","?","?","?","$","R","E","M","T","R","E","R","M","?","R","BOSS","M","$","M","?","M","R","E"],"items_purchased_type":["Card","Relic","Card","Relic"],"build_version":"2020-12-22","purchased_purges":1,"victory":false,"max_hp_per_floor":[66,66,66,66,66,66,66,66,66,66,66,66,66,66,66,66,66,66,66,66,66,66,66,66,66],"card_choices":[{"not_picked":["Flying Knee","Choke"],"picked":"All Out Attack","floor":1.0},{"not_picked":["Slice","Flechettes"],"picked":"Accuracy","floor":7.0},{"not_picked":["Backflip","Caltrops"],"picked":"Blade Dance","floor":8.0},{"not_picked":["Slice","Deadly Poison","Quick Slash"],"picked":"SKIP","floor":11.0},{"not_picked":["Dagger Spray","Poisoned Stab"],"picked":"Dagger Throw","floor":13.0},{"not_picked":["Riddle With Holes","Blur"],"picked":"Venomology","floor":14.0},{"not_picked":["Bane","Prepared"],"picked":"Slice","floor":15.0},{"not_picked":["Storm of Steel","Malaise"],"picked":"After Image","floor":16.0},{"not_picked":["Blur+1","Underhanded Strike"],"picked":"Dash+1","floor":18.0},{"not_picked":["Slice","Flying Knee+1"],"picked":"Footwork","floor":20.0},{"not_picked":["Skewer","Dagger Throw"],"picked":"Endless Agony","floor":21.0},{"not_picked":["Acrobatics","Bane"],"picked":"Reflex","floor":22.0}],"player_experience":1052058,"relics_obtained":[{"floor":3.0,"key":"Whetstone"},{"floor":7.0,"key":"Dream Catcher"},{"floor":9.0,"key":"White Beast Statue"},{"floor":11.0,"key":"The Courier"},{"floor":21.0,"key":"Red Mask"}],"event_choices":[{"damage_healed":0.0,"max_hp_gain":0.0,"max_hp_loss":0.0,"gold_gain":75.0,"event_name":"World of Goop","player_choice":"Gather Gold","floor":2.0,"gold_loss":0.0,"damage_taken":11.0},{"damage_healed":0.0,"max_hp_gain":0.0,"max_hp_loss":0.0,"gold_gain":0.0,"event_name":"Masked Bandits","player_choice":"Fought Bandits","floor":21.0,"gold_loss":0.0,"damage_taken":0.0}],"is_beta":false,"boss_relics":[{"not_picked":["Coffee Dripper","Pandora\u0027s Box"],"picked":"Black Star"}],"items_purged_floors":[19],"is_endless":false,"potions_floor_spawned":[7,8,11,13,14,16,18,20,21,22],"killed_by":"Book of Stabbing","ascension_level":20}}