{"host":"sav7uxregyirlf69","time":1611496814,"event":{"mods":["AchievementEnabler","BaseMod","Colored Map","DeckTracker","Keyboard Shortcuts","Minty Spire (QoL Compilation)","READ ME - Guardian Mod","StSLib","SuperFastMode"],"gold_per_floor":[12,12,26,26,43,43,59,59,82,112,112,123,139,159,159,235,235,252,265,285,285,82,92,92,92,92],"floor_reached":25,"language":"KOR","playtime":476,"items_purged":["Strike_R"],"score":464,"play_id":"be61174a-f8a3-4370-82c1-c75278f4e39a","local_time":"20210124230014","is_ascension_mode":true,"campfire_choices":[{"data":"Carnage","floor":6,"key":"SMITH"},{"data":"Bash","floor":8,"key":"SMITH"},{"data":"Reckless Charge","floor":11,"key":"SMITH"},{"data":"Dual Wield","floor":15,"key":"SMITH"},{"floor":24,"key":"REST"}],"circlet_count":0,"master_deck":["AscendersBane","Strike_R","Strike_R+1","Defend_R","Defend_R","Defend_R","Defend_R","Bash+1","Body Slam+1","Cleave+1","Reckless Charge+1","Rage+1","Carnage+1","Dual Wield+1","Second Wind","Corruption","Blood for Blood+1","Shrug It Off","Shrug It Off","Dual Wield","Shrug It Off"],"relics":["Burning Blood","MealTicket","Whetstone","Snecko Eye"],"acts_visited":["Exordium","TheCity"],"potions_floor_usage":[10,25,25],"damage_taken":[{"damage":0,"enemies":"2 Louse","floor":1,"turns":3},{"damage":7,"enemies":"Small Slimes","floor":3,"turns":4},{"damage":1,"enemies":"Cultist","floor":5,"turns":3},{"damage":3,"enemies":"Exordium Wildlife","floor":7,"turns":2},{"damage":0,"enemies":"Gremlin Nob","floor":10,"turns":3},{"damage":9,"enemies":"3 Louse","floor":12,"turns":3},{"damage":12,"enemies":"Gremlin Gang","floor":13,"turns":5},{"damage":0,"enemies":"Red Slaver","floor":14,"turns":1},{"damage":19,"enemies":"Slime Boss","floor":16,"turns":8},{"damage":0,"enemies":"Spheric Guardian","floor":18,"turns":3},{"damage":27,"enemies":"3 Byrds","floor":19,"turns":5},{"damage":12,"enemies":"3 Cultists","floor":20,"turns":4},{"damage":24,"enemies":"Snake Plant","floor":23,"turns":3},{"damage":56,"enemies":"Shelled Parasite and Fungi","floor":25,"turns":5}],"seed_played":"-2553763171222511318","potions_obtained":[{"floor":5,"key":"GamblersBrew"},{"floor":7,"key":"Energy Potion"},{"floor":10,"key":"Weak Potion"}],"is_trial":false,"path_per_floor":["M","?","M","?","M","R","M","R","T","E","R","M","M","M","R","B",null,"M","M","M","?","$","M","R","M"],"character_chosen":"IRONCLAD","items_purchased":["Shrug It Off","Dual Wield"],"campfire_rested":1,"item_purchase_floors":[22,22],"current_hp_per_floor":[74,74,73,73,75,75,75,75,75,75,75,72,66,72,72,59,71,75,54,48,27,42,24,48,0,0],"gold":92,"neow_bonus":"TRANSFORM_TWO_CARDS","is_daily":false,"chose_seed":false,"campfire_upgraded":4,"win_rate":0.0,"timestamp":1611496814,"path_taken":["M","?","M","?","M","R","M","R","T","E","R","M","M","M","R","BOSS","M","?","M","?","$","M","R","M"],"items_purchased_type":["Card","Card"],"build_version":"2020-12-22","purchased_purges":1,"victory":false,"max_hp_per_floor":[75,75,75,75,75,75,75,75,75,75,75,75,75,75,75,75,75,75,75,75,80,80,80,80,80,80],"card_choices":[{"not_picked":["Thunderclap","Rupture"],"picked":"Reckless Charge","floor":1},{"not_picked":["Anger","Intimidate"],"picked":"Rage","floor":3},{"not_picked":["Searing Blow","Seeing Red"],"picked":"Carnage","floor":5},{"not_picked":["Armaments","Thunderclap","Sword Boomerang"],"picked":"SKIP","floor":7},{"not_picked":["Thunderclap","Armaments","Rupture"],"picked":"SKIP","floor":10},{"not_picked":["Infernal Blade","Intimidate"],"picked":"Dual Wield","floor":12},{"not_picked":["Flex","Sentinel","Iron Wave"],"picked":"SKIP","floor":13},{"not_picked":["Wild Strike","Juggernaut"],"picked":"Second Wind","floor":14},{"not_picked":["Berserk","Bludgeon"],"picked":"Corruption","floor":16},{"not_picked":["Rupture+1","Carnage"],"picked":"Blood for Blood+1","floor":18},{"not_picked":["Hemokinesis","Armaments","Anger"],"picked":"SKIP","floor":19},{"not_picked":["Hemokinesis","Armaments","Anger"],"picked":"SKIP","floor":19},{"not_picked":["Heavy Blade+1","Wild Strike"],"picked":"Shrug It Off","floor":20},{"not_picked":["Cleave","Clothesline+1"],"picked":"Shrug It Off","floor":23}],"player_experience":1378331,"relics_obtained":[{"floor":9,"key":"MealTicket"},{"floor":10,"key":"Whetstone"}],"event_choices":[{"damage_healed":0,"gold_gain":0,"player_choice":"Grow","damage_taken":0,"max_hp_gain":0,"max_hp_loss":0,"event_name":"Living Wall","floor":2,"gold_loss":0,"cards_upgraded":["Body Slam"]},{"damage_healed":0,"gold_gain":0,"player_choice":"Forge","damage_taken":0,"max_hp_gain":0,"max_hp_loss":0,"event_name":"Accursed Blacksmith","floor":4,"gold_loss":0,"cards_upgraded":["Rage"]},{"damage_healed":0,"gold_gain":0,"player_choice":"Shed Blood","damage_taken":26,"max_hp_gain":5,"max_hp_loss":0,"event_name":"Forgotten Altar","floor":21,"gold_loss":0}],"is_beta":false,"boss_relics":[{"not_picked":["Runic Cube","Busted Crown"],"picked":"Snecko Eye"}],"items_purged_floors":[22],"is_endless":false,"potions_floor_spawned":[5,7,10,12,14,19],"killed_by":"Shelled Parasite and Fungi","ascension_level":20}}