{"host":"7kgj47jdxgufb548","time":1611469053,"event":{"mods":["Act Like it!","BaseMod","CapriCore","Gensokyo","Marisa¡]Ãú«B¡@Å]²z¨F¡^","Minty Spire (QoL Compilation)","Remilia¡]Á¢¦Ì²ú?¡^","StSLib","The Immortal","Yakumo Yukari mod","Youmu¡]»î¾z§¯?¡^"],"gold_per_floor":[14,14,30,44,64,94,94,129,129,149,165,165,184,184,184,313,313,308,308,308,324,27,68,94,106,118,164,194,206,261,291,303,436,448,473,553,565,598,631,643,678,704,740,767,823,835,887,920,932,944],"floor_reached":51,"language":"ZHS","playtime":2346,"items_purged":[],"score":1025,"play_id":"b2f9e31e-f331-4d69-bc1c-3e70667bc83b","local_time":"20210124141733","is_ascension_mode":true,"campfire_choices":[{"data":"GlobalNightmare","floor":7,"key":"SMITH"},{"data":"QueenOfMidnight","floor":15,"key":"SMITH"},{"data":"BloodRain","floor":29,"key":"SMITH"},{"data":"J.A.X.","floor":32,"key":"SMITH"},{"data":"MastersStateliness","floor":40,"key":"SMITH"},{"floor":49,"key":"DIG"}],"circlet_count":0,"master_deck":["Strike_RM+1","Strike_RM+1","Strike_RM+1","Strike_RM+1","Defend_RM+1","Defend_RM+1","Defend_RM+1","Defend_RM+1","RedMoon+1","ScarletShoot+1","MastersStateliness+1","GlobalNightmare+1","BombardNight+1","QueenOfMidnight+1","ForecastOfChange+1","LeisurelyOfLord+1","VampireClaw+1","VampireKiss+1","DiffusionOfMisfortune+1","BloodRain+1","ScarletDevil+1","J.A.X.+1","BloodHunter+1","DevilSight+1","BloodRain+1","VampireKiss+1","MastersStateliness+1","ScarletSymphony+1","RedRainbow+1","TransientEternity+1","UnstableMagic+1","NightDance+1","TransientEternity+1","MillenniumVampire+1","UnstableMagic+1","ScarletImprint+1","RedNightlessCastle+1","UnstableMagic+1","BlasphemousPunishment+1","BloodyHallows+1","BloodHunter+1","ScarletNetherworld"],"relics":["ScarletHat","Molten Egg 2","MealTicket","Strawberry","InkBottle","Golden Idol","Black Star","Toxic Egg 2","HornCleat","MawBank","GreatHeart","RedBat","Smiling Mask","Mercury Hourglass","Potion Belt","FairyMaid","Cursed Key","CatCart","Bag of Preparation","Shovel","Prayer Wheel","Bronze Scales","Torii","Gremlin Horn"],"acts_visited":["Exordium","TheCity","TheBeyond"],"potions_floor_usage":[6,16,16,23,27,33,33,36,46,46,46,46,46,50,50],"damage_taken":[{"damage":6,"enemies":"Jaw Worm","floor":1,"turns":4},{"damage":0,"enemies":"Cultist","floor":3,"turns":4},{"damage":1,"enemies":"2 Louse","floor":4,"turns":4},{"damage":0,"enemies":"2 Fungi Beasts","floor":5,"turns":2},{"damage":44,"enemies":"Gremlin Nob","floor":6,"turns":6},{"damage":2,"enemies":"3 Sentries","floor":8,"turns":11},{"damage":0,"enemies":"Blue Slaver","floor":10,"turns":2},{"damage":0,"enemies":"Gremlin Gang","floor":11,"turns":3},{"damage":1,"enemies":"Lots of Slimes","floor":13,"turns":3},{"damage":0,"enemies":"Slime Boss","floor":16,"turns":11},{"damage":5,"enemies":"2 Thieves","floor":18,"turns":4},{"damage":8,"enemies":"Chosen","floor":21,"turns":5},{"damage":12,"enemies":"Book of Stabbing","floor":23,"turns":2},{"damage":3,"enemies":"Shelled Parasite and Fungi","floor":24,"turns":3},{"damage":45,"enemies":"Slavers","floor":27,"turns":5},{"damage":15,"enemies":"Snake Plant","floor":28,"turns":3},{"damage":17,"enemies":"Book of Stabbing","floor":30,"turns":6},{"damage":0,"enemies":"3 Cultists","floor":31,"turns":2},{"damage":16,"enemies":"Collector","floor":33,"turns":5},{"damage":6,"enemies":"Orb Walker","floor":35,"turns":4},{"damage":10,"enemies":"Orin","floor":36,"turns":10},{"damage":6,"enemies":"3 Darklings","floor":38,"turns":3},{"damage":6,"enemies":"Spire Growth","floor":39,"turns":4},{"damage":3,"enemies":"Transient","floor":41,"turns":5},{"damage":27,"enemies":"4 Shapes","floor":42,"turns":2},{"damage":12,"enemies":"Spire Growth","floor":44,"turns":4},{"damage":16,"enemies":"Reptomancer","floor":45,"turns":3},{"damage":93,"enemies":"Reptomancer","floor":46,"turns":9},{"damage":21,"enemies":"Nemesis","floor":47,"turns":3},{"damage":19,"enemies":"Sphere and 2 Shapes","floor":48,"turns":1},{"damage":9,"enemies":"Donu and Deca","floor":50,"turns":2}],"seed_played":"6151042088542930641","potions_obtained":[{"floor":5,"key":"LiquidMemories"},{"floor":6,"key":"BlessingOfTheForge"},{"floor":13,"key":"SneckoOil"},{"floor":18,"key":"SpeedPotion"},{"floor":23,"key":"Strength Potion"},{"floor":24,"key":"Regen Potion"},{"floor":30,"key":"Fire Potion"},{"floor":31,"key":"SmokeBomb"},{"floor":33,"key":"GamblersBrew"},{"floor":41,"key":"Dexterity Potion"},{"floor":44,"key":"BlessingOfTheForge"},{"floor":45,"key":"AttackPotion"},{"floor":47,"key":"BlessingOfTheForge"},{"floor":48,"key":"DistilledChaos"}],"is_trial":false,"path_per_floor":["M","?","M","M","M","E","R","E","T","M","M","T","M","?","R","B",null,"M","?","?","M","$","E","M","?","T","E","M","R","E","M","R","B",null,"M","?","?","M","M","R","M","M","T","M","E","?","E","M","R","B",null],"character_chosen":"REMILIA","items_purchased":["Toxic Egg 2","PowerPotion"],"campfire_rested":0,"item_purchase_floors":[22,22],"current_hp_per_floor":[83,83,83,84,84,45,45,69,76,80,84,84,87,63,63,74,96,98,98,98,104,104,108,112,112,112,95,85,85,81,81,81,97,116,116,120,120,120,120,120,120,101,101,103,120,117,117,98,98,121],"gold":956,"neow_bonus":"TWENTY_PERCENT_HP_BONUS","is_daily":false,"chose_seed":false,"campfire_upgraded":5,"win_rate":0.0,"timestamp":1611469053,"path_taken":["M","?","M","M","M","E","R","E","T","M","M","?","?","?","R","BOSS","M","?","?","M","$","E","M","?","T","E","M","R","E","M","R","BOSS","M","?","?","?","?","R","M","M","T","M","E","?","E","M","R","BOSS"],"items_purchased_type":["Relic","Potion"],"build_version":"2020-12-22","purchased_purges":0,"victory":true,"max_hp_per_floor":[89,89,89,89,89,89,89,89,96,96,96,96,96,96,96,96,96,100,100,100,104,104,108,112,112,112,116,116,116,116,116,116,116,116,116,120,120,120,120,120,120,120,120,120,120,117,117,117,117,121],"card_choices":[{"not_picked":["UnderTheZenith","ScarletImprint"],"picked":"MastersStateliness","floor":1},{"not_picked":["StarOfDavid","VampireKiss"],"picked":"GlobalNightmare","floor":3},{"not_picked":["ScarletDevilSign","RedRainbow"],"picked":"BombardNight","floor":4},{"not_picked":["FavorOfDestiny","BlasphemousPunishment"],"picked":"QueenOfMidnight","floor":5},{"not_picked":["UnderTheZenith","BloodHunter"],"picked":"ForecastOfChange+1","floor":6},{"not_picked":["ScarletDevilSign+1","StarOfDavid+1"],"picked":"LeisurelyOfLord+1","floor":8},{"not_picked":["RedRainbow+1","MastersStateliness"],"picked":"VampireClaw+1","floor":10},{"not_picked":["EndlessAdversity+1","RedRainbow+1"],"picked":"VampireKiss+1","floor":11},{"not_picked":["NightDance+1","RedRainbow+1"],"picked":"DiffusionOfMisfortune+1","floor":13},{"not_picked":["EquivalentExchange","ForecastOfChange+1"],"picked":"BloodRain","floor":16},{"not_picked":["UnderTheZenith","FavorOfDestiny"],"picked":"ScarletDevil+1","floor":18},{"not_picked":["UnderTheZenith","Septette"],"picked":"BloodHunter","floor":21},{"not_picked":["TwelveNightmare+1","VampireSweep+1"],"picked":"DevilSight+1","floor":23},{"not_picked":["MastersStateliness","DiffusionOfMisfortune+1"],"picked":"BloodRain+1","floor":24},{"not_picked":["CharismaGuard+1","UnderTheZenith+1"],"picked":"VampireKiss+1","floor":27},{"not_picked":["CharismaGuard","ScarletDevil+1"],"picked":"MastersStateliness","floor":28},{"not_picked":["HunterOfTheNight+1","DiffusionOfMisfortune+1"],"picked":"ScarletSymphony+1","floor":30},{"not_picked":["DevilSight+1","NightDance+1"],"picked":"RedRainbow+1","floor":31},{"not_picked":["EquivalentExchange","QueenOfMidnight"],"picked":"TransientEternity","floor":33},{"not_picked":["StarOfDavid+1","ScarletImprint+1"],"picked":"UnstableMagic+1","floor":35},{"not_picked":["ForbiddenFruit+1","FavorOfDestiny+1"],"picked":"NightDance+1","floor":36},{"not_picked":["UnderTheZenith+1","ScarletDevil+1"],"picked":"MillenniumVampire+1","floor":38},{"not_picked":["EndlessAdversity+1","FavorOfDestiny+1"],"picked":"UnstableMagic+1","floor":39},{"not_picked":["BombardNight+1","EndlessAdversity+1","BloodyTrap+1"],"picked":"SKIP","floor":41},{"not_picked":["CharismaGuard+1","SuperhumanBloodyKnife+1"],"picked":"ScarletImprint+1","floor":42},{"not_picked":["UnderTheZenith+1","TwelveNightmare"],"picked":"RedNightlessCastle+1","floor":44},{"not_picked":["NightLord+1","RedNightlessCastle+1"],"picked":"UnstableMagic+1","floor":45},{"not_picked":["DiffusionOfMisfortune+1","UnderTheZenith+1"],"picked":"BlasphemousPunishment+1","floor":46},{"not_picked":["RedRainbow+1","ScarletDevil+1"],"picked":"BloodyHallows+1","floor":47},{"not_picked":["UnderTheZenith+1","DiffusionOfMisfortune+1"],"picked":"BloodHunter+1","floor":48},{"not_picked":["RedMagic+1","NightDance+1"],"picked":"ScarletNetherworld","floor":48}],"player_experience":188549,"relics_obtained":[{"floor":6,"key":"Molten Egg 2"},{"floor":8,"key":"MealTicket"},{"floor":9,"key":"Strawberry"},{"floor":12,"key":"InkBottle"},{"floor":23,"key":"HornCleat"},{"floor":23,"key":"MawBank"},{"floor":26,"key":"RedBat"},{"floor":27,"key":"Smiling Mask"},{"floor":27,"key":"Mercury Hourglass"},{"floor":30,"key":"Potion Belt"},{"floor":30,"key":"FairyMaid"},{"floor":36,"key":"CatCart"},{"floor":43,"key":"Bag of Preparation"},{"floor":45,"key":"Shovel"},{"floor":45,"key":"Prayer Wheel"},{"floor":47,"key":"Bronze Scales"},{"floor":47,"key":"Torii"},{"floor":49,"key":"Gremlin Horn"}],"event_choices":[{"damage_healed":0,"gold_gain":0,"player_choice":"Grow","damage_taken":0,"max_hp_gain":0,"max_hp_loss":0,"event_name":"Living Wall","floor":2,"gold_loss":0,"cards_upgraded":["MastersStateliness"]},{"damage_healed":0,"gold_gain":0,"player_choice":"Take Damage","damage_taken":24,"relics_obtained":["Golden Idol"],"max_hp_gain":0,"max_hp_loss":0,"event_name":"Golden Idol","floor":14,"gold_loss":0},{"damage_healed":0,"gold_gain":0,"player_choice":"Simplicity","damage_taken":0,"max_hp_gain":0,"max_hp_loss":0,"event_name":"Back to Basics","floor":19,"gold_loss":0,"cards_upgraded":["Strike_RM","Strike_RM","Strike_RM","Strike_RM","Defend_RM","Defend_RM","Defend_RM","Defend_RM"]},{"damage_healed":0,"gold_gain":0,"player_choice":"Obtain J.A.X.","damage_taken":0,"max_hp_gain":0,"max_hp_loss":0,"event_name":"Drug Dealer","floor":20,"gold_loss":0,"cards_obtained":["J.A.X."]},{"damage_healed":0,"gold_gain":0,"player_choice":"Fight","damage_taken":0,"max_hp_gain":0,"max_hp_loss":0,"event_name":"OrinTheCat","floor":36,"gold_loss":0},{"damage_healed":0,"gold_gain":0,"player_choice":"Copied","damage_taken":0,"max_hp_gain":0,"max_hp_loss":0,"event_name":"Duplicator","floor":37,"gold_loss":0,"cards_obtained":["TransientEternity"]}],"is_beta":false,"boss_relics":[{"not_picked":["Busted Crown","Snecko Eye"],"picked":"Black Star"},{"not_picked":["Runic Pyramid","SacredBark"],"picked":"Cursed Key"}],"items_purged_floors":[],"is_endless":false,"potions_floor_spawned":[5,6,13,18,23,24,30,31,33,41,44,45,46,47,48],"ascension_level":1}}