{"host":"1zbtkd1m10h1d5gl","time":1611496947,"event":{"mods":["AchievementEnabler","Act Like it!","BaseMod","Colored Map","Conspire","Downfall","Duelist Mod","Hallownest","Hermit","Hubris","Infinite Spire","Lobotomy","Minty Spire (QoL Compilation)","Replay The Spire","StSLib","SuperFastMode","The Animator","The Bug Knight","The Cursed"],"gold_per_floor":[111,144,160,3160,2118,2167,2167,2209,2289,2289,2312,1540,1540,1564,1564,1711,1711,1742,1774,1811,1890,1890,1890,1916,2122,2122,2150,2197,2197,2244,2302,2302,2418,2418,2451,2451,2451,2701,2701,2752,2752,2798,2798,2798,2798,2843,2895,2932,2932,2960],"floor_reached":51,"language":"ENG","playtime":2804,"items_purged":[],"score":1342,"play_id":"8c6326c6-7786-4037-820b-73fe22e971a0","local_time":"20210124060227","is_ascension_mode":true,"campfire_choices":[{"data":"Strike_R","floor":7.0,"key":"SMITH"},{"data":"Strike_R","floor":10.0,"key":"SMITH"},{"data":"Strike_R","floor":13.0,"key":"SMITH"},{"floor":15.0,"key":"DIG"},{"data":"Strike_R","floor":23.0,"key":"SMITH"},{"data":"Flex","floor":32.0,"key":"SMITH"},{"data":"Pommel Strike","floor":41,"key":"SMITH"},{"data":"Carnage","floor":45,"key":"SMITH"},{"data":"Carnage","floor":49,"key":"SMITH"}],"circlet_count":0,"master_deck":["Strike_R+1","Strike_R+1","Strike_R+1","Strike_R+1","Strike_R","Defend_R","Defend_R","Defend_R","Defend_R","Bash","Shrug It Off","Inflame","Headbutt","Clash","HandOfGreed","Rupture","Bloodletting","Uppercut","Cleave","Flex","Ghostly Armor","Flex+1","Heavy Blade","Inflame","Pot Of Greed","Pot Of Greed","Pot Of Greed","Pommel Strike+1","Limit Break","Anger+1","Battle Trance","Heavy Blade+1","Rampage","Twin Strike","Flex+1","Fire Breathing","Anger+1","Searing Blow","Carnage+1","Pot Of Greed","hubris:StunningStrike","Dropkick","conspire:HitWhereItHurts","Flex+1","Carnage+1","infinitespire:OneForAll+1"],"relics":["Burning Blood","Pen Nib","Hallownest:DreamNailRelic","Replay:Lucky Slots","infinitespire:PuzzleCube","Anchor","Replay:Bandana","infinitespire:BottledMercury","Grinning Jar","hubris:MedicalManual","Toolbox","hubris:ChampionShield","Runic Cube","Red Mask","hubris:NiceRug","hubris:CrystalStatue","Orichalcum","Medical Kit","ReplayFunnel","Calipers","Bag of Marbles","Mark of Pain","Hallownest:GodTamersBeastRelic","Hallownest:KingsIdolRelic","Bag of Preparation","infinitespire:CursedDice","Bird Faced Urn","Pet Ghost"],"acts_visited":["Exordium","Hallownest:Greenpath","Hallownest:CityofTears"],"potions_floor_usage":[40,40,40,42,50,50,50],"damage_taken":[{"damage":2.0,"enemies":"Hallownest:monsterHuskGuard","floor":1.0,"turns":4.0},{"damage":3.0,"enemies":"conspire:MimicChest","floor":2.0,"turns":3.0},{"damage":7.0,"enemies":"Hallownest:2_Tiktiks_and_1_Crawlid","floor":3.0,"turns":4.0},{"damage":0.0,"enemies":"Hallownest:eliteMossKnight","floor":6.0,"turns":1.0},{"damage":0.0,"enemies":"Hallownest:monsterHuskWarrior","floor":8.0,"turns":2.0},{"damage":0.0,"enemies":"Hallownest:monsterFoolEater","floor":11.0,"turns":2.0},{"damage":0.0,"enemies":"Hallownest:Wandering_and_Horned","floor":14.0,"turns":1.0},{"damage":3.0,"enemies":"Hallownest:BossBrokenVessel","floor":16.0,"turns":3.0},{"damage":10.0,"enemies":"Hallownest:2_Mistakes","floor":18.0,"turns":3.0},{"damage":0.0,"enemies":"Hallownest:Flukemon_and_Top","floor":19.0,"turns":2.0},{"damage":11.0,"enemies":"Hallownest:3_Mistakes","floor":20.0,"turns":4.0},{"damage":7.0,"enemies":"Hallownest:2_Flukemon","floor":21.0,"turns":4.0},{"damage":15.0,"enemies":"hubris:Merchant","floor":24.0,"turns":4.0},{"damage":0.0,"enemies":"Hallownest:monsterShrumalOgre","floor":27.0,"turns":3.0},{"damage":0.0,"enemies":"Hallownest:Nosk","floor":28.0,"turns":1.0},{"damage":0.0,"enemies":"Hallownest:eliteSoulWarrior","floor":30.0,"turns":4.0},{"damage":3.0,"enemies":"Hallownest:3_Mistakes","floor":31.0,"turns":3.0},{"damage":3.0,"enemies":"Hallownest:BossGrimm","floor":33.0,"turns":5.0},{"damage":0.0,"enemies":"Hallownest:Shield_Heavy","floor":35.0,"turns":3.0},{"damage":0,"enemies":"Hallownest:Shield_Heavy","floor":38,"turns":5},{"damage":0,"enemies":"Hallownest:Shield_Heavy","floor":38,"turns":4},{"damage":3,"enemies":"Hallownest:Shield_Heavy","floor":38,"turns":3},{"damage":0,"enemies":"Hallownest:Shield_Heavy","floor":38,"turns":3},{"damage":3,"enemies":"Hallownest:StalkingDevout","floor":40,"turns":5},{"damage":0,"enemies":"Hallownest:eliteCollector","floor":42,"turns":2},{"damage":0,"enemies":"Hallownest:3_Siblings","floor":46,"turns":2},{"damage":0,"enemies":"Hallownest:StalkingDevout","floor":47,"turns":3},{"damage":0,"enemies":"Hallownest:Shield_Sturdy","floor":48,"turns":2},{"damage":10,"enemies":"Hallownest:BossGreyPrinceZote","floor":50,"turns":1}],"seed_played":"-3334940024050895210","potions_obtained":[{"floor":2.0,"key":"Explosive Potion"},{"floor":8.0,"key":"EssenceOfSteel"},{"floor":19.0,"key":"Block Potion"},{"floor":21.0,"key":"Explosive Potion"},{"floor":28.0,"key":"SteroidPotion"},{"floor":31.0,"key":"Swift Potion"},{"floor":33.0,"key":"Block Potion"},{"floor":40,"key":"AttackPotion"},{"floor":42,"key":"Adrenaline Potion"},{"floor":46,"key":"SkillPotion"},{"floor":47,"key":"Toxic Potion"}],"is_trial":false,"path_per_floor":["M","?","M","?","$","E","R","M","T","R","M","$","R","M","R_BF","B",null,"M","M","M","M","?","R","$","?","T","M","E","$","E","M","R","B",null,"M","$","$","?","?","E","R","E","T","$","R","M","E","M","R_BF","B",null],"character_chosen":"IRONCLAD","items_purchased":["HandOfGreed","Rupture","Bloodletting","Uppercut","Cleave","Replay:Lucky Slots","infinitespire:PuzzleCube","Anchor","hexamod:SoulburnPotion","sneckomod:MuddlingPotion","BloodPotion","Heavy Blade","Inflame","Grinning Jar","hubris:MedicalManual","Toolbox","Fire Potion"],"campfire_rested":0,"item_purchase_floors":[5,5,5,5,5,5,5,5,5,5,5,12,12,12,12,12,12],"current_hp_per_floor":[80,80,79,99,99,100,100,100,100,100,100,100,100,100,100,100,100,96,100,95,94,94,94,85,85,85,151,177,177,183,186,186,189,200,200,200,200,2000,2000,200,200,200,200,200,200,200,200,200,200,200],"gold":2960,"neow_bonus":"THREE_CARDS","is_daily":false,"chose_seed":false,"campfire_upgraded":8,"win_rate":0.0,"timestamp":1611496947,"path_taken":["M","?","M","?","$","E","R","M","T","R","M","$","R","?","R_BF","BOSS","M","?","M","M","?","R","$","?","T","M","E","?","E","M","R","BOSS","M","?","$","?","?","E","R","E","T","?","R","M","E","M","R_BF","BOSS"],"items_purchased_type":["Card","Card","Card","Card","Card","Relic","Relic","Relic","Potion","Potion","Potion","Card","Card","Relic","Relic","Relic","Potion"],"build_version":"2020-12-22","purchased_purges":0,"victory":true,"max_hp_per_floor":[80,80,80,100,100,100,100,100,100,100,100,100,100,100,100,100,100,100,100,100,100,100,100,100,140,140,200,200,200,200,200,200,200,200,200,200,200,2000,2000,200,200,200,200,200,200,200,200,200,200,200],"card_choices":[{"not_picked":["conspire:Charge","Fire Breathing"],"picked":"Shrug It Off","floor":0.0},{"not_picked":["Dark Embrace","Warcry"],"picked":"Inflame","floor":1.0},{"not_picked":["True Grit","ReplayTheSpireMod:Strike From Hell"],"picked":"Headbutt","floor":2.0},{"not_picked":["Juggernaut","hubris:SharpeningStone"],"picked":"Clash","floor":3.0},{"not_picked":["ReplayTheSpireMod:Muscle Training","Replay:Undeath\u0027s Touch"],"picked":"Flex","floor":6.0},{"not_picked":["ReplayTheSpireMod:Corrosion Curse","Entrench"],"picked":"Ghostly Armor","floor":8.0},{"not_picked":["ReplayTheSpireMod:Corrosion Curse","Feel No Pain"],"picked":"Flex","floor":11.0},{"not_picked":["ReplayTheSpireMod:Corrosion Curse","Limit Break"],"picked":"Pommel Strike","floor":14.0},{"not_picked":["Corruption","Replay:Many Hands"],"picked":"Limit Break","floor":16.0},{"not_picked":["Armaments","Shrug It Off"],"picked":"Anger+1","floor":18.0},{"not_picked":["ReplayTheSpireMod:Corrosion Curse+1","Warcry"],"picked":"Battle Trance","floor":19.0},{"not_picked":["Sword Boomerang","Reckless Charge"],"picked":"Heavy Blade+1","floor":20.0},{"not_picked":["Corruption","Armaments+1"],"picked":"Rampage","floor":21.0},{"not_picked":[],"picked":"Twin Strike","floor":24.0},{"not_picked":[],"picked":"Flex+1","floor":24.0},{"not_picked":[],"picked":"Fire Breathing","floor":24.0},{"not_picked":["Blood for Blood"],"picked":"SKIP","floor":24.0},{"not_picked":["Armaments"],"picked":"SKIP","floor":24.0},{"not_picked":["Madness"],"picked":"SKIP","floor":24.0},{"not_picked":["Panache"],"picked":"SKIP","floor":24.0},{"not_picked":["Warcry","Corruption"],"picked":"Anger+1","floor":25.0},{"not_picked":["Cleave","Anger"],"picked":"Searing Blow","floor":27.0},{"not_picked":["Twin Strike","Rage"],"picked":"Carnage","floor":28.0},{"not_picked":["Shrug It Off","Abandon+1"],"picked":"hubris:StunningStrike","floor":30.0},{"not_picked":["Defy Death","Anger+1"],"picked":"Dropkick","floor":31.0},{"not_picked":["Bludgeon","Juggernaut"],"picked":"conspire:HitWhereItHurts","floor":33.0},{"not_picked":["Anger","Power Through","True Grit+1"],"picked":"SKIP","floor":35.0},{"not_picked":["Clash+1","ReplayTheSpireMod:Corrosion Curse+1"],"picked":"Flex+1","floor":40},{"not_picked":["Thunderclap","hubris:ReadiedAction"],"picked":"Carnage","floor":42},{"not_picked":["Pummel","ReplayTheSpireMod:Strike From Hell","ReplayReversal+1"],"picked":"SKIP","floor":46},{"not_picked":["Shrug It Off","Body Slam","Corruption"],"picked":"SKIP","floor":47},{"not_picked":["Shockwave+1","Shrug It Off"],"picked":"infinitespire:OneForAll+1","floor":48}],"player_experience":36306,"relics_obtained":[{"floor":2.0,"key":"Pen Nib"},{"floor":6.0,"key":"Replay:Bandana"},{"floor":9.0,"key":"infinitespire:BottledMercury"},{"floor":15.0,"key":"hubris:ChampionShield"},{"floor":24.0,"key":"hubris:CrystalStatue"},{"floor":24.0,"key":"Orichalcum"},{"floor":24.0,"key":"Medical Kit"},{"floor":26.0,"key":"ReplayFunnel"},{"floor":28.0,"key":"Calipers"},{"floor":30.0,"key":"Bag of Marbles"},{"floor":40,"key":"Bag of Preparation"},{"floor":42,"key":"infinitespire:CursedDice"},{"floor":43,"key":"Bird Faced Urn"},{"floor":47,"key":"Pet Ghost"}],"event_choices":[],"is_beta":false,"boss_relics":[{"not_picked":["conspire:SlowCooker","hubris:BlackHole"],"picked":"Runic Cube"},{"not_picked":["Black Blood","Honey Jar"],"picked":"Mark of Pain"}],"items_purged_floors":[],"is_endless":false,"potions_floor_spawned":[2,8,14,19,21,28,31,33,35,38,40,42,46,47],"ascension_level":1}}