{"host":"takgv9cv6xf64vhq","time":1611507355,"event":{"mods":["BaseMod","Colored Powertips","Downfall","Hubris","LagranYue(拉格朗・月)","Marisa（F雨　魔理沙）","Minty Spire (QoL Compilation)","Replay The Spire","StSLib","The Cursed","The Jungle","TheHeartMod"],"gold_per_floor":[109,109,109,109,34,68,68,68,93,93,109,55,81,106,106,106,106],"floor_reached":16,"language":"ZHS","playtime":675,"items_purged":["Regret"],"score":104,"play_id":"a472da74-d7ff-42aa-bb0f-0271816ea6d6","local_time":"20210125005555","is_ascension_mode":false,"campfire_choices":[{"data":"Sunder","floor":7,"key":"SMITH"},{"data":"Dualcast","floor":10,"key":"SMITH"},{"data":"Heatsinks","floor":15,"key":"SMITH"}],"circlet_count":0,"master_deck":["Strike_B","Strike_B","Strike_B","Strike_B","Defend_B","Defend_B+1","Defend_B+1","Zap+1","Dualcast+1","Heatsinks+1","Storm+1","Sunder+1","Conserve Battery","ReplayTheSpireMod:IOU","Steam Power","Echo Form"],"relics":["LagranYue:RandomDrawCardRelic","Replay:Bronze Core","Oddly Smooth Stone","Mummified Hand","hubris:MysteriousPyramids","Replay:Wax Seal","War Paint","Odd Mushroom","Pantograph"],"acts_visited":["Exordium"],"potions_floor_usage":[6,16],"damage_taken":[{"damage":6,"enemies":"Jaw Worm","floor":1,"turns":3},{"damage":36,"enemies":"Gremlin Nob","floor":6,"turns":5},{"damage":0,"enemies":"Small Slimes","floor":11,"turns":2},{"damage":11,"enemies":"The Mushroom Lair","floor":13,"turns":6},{"damage":14,"enemies":"3 Sentries","floor":14,"turns":12},{"damage":27,"enemies":"Hexaghost","floor":16,"turns":9}],"seed_played":"8977992382132465977","potions_obtained":[{"floor":1,"key":"Swift Potion"},{"floor":13,"key":"Energy Potion"}],"is_trial":false,"path_per_floor":["M","?","?","?","$","E","R","?","T","R","M","$","?","E","R","B"],"character_chosen":"DEFECT","items_purchased":["War Paint"],"campfire_rested":0,"item_purchase_floors":[12],"current_hp_per_floor":[69,69,62,62,62,26,26,26,26,26,26,26,15,1,1,0,0],"gold":106,"neow_bonus":"BOSS_RELIC","is_daily":false,"chose_seed":false,"campfire_upgraded":3,"win_rate":0.0,"timestamp":1611507355,"path_taken":["M","?","?","?","$","E","R","?","T","R","?","?","?","E","R","BOSS"],"items_purchased_type":["Relic"],"build_version":"2020-12-22","purchased_purges":1,"victory":false,"max_hp_per_floor":[75,75,75,75,75,75,75,75,75,75,75,75,75,75,75,75,75],"card_choices":[{"not_picked":["Storm","Chaos"],"picked":"Heatsinks","floor":1},{"not_picked":["Panic Button","Streamline"],"picked":"Sunder","floor":6},{"not_picked":["ReplayGash","Melter"],"picked":"Conserve Battery","floor":11},{"not_picked":["Turbo","Sweeping Beam"],"picked":"Steam Power","floor":13},{"not_picked":["Barrage","Beam Cell"],"picked":"Echo Form","floor":14}],"player_experience":65499,"relics_obtained":[{"floor":6,"key":"hubris:MysteriousPyramids"},{"floor":9,"key":"Replay:Wax Seal"},{"floor":13,"key":"Odd Mushroom"},{"floor":14,"key":"Pantograph"}],"event_choices":[{"damage_healed":0,"gold_gain":0,"player_choice":"Success","damage_taken":7,"relics_obtained":["Oddly Smooth Stone"],"max_hp_gain":0,"max_hp_loss":0,"event_name":"Scrap Ooze","floor":3,"gold_loss":0},{"damage_healed":0,"gold_gain":0,"player_choice":"Box","damage_taken":0,"relics_obtained":["Mummified Hand"],"max_hp_gain":0,"max_hp_loss":0,"event_name":"Big Fish","floor":4,"gold_loss":0,"cards_obtained":["Regret"]},{"damage_healed":0,"gold_gain":0,"player_choice":"Fought Mushrooms","damage_taken":0,"max_hp_gain":0,"max_hp_loss":0,"event_name":"Mushrooms","floor":13,"gold_loss":0}],"is_beta":false,"boss_relics":[],"items_purged_floors":[5],"is_endless":false,"potions_floor_spawned":[1,13],"killed_by":"Hexaghost","ascension_level":0}}