{"host":"qekv59dthhdg54sz","time":1611495822,"event":{"mods":["AchievementEnabler","BaseMod","Colored Map","DeckTracker","KOR Keyword Fix","Minty Spire (QoL Compilation)","Rare Cards Sparkle","StSLib","SuperFastMode"],"gold_per_floor":[116,31,31,49,49,49,83,83,83,100,100,117,135,60,60,60,60],"floor_reached":16,"language":"KOR","playtime":190,"items_purged":["Strike_G"],"score":250,"play_id":"157c1e36-e378-4cf1-bdb0-b956d80fd733","local_time":"20210124224342","is_ascension_mode":true,"campfire_choices":[{"data":"Eviscerate","floor":6,"key":"SMITH"},{"data":"Neutralize","floor":8,"key":"SMITH"},{"data":"Acrobatics","floor":11,"key":"SMITH"},{"data":"Reflex","floor":15,"key":"SMITH"}],"circlet_count":0,"master_deck":["AscendersBane","Strike_G","Strike_G","Strike_G","Strike_G","Defend_G","Defend_G","Defend_G","Defend_G","Defend_G","Survivor","Neutralize+1","Reflex+1","Eviscerate+1","Poisoned Stab","Masterful Stab","Acrobatics+1","Backflip"],"relics":["Ring of the Snake","NeowsBlessing","Orichalcum","Singing Bowl"],"acts_visited":["Exordium"],"potions_floor_usage":[],"damage_taken":[{"damage":0.0,"enemies":"Jaw Worm","floor":1.0,"turns":1.0},{"damage":0,"enemies":"2 Louse","floor":4,"turns":1},{"damage":0,"enemies":"3 Sentries","floor":7,"turns":2},{"damage":0,"enemies":"Cultist","floor":10,"turns":2},{"damage":10,"enemies":"Lots of Slimes","floor":12,"turns":6},{"damage":10,"enemies":"Exordium Wildlife","floor":13,"turns":4},{"damage":8,"enemies":"Hexaghost","floor":16,"turns":4}],"seed_played":"-9114574042306738571","potions_obtained":[{"floor":1.0,"key":"Ancient Potion"},{"floor":5,"key":"Regen Potion"},{"floor":5,"key":"FairyPotion"}],"is_trial":false,"path_per_floor":["M","$","?","M","?","R","E","R","T","M","R","M","M","$","R","B"],"character_chosen":"THE_SILENT","items_purchased":["Eviscerate"],"campfire_rested":0,"item_purchase_floors":[2],"current_hp_per_floor":[59,59,59,59,59,59,59,59,59,59,59,49,41,41,41,33,33],"gold":60,"neow_bonus":"THREE_ENEMY_KILL","is_daily":false,"chose_seed":false,"campfire_upgraded":4,"win_rate":0.0,"timestamp":1611495822,"path_taken":["M","$","?","M","?","R","E","R","T","M","R","?","?","?","R","BOSS"],"items_purchased_type":["Card"],"build_version":"2020-12-22","purchased_purges":1,"victory":false,"max_hp_per_floor":[66,66,66,66,66,66,66,66,66,66,66,66,68,68,68,68,68],"card_choices":[{"not_picked":["Setup","Prepared"],"picked":"Reflex","floor":1.0},{"not_picked":["Outmaneuver","Riddle With Holes"],"picked":"Poisoned Stab","floor":4},{"not_picked":["Cloak And Dagger","Quick Slash"],"picked":"Masterful Stab","floor":7},{"not_picked":["Prepared","Well Laid Plans"],"picked":"Acrobatics","floor":10},{"not_picked":["PiercingWail","Caltrops"],"picked":"Backflip","floor":12},{"not_picked":["Crippling Poison","Deadly Poison","Dodge and Roll"],"picked":"Singing Bowl","floor":13}],"player_experience":820991,"relics_obtained":[{"floor":7,"key":"Orichalcum"},{"floor":9,"key":"Singing Bowl"}],"event_choices":[{"damage_healed":0,"gold_gain":0,"player_choice":"Ignored","damage_taken":0,"max_hp_gain":0,"max_hp_loss":0,"event_name":"Liars Game","floor":3,"gold_loss":0},{"damage_healed":0,"gold_gain":0,"player_choice":"Got Potions","damage_taken":0,"max_hp_gain":0,"max_hp_loss":0,"event_name":"Lab","floor":5,"gold_loss":0}],"is_beta":false,"boss_relics":[],"items_purged_floors":[14],"is_endless":false,"potions_floor_spawned":[1,12,13],"killed_by":"Hexaghost","ascension_level":20}}