{"host":"g8ufh7m4frdlkxwv","time":1611448176,"event":{"mods":["AchievementEnabler","BaseMod","Colored Map","Dark Map","Minty Spire (QoL Compilation)","Relic Stats","StSLib","ojb\u0027s Info Mod"],"gold_per_floor":[159,170,170,187,199,226,191,191,241,261,286,43,73,102,102,175,175,192,167,167,179,0,28,28,57,105,139,139,154,173,189,189,263,263,277,293,305,305,305,336,354,389,389,422,441,441,441,460,460,460,460,460,460,95,129,129],"floor_reached":57,"language":"ENG","playtime":3459,"items_purged":["Defend_G","Defend_G"],"score":3273,"play_id":"e5c82011-6991-4e88-9d45-d510456655e7","local_time":"20210124012936","is_ascension_mode":true,"campfire_choices":[{"data":"Wraith Form v2","floor":8.0,"key":"SMITH"},{"data":"Blade Dance","floor":15.0,"key":"SMITH"},{"data":"Blade Dance","floor":24.0,"key":"SMITH"},{"data":"Terror","floor":32,"key":"SMITH"},{"floor":47,"key":"RECALL"},{"floor":49,"key":"DIG"},{"floor":53,"key":"DIG"}],"circlet_count":0,"master_deck":["AscendersBane","Strike_G+1","Strike_G","Strike_G","Strike_G+1","Strike_G","Defend_G","Defend_G+1","Defend_G","Survivor","Neutralize","Dash","Slice+1","Sucker Punch","Wraith Form v2+1","Endless Agony","Wraith Form v2+1","Accuracy+1","Well Laid Plans+1","Blade Dance+1","Backflip","Storm of Steel+1","Acrobatics","Dagger Spray","Blade Dance+1","Venomology","Malaise+1","Backstab","Acrobatics","Backflip","Terror+1","After Image+1","Accuracy+1","Cloak And Dagger","Accuracy+1","Accuracy+1","Pain","Well Laid Plans+1","Accuracy+1","Phantasmal Killer"],"relics":["Tiny House","Frozen Egg 2","Nunchaku","Bag of Preparation","Blood Vial","The Specimen","Cursed Key","Ice Cream","PreservedInsect","Happy Flower","Tiny Chest","WristBlade","Pen Nib","Shovel","Oddly Smooth Stone","Mummified Hand","Ornamental Fan","HornCleat","Vajra","War Paint"],"acts_visited":["Exordium","TheCity","TheBeyond","TheEnding"],"potions_floor_usage":[29,29,30,30,31,33,35,36,37,40,42,44,50,51,56,56],"damage_taken":[{"damage":0.0,"enemies":"Cultist","floor":1.0,"turns":4.0},{"damage":3.0,"enemies":"2 Louse","floor":2.0,"turns":2.0},{"damage":0.0,"enemies":"Jaw Worm","floor":4.0,"turns":4.0},{"damage":0.0,"enemies":"2 Fungi Beasts","floor":5.0,"turns":3.0},{"damage":22.0,"enemies":"Gremlin Nob","floor":6.0,"turns":6.0},{"damage":4.0,"enemies":"3 Louse","floor":10.0,"turns":2.0},{"damage":16.0,"enemies":"Lagavulin","floor":11.0,"turns":10.0},{"damage":6.0,"enemies":"3 Sentries","floor":14.0,"turns":5.0},{"damage":10.0,"enemies":"Hexaghost","floor":16.0,"turns":11.0},{"damage":0.0,"enemies":"Chosen","floor":18.0,"turns":4.0},{"damage":2.0,"enemies":"2 Thieves","floor":19.0,"turns":4.0},{"damage":0.0,"enemies":"Chosen and Byrds","floor":21.0,"turns":6.0},{"damage":0.0,"enemies":"Slavers","floor":23.0,"turns":6.0},{"damage":0.0,"enemies":"Gremlin Leader","floor":25.0,"turns":5.0},{"damage":7.0,"enemies":"Book of Stabbing","floor":27.0,"turns":4.0},{"damage":6,"enemies":"Snake Plant","floor":29,"turns":5},{"damage":0,"enemies":"Cultist and Chosen","floor":30,"turns":3},{"damage":2,"enemies":"Sentry and Sphere","floor":31,"turns":4},{"damage":25,"enemies":"Collector","floor":33,"turns":4},{"damage":0,"enemies":"Orb Walker","floor":35,"turns":3},{"damage":6,"enemies":"3 Shapes","floor":36,"turns":4},{"damage":0,"enemies":"Spire Growth","floor":37,"turns":5},{"damage":0,"enemies":"Reptomancer","floor":40,"turns":3},{"damage":0,"enemies":"Writhing Mass","floor":41,"turns":5},{"damage":0,"enemies":"Giant Head","floor":42,"turns":4},{"damage":2,"enemies":"Nemesis","floor":44,"turns":5},{"damage":3,"enemies":"Maw","floor":45,"turns":4},{"damage":1,"enemies":"4 Shapes","floor":48,"turns":3},{"damage":35,"enemies":"Awakened One","floor":50,"turns":8},{"damage":7,"enemies":"Donu and Deca","floor":51,"turns":8},{"damage":2,"enemies":"Shield and Spear","floor":55,"turns":5},{"damage":15,"enemies":"The Heart","floor":56,"turns":9}],"seed_played":"6164356642569624083","potions_obtained":[{"floor":0.0,"key":"Fire Potion"},{"floor":2.0,"key":"GamblersBrew"},{"floor":4.0,"key":"Weak Potion"},{"floor":16.0,"key":"FearPotion"},{"floor":19.0,"key":"CunningPotion"},{"floor":21.0,"key":"EssenceOfSteel"},{"floor":25.0,"key":"FearPotion"},{"floor":28.0,"key":"Fruit Juice"},{"floor":28.0,"key":"CultistPotion"},{"floor":29,"key":"Explosive Potion"},{"floor":30,"key":"SkillPotion"},{"floor":35,"key":"SkillPotion"},{"floor":41,"key":"PowerPotion"}],"is_trial":false,"path_per_floor":["M","M","?","M","M","E","?","R","T","M","E","$","?","E","R","B",null,"M","M","?","M","$","E","R","E","T","E","?","M","M","M","R","B",null,"M","M","M","T","?","E","M","E","T","E","M","?","R","M","R","B","B",null,"R","$","E","B",null],"character_chosen":"THE_SILENT","items_purchased":["Blade Dance","Backflip","EssenceOfSteel","Venomology","Accuracy+1","Phantasmal Killer","Vajra"],"campfire_rested":0,"item_purchase_floors":[12,12,12,22,54,54,54],"current_hp_per_floor":[64,61,40,40,40,18,35,35,35,31,15,15,15,11,11,3,54,56,56,56,58,58,60,60,62,62,57,62,58,60,60,60,37,66,68,64,66,66,66,68,70,72,72,72,71,71,71,72,72,39,34,66,66,66,66,53],"gold":129,"neow_bonus":"BOSS_RELIC","is_daily":false,"chose_seed":true,"campfire_upgraded":4,"win_rate":0.0,"timestamp":1611448176,"path_taken":["M","?","?","M","M","E","?","R","T","M","E","$","?","E","R","BOSS","M","M","?","?","?","E","R","E","T","E","?","?","M","M","R","BOSS","M","M","?","?","?","E","M","E","T","E","?","?","R","M","R","BOSS","BOSS","R","$","E","BOSS"],"items_purchased_type":["Card","Card","Potion","Card","Card","Card","Relic"],"build_version":"2020-12-22","purchased_purges":2,"victory":true,"max_hp_per_floor":[71,71,71,71,71,71,71,71,71,71,71,71,71,71,71,71,71,71,71,71,71,71,71,71,71,71,71,76,76,76,76,76,76,76,76,76,76,76,76,76,76,76,76,76,76,76,76,76,76,76,76,76,76,76,76,76],"relic_stats":{"Happy Flower":[28],"counters":[32,158],"PreservedInsect":362,"Pen Nib":[17],"Bag of Preparation":[50],"War Paint":["Defend_G","Malaise"],"Cursed Key":3,"Blood Vial":50,"Nunchaku":[48],"Shovel":2,"Mummified Hand":[59],"Ornamental Fan":[108],"Tiny Chest":1,"obtain_stats":[{"Ice Cream":23,"Tiny House":0,"The Specimen":14,"Happy Flower":26,"Oddly Smooth Stone":43,"Vajra":54,"PreservedInsect":25,"Pen Nib":40,"Bag of Preparation":11,"Frozen Egg 2":6,"War Paint":55,"Cursed Key":17,"Blood Vial":13,"Nunchaku":9,"Shovel":42,"HornCleat":53,"WristBlade":34,"Mummified Hand":44,"Ornamental Fan":49,"Tiny Chest":27,"Ring of the Snake":0},{"Ice Cream":13,"Tiny House":0,"The Specimen":8,"Happy Flower":14,"Oddly Smooth Stone":25,"Vajra":30,"PreservedInsect":14,"Pen Nib":23,"Bag of Preparation":7,"Frozen Egg 2":5,"War Paint":31,"Cursed Key":9,"Blood Vial":7,"Nunchaku":5,"Shovel":25,"HornCleat":30,"WristBlade":19,"Mummified Hand":26,"Ornamental Fan":28,"Tiny Chest":15,"Ring of the Snake":0},{"Ice Cream":67,"Tiny House":0,"The Specimen":36,"Happy Flower":72,"Oddly Smooth Stone":116,"Vajra":144,"PreservedInsect":72,"Pen Nib":107,"Bag of Preparation":31,"Frozen Egg 2":19,"War Paint":149,"Cursed Key":47,"Blood Vial":31,"Nunchaku":19,"Shovel":116,"HornCleat":144,"WristBlade":92,"Mummified Hand":121,"Ornamental Fan":128,"Tiny Chest":76,"Ring of the Snake":0}]},"card_choices":[{"not_picked":["PiercingWail","Cloak And Dagger"],"picked":"Dash","floor":0.0},{"not_picked":["Deflect","Choke"],"picked":"Slice","floor":1.0},{"not_picked":["Reflex","Well Laid Plans"],"picked":"Sucker Punch","floor":2.0},{"not_picked":["Dagger Spray","Cloak And Dagger"],"picked":"Wraith Form v2","floor":4.0},{"not_picked":["Acrobatics","Bouncing Flask"],"picked":"Endless Agony","floor":5.0},{"not_picked":["Predator","Skewer"],"picked":"Wraith Form v2+1","floor":6.0},{"not_picked":["Cloak And Dagger","Quick Slash"],"picked":"Accuracy+1","floor":10.0},{"not_picked":["Masterful Stab","Quick Slash"],"picked":"Well Laid Plans+1","floor":11.0},{"not_picked":["Distraction","Choke","Unload"],"picked":"SKIP","floor":14.0},{"not_picked":["Bullet Time","Grand Finale"],"picked":"Storm of Steel","floor":16.0},{"not_picked":["Backflip","Bane"],"picked":"Acrobatics","floor":18.0},{"not_picked":["Footwork+1","Underhanded Strike"],"picked":"Dagger Spray","floor":19.0},{"not_picked":["Slice","Expertise"],"picked":"Blade Dance","floor":21.0},{"not_picked":["Deflect","Underhanded Strike"],"picked":"Malaise","floor":23.0},{"not_picked":["Quick Slash","Bullet Time"],"picked":"Backstab","floor":25.0},{"not_picked":["Underhanded Strike","Bouncing Flask"],"picked":"Acrobatics","floor":27.0},{"not_picked":["Dagger Spray","Underhanded Strike"],"picked":"Backflip","floor":29},{"not_picked":["Prepared","Skewer","Caltrops+1"],"picked":"SKIP","floor":30},{"not_picked":["Bane","Caltrops+1"],"picked":"Terror","floor":31},{"not_picked":["Envenom+1","Corpse Explosion"],"picked":"After Image+1","floor":33},{"not_picked":["Dagger Throw","Underhanded Strike"],"picked":"Accuracy+1","floor":35},{"not_picked":["Flechettes","Bane","Poisoned Stab"],"picked":"SKIP","floor":36},{"not_picked":["Bane+1","Backstab"],"picked":"Cloak And Dagger","floor":37},{"not_picked":["Flechettes","Predator"],"picked":"Accuracy+1","floor":40},{"not_picked":["Reflex","Distraction","Blur+1"],"picked":"SKIP","floor":41},{"not_picked":["Outmaneuver+1","Poisoned Stab"],"picked":"Accuracy+1","floor":42},{"not_picked":["Slice","All Out Attack","Heel Hook"],"picked":"SKIP","floor":44},{"not_picked":["Endless Agony+1","Setup","Crippling Poison"],"picked":"SKIP","floor":45},{"not_picked":["Quick Slash","Crippling Poison+1"],"picked":"Well Laid Plans+1","floor":48},{"not_picked":["Sucker Punch","Predator","Finisher"],"picked":"SKIP","floor":55}],"player_experience":1086545,"relics_obtained":[{"floor":6.0,"key":"Frozen Egg 2"},{"floor":9.0,"key":"Nunchaku"},{"floor":11.0,"key":"Bag of Preparation"},{"floor":14.0,"key":"The Specimen"},{"floor":23.0,"key":"Ice Cream"},{"floor":25.0,"key":"PreservedInsect"},{"floor":26.0,"key":"Happy Flower"},{"floor":27.0,"key":"Tiny Chest"},{"floor":40,"key":"Pen Nib"},{"floor":42,"key":"Shovel"},{"floor":43,"key":"Oddly Smooth Stone"},{"floor":44,"key":"Mummified Hand"},{"floor":49,"key":"Ornamental Fan"},{"floor":53,"key":"HornCleat"},{"floor":55,"key":"War Paint"}],"event_choices":[{"damage_healed":0.0,"max_hp_gain":0.0,"max_hp_loss":0.0,"gold_gain":0.0,"event_name":"Shining Light","player_choice":"Entered Light","floor":3.0,"gold_loss":0.0,"damage_taken":21.0,"cards_upgraded":["Strike_G","Slice"]},{"damage_healed":17.0,"max_hp_gain":0.0,"max_hp_loss":0.0,"gold_gain":0.0,"event_name":"The Cleric","player_choice":"Healed","floor":7.0,"gold_loss":35.0,"damage_taken":0.0},{"damage_healed":0.0,"max_hp_gain":0.0,"max_hp_loss":0.0,"gold_gain":30.0,"event_name":"Dead Adventurer","player_choice":"Searched \u00272\u0027 times","floor":13.0,"gold_loss":0.0,"damage_taken":0.0,"relics_obtained":["Blood Vial"]},{"damage_healed":0.0,"max_hp_gain":0.0,"max_hp_loss":0.0,"gold_gain":0.0,"event_name":"Upgrade Shrine","player_choice":"Upgraded","floor":20.0,"gold_loss":0.0,"damage_taken":0.0,"cards_upgraded":["Storm of Steel"]},{"damage_healed":0.0,"max_hp_gain":0.0,"max_hp_loss":0.0,"gold_gain":0.0,"event_name":"Lab","player_choice":"Got Potions","floor":28.0,"gold_loss":0.0,"damage_taken":0.0},{"cards_removed":["Regret","Writhe"],"damage_healed":0,"gold_gain":0,"player_choice":"Removed Curses","damage_taken":0,"max_hp_gain":0,"max_hp_loss":0,"event_name":"Fountain of Cleansing","floor":39,"gold_loss":0},{"damage_healed":0,"gold_gain":0,"player_choice":"Ignored","damage_taken":0,"max_hp_gain":0,"max_hp_loss":0,"event_name":"Tomb of Lord Red Mask","floor":46,"gold_loss":0}],"is_beta":false,"boss_relics":[{"not_picked":["SlaversCollar","Astrolabe"],"picked":"Cursed Key"},{"not_picked":["Busted Crown","Calling Bell"],"picked":"WristBlade"}],"items_purged_floors":[12,22],"is_endless":false,"potions_floor_spawned":[2,4,6,16,19,21,23,25,29,30,35,41,42,48,55],"ascension_level":20}}