{"host":"udyc8f81k2jocuhg","time":1611447628,"event":{"mods":["2.2 Compatiblity","BaseMod","Better Third Choice","Colored Powertips","Conspire","Custom Start","GifTheSpireLib","Hermit","Minty Spire (QoL Compilation)","Permanent Neow","Quick Restart","Relic Filter","Relic Stats","Replay The Spire","Shop Mod","Spikes Relics","StSLib","Stuff the Spire"],"gold_per_floor":[109,122,122,136,150,179,179,212,212,223,223,249,263,274,274,351,351,371,37,37,50,69,96,147,177,200,50,80,90,118,129,129,204,204,216,241,252,336,349,378,378,424,424,451,486,67,85,112,112,112,112,112,112,27,52,52],"floor_reached":57,"language":"ENG","playtime":3645,"items_purged":["conspire:GhostlyStrike","conspire:GhostlyStrike"],"score":2942,"play_id":"45bb9f2e-509a-42c3-bbe0-a7a182d7d6a7","local_time":"20210124012028","is_ascension_mode":true,"campfire_choices":[{"data":"Zap","floor":15.0,"key":"SMITH"},{"data":"StuffTheSpire:Coldhearted","floor":32.0,"key":"SMITH"},{"floor":41.0,"key":"RECALL"},{"data":"Defragment","floor":49.0,"key":"SMITH"}],"circlet_count":0,"master_deck":["AscendersBane","conspire:GhostlyStrike","conspire:GhostlyDefend","conspire:GhostlyDefend","conspire:GhostlyDefend","conspire:GhostlyDefend","Zap+1","Dualcast","Barrage","Static Discharge+1","Coolheaded","Cold Snap","White Noise","Self Repair","FIFO Queue","Core Surge","Steam","Undo","Self Repair+1","Static Discharge","Force Field","StuffTheSpire:Coldhearted+1","Conserve Battery+1","Ball Lightning","Stack","Amplify","Coolheaded+1","Static Discharge","Chill","Defragment+1","Self Repair+1","Consume+1","Electrodynamics","Electrodynamics"],"relics":["AncientExoskeleton","TungstenRod","Bird Faced Urn","SpikesRelics:DaevaFist","Oddly Smooth Stone","Black Star","Prayer Wheel","Ring of Shattering","Replay:Multitool","Blue Candle","MealTicket","HyperAlloy","Boot","Blue Doll","Chameleon Ring","Iron Hammer","StuffTheSpire:GrapeVine","Akabeko","CosmicIsotope","Prayer Wheel","BicycleWheel","CeramicFish","Toxic Egg 2","Strawberry","SpikesRelics:ToyHorsey","StuffTheSpire:CocoNut","Omamori","Onion Ring","OrangePellets","Bag of Preparation","Gremlin Food","StuffTheSpire:ColdMirror"],"acts_visited":["Exordium","TheCity","TheBeyond","TheEnding"],"potions_floor_usage":[55,56,56],"damage_taken":[{"damage":0.0,"enemies":"Jaw Worm","floor":1.0,"turns":5.0},{"damage":0.0,"enemies":"2 Louse","floor":2.0,"turns":3.0},{"damage":4.0,"enemies":"Small Slimes","floor":4.0,"turns":4.0},{"damage":0.0,"enemies":"Looter","floor":5.0,"turns":4.0},{"damage":7.0,"enemies":"3 Sentries","floor":6.0,"turns":5.0},{"damage":6.0,"enemies":"Gremlin Nob","floor":8.0,"turns":4.0},{"damage":0.0,"enemies":"Exordium Wildlife","floor":10.0,"turns":5.0},{"damage":9.0,"enemies":"Lagavulin","floor":12.0,"turns":6.0},{"damage":0.0,"enemies":"Blue Slaver","floor":13.0,"turns":5.0},{"damage":0.0,"enemies":"Large Slime","floor":14.0,"turns":5.0},{"damage":12.0,"enemies":"Fading Forest","floor":16.0,"turns":13.0},{"damage":0.0,"enemies":"3 Byrds","floor":18.0,"turns":6.0},{"damage":0.0,"enemies":"2 Thieves","floor":21.0,"turns":5.0},{"damage":8.0,"enemies":"Cultist and Chosen","floor":22.0,"turns":6.0},{"damage":31.0,"enemies":"Book of Stabbing","floor":23.0,"turns":5.0},{"damage":6.0,"enemies":"Slavers","floor":25.0,"turns":3.0},{"damage":6.0,"enemies":"conspire:Head Lice","floor":28.0,"turns":10.0},{"damage":2.0,"enemies":"Snake Plant","floor":29.0,"turns":5.0},{"damage":11.0,"enemies":"Slavers","floor":30.0,"turns":5.0},{"damage":0.0,"enemies":"Snecko","floor":31.0,"turns":8.0},{"damage":8.0,"enemies":"Champ","floor":33.0,"turns":13.0},{"damage":6.0,"enemies":"3 Shapes","floor":35.0,"turns":6.0},{"damage":5.0,"enemies":"Mind Bloom Boss Battle","floor":36.0,"turns":11.0},{"damage":0.0,"enemies":"Orb Walker","floor":37.0,"turns":6.0},{"damage":13.0,"enemies":"Transient","floor":39.0,"turns":6.0},{"damage":37.0,"enemies":"Giant Head","floor":40.0,"turns":9.0},{"damage":46.0,"enemies":"R_Hoarder","floor":42.0,"turns":11.0},{"damage":59.0,"enemies":"Reptomancer","floor":44.0,"turns":8.0},{"damage":0.0,"enemies":"3 Darklings","floor":45.0,"turns":5.0},{"damage":0.0,"enemies":"Maw","floor":47.0,"turns":7.0},{"damage":0.0,"enemies":"4 Shapes","floor":48.0,"turns":7.0},{"damage":27.0,"enemies":"conspire:OrnateMirror","floor":50.0,"turns":11.0},{"damage":52.0,"enemies":"Awakened One","floor":51.0,"turns":7.0},{"damage":0,"enemies":"Shield and Spear","floor":55,"turns":5},{"damage":37,"enemies":"The Heart","floor":56,"turns":12}],"seed_played":"3442377906888811989","potions_obtained":[{"floor":1.0,"key":"AttackPotion"},{"floor":2.0,"key":"Block Potion"},{"floor":12.0,"key":"Reflective Coating"},{"floor":13.0,"key":"Explosive Potion"},{"floor":16.0,"key":"Fire Potion"},{"floor":18.0,"key":"Energy Potion"},{"floor":23.0,"key":"SneckoOil"},{"floor":25.0,"key":"Adrenaline Potion"},{"floor":45.0,"key":"PotionOfCapacity"},{"floor":48.0,"key":"Elixir"},{"floor":55,"key":"Cursed Concoction"}],"is_trial":false,"path_per_floor":["M","M","?","M","M","E","?","E","T","M","?","E","M","M","R","B",null,"M","$","?","M","M","E","T","E","T","$","E","M","E","M","R","B",null,"M","?","M","?","M","E","R","E","T","E","M","$","M","M","R","B","B",null,"R","$","E","B",null],"character_chosen":"DEFECT","items_purchased":["Prayer Wheel","StuffTheSpire:Coldhearted","OrangePellets","Bag of Preparation","Electrodynamics"],"campfire_rested":0,"item_purchase_floors":[19,27,46,46,54],"current_hp_per_floor":[64,64,64,60,60,53,47,41,41,43,21,25,38,51,51,70,71,71,71,71,71,71,59,59,57,57,71,71,71,71,71,71,71,71,71,71,71,44,64,60,60,52,59,31,62,77,85,85,85,85,60,79,85,85,85,85],"gold":52,"neow_bonus":"BOSS_RELIC","is_daily":false,"chose_seed":false,"campfire_upgraded":3,"win_rate":0.0,"timestamp":1611447628,"path_taken":["M","M","?","M","M","E","?","E","T","M","?","E","M","M","R","BOSS","M","$","?","M","M","E","?","E","T","?","E","M","E","M","R","BOSS","M","?","M","?","?","E","R","E","T","E","M","$","M","M","R","BOSS","BOSS","R","$","E","BOSS"],"items_purchased_type":["Relic","Card","Relic","Relic","Card"],"build_version":"2020-12-22","purchased_purges":2,"victory":true,"max_hp_per_floor":[71,71,71,71,71,71,71,71,71,71,71,71,71,71,71,71,71,71,71,71,71,71,71,71,71,71,71,71,71,71,71,71,71,71,71,71,71,71,71,71,71,78,85,85,85,85,85,85,85,85,85,85,85,85,85,85],"relic_stats":{"OrangePellets":[5],"counters":[35,236],"Bird Faced Urn":[169],"Blue Candle":[0],"CeramicFish":45,"Prayer Wheel":10,"MealTicket":29,"Black Star":8,"Bag of Preparation":[12],"Boot":[69],"obtain_stats":[{"CeramicFish":40,"Blue Doll":26,"Replay:Multitool":23,"StuffTheSpire:GrapeVine":30,"Bag of Preparation":46,"Boot":25,"Chameleon Ring":28,"SpikesRelics:ToyHorsey":42,"Strawberry":42,"StuffTheSpire:ColdMirror":55,"Prayer Wheel":19,"MealTicket":24,"Ring of Shattering":20,"Iron Hammer":28,"Toxic Egg 2":40,"Cracked Core":0,"BicycleWheel":36,"Gremlin Food":55,"AncientExoskeleton":0,"Blue Candle":23,"Oddly Smooth Stone":12,"Omamori":44,"Akabeko":30,"OrangePellets":46,"Bird Faced Urn":8,"HyperAlloy":25,"StuffTheSpire:CocoNut":43,"Onion Ring":44,"SpikesRelics:DaevaFist":11,"Black Star":17,"CosmicIsotope":34,"TungstenRod":6},{"CeramicFish":26,"Blue Doll":16,"Replay:Multitool":15,"StuffTheSpire:GrapeVine":19,"Bag of Preparation":29,"Boot":16,"Chameleon Ring":17,"SpikesRelics:ToyHorsey":27,"Strawberry":27,"StuffTheSpire:ColdMirror":34,"Prayer Wheel":12,"MealTicket":15,"Ring of Shattering":12,"Iron Hammer":17,"Toxic Egg 2":26,"Cracked Core":0,"BicycleWheel":23,"Gremlin Food":34,"AncientExoskeleton":0,"Blue Candle":15,"Oddly Smooth Stone":8,"Omamori":28,"Akabeko":19,"OrangePellets":29,"Bird Faced Urn":6,"HyperAlloy":16,"StuffTheSpire:CocoNut":27,"Onion Ring":28,"SpikesRelics:DaevaFist":7,"Black Star":11,"CosmicIsotope":21,"TungstenRod":5},{"CeramicFish":163,"Blue Doll":84,"Replay:Multitool":81,"StuffTheSpire:GrapeVine":104,"Bag of Preparation":187,"Boot":84,"Chameleon Ring":94,"SpikesRelics:ToyHorsey":174,"Strawberry":174,"StuffTheSpire:ColdMirror":224,"Prayer Wheel":65,"MealTicket":81,"Ring of Shattering":65,"Iron Hammer":94,"Toxic Egg 2":163,"Cracked Core":0,"BicycleWheel":142,"Gremlin Food":224,"AncientExoskeleton":0,"Blue Candle":81,"Oddly Smooth Stone":36,"Omamori":182,"Akabeko":104,"OrangePellets":187,"Bird Faced Urn":25,"HyperAlloy":84,"StuffTheSpire:CocoNut":174,"Onion Ring":182,"SpikesRelics:DaevaFist":30,"Black Star":59,"CosmicIsotope":125,"TungstenRod":21}],"TungstenRod":63},"card_choices":[{"not_picked":["Compile Driver","Beam Cell"],"picked":"Barrage","floor":1.0},{"not_picked":["Gash","StuffTheSpire:LoadUp"],"picked":"Static Discharge","floor":2.0},{"not_picked":["StuffTheSpire:GlassShard","Stack"],"picked":"Coolheaded","floor":4.0},{"not_picked":["BasicCrystalCard","Barrage","FTL"],"picked":"SKIP","floor":5.0},{"not_picked":["StuffTheSpire:EventHorizon","Conserve Battery"],"picked":"Cold Snap","floor":6.0},{"not_picked":["Gash","Heatsinks"],"picked":"White Noise","floor":8.0},{"not_picked":["Turbo","ReplayTheSpireMod:Reroute Power"],"picked":"Self Repair","floor":10.0},{"not_picked":["Barrage","Gash","BasicCrystalCard"],"picked":"SKIP","floor":12.0},{"not_picked":["ReplayTheSpireMod:Repulse","Heatsinks","DiskWipe"],"picked":"SKIP","floor":13.0},{"not_picked":["Force Field","Go for the Eyes"],"picked":"FIFO Queue","floor":14.0},{"not_picked":["All For One","ReplayRNGCard"],"picked":"Core Surge","floor":16.0},{"not_picked":["Hologram","Recycle"],"picked":"Steam","floor":18.0},{"not_picked":["Sweeping Beam+1","Hologram"],"picked":"Undo","floor":21.0},{"not_picked":["StuffTheSpire:Plugnplay","ReplayTheSpireMod:Omega Cannon","Barrage"],"picked":"SKIP","floor":21.0},{"not_picked":["Panic Button","Undo"],"picked":"Self Repair+1","floor":22.0},{"not_picked":["Panic Button","Chaos","StuffTheSpire:ShieldGenerator"],"picked":"SKIP","floor":22.0},{"not_picked":["Panic Button","Leap"],"picked":"Static Discharge","floor":23.0},{"not_picked":["Stack","Sunder+1"],"picked":"Force Field","floor":25.0},{"not_picked":["All For One","Hologram","Cold Snap"],"picked":"SKIP","floor":28.0},{"not_picked":["Streamline","Go for the Eyes"],"picked":"Conserve Battery+1","floor":29.0},{"not_picked":["Aggregate","BasicCrystalCard","Gash"],"picked":"SKIP","floor":29.0},{"not_picked":["Go for the Eyes","StuffTheSpire:ForEach","Panic Button"],"picked":"SKIP","floor":30.0},{"not_picked":["ReplaySolidLightProjector","Gash+1"],"picked":"Ball Lightning","floor":31.0},{"not_picked":["StuffTheSpire:LoadUp","Barrage"],"picked":"Stack","floor":31.0},{"not_picked":["Seek","Mirror Shield"],"picked":"ReplayTheSpireMod:Fabricate Wheel","floor":33.0},{"not_picked":["Barrage","Stack","Compile Driver"],"picked":"SKIP","floor":35.0},{"not_picked":["Steam+1","Streamline","BootSequence+1"],"picked":"SKIP","floor":35.0},{"not_picked":["Cold Snap","Chaos","Sweeping Beam"],"picked":"SKIP","floor":35.0},{"not_picked":["Panic Button+1","ReplayTheSpireMod:System Scan+1"],"picked":"Amplify","floor":37.0},{"not_picked":["StuffTheSpire:LoadUp+1","Leap","StuffTheSpire:CleanHardDrive+1"],"picked":"SKIP","floor":37.0},{"not_picked":["Recycle","BasicCrystalCard","Chaos"],"picked":"SKIP","floor":37.0},{"not_picked":["Streamline","StuffTheSpire:LoadUp+1"],"picked":"Coolheaded+1","floor":38.0},{"not_picked":["Streamline+1","Steam"],"picked":"Static Discharge","floor":38.0},{"not_picked":["Panic Button+1","Ball Lightning+1"],"picked":"Chill","floor":39.0},{"not_picked":["Lockon+1","Compile Driver","Beam Cell"],"picked":"SKIP","floor":39.0},{"not_picked":["Gash","Cold Snap","Coolheaded"],"picked":"SKIP","floor":39.0},{"not_picked":["Chaos+1","Redo+1","ReplayTheSpireMod:Reroute Power+1"],"picked":"SKIP","floor":40.0},{"not_picked":["StuffTheSpire:GlassShard","Compile Driver","StuffTheSpire:LoadUp+1"],"picked":"SKIP","floor":42.0},{"not_picked":["Streamline","Coolheaded+1","DiskWipe+1"],"picked":"SKIP","floor":44.0},{"not_picked":["BasicCrystalCard+1","Reprogram+1"],"picked":"Defragment","floor":45.0},{"not_picked":["StuffTheSpire:Rend+1","All For One"],"picked":"Self Repair+1","floor":45.0},{"not_picked":["Cold Snap","Darkness+1","ReplayTheSpireMod:System Scan+1"],"picked":"SKIP","floor":45.0},{"not_picked":["Coolheaded+1","Beam Cell","StuffTheSpire:NuclearReactor+1"],"picked":"SKIP","floor":47.0},{"not_picked":["Sunder","BasicCrystalCard+1","Conserve Battery+1"],"picked":"SKIP","floor":47.0},{"not_picked":["Compile Driver","Redo+1","BasicCrystalCard+1"],"picked":"SKIP","floor":47.0},{"not_picked":["Stack+1","Scrape"],"picked":"Consume+1","floor":48.0},{"not_picked":["Turbo+1","BootSequence+1","Scrape+1"],"picked":"SKIP","floor":48.0},{"not_picked":["Gash","StuffTheSpire:Plugnplay+1","Recycle+1"],"picked":"SKIP","floor":48.0},{"not_picked":["Barrage","StuffTheSpire:ShieldGenerator+1","Streamline+1"],"picked":"SKIP","floor":55}],"player_experience":2019572,"relics_obtained":[{"floor":6.0,"key":"TungstenRod"},{"floor":8.0,"key":"Bird Faced Urn"},{"floor":12.0,"key":"Oddly Smooth Stone"},{"floor":20.0,"key":"Ring of Shattering"},{"floor":23.0,"key":"Replay:Multitool"},{"floor":23.0,"key":"Blue Candle"},{"floor":24.0,"key":"MealTicket"},{"floor":25.0,"key":"HyperAlloy"},{"floor":25.0,"key":"Boot"},{"floor":26.0,"key":"Blue Doll"},{"floor":28.0,"key":"Chameleon Ring"},{"floor":28.0,"key":"Iron Hammer"},{"floor":30.0,"key":"StuffTheSpire:GrapeVine"},{"floor":30.0,"key":"Akabeko"},{"floor":36.0,"key":"BicycleWheel"},{"floor":40.0,"key":"CeramicFish"},{"floor":40.0,"key":"Toxic Egg 2"},{"floor":42.0,"key":"Strawberry"},{"floor":42.0,"key":"SpikesRelics:ToyHorsey"},{"floor":43.0,"key":"StuffTheSpire:CocoNut"},{"floor":44.0,"key":"Omamori"},{"floor":44.0,"key":"Onion Ring"},{"floor":55,"key":"Gremlin Food"},{"floor":55,"key":"StuffTheSpire:ColdMirror"}],"event_choices":[{"damage_healed":0.0,"max_hp_gain":0.0,"max_hp_loss":0.0,"gold_gain":0.0,"event_name":"conspire:LoneGhost","player_choice":"Agree","floor":3.0,"gold_loss":0.0,"damage_taken":0.0},{"cards_removed":["conspire:GhostlyStrike"],"damage_healed":0.0,"max_hp_gain":0.0,"max_hp_loss":0.0,"gold_gain":0.0,"event_name":"Golden Wing","player_choice":"Card Removal","floor":7.0,"gold_loss":0.0,"damage_taken":7.0},{"damage_healed":0.0,"max_hp_gain":0.0,"max_hp_loss":0.0,"gold_gain":0.0,"event_name":"betterThird:BetterScrap","player_choice":"Relic ","floor":11.0,"gold_loss":0.0,"damage_taken":26.0,"cards_obtained":["Corruption"]},{"damage_healed":0.0,"max_hp_gain":0.0,"max_hp_loss":0.0,"gold_gain":0.0,"event_name":"MindBloom","player_choice":"Fight","floor":36.0,"gold_loss":0.0,"damage_taken":0.0}],"is_beta":false,"boss_relics":[{"not_picked":["Painkiller Herb","Abe\u0027s Treasure"],"picked":"Black Star"},{"not_picked":["Busted Crown","ReplayTheSpireMod:DimensionalGlitch"],"picked":"CosmicIsotope"}],"items_purged_floors":[27,46],"is_endless":false,"potions_floor_spawned":[1,2,4,12,13,16,18,23,25,28,35,39,42,45,48,55],"ascension_level":20}}