{"host":"zrerxgu8lagrk16e","time":1611472868,"event":{"mods":["AchievementEnabler","BaseMod","Better Altar","Better Match","Better Note","Better Sensory Stone","Better Skull","Better Third Choice","Colored Map","Colored Powertips","Minty Spire (QoL Compilation)","Permanent Neow","Quick Restart","Relic Stats","StSLib","slay the spire mod where everything is the same but ironclad has a cowboy hat"],"gold_per_floor":[110,125,139,139,155,182,182,223,223,183,204,204,217,0,0,0,0],"floor_reached":16,"language":"ENG","playtime":636,"items_purged":[],"score":129,"play_id":"6a37ebc0-615f-4f44-a921-c105307b4779","local_time":"20210124022108","is_ascension_mode":true,"campfire_choices":[{"data":"Establishment","floor":15,"key":"SMITH"}],"circlet_count":0,"master_deck":["Strike_P","Strike_P","Strike_P","Strike_P","Defend_P","Defend_P","Defend_P","Defend_P","Eruption","Vigilance","PathToVictory","Wallop","FlyingSleeves","Regret","BattleHymn","FlurryOfBlows","Conclude+1","EmptyFist+1","ReachHeaven+1","Establishment+1"],"relics":["Coffee Dripper","HornCleat","TeardropLocket","Golden Idol","Molten Egg 2","NlothsMask","Membership Card"],"acts_visited":["Exordium"],"potions_floor_usage":[6],"damage_taken":[{"damage":0,"enemies":"Cultist","floor":1,"turns":2},{"damage":2,"enemies":"Jaw Worm","floor":2,"turns":3},{"damage":0,"enemies":"2 Louse","floor":3,"turns":2},{"damage":15,"enemies":"Gremlin Gang","floor":5,"turns":4},{"damage":46,"enemies":"Gremlin Nob","floor":6,"turns":6},{"damage":3,"enemies":"3 Sentries","floor":8,"turns":4},{"damage":1,"enemies":"Large Slime","floor":11,"turns":4},{"damage":0,"enemies":"Exordium Thugs","floor":13,"turns":2},{"damage":11,"enemies":"Hexaghost","floor":16,"turns":4}],"seed_played":"5485714608321521614","potions_obtained":[{"floor":2,"key":"Regen Potion"},{"floor":8,"key":"SpeedPotion"},{"floor":10,"key":"Explosive Potion"},{"floor":10,"key":"Strength Potion"},{"floor":11,"key":"BottledMiracle"}],"is_trial":false,"path_per_floor":["M","M","M","?","M","E","?","E","T","?","M","?","M","$","R","B"],"character_chosen":"WATCHER","items_purchased":["Membership Card","Establishment"],"campfire_rested":0,"item_purchase_floors":[14,14],"current_hp_per_floor":[72,70,70,70,55,14,14,11,11,11,10,10,10,10,10,0,0],"gold":0,"neow_bonus":"BOSS_RELIC","is_daily":false,"chose_seed":false,"campfire_upgraded":1,"win_rate":0.0,"timestamp":1611472868,"path_taken":["M","M","?","?","M","E","?","E","T","?","?","?","M","$","R","BOSS"],"items_purchased_type":["Relic","Card"],"build_version":"2020-12-22","purchased_purges":0,"victory":false,"max_hp_per_floor":[72,72,72,72,72,72,67,67,67,67,67,67,67,67,67,67,67],"relic_stats":{"counters":[9,31],"Golden Idol":15,"obtain_stats":[{"HornCleat":4,"Golden Idol":7,"Molten Egg 2":8,"Coffee Dripper":0,"TeardropLocket":6,"Membership Card":14,"PureWater":0,"NlothsMask":12},{"HornCleat":3,"Golden Idol":5,"Molten Egg 2":6,"Coffee Dripper":0,"TeardropLocket":5,"Membership Card":8,"PureWater":0,"NlothsMask":7},{"HornCleat":7,"Golden Idol":17,"Molten Egg 2":21,"Coffee Dripper":0,"TeardropLocket":17,"Membership Card":27,"PureWater":0,"NlothsMask":25}]},"card_choices":[{"not_picked":["JustLucky","CutThroughFate"],"picked":"PathToVictory","floor":1},{"not_picked":["Prostrate","ClearTheMind"],"picked":"Wallop","floor":2},{"not_picked":["FollowUp","ThirdEye"],"picked":"FlyingSleeves","floor":3},{"not_picked":["BowlingBash","Sanctity"],"picked":"BattleHymn","floor":5},{"not_picked":["WaveOfTheHand","Nirvana"],"picked":"FlurryOfBlows","floor":6},{"not_picked":["EmptyFist+1","SashWhip+1"],"picked":"Conclude+1","floor":8},{"not_picked":["WheelKick+1","Collect"],"picked":"EmptyFist+1","floor":11},{"not_picked":["JustLucky+1","Indignation"],"picked":"ReachHeaven+1","floor":13}],"player_experience":158576,"relics_obtained":[{"floor":6,"key":"TeardropLocket"},{"floor":8,"key":"Molten Egg 2"}],"event_choices":[{"damage_healed":0,"gold_gain":0,"player_choice":"Box","damage_taken":0,"relics_obtained":["HornCleat"],"max_hp_gain":0,"max_hp_loss":0,"event_name":"Big Fish","floor":4,"gold_loss":0,"cards_obtained":["Regret"]},{"damage_healed":0,"gold_gain":0,"player_choice":"Lose Max HP","damage_taken":0,"relics_obtained":["Golden Idol"],"max_hp_gain":0,"max_hp_loss":5,"event_name":"Golden Idol","floor":7,"gold_loss":0},{"damage_healed":0,"gold_gain":0,"player_choice":"Bought 3 Potions","damage_taken":0,"max_hp_gain":0,"max_hp_loss":0,"event_name":"The Woman in Blue","floor":10,"gold_loss":0},{"damage_healed":0,"gold_gain":0,"player_choice":"Trade","damage_taken":0,"relics_obtained":["NlothsMask"],"max_hp_gain":0,"max_hp_loss":0,"event_name":"FaceTrader","floor":12,"gold_loss":0}],"is_beta":false,"boss_relics":[],"items_purged_floors":[],"is_endless":false,"potions_floor_spawned":[2,8,11],"killed_by":"Hexaghost","ascension_level":3}}