{"host":"yvb207ks1sg3cxef","time":1611470884,"event":{"mods":["2.2 Compatiblity","BaseMod","Bestiary","Colored Powertips","Minty Spire (QoL Compilation)","Permanent Neow","Quick Restart","Relic Stats","StSLib"],"gold_per_floor":[115,115,134,144,144,144,188,188,188,188,206,206,224,255,255,351,351,369,392,23,23,23],"floor_reached":21,"language":"ENG","playtime":974,"items_purged":[],"score":396,"play_id":"7ffbe682-31e3-4b8d-888a-40a4f439b4f2","local_time":"20210124121804","is_ascension_mode":true,"campfire_choices":[{"data":"Eruption","floor":6.0,"key":"SMITH"},{"data":"Secret Weapon","floor":10.0,"key":"SMITH"},{"data":"ClearTheMind","floor":12.0,"key":"SMITH"},{"data":"Wireheading","floor":15.0,"key":"SMITH"}],"circlet_count":0,"master_deck":["AscendersBane","Strike_P","Strike_P","Strike_P","Strike_P","Defend_P","Defend_P","Defend_P","Defend_P","Eruption+1","Vigilance","Secret Weapon+1","Wireheading+1","ClearTheMind+1","WheelKick","JustLucky","Tantrum","ClearTheMind","Protect","Scrawl","EmptyFist","Sanctity","Wireheading"],"relics":["PureWater","Golden Idol","Mercury Hourglass","Bag of Marbles","Bronze Scales","Centennial Puzzle","Black Star","Gambling Chip"],"acts_visited":["Exordium","TheCity"],"potions_floor_usage":[],"damage_taken":[{"damage":0.0,"enemies":"2 Louse","floor":1.0,"turns":4.0},{"damage":2.0,"enemies":"Small Slimes","floor":3.0,"turns":3.0},{"damage":7.0,"enemies":"Jaw Worm","floor":4.0,"turns":5.0},{"damage":17.0,"enemies":"3 Sentries","floor":7.0,"turns":8.0},{"damage":7.0,"enemies":"Exordium Thugs","floor":11.0,"turns":3.0},{"damage":1.0,"enemies":"2 Fungi Beasts","floor":13.0,"turns":2.0},{"damage":0.0,"enemies":"Gremlin Nob","floor":14.0,"turns":2.0},{"damage":4.0,"enemies":"The Guardian","floor":16.0,"turns":11.0},{"damage":23.0,"enemies":"Shell Parasite","floor":18.0,"turns":3.0},{"damage":11.0,"enemies":"3 Byrds","floor":19.0,"turns":2.0},{"damage":24,"enemies":"Cultist and Chosen","floor":21,"turns":3}],"seed_played":"-3241955651204067222","potions_obtained":[{"floor":1.0,"key":"FearPotion"},{"floor":3.0,"key":"Dexterity Potion"},{"floor":4.0,"key":"LiquidMemories"},{"floor":11.0,"key":"AttackPotion"},{"floor":19.0,"key":"Energy Potion"}],"is_trial":false,"path_per_floor":["M","?","M","M","?","R","E","?","T","R","M","R","M","E","R","B",null,"M","M","$","M"],"character_chosen":"WATCHER","items_purchased":["Gambling Chip","Wireheading"],"campfire_rested":0,"item_purchase_floors":[20,20],"current_hp_per_floor":[61,61,59,52,52,52,35,30,30,30,23,23,22,22,22,18,47,24,13,13,0,0],"gold":23,"neow_bonus":"RANDOM_COLORLESS_2","is_daily":false,"chose_seed":false,"campfire_upgraded":4,"win_rate":0.0,"timestamp":1611470884,"path_taken":["M","?","M","M","?","R","E","?","T","R","M","R","?","E","R","BOSS","M","M","$","M"],"items_purchased_type":["Relic","Card"],"build_version":"2020-12-22","purchased_purges":0,"victory":false,"max_hp_per_floor":[62,62,62,62,56,56,56,56,56,56,56,56,56,56,56,56,56,56,56,56,56,56],"relic_stats":{"Centennial Puzzle":[9],"counters":[11,46],"Golden Idol":51,"Bronze Scales":[96],"Gambling Chip":[5],"Black Star":0,"obtain_stats":[{"Centennial Puzzle":14,"Golden Idol":5,"Bronze Scales":9,"Gambling Chip":20,"Bag of Marbles":8,"Black Star":17,"PureWater":0,"Mercury Hourglass":7},{"Centennial Puzzle":7,"Golden Idol":3,"Bronze Scales":4,"Gambling Chip":10,"Bag of Marbles":4,"Black Star":8,"PureWater":0,"Mercury Hourglass":4},{"Centennial Puzzle":27,"Golden Idol":12,"Bronze Scales":20,"Gambling Chip":43,"Bag of Marbles":20,"Black Star":38,"PureWater":0,"Mercury Hourglass":20}],"Mercury Hourglass":[87]},"card_choices":[{"not_picked":["Chrysalis","The Bomb"],"picked":"Secret Weapon","floor":0.0},{"not_picked":["WaveOfTheHand","Prostrate"],"picked":"Wireheading","floor":1.0},{"not_picked":["ReachHeaven","ThirdEye"],"picked":"ClearTheMind","floor":3.0},{"not_picked":["Crescendo","FollowUp"],"picked":"WheelKick","floor":4.0},{"not_picked":["FlyingSleeves","SashWhip"],"picked":"JustLucky","floor":7.0},{"not_picked":["FearNoEvil","Swivel"],"picked":"Tantrum","floor":11.0},{"not_picked":["CrushJoints","DeceiveReality"],"picked":"ClearTheMind","floor":13.0},{"not_picked":["Conclude","PathToVictory"],"picked":"Protect","floor":14.0},{"not_picked":["Alpha","Devotion"],"picked":"Scrawl","floor":16.0},{"not_picked":["PathToVictory","Evaluate"],"picked":"EmptyFist","floor":18.0},{"not_picked":["Prostrate+1","Crescendo"],"picked":"Sanctity","floor":19.0}],"player_experience":425993,"relics_obtained":[{"floor":7.0,"key":"Mercury Hourglass"},{"floor":9.0,"key":"Bronze Scales"},{"floor":14.0,"key":"Centennial Puzzle"}],"event_choices":[{"damage_healed":0.0,"max_hp_gain":0.0,"max_hp_loss":0.0,"gold_gain":0.0,"event_name":"Liars Game","player_choice":"Ignored","floor":2.0,"gold_loss":0.0,"damage_taken":0.0},{"damage_healed":0.0,"max_hp_gain":0.0,"max_hp_loss":6.0,"gold_gain":0.0,"event_name":"Golden Idol","player_choice":"Lose Max HP","floor":5.0,"gold_loss":0.0,"damage_taken":0.0,"relics_obtained":["Golden Idol"]},{"damage_healed":0.0,"max_hp_gain":0.0,"max_hp_loss":0.0,"gold_gain":0.0,"event_name":"Scrap Ooze","player_choice":"Success","floor":8.0,"gold_loss":0.0,"damage_taken":5.0,"relics_obtained":["Bag of Marbles"]}],"is_beta":false,"boss_relics":[{"not_picked":["Runic Dome","Tiny House"],"picked":"Black Star"}],"items_purged_floors":[],"is_endless":false,"potions_floor_spawned":[1,3,4,11,19],"killed_by":"Cultist and Chosen","ascension_level":17}}