{"host":"sav7uxregyirlf69","time":1611472199,"event":{"mods":["AchievementEnabler","BaseMod","Colored Map","DeckTracker","Keyboard Shortcuts","Minty Spire (QoL Compilation)","READ ME - Guardian Mod","StSLib","SuperFastMode"],"gold_per_floor":[18,30,45,55,69,80,80,5,5,34,34,34,45,72,72,151,151,168,93,110,125,125,125,152,152,176,195,215,248,264,279,279,355,355,371,371,371],"floor_reached":36,"language":"KOR","playtime":689,"items_purged":["Strike_B"],"score":840,"play_id":"17ff8cb2-acaa-4d2a-b3c2-33be631499ed","local_time":"20210124160959","is_ascension_mode":true,"campfire_choices":[{"data":"Hyperbeam","floor":7,"key":"SMITH"},{"data":"Streamline","floor":12,"key":"SMITH"},{"data":"Beam Cell","floor":15,"key":"SMITH"},{"data":"Auto Shields","floor":23,"key":"SMITH"},{"floor":25,"key":"REST"},{"floor":32,"key":"REST"}],"circlet_count":0,"master_deck":["AscendersBane","Strike_B+1","Strike_B+1","Defend_B","Defend_B","Defend_B","Defend_B","Zap","Dualcast","Hyperbeam+1","BootSequence","Beam Cell+1","Conserve Battery","Streamline+1","Auto Shields+1","Electrodynamics+1","Creative AI","Stack","Creative AI","Cold Snap+1","Undo","Streamline+1","Thunder Strike+1","Reprogram"],"relics":["Cracked Core","Smiling Mask","Mercury Hourglass","Orichalcum","Snecko Eye","Molten Egg 2","Whetstone","Happy Flower","Black Star"],"acts_visited":["Exordium","TheCity","TheBeyond"],"potions_floor_usage":[14,16,24,33],"damage_taken":[{"damage":1,"enemies":"Cultist","floor":1,"turns":3},{"damage":0,"enemies":"Jaw Worm","floor":2,"turns":2},{"damage":0,"enemies":"Small Slimes","floor":3,"turns":1},{"damage":2,"enemies":"Looter","floor":4,"turns":4},{"damage":6,"enemies":"Blue Slaver","floor":5,"turns":3},{"damage":0,"enemies":"Exordium Wildlife","floor":6,"turns":2},{"damage":5,"enemies":"3 Sentries","floor":10,"turns":3},{"damage":0,"enemies":"2 Fungi Beasts","floor":13,"turns":1},{"damage":17,"enemies":"Lagavulin","floor":14,"turns":4},{"damage":31,"enemies":"The Guardian","floor":16,"turns":9},{"damage":12,"enemies":"2 Thieves","floor":18,"turns":3},{"damage":1,"enemies":"Spheric Guardian","floor":20,"turns":3},{"damage":0,"enemies":"3 Cultists","floor":21,"turns":2},{"damage":22,"enemies":"Slavers","floor":24,"turns":3},{"damage":4,"enemies":"Snecko","floor":27,"turns":5},{"damage":3,"enemies":"Snake Plant","floor":28,"turns":3},{"damage":21,"enemies":"Gremlin Leader","floor":29,"turns":4},{"damage":22,"enemies":"Centurion and Healer","floor":30,"turns":6},{"damage":4,"enemies":"Cultist and Chosen","floor":31,"turns":4},{"damage":18,"enemies":"Champ","floor":33,"turns":10},{"damage":1,"enemies":"3 Shapes","floor":35,"turns":2},{"damage":64,"enemies":"2 Orb Walkers","floor":36,"turns":3}],"seed_played":"-2503077449998031158","potions_obtained":[{"floor":1,"key":"SteroidPotion"},{"floor":5,"key":"LiquidMemories"},{"floor":6,"key":"DuplicationPotion"},{"floor":16,"key":"PotionOfCapacity"},{"floor":18,"key":"Swift Potion"},{"floor":27,"key":"FairyPotion"},{"floor":30,"key":"Dexterity Potion"}],"is_trial":false,"path_per_floor":["M","M","M","M","M","M","R","$","T","E","$","R","M","E","R","B",null,"M","?","M","M","?","R","E","R","T","M","M","E","M","M","R","B",null,"M","?"],"character_chosen":"DEFECT","items_purchased":[],"campfire_rested":2,"item_purchase_floors":[],"current_hp_per_floor":[63,63,63,61,55,55,55,55,55,50,50,50,50,33,33,2,54,42,42,41,41,41,41,19,40,40,36,33,12,21,17,38,20,58,57,0,0],"gold":371,"neow_bonus":"THREE_RARE_CARDS","is_daily":false,"chose_seed":false,"campfire_upgraded":4,"win_rate":0.0,"timestamp":1611472199,"path_taken":["M","M","M","?","M","M","R","$","T","E","?","R","M","E","R","BOSS","M","?","M","M","?","R","E","R","T","M","?","E","M","M","R","BOSS","M","?"],"items_purchased_type":[],"build_version":"2020-12-22","purchased_purges":1,"victory":false,"max_hp_per_floor":[71,71,71,71,71,71,71,71,71,71,71,71,71,71,71,71,71,71,71,71,71,71,71,71,71,71,71,71,71,71,71,71,71,71,71,71,71],"card_choices":[{"not_picked":["Reboot","Fission"],"picked":"Hyperbeam","floor":0},{"not_picked":["Fusion","Gash"],"picked":"BootSequence","floor":1},{"not_picked":["Compile Driver","Coolheaded"],"picked":"Beam Cell","floor":2},{"not_picked":["Redo","Force Field"],"picked":"Conserve Battery","floor":3},{"not_picked":["Hologram","Melter"],"picked":"Streamline","floor":4},{"not_picked":["White Noise","Compile Driver","Gash"],"picked":"SKIP","floor":5},{"not_picked":["Melter","Heatsinks","Barrage"],"picked":"SKIP","floor":6},{"not_picked":["Steam","Coolheaded"],"picked":"Auto Shields","floor":10},{"not_picked":["Stack","Conserve Battery","Gash"],"picked":"SKIP","floor":13},{"not_picked":["Rip and Tear","Compile Driver"],"picked":"Electrodynamics","floor":14},{"not_picked":["Thunder Strike","Biased Cognition"],"picked":"Creative AI","floor":16},{"not_picked":["Steam","Go for the Eyes"],"picked":"Stack","floor":18},{"not_picked":["Rebound+1","Ball Lightning"],"picked":"Creative AI","floor":20},{"not_picked":["Turbo","Beam Cell","Melter"],"picked":"SKIP","floor":21},{"not_picked":["Leap","Gash+1"],"picked":"Cold Snap+1","floor":24},{"not_picked":["Coolheaded","Hello World"],"picked":"Undo","floor":27},{"not_picked":["Heatsinks","Conserve Battery","Storm"],"picked":"SKIP","floor":28},{"not_picked":["Beam Cell+1","Auto Shields","BootSequence"],"picked":"SKIP","floor":29},{"not_picked":["Turbo","Gash+1"],"picked":"Streamline+1","floor":30},{"not_picked":["Aggregate","Gash+1","Heatsinks"],"picked":"SKIP","floor":31},{"not_picked":["Creative AI","Buffer"],"picked":"Thunder Strike+1","floor":33},{"not_picked":["Turbo","Sweeping Beam+1"],"picked":"Reprogram","floor":35}],"player_experience":1370595,"relics_obtained":[{"floor":9,"key":"Smiling Mask"},{"floor":10,"key":"Mercury Hourglass"},{"floor":14,"key":"Orichalcum"},{"floor":24,"key":"Molten Egg 2"},{"floor":26,"key":"Whetstone"},{"floor":29,"key":"Happy Flower"}],"event_choices":[{"cards_removed":["Strike_B"],"damage_healed":0,"gold_gain":0,"player_choice":"Gave Gold","damage_taken":0,"max_hp_gain":0,"max_hp_loss":0,"event_name":"Beggar","floor":19,"gold_loss":75},{"damage_healed":0,"gold_gain":0,"player_choice":"Upgraded","damage_taken":0,"max_hp_gain":0,"max_hp_loss":0,"event_name":"Upgrade Shrine","floor":22,"gold_loss":0,"cards_upgraded":["Electrodynamics"]},{"damage_healed":0,"gold_gain":0,"player_choice":"Fight","damage_taken":0,"max_hp_gain":0,"max_hp_loss":0,"event_name":"Mysterious Sphere","floor":36,"gold_loss":0}],"is_beta":false,"boss_relics":[{"not_picked":["SacredBark","Velvet Choker"],"picked":"Snecko Eye"},{"not_picked":["Empty Cage","Astrolabe"],"picked":"Black Star"}],"items_purged_floors":[8],"is_endless":false,"potions_floor_spawned":[1,5,6,10,16,18,27,28,30],"killed_by":"2 Orb Walkers","ascension_level":20}}