{"host":"g2yp6paluzgljz05","time":1611498592,"event":{"mods":["BaseMod","Bestiary","Colored Powertips","DeckTracker","Highlight Path","Minty Spire (QoL Compilation)","Quick Restart"],"gold_per_floor":[20,20,43,56,56,56,56,74,101,137,152,192,192,223,223,342,342,267,192,192,192,117,117,117,117,117,117,117,117,117,117,117,117,117],"floor_reached":33,"language":"ENG","playtime":1715,"items_purged":["Strike_G"],"score":334,"play_id":"d5d5641e-303f-4bcc-8cec-b1d8a05ee31a","local_time":"20210125012952","is_ascension_mode":true,"campfire_choices":[{"data":"Neutralize","floor":6,"key":"SMITH"},{"floor":13,"key":"REST"},{"floor":15,"key":"REST"},{"floor":23,"key":"REST"},{"floor":24,"key":"REST"},{"floor":27,"key":"REST"},{"floor":29,"key":"REST"},{"floor":32,"key":"REST"}],"circlet_count":0,"master_deck":["Strike_G+1","Strike_G+1","Strike_G+1","Defend_G+1","Defend_G+1","Defend_G+1","Defend_G+1","Defend_G+1","Survivor","Neutralize+1","Dash","Dagger Throw","Terror","Noxious Fumes","Poisoned Stab","Noxious Fumes","Noxious Fumes","A Thousand Cuts","Prepared","Bane+1","Noxious Fumes+1"],"relics":["Ring of the Snake","WingedGreaves","Bloody Idol","GremlinMask","Potion Belt","Dream Catcher","Matryoshka","Lantern","Ectoplasm","Pocketwatch","Orichalcum","Bottled Tornado"],"acts_visited":["Exordium","TheCity"],"potions_floor_usage":[21,25,25,28,28],"damage_taken":[{"damage":0,"enemies":"2 Louse","floor":1,"turns":2},{"damage":8,"enemies":"Small Slimes","floor":3,"turns":4},{"damage":0,"enemies":"Cultist","floor":4,"turns":4},{"damage":4,"enemies":"3 Louse","floor":8,"turns":6},{"damage":3,"enemies":"Lagavulin","floor":10,"turns":7},{"damage":10,"enemies":"2 Fungi Beasts","floor":11,"turns":3},{"damage":14,"enemies":"Gremlin Nob","floor":12,"turns":4},{"damage":13,"enemies":"Lagavulin","floor":14,"turns":6},{"damage":34,"enemies":"Hexaghost","floor":16,"turns":8},{"damage":30,"enemies":"2 Thieves","floor":18,"turns":5},{"damage":29,"enemies":"3 Byrds","floor":21,"turns":4},{"damage":35,"enemies":"Gremlin Leader","floor":25,"turns":4},{"damage":22,"enemies":"Colosseum Slavers","floor":28,"turns":5},{"damage":18,"enemies":"Shelled Parasite and Fungi","floor":31,"turns":5},{"damage":31,"enemies":"Collector","floor":33,"turns":3}],"seed_played":"-6833149214695934008","potions_obtained":[{"floor":3,"key":"PowerPotion"},{"floor":4,"key":"GamblersBrew"},{"floor":14,"key":"Fire Potion"},{"floor":16,"key":"CultistPotion"},{"floor":18,"key":"DistilledChaos"},{"floor":31,"key":"PowerPotion"}],"is_trial":false,"path_per_floor":["M","?","M","M","?","R","?","M","T","E","M","E","R","E","R","B",null,"M","?","?","M","$","R","R","E","T","R","?","R","?","M","R","B"],"character_chosen":"THE_SILENT","items_purchased":[],"campfire_rested":7,"item_purchase_floors":[],"current_hp_per_floor":[70,65,57,57,57,57,57,53,53,50,40,26,45,32,51,17,65,35,35,35,6,6,25,44,9,9,28,6,25,25,7,26,0,0],"gold":117,"neow_bonus":"ONE_RARE_RELIC","is_daily":false,"chose_seed":false,"campfire_upgraded":1,"win_rate":0.0,"timestamp":1611498592,"path_taken":["M","?","M","M","?","R","?","?","T","E","M","E","R","E","R","BOSS","M","?","?","M","$","R","R","E","T","R","?","R","?","?","R","BOSS"],"items_purchased_type":[],"build_version":"2020-12-22","purchased_purges":1,"victory":false,"max_hp_per_floor":[70,65,65,65,65,65,65,65,65,65,65,65,65,65,65,65,65,65,65,65,65,65,65,65,65,65,65,65,65,65,65,65,65,65],"card_choices":[{"not_picked":["Dodge and Roll","Flechettes"],"picked":"Dash","floor":1},{"not_picked":["Cloak And Dagger","Deadly Poison"],"picked":"Dagger Throw","floor":3},{"not_picked":["Deflect","Masterful Stab"],"picked":"Terror","floor":4},{"not_picked":["Choke","Riddle With Holes"],"picked":"Noxious Fumes","floor":8},{"not_picked":["Glass Knife","Tactician","Deflect"],"picked":"SKIP","floor":10},{"not_picked":["Deflect","Predator"],"picked":"Poisoned Stab","floor":11},{"not_picked":["Choke","Masterful Stab","Storm of Steel"],"picked":"SKIP","floor":12},{"not_picked":["Underhanded Strike","Sucker Punch"],"picked":"Noxious Fumes","floor":13},{"not_picked":["Escape Plan","Blur"],"picked":"Noxious Fumes","floor":14},{"not_picked":["Doppelganger","Wraith Form v2"],"picked":"A Thousand Cuts","floor":16},{"not_picked":["Acrobatics","Underhanded Strike"],"picked":"Prepared","floor":18},{"not_picked":["Blur","Quick Slash+1","Dagger Spray"],"picked":"SKIP","floor":21},{"not_picked":["Acrobatics","Underhanded Strike"],"picked":"Bane+1","floor":23},{"not_picked":["Outmaneuver","Dagger Spray"],"picked":"Noxious Fumes+1","floor":24},{"not_picked":["Dagger Throw+1","Underhanded Strike","Doppelganger"],"picked":"SKIP","floor":25},{"not_picked":["Terror","Underhanded Strike","Blade Dance"],"picked":"SKIP","floor":31}],"player_experience":253976,"relics_obtained":[{"floor":9,"key":"Potion Belt"},{"floor":10,"key":"Dream Catcher"},{"floor":12,"key":"Matryoshka"},{"floor":14,"key":"Lantern"},{"floor":25,"key":"Pocketwatch"},{"floor":26,"key":"Orichalcum"},{"floor":26,"key":"Bottled Tornado"}],"event_choices":[{"damage_healed":0,"gold_gain":0,"player_choice":"Lose Max HP","damage_taken":0,"relics_obtained":["Golden Idol"],"max_hp_gain":0,"max_hp_loss":5,"event_name":"Golden Idol","floor":2,"gold_loss":0},{"damage_healed":0,"gold_gain":0,"player_choice":"Ignored","damage_taken":0,"max_hp_gain":0,"max_hp_loss":0,"event_name":"Liars Game","floor":5,"gold_loss":0},{"damage_healed":0,"gold_gain":0,"player_choice":"Trade","damage_taken":0,"relics_obtained":["GremlinMask"],"max_hp_gain":0,"max_hp_loss":0,"event_name":"FaceTrader","floor":7,"gold_loss":0},{"cards_removed":["Strike_G"],"damage_healed":0,"gold_gain":0,"player_choice":"Gave Gold","damage_taken":0,"max_hp_gain":0,"max_hp_loss":0,"event_name":"Beggar","floor":19,"gold_loss":75},{"damage_healed":0,"gold_gain":0,"player_choice":"Gave Idol","damage_taken":0,"relics_obtained":["Bloody Idol"],"max_hp_gain":0,"max_hp_loss":0,"event_name":"Forgotten Altar","floor":20,"relics_lost":["Golden Idol"],"gold_loss":0},{"damage_healed":0,"gold_gain":0,"player_choice":"Fight","damage_taken":0,"max_hp_gain":0,"max_hp_loss":0,"event_name":"Colosseum","floor":28,"gold_loss":0},{"damage_healed":0,"gold_gain":0,"player_choice":"Fled From Nobs","damage_taken":0,"max_hp_gain":0,"max_hp_loss":0,"event_name":"Colosseum","floor":28,"gold_loss":0},{"damage_healed":0,"gold_gain":0,"player_choice":"Simplicity","damage_taken":0,"max_hp_gain":0,"max_hp_loss":0,"event_name":"Back to Basics","floor":30,"gold_loss":0,"cards_upgraded":["Strike_G","Strike_G","Strike_G","Defend_G","Defend_G","Defend_G","Defend_G","Defend_G"]}],"is_beta":false,"boss_relics":[{"not_picked":["Philosopher\u0027s Stone","Velvet Choker"],"picked":"Ectoplasm"}],"items_purged_floors":[22],"is_endless":false,"potions_floor_spawned":[3,4,14,16,18,28,31],"killed_by":"Collector","ascension_level":2}}