{"host":"xmrw7jl1ir2912vf","time":1611521869,"event":{"mods":["BaseMod","Minty Spire (QoL Compilation)"],"gold_per_floor":[109,11,86,102,114,114,145,145,145,156,184,184,202,219,219,219,219],"floor_reached":16,"language":"ENG","playtime":617,"items_purged":[],"score":233,"play_id":"cbfbc13c-e0a1-4349-877c-30fb55ee9044","local_time":"20210124155748","is_ascension_mode":true,"campfire_choices":[{"data":"Perfected Strike","floor":6,"key":"SMITH"},{"floor":8,"key":"DIG"},{"data":"True Grit","floor":15,"key":"SMITH"}],"circlet_count":0,"master_deck":["AscendersBane","Strike_R","Strike_R","Strike_R","Strike_R","Defend_R","Defend_R","Defend_R","Defend_R","Bash","Perfected Strike+1","Pommel Strike","Combust","Rampage","Cleave","Corruption","Whirlwind","Intimidate","True Grit+1"],"relics":["Burning Blood","Ancient Tea Set","Shovel","Centennial Puzzle","Lizard Tail","Dream Catcher"],"acts_visited":["Exordium"],"potions_floor_usage":[11,11,16],"damage_taken":[{"damage":10,"enemies":"Jaw Worm","floor":1,"turns":6},{"damage":1,"enemies":"Cultist","floor":4,"turns":3},{"damage":5,"enemies":"Small Slimes","floor":5,"turns":3},{"damage":29,"enemies":"Lagavulin","floor":7,"turns":5},{"damage":0,"enemies":"3 Louse","floor":10,"turns":2},{"damage":0,"enemies":"Gremlin Nob","floor":11,"turns":2},{"damage":7,"enemies":"Looter","floor":13,"turns":3},{"damage":9,"enemies":"Exordium Thugs","floor":14,"turns":3},{"damage":84,"enemies":"Hexaghost","floor":16,"turns":9}],"seed_played":"-7678357344308737166","potions_obtained":[{"floor":1,"key":"Ancient Potion"},{"floor":5,"key":"DistilledChaos"},{"floor":13,"key":"FearPotion"}],"is_trial":false,"path_per_floor":["M","$","?","M","M","R","E","R","T","M","E","?","M","M","R","B"],"character_chosen":"IRONCLAD","items_purchased":["Pommel Strike","PowerPotion"],"campfire_rested":0,"item_purchase_floors":[2,2],"current_hp_per_floor":[64,64,53,58,59,59,36,36,36,42,48,48,47,44,44,0,0],"gold":219,"neow_bonus":"RANDOM_COMMON_RELIC","is_daily":false,"chose_seed":false,"campfire_upgraded":2,"win_rate":0.0,"timestamp":1611521868,"path_taken":["M","$","?","M","M","R","E","R","T","M","E","?","M","M","R","BOSS"],"items_purchased_type":["Card","Potion"],"build_version":"2020-12-22","purchased_purges":0,"victory":false,"max_hp_per_floor":[75,75,75,75,75,75,75,75,75,75,75,75,75,75,75,75,75],"card_choices":[{"not_picked":["Inflame","Warcry"],"picked":"Perfected Strike","floor":1},{"not_picked":["Entrench","Heavy Blade"],"picked":"Combust","floor":4},{"not_picked":["Dark Embrace","Combust"],"picked":"Rampage","floor":5},{"not_picked":["Heavy Blade","Clash"],"picked":"Cleave","floor":7},{"not_picked":["Blood for Blood","Warcry","Heavy Blade"],"picked":"SKIP","floor":10},{"not_picked":["Pommel Strike","Clothesline"],"picked":"Corruption","floor":11},{"not_picked":["Heavy Blade","Clash"],"picked":"Intimidate","floor":13},{"not_picked":["Clash","Clothesline"],"picked":"True Grit","floor":14}],"player_experience":392424,"relics_obtained":[{"floor":7,"key":"Shovel"},{"floor":8,"key":"Centennial Puzzle"},{"floor":9,"key":"Lizard Tail"},{"floor":11,"key":"Dream Catcher"}],"event_choices":[{"damage_healed":0,"gold_gain":75,"player_choice":"Gather Gold","damage_taken":11,"max_hp_gain":0,"max_hp_loss":0,"event_name":"World of Goop","floor":3,"gold_loss":0},{"damage_healed":0,"gold_gain":0,"cards_transformed":["Strike_R"],"player_choice":"Transformed","damage_taken":0,"max_hp_gain":0,"max_hp_loss":0,"event_name":"Transmorgrifier","floor":12,"gold_loss":0,"cards_obtained":["Whirlwind"]}],"is_beta":false,"boss_relics":[],"items_purged_floors":[],"is_endless":false,"potions_floor_spawned":[1,5,10,13],"killed_by":"Hexaghost","ascension_level":14}}