{"host":"nwd160me4iqdtr8u","time":1611489548,"event":{"mods":["AchievementEnabler","Act Like it!","BaseMod","Colored Map","DeckTracker","Minty Spire (QoL Compilation)","Quick Restart","Rare Cards Sparkle","StSLib","SuperFastMode","everything is the same but u backflip on backflip"],"gold_per_floor":[115,125,152,163,338,365,365,377,377,377,67,80,80,116,116,241,304,319,319,244,73,94,94,94,127,200,218,241,241,266,280,280,406,406,430,430,125,138,12,12,36,52,128,141,162,195,195,218,218,218],"floor_reached":51,"language":"KOR","playtime":7495,"items_purged":["Doubt","Strike_R"],"score":745,"play_id":"9982a2bf-72bb-4143-88a5-bfe780d2fe9f","local_time":"20210124205908","is_ascension_mode":true,"campfire_choices":[{"data":"Corruption","floor":7.0,"key":"SMITH"},{"floor":15.0,"key":"REST"},{"data":"Fiend Fire","floor":23.0,"key":"SMITH"},{"data":"Dark Embrace","floor":32.0,"key":"SMITH"},{"data":"Seeing Red","floor":40.0,"key":"SMITH"},{"data":"Enlightenment","floor":47.0,"key":"SMITH"},{"data":"Body Slam","floor":49.0,"key":"SMITH"}],"circlet_count":0,"master_deck":["Strike_R","Strike_R","Strike_R+1","Defend_R","Defend_R","Defend_R","Defend_R","Bash+1","Fiend Fire+1","Flame Barrier+1","Headbutt+1","Corruption+1","Finesse","Sentinel+1","Disarm","Seeing Red+1","Bludgeon+1","Cleave","Exhume","Feel No Pain","Shrug It Off","Feel No Pain+1","Dual Wield+1","Dark Embrace+1","Double Tap","Juggernaut","Enlightenment+1","Shrug It Off+1","Burning Pact+1","Body Slam+1"],"relics":["Burning Blood","Dream Catcher","Bag of Preparation","Oddly Smooth Stone","Golden Idol","Tiny House","The Courier","MutagenicStrength","Whetstone","Bottled Tornado","Runic Pyramid","Thread and Needle","Toolbox","Meat on the Bone","Molten Egg 2"],"acts_visited":["Exordium","TheCity","TheBeyond"],"potions_floor_usage":[50,50],"damage_taken":[{"damage":1.0,"enemies":"Cultist","floor":1.0,"turns":3.0},{"damage":2.0,"enemies":"2 Louse","floor":2.0,"turns":3.0},{"damage":2.0,"enemies":"Small Slimes","floor":4.0,"turns":5.0},{"damage":39.0,"enemies":"Gremlin Nob","floor":6.0,"turns":5.0},{"damage":2.0,"enemies":"2 Fungi Beasts","floor":8.0,"turns":3.0},{"damage":0.0,"enemies":"Blue Slaver","floor":12.0,"turns":4.0},{"damage":12.0,"enemies":"Lagavulin","floor":14.0,"turns":5.0},{"damage":33.0,"enemies":"Hexaghost","floor":16.0,"turns":14.0},{"damage":9.0,"enemies":"Shell Parasite","floor":18.0,"turns":4.0},{"damage":1.0,"enemies":"3 Byrds","floor":22.0,"turns":6.0},{"damage":10.0,"enemies":"Book of Stabbing","floor":25.0,"turns":7.0},{"damage":14.0,"enemies":"Snake Plant","floor":27.0,"turns":5.0},{"damage":3.0,"enemies":"Centurion and Healer","floor":28.0,"turns":7.0},{"damage":0.0,"enemies":"3 Cultists","floor":30.0,"turns":5.0},{"damage":0.0,"enemies":"Snecko","floor":31.0,"turns":2.0},{"damage":51.0,"enemies":"Collector","floor":33.0,"turns":10.0},{"damage":4.0,"enemies":"3 Darklings","floor":35.0,"turns":6.0},{"damage":0.0,"enemies":"3 Shapes","floor":38.0,"turns":7.0},{"damage":0.0,"enemies":"Writhing Mass","floor":41.0,"turns":7.0},{"damage":4.0,"enemies":"3 Darklings","floor":42.0,"turns":5.0},{"damage":56.0,"enemies":"4 Shapes","floor":44.0,"turns":7.0},{"damage":0.0,"enemies":"Maw","floor":45.0,"turns":5.0},{"damage":0.0,"enemies":"Giant Head","floor":46.0,"turns":8.0},{"damage":0.0,"enemies":"Writhing Mass","floor":48.0,"turns":4.0},{"damage":45,"enemies":"Awakened One","floor":50,"turns":10}],"seed_played":"-7174581820625465824","potions_obtained":[{"floor":1.0,"key":"DistilledChaos"},{"floor":2.0,"key":"Strength Potion"},{"floor":8.0,"key":"Block Potion"},{"floor":14.0,"key":"Explosive Potion"},{"floor":17.0,"key":"Dexterity Potion"},{"floor":27.0,"key":"Strength Potion"},{"floor":28.0,"key":"Ancient Potion"},{"floor":31.0,"key":"Fruit Juice"},{"floor":38.0,"key":"SteroidPotion"},{"floor":41.0,"key":"BloodPotion"},{"floor":45.0,"key":"SpeedPotion"}],"is_trial":false,"path_per_floor":["M","M","T","M","?","E","R","M","T","?","$","M","?","E","R","B",null,"M","?","?","$","M","R","?","E","T","M","M","?","M","M","R","B",null,"M","?","$","M","$","R","M","M","T","M","M","E","R","M","R","B",null],"character_chosen":"IRONCLAD","items_purchased":["Finesse","Oddly Smooth Stone","Feel No Pain","Shrug It Off","Thread and Needle","Enlightenment","Toolbox"],"campfire_rested":1,"item_purchase_floors":[11,11,21,21,37,37,39],"current_hp_per_floor":[80,80,80,80,80,47,47,51,51,35,35,41,21,15,39,12,85,82,82,82,82,85,85,85,81,81,73,76,76,82,90,90,45,90,90,90,90,90,90,90,90,90,90,52,76,82,82,88,88,61],"gold":218,"neow_bonus":"ONE_RANDOM_RARE_CARD","is_daily":false,"chose_seed":false,"campfire_upgraded":6,"win_rate":0.0,"timestamp":1611489548,"path_taken":["M","M","?","M","?","E","R","M","T","?","$","M","?","E","R","BOSS","M","?","?","$","M","R","?","E","T","M","M","?","M","?","R","BOSS","M","?","$","M","$","R","M","M","T","M","?","E","R","M","R","BOSS"],"items_purchased_type":["Card","Relic","Card","Card","Relic","Card","Relic"],"build_version":"2020-12-22","purchased_purges":2,"victory":true,"max_hp_per_floor":[80,80,80,80,80,80,80,80,80,80,80,80,80,80,80,80,85,85,85,85,85,85,85,85,85,85,85,85,85,85,90,90,90,90,90,90,90,90,90,90,90,90,90,90,90,90,90,90,90,90],"card_choices":[{"not_picked":["Pommel Strike","Anger"],"picked":"Flame Barrier","floor":1.0},{"not_picked":["Twin Strike","Pommel Strike","Thunderclap"],"picked":"SKIP","floor":2.0},{"not_picked":["Reckless Charge","Sever Soul"],"picked":"Headbutt","floor":4.0},{"not_picked":["Thunderclap","Rage"],"picked":"Corruption","floor":6.0},{"not_picked":["Warcry","Body Slam","Anger"],"picked":"SKIP","floor":8.0},{"not_picked":["Shockwave","True Grit"],"picked":"Sentinel","floor":12.0},{"not_picked":["Limit Break","Sentinel"],"picked":"Disarm","floor":14.0},{"not_picked":["Armaments","Heavy Blade"],"picked":"Seeing Red","floor":15.0},{"not_picked":["Fiend Fire","Corruption"],"picked":"Bludgeon","floor":16.0},{"not_picked":["Perfected Strike","Pommel Strike"],"picked":"Cleave","floor":17.0},{"not_picked":["Clothesline","Flex+1"],"picked":"Exhume","floor":18.0},{"not_picked":["Anger+1","Sword Boomerang+1","Heavy Blade"],"picked":"SKIP","floor":22.0},{"not_picked":["Clash+1","Thunderclap"],"picked":"Feel No Pain+1","floor":25.0},{"not_picked":["Warcry","Clash"],"picked":"Dual Wield+1","floor":27.0},{"not_picked":["True Grit","Anger+1"],"picked":"Dark Embrace","floor":28.0},{"not_picked":["Sentinel","Warcry","Anger"],"picked":"SKIP","floor":30.0},{"not_picked":["Anger","Feel No Pain+1"],"picked":"Double Tap","floor":31.0},{"not_picked":["Limit Break","Double Tap"],"picked":"Juggernaut","floor":33.0},{"not_picked":["Clothesline+1","Armaments","Dark Embrace"],"picked":"SKIP","floor":35.0},{"not_picked":["Flex","Corruption"],"picked":"Shrug It Off+1","floor":38.0},{"not_picked":["Body Slam","Clothesline"],"picked":"Burning Pact+1","floor":41.0},{"not_picked":["Thunderclap+1","Heavy Blade"],"picked":"Body Slam","floor":42.0},{"not_picked":["Shrug It Off+1","Feel No Pain+1","Flex+1"],"picked":"SKIP","floor":44.0},{"not_picked":["Perfected Strike","Shrug It Off","Ghostly Armor+1"],"picked":"SKIP","floor":45.0},{"not_picked":["Uppercut+1","Body Slam+1","Headbutt+1"],"picked":"SKIP","floor":46.0},{"not_picked":["Heavy Blade+1","Power Through","Perfected Strike+1"],"picked":"SKIP","floor":48.0}],"player_experience":240497,"relics_obtained":[{"floor":3.0,"key":"Dream Catcher"},{"floor":9.0,"key":"Bag of Preparation"},{"floor":25.0,"key":"Whetstone"},{"floor":26.0,"key":"Bottled Tornado"},{"floor":43.0,"key":"Meat on the Bone"},{"floor":46.0,"key":"Molten Egg 2"}],"event_choices":[{"damage_healed":0.0,"max_hp_gain":0.0,"max_hp_loss":0.0,"gold_gain":175.0,"event_name":"Liars Game","player_choice":"AGREE","floor":5.0,"gold_loss":0.0,"damage_taken":0.0,"cards_obtained":["Doubt"]},{"damage_healed":0.0,"max_hp_gain":0.0,"max_hp_loss":0.0,"gold_gain":0.0,"event_name":"Shining Light","player_choice":"Entered Light","floor":10.0,"gold_loss":0.0,"damage_taken":16.0,"cards_upgraded":["Strike_R","Headbutt"]},{"damage_healed":0.0,"max_hp_gain":0.0,"max_hp_loss":0.0,"gold_gain":0.0,"event_name":"Golden Idol","player_choice":"Take Damage","floor":13.0,"gold_loss":0.0,"damage_taken":20.0,"relics_obtained":["Golden Idol"]},{"damage_healed":0.0,"max_hp_gain":0.0,"max_hp_loss":0.0,"gold_gain":0.0,"event_name":"The Mausoleum","player_choice":"Opened","floor":19.0,"gold_loss":0.0,"damage_taken":0.0,"relics_obtained":["The Courier"]},{"cards_removed":["Strike_R"],"damage_healed":0.0,"max_hp_gain":0.0,"max_hp_loss":0.0,"gold_gain":0.0,"event_name":"Beggar","player_choice":"Gave Gold","floor":20.0,"gold_loss":75.0,"damage_taken":0.0},{"damage_healed":0.0,"max_hp_gain":0.0,"max_hp_loss":0.0,"gold_gain":0.0,"event_name":"Drug Dealer","player_choice":"Inject Mutagens","floor":24.0,"gold_loss":0.0,"damage_taken":0.0,"relics_obtained":["MutagenicStrength"]},{"damage_healed":0.0,"max_hp_gain":0.0,"max_hp_loss":0.0,"gold_gain":0.0,"event_name":"The Woman in Blue","player_choice":"Bought 0 Potions","floor":29.0,"gold_loss":0.0,"damage_taken":0.0},{"damage_healed":0.0,"max_hp_gain":0.0,"max_hp_loss":0.0,"gold_gain":0.0,"event_name":"Upgrade Shrine","player_choice":"Upgraded","floor":36.0,"gold_loss":0.0,"damage_taken":0.0,"cards_upgraded":["Flame Barrier"]}],"is_beta":false,"boss_relics":[{"not_picked":["Runic Cube","Philosopher\u0027s Stone"],"picked":"Tiny House"},{"not_picked":["Black Star","Empty Cage"],"picked":"Runic Pyramid"}],"items_purged_floors":[11,21],"is_endless":false,"potions_floor_spawned":[1,2,8,14,18,27,28,31,38,41,45],"ascension_level":1}}