{"host":"wogey4gsknv4ot2d","time":1611486058,"event":{"mods":["2.2 Compatiblity","AchievementEnabler","BaseMod","Bestiary","Better Match","Better Third Choice","Colored Map","Colored Powertips","Key Reminder","Minty Spire (QoL Compilation)","Permanent Neow","Rare Cards Sparkle","Relic Stats","StSLib"],"gold_per_floor":[218,235,235,255,255,255,283,283,283,283,311,65,65,78,78,178,178,198,218,45,45,62,62,62,62],"floor_reached":24,"language":"ENG","playtime":730,"items_purged":[],"score":239,"play_id":"1d7efdc2-21af-45dc-978d-c0af41b3f328","local_time":"20210124050058","is_ascension_mode":true,"campfire_choices":[{"floor":6,"key":"RECALL"},{"floor":8,"key":"REST"},{"floor":15,"key":"REST"},{"floor":23,"key":"REST"}],"circlet_count":0,"master_deck":["Strike_G","Strike_G","Strike_G","Defend_G","Defend_G","Defend_G","Defend_G","Defend_G","Survivor","Neutralize","Poisoned Stab","PiercingWail","Poisoned Stab","Deadly Poison","Deadly Poison","A Thousand Cuts","Bane","Envenom","Cloak And Dagger+1","Deadly Poison","Tools of the Trade","Caltrops","Deadly Poison"],"relics":["Ring of the Snake","keyreminder:keyreminder","HornCleat","Oddly Smooth Stone","WristBlade","Snake Skull"],"acts_visited":["Exordium","TheCity"],"potions_floor_usage":[14,14,16,22,22],"damage_taken":[{"damage":4,"enemies":"Cultist","floor":1,"turns":3},{"damage":10,"enemies":"Small Slimes","floor":2,"turns":3},{"damage":7,"enemies":"2 Louse","floor":4,"turns":3},{"damage":26,"enemies":"Gremlin Nob","floor":7,"turns":5},{"damage":22,"enemies":"3 Sentries","floor":11,"turns":9},{"damage":10,"enemies":"Large Slime","floor":14,"turns":6},{"damage":28,"enemies":"The Guardian","floor":16,"turns":9},{"damage":30,"enemies":"Spheric Guardian","floor":18,"turns":5},{"damage":28,"enemies":"Chosen","floor":19,"turns":6},{"damage":11,"enemies":"3 Cultists","floor":22,"turns":4},{"damage":30,"enemies":"Gremlin Leader","floor":24,"turns":3}],"seed_played":"-4582441136542643693","potions_obtained":[{"floor":7,"key":"LiquidBronze"},{"floor":14,"key":"Block Potion"},{"floor":16,"key":"ColorlessPotion"},{"floor":18,"key":"Ancient Potion"}],"is_trial":false,"path_per_floor":["M","M","$","M","?","R","E","R","T","?","E","$","?","M","R","B",null,"M","M","$","?","M","R","E"],"character_chosen":"THE_SILENT","items_purchased":["Deadly Poison","A Thousand Cuts","Regen Potion","Snake Skull","Deadly Poison"],"campfire_rested":3,"item_purchase_floors":[12,12,12,20,20],"current_hp_per_floor":[66,56,56,49,70,70,44,65,65,65,43,43,43,48,69,41,70,40,12,12,12,1,22,0,0],"gold":62,"neow_bonus":"HUNDRED_GOLD","is_daily":false,"chose_seed":false,"campfire_upgraded":0,"win_rate":0.0,"timestamp":1611486058,"path_taken":["M","M","?","M","?","R","E","R","T","?","E","$","?","M","R","BOSS","M","M","$","?","M","R","E"],"items_purchased_type":["Card","Card","Potion","Relic","Card"],"build_version":"2020-12-22","purchased_purges":0,"victory":false,"max_hp_per_floor":[70,70,70,70,70,70,70,70,70,70,70,70,70,70,70,70,70,70,70,70,70,70,70,70,70],"relic_stats":{"counters":[11,56],"Snake Skull":[12],"obtain_stats":[{"keyreminder:keyreminder":6,"HornCleat":7,"WristBlade":17,"Oddly Smooth Stone":11,"Snake Skull":20,"Ring of the Snake":0},{"keyreminder:keyreminder":3,"HornCleat":4,"WristBlade":7,"Oddly Smooth Stone":5,"Snake Skull":9,"Ring of the Snake":0},{"keyreminder:keyreminder":9,"HornCleat":14,"WristBlade":38,"Oddly Smooth Stone":23,"Snake Skull":49,"Ring of the Snake":0}],"Ring of the Snake":[22]},"card_choices":[{"not_picked":["Acrobatics","Quick Slash"],"picked":"Poisoned Stab","floor":1},{"not_picked":["Caltrops","Dagger Spray"],"picked":"PiercingWail","floor":2},{"not_picked":["Endless Agony","Infinite Blades"],"picked":"Poisoned Stab","floor":4},{"not_picked":["Dagger Throw","Bane"],"picked":"Deadly Poison","floor":7},{"not_picked":["Dagger Throw","Glass Knife","Prepared"],"picked":"SKIP","floor":11},{"not_picked":["Sucker Punch","Dash"],"picked":"Bane","floor":14},{"not_picked":["Night Terror","Unload"],"picked":"Envenom","floor":16},{"not_picked":["Escape Plan","Underhanded Strike"],"picked":"Cloak And Dagger+1","floor":18},{"not_picked":["Skewer","Endless Agony","Accuracy"],"picked":"SKIP","floor":19},{"not_picked":["Poisoned Stab","Prepared"],"picked":"Deadly Poison","floor":22}],"player_experience":79944,"relics_obtained":[{"floor":7,"key":"HornCleat"},{"floor":11,"key":"Oddly Smooth Stone"}],"event_choices":[{"damage_healed":23,"gold_gain":0,"player_choice":"Banana","damage_taken":0,"max_hp_gain":0,"max_hp_loss":0,"event_name":"Big Fish","floor":5,"gold_loss":0},{"damage_healed":0,"gold_gain":0,"player_choice":"Searched \u00270\u0027 times","damage_taken":0,"max_hp_gain":0,"max_hp_loss":0,"event_name":"Dead Adventurer","floor":10,"gold_loss":0},{"damage_healed":0,"gold_gain":0,"player_choice":"Leave","damage_taken":0,"max_hp_gain":0,"max_hp_loss":0,"event_name":"FaceTrader","floor":13,"gold_loss":0},{"damage_healed":0,"gold_gain":0,"cards_transformed":["Strike_G","Strike_G"],"player_choice":"Became Test Subject","damage_taken":0,"max_hp_gain":0,"max_hp_loss":0,"event_name":"Drug Dealer","floor":21,"gold_loss":0,"cards_obtained":["Tools of the Trade","Caltrops"]}],"is_beta":false,"boss_relics":[{"not_picked":["Calling Bell","Snecko Eye"],"picked":"WristBlade"}],"items_purged_floors":[],"is_endless":false,"potions_floor_spawned":[7,14,16,18],"killed_by":"Gremlin Leader","ascension_level":1}}