{"host":"ees9py5fbpv5lclk","time":1611513920,"event":{"mods":["AchievementEnabler","BaseMod","Challenge The Spire","Colored Map","Colored Powertips","Conspire","Downfall","Hermit","Infinite Spire","Minty Spire (QoL Compilation)","Replay The Spire","Shop Mod","StSLib","SuperFastMode","The Bug Knight","The Cursed","The Servant 0.9.4"],"gold_per_floor":[111,145,192,37,50,77,77,48,48,48,61,78,89,119,119,217,217,227,78,105,122,22,34,34],"floor_reached":23,"language":"ENG","playtime":1749,"items_purged":["Strike_S"],"score":199,"play_id":"3eebc89b-d76b-4ff5-a466-cd1842b2a03b","local_time":"20210124134520","daily_mods":["Heirloom","Flight","DeadlyEvents"],"is_ascension_mode":false,"campfire_choices":[{"data":"1","floor":7,"key":"LIFT"},{"floor":10,"key":"REST"},{"floor":15,"key":"REST"}],"circlet_count":0,"master_deck":["Strike_S","Strike_S","Strike_S","Defend_S","Defend_S","Defend_S","Defend_S","KidneyShot","Exchange","Luminosity","Foresight","Pot Of Greed","Pot Of Greed","StarChef","Rewind","Advance","Moondial","Sunlight","Embodiment","Unruled","MoonPhase","TimeWarp","conspire:SpireCoStock","conspire:SpireCoStock"],"relics":["Uniform","Girya","infinitespire:Golems Mask","Grinning Jar","MerchantsRug","Replay:Towering Pillar of Hats","Garlic","infinitespire:BottledMercury","conspire:RoyalGoblet","Toy Ornithopter"],"acts_visited":["Exordium","TheCity"],"potions_floor_usage":[],"damage_taken":[{"damage":4,"enemies":"2 Louse","floor":1,"turns":3},{"damage":3,"enemies":"Jaw Worm","floor":5,"turns":3},{"damage":20,"enemies":"Lagavulin","floor":6,"turns":8},{"damage":2,"enemies":"Cultist","floor":11,"turns":4},{"damage":8,"enemies":"Large Slime","floor":12,"turns":6},{"damage":4,"enemies":"Red Slaver","floor":13,"turns":3},{"damage":16,"enemies":"3 Sentries","floor":14,"turns":6},{"damage":25,"enemies":"Slime Boss","floor":16,"turns":11},{"damage":15,"enemies":"3 Byrds","floor":18,"turns":6},{"damage":15,"enemies":"Spheric Guardian","floor":21,"turns":5},{"damage":36,"enemies":"Nightmare","floor":23,"turns":6}],"seed_played":"-947491977517243489","potions_obtained":[{"floor":6,"key":"Milkshake"},{"floor":12,"key":"Doom Potion"},{"floor":14,"key":"bronze:BurnAndBuffPotion"},{"floor":16,"key":"sneckomod:MuddlingPotion"}],"is_trial":true,"path_per_floor":["M","?","T","$","M","E","R","$","T","R","M","M","M","E","R","B",null,"M","$","T","M","?","NM"],"character_chosen":"THE_SERVANT","items_purchased":["MerchantsRug","Rewind","MoonPhase"],"campfire_rested":2,"item_purchase_floors":[4,8,19],"current_hp_per_floor":[61,45,45,45,42,22,22,22,22,41,39,31,27,11,30,5,65,50,50,50,35,35,0,0],"gold":34,"neow_bonus":"","is_daily":false,"chose_seed":false,"campfire_upgraded":0,"win_rate":0.0,"timestamp":1611513920,"path_taken":["M","?","?","$","?","E","R","$","T","R","M","M","?","?","R","BOSS","M","$","?","M","?","NM"],"items_purchased_type":["Relic","Card","Card"],"build_version":"2020-12-22","purchased_purges":1,"victory":false,"max_hp_per_floor":[65,65,65,65,65,65,65,65,65,65,65,65,65,65,65,65,65,65,65,65,65,65,65,65],"card_choices":[{"not_picked":["Alleviate","ReturningBlade"],"picked":"Luminosity","floor":1},{"not_picked":["Revamp","Alleviate"],"picked":"Foresight","floor":2},{"not_picked":["Misdirection","SurpressingFire","Replace"],"picked":"SKIP","floor":5},{"not_picked":["Potential","Moondial"],"picked":"StarChef","floor":6},{"not_picked":["BestPractice","Revamp"],"picked":"Advance","floor":11},{"not_picked":["Rewind","Replace"],"picked":"Moondial","floor":12},{"not_picked":["Ricochet","Defy","Replace"],"picked":"SKIP","floor":13},{"not_picked":["BottledTime","Ricochet"],"picked":"Sunlight","floor":14},{"not_picked":["TrueSight","ForgedInTime"],"picked":"Embodiment","floor":16},{"not_picked":["Starlight","Defy+1"],"picked":"Unruled","floor":18},{"not_picked":["Starlight","Replace"],"picked":"TimeWarp","floor":21}],"player_experience":129918,"relics_obtained":[{"floor":2,"key":"infinitespire:Golems Mask"},{"floor":3,"key":"Grinning Jar"},{"floor":6,"key":"Replay:Towering Pillar of Hats"},{"floor":9,"key":"Garlic"},{"floor":14,"key":"infinitespire:BottledMercury"},{"floor":20,"key":"Toy Ornithopter"}],"event_choices":[{"damage_healed":0,"gold_gain":0,"player_choice":"Invest 2","damage_taken":0,"max_hp_gain":0,"max_hp_loss":0,"event_name":"conspire:Investor","floor":22,"gold_loss":0}],"is_beta":false,"boss_relics":[{"not_picked":["StoneMask","Cursed Key"],"picked":"conspire:RoyalGoblet"}],"items_purged_floors":[19],"is_endless":false,"potions_floor_spawned":[6,12,14,16,18],"killed_by":"Nightmare","ascension_level":0}}