{"host":"2tgyrzvaa7l04o2e","time":1611505143,"event":{"mods":["BaseMod","Highlight Path","Minty Spire (QoL Compilation)","Permanent Neow","Relic Stats"],"gold_per_floor":[117,135,145,161,161,161,178,178,202,234,234,254,254,286,286,365,365,382,400,400,400,400],"floor_reached":21,"language":"ENG","playtime":1060,"items_purged":[],"score":382,"play_id":"1b29578f-c0ef-4919-b1a6-152f76a673e5","local_time":"20210124171903","is_ascension_mode":true,"campfire_choices":[{"data":"Noxious Fumes","floor":6,"key":"SMITH"},{"data":"Tools of the Trade","floor":8,"key":"SMITH"},{"floor":13,"key":"REST"},{"floor":15,"key":"REST"}],"circlet_count":0,"master_deck":["AscendersBane","Survivor","Neutralize+1","Tools of the Trade+1","Deadly Poison","Noxious Fumes+1","Bouncing Flask+1","Adrenaline","Bane","Flechettes","Malaise","Phantasmal Killer","Bouncing Flask","Tactician","Outmaneuver","Malaise","Escape Plan","Flying Knee","A Thousand Cuts","Choke","Backflip"],"relics":["Ring of the Snake","Vajra","Juzu Bracelet","Smiling Mask","Pandora\u0027s Box"],"acts_visited":["Exordium","TheCity"],"potions_floor_usage":[7,12,16,18],"damage_taken":[{"damage":2,"enemies":"Jaw Worm","floor":1,"turns":6},{"damage":6,"enemies":"2 Louse","floor":2,"turns":3},{"damage":1,"enemies":"Cultist","floor":3,"turns":4},{"damage":18,"enemies":"3 Louse","floor":4,"turns":4},{"damage":0,"enemies":"Blue Slaver","floor":7,"turns":2},{"damage":16,"enemies":"3 Sentries","floor":10,"turns":6},{"damage":1,"enemies":"Looter","floor":12,"turns":2},{"damage":30,"enemies":"Lagavulin","floor":14,"turns":4},{"damage":13,"enemies":"Slime Boss","floor":16,"turns":9},{"damage":0,"enemies":"Spheric Guardian","floor":18,"turns":2},{"damage":0,"enemies":"3 Byrds","floor":19,"turns":5},{"damage":66,"enemies":"Masked Bandits","floor":21,"turns":4}],"seed_played":"2839910560702128975","potions_obtained":[{"floor":4,"key":"Poison Potion"},{"floor":10,"key":"Fire Potion"},{"floor":14,"key":"Block Potion"},{"floor":16,"key":"DuplicationPotion"}],"is_trial":false,"path_per_floor":["M","M","M","M","?","R","M","R","T","E","?","M","R","E","R","B",null,"M","M","?","?"],"character_chosen":"THE_SILENT","items_purchased":[],"campfire_rested":2,"item_purchase_floors":[],"current_hp_per_floor":[57,51,50,32,32,32,32,32,32,16,16,15,34,4,23,10,52,52,52,52,0,0],"gold":400,"neow_bonus":"TRANSFORM_CARD","is_daily":false,"chose_seed":false,"campfire_upgraded":2,"win_rate":0.0,"timestamp":1611505143,"path_taken":["M","M","M","M","?","R","M","R","T","E","?","M","R","E","R","BOSS","M","M","?","?"],"items_purchased_type":[],"build_version":"2020-12-22","purchased_purges":0,"victory":false,"max_hp_per_floor":[66,66,66,66,66,66,66,66,66,66,66,66,66,66,66,66,66,66,66,66,66,66],"relic_stats":{"counters":[12,51],"Pandora\u0027s Box":["Phantasmal Killer","Bouncing Flask","Tactician","Outmaneuver","Malaise","Escape Plan","Flying Knee","A Thousand Cuts","Choke"],"Juzu Bracelet":0,"Smiling Mask":0,"obtain_stats":[{"Vajra":9,"Pandora\u0027s Box":17,"Juzu Bracelet":10,"Smiling Mask":14,"Ring of the Snake":0},{"Vajra":5,"Pandora\u0027s Box":9,"Juzu Bracelet":6,"Smiling Mask":8,"Ring of the Snake":0},{"Vajra":19,"Pandora\u0027s Box":40,"Juzu Bracelet":25,"Smiling Mask":31,"Ring of the Snake":0}],"Ring of the Snake":[24]},"card_choices":[{"not_picked":["Bane","Prepared"],"picked":"Deadly Poison","floor":1},{"not_picked":["Infinite Blades","Dagger Throw"],"picked":"Noxious Fumes","floor":2},{"not_picked":["Cloak And Dagger","Quick Slash"],"picked":"Bouncing Flask","floor":3},{"not_picked":["Bane","Poisoned Stab"],"picked":"Adrenaline","floor":4},{"not_picked":["Underhanded Strike","Deadly Poison","Masterful Stab"],"picked":"SKIP","floor":7},{"not_picked":["Flying Knee","Slice"],"picked":"Bane","floor":10},{"not_picked":["Dodge and Roll","Choke","Outmaneuver"],"picked":"SKIP","floor":12},{"not_picked":["Doppelganger","Prepared"],"picked":"Flechettes","floor":14},{"not_picked":["Unload","Grand Finale"],"picked":"Malaise","floor":16},{"not_picked":["Bane+1","Underhanded Strike"],"picked":"Backflip","floor":18},{"not_picked":["Poisoned Stab","Quick Slash","Underhanded Strike"],"picked":"SKIP","floor":19}],"player_experience":656408,"relics_obtained":[{"floor":9,"key":"Vajra"},{"floor":10,"key":"Juzu Bracelet"},{"floor":14,"key":"Smiling Mask"}],"event_choices":[{"damage_healed":0,"gold_gain":0,"player_choice":"Grow","damage_taken":0,"max_hp_gain":0,"max_hp_loss":0,"event_name":"Living Wall","floor":5,"gold_loss":0,"cards_upgraded":["Bouncing Flask"]},{"damage_healed":0,"gold_gain":0,"player_choice":"Upgraded","damage_taken":0,"max_hp_gain":0,"max_hp_loss":0,"event_name":"Upgrade Shrine","floor":11,"gold_loss":0,"cards_upgraded":["Neutralize"]},{"damage_healed":0,"gold_gain":0,"player_choice":"Ignored","damage_taken":0,"max_hp_gain":0,"max_hp_loss":0,"event_name":"The Mausoleum","floor":20,"gold_loss":0},{"damage_healed":0,"gold_gain":0,"player_choice":"Fought Bandits","damage_taken":0,"max_hp_gain":0,"max_hp_loss":0,"event_name":"Masked Bandits","floor":21,"gold_loss":0}],"is_beta":false,"boss_relics":[{"not_picked":["Runic Pyramid","Black Star"],"picked":"Pandora\u0027s Box"}],"items_purged_floors":[],"is_endless":false,"potions_floor_spawned":[4,10,14,16],"killed_by":"Masked Bandits","ascension_level":20}}