{"host":"c52z9ixzgdjttcmx","time":1611464709,"event":{"mods":["BaseMod","Colored Powertips","Downfall","Filter the Spire","Minty Spire (QoL Compilation)","Rare Cards Sparkle","Relic Stats","StSLib"],"gold_per_floor":[99,99,111,130,130,230,230,230,241,258,18,31,50,85,104,208,208,208,219,494,513,532,28,82,157,157,169,119,119,139,101,121,217,217,217,237,237,71,83,93,118,153,118,138,154,154,207,14,33,33,33,33],"floor_reached":50,"language":"ENG","playtime":4696,"items_purged":["Slimebound:Strike_Slimebound","downfall:Bewildered","Regret"],"score":578,"play_id":"c85d2a03-bebf-40a4-8a31-f4ff1553e885","local_time":"20210123230509","is_ascension_mode":false,"campfire_choices":[{"data":"Slimebound:Split","floor":1,"key":"SMITH"},{"data":"Slimebound:Schlurp","floor":8,"key":"SMITH"},{"data":"Slimebound:MassFeed","floor":18,"key":"SMITH"},{"floor":26,"key":"REST"},{"data":"Slimebound:SplitBruiser","floor":29,"key":"SMITH"},{"data":"Slimebound:MinionMaster","floor":35,"key":"SMITH"},{"floor":46,"key":"REST"}],"circlet_count":0,"master_deck":["Slimebound:Tackle","Slimebound:Defend_Slimebound+1","Slimebound:Defend_Slimebound","Slimebound:Defend_Slimebound","Slimebound:Defend_Slimebound","Slimebound:Split+1","Slimebound:Schlurp+1","Slimebound:PressTheAttack","Slimebound:RallyTheTroops+1","Slimebound:ItLooksTasty","Slimebound:RejuvenatingLick+1","Slimebound:LivingWall","Slimebound:SlimeSpikes","Slimebound:MassFeed+1","Slimebound:GoopSpray","Slimebound:Gluttony","Slimebound:Equalize+1","Slimebound:AcidTongue","Slimebound:GrowthPunch+1","Slimebound:Repurpose","Slimebound:SlimeBrawl","Slimebound:MassRepurpose","Slimebound:SplitLeeching","Slimebound:SplitBruiser+1","Slimebound:PressTheAttack","Slimebound:MinionMaster+1","Slimebound:SpikyOuterGoop","downfall:Malfunctioning","Slimebound:SlimeSpikes+1","Slimebound:LeechingTouch+1","Slimebound:SamplingLick+1","Slimebound:FirmFortitude","Slimebound:PressTheAttack","Slimebound:Prepare+1","Slimebound:OneTwoCombo","Slimebound:LivingWall+1","Slimebound:HauntingLick+1","Slimebound:LeechingTouch+1","Slimebound:SamplingLick+1","Slimebound:SplitBruiser+1","Slimebound:AcidTongue+1","Slimebound:DisruptingSlam","Slimebound:MegaLick","Slimebound:Repurpose","Slimebound:SlimeSpikes+1","Slimebound:SpikyOuterGoop+1","Slimebound:TongueLash","Slimebound:SpikyOuterGoop+1"],"relics":["Slimebound:AbsorbEndCombat","Anchor","Mummified Hand","Orichalcum","Cursed Key","Kunai","Whetstone","Dream Catcher","Slimebound:TarBlob","Lantern","War Paint","Mercury Hourglass","White Beast Statue","Bird Faced Urn"],"acts_visited":["Exordium","TheCity","TheBeyond"],"potions_floor_usage":[6,12,33,33,45,47,50,50],"damage_taken":[{"damage":1,"enemies":"2 Louse","floor":3,"turns":3},{"damage":1,"enemies":"Jaw Worm","floor":4,"turns":3},{"damage":0,"enemies":"Cultist","floor":5,"turns":1},{"damage":29,"enemies":"downfall:Heads","floor":6,"turns":7},{"damage":10,"enemies":"Gremlin Gang","floor":9,"turns":4},{"damage":0,"enemies":"Red Slaver","floor":10,"turns":2},{"damage":0,"enemies":"downfall:FleeingMerchant","floor":11,"turns":4},{"damage":9,"enemies":"Exordium Wildlife","floor":12,"turns":6},{"damage":8,"enemies":"Lots of Slimes","floor":13,"turns":4},{"damage":9,"enemies":"3 Sentries","floor":14,"turns":9},{"damage":0,"enemies":"3 Louse","floor":15,"turns":2},{"damage":17,"enemies":"DF_ARCHETYPE_STREAMLINE","floor":16,"turns":9},{"damage":7,"enemies":"Shell Parasite","floor":19,"turns":5},{"damage":4,"enemies":"Snecko","floor":21,"turns":5},{"damage":19,"enemies":"Sentry and Sphere","floor":22,"turns":6},{"damage":11,"enemies":"downfall:FleeingMerchant","floor":23,"turns":4},{"damage":34,"enemies":"Chosen and Byrds","floor":27,"turns":8},{"damage":26,"enemies":"Shelled Parasite and Fungi","floor":30,"turns":5},{"damage":3,"enemies":"downfall:FleeingMerchant","floor":31,"turns":4},{"damage":1,"enemies":"Centurion and Healer","floor":32,"turns":6},{"damage":7,"enemies":"WA_ARCHETYPE_CALM","floor":33,"turns":9},{"damage":17,"enemies":"Orb Walker","floor":36,"turns":5},{"damage":0,"enemies":"downfall:FleeingMerchant","floor":38,"turns":4},{"damage":7,"enemies":"3 Shapes","floor":39,"turns":5},{"damage":2,"enemies":"3 Darklings","floor":40,"turns":5},{"damage":59,"enemies":"Giant Head","floor":42,"turns":10},{"damage":19,"enemies":"downfall:FleeingMerchant","floor":43,"turns":4},{"damage":28,"enemies":"Jaw Worm Horde","floor":44,"turns":4},{"damage":0,"enemies":"4 Shapes","floor":45,"turns":5},{"damage":23,"enemies":"2 Orb Walkers","floor":47,"turns":4},{"damage":4,"enemies":"Transient","floor":49,"turns":5},{"damage":155,"enemies":"SI_POISON_ARCHETYPE","floor":50,"turns":8}],"seed_played":"-1135908277833208288","potions_obtained":[{"floor":4,"key":"Ancient Potion"},{"floor":9,"key":"GamblersBrew"},{"floor":12,"key":"Fruit Juice"},{"floor":15,"key":"Ancient Potion"},{"floor":21,"key":"Swift Potion"},{"floor":33,"key":"Fire Potion"},{"floor":36,"key":"sneckomod:MuddlingPotion"},{"floor":45,"key":"Fruit Juice"},{"floor":47,"key":"Strength Potion"},{"floor":49,"key":"Slimebound:ThreeZeroPotion"}],"is_trial":false,"path_per_floor":["R","?","M","M","M","?","T","R","M","M","$","M","M","E","M","B",null,"R","M","?","M","M","$","T","?","R","M","?","R","M","$","M","B",null,"R","M","?","$","M","M","T","E","?","M","M","R","?","$","M","B"],"character_chosen":"SLIMEBOUND","items_purchased":["Slimebound:GoopSpray","Slimebound:Gluttony","Slimebound:Equalize","Kunai","Slimebound:SpikyOuterGoop","Whetstone","Slimebound:PressTheAttack","Lantern","Slimebound:DisruptingSlam","White Beast Statue","Slimebound:TongueLash"],"campfire_rested":2,"item_purchase_floors":[11,11,11,23,23,23,31,38,43,43,48],"current_hp_per_floor":[65,65,64,65,65,40,40,40,38,40,48,59,72,78,91,87,97,97,92,92,96,90,87,87,87,101,75,105,105,83,94,105,100,105,105,93,93,105,108,109,109,56,45,41,54,89,86,86,102,0,0,0],"gold":33,"neow_bonus":"RANDOM_COMMON_RELIC","is_daily":false,"chose_seed":false,"campfire_upgraded":5,"win_rate":0.0,"timestamp":1611464709,"path_taken":["R","?","M","M","M","?","T","R","M","M","?","M","?","E","M","BOSS","R","M","?","M","?","?","T","?","R","?","?","R","M","$","M","BOSS","R","M","?","$","M","M","T","E","?","M","M","R","?","$","M","BOSS"],"items_purchased_type":["Card","Card","Card","Relic","Card","Relic","Card","Relic","Card","Relic","Card"],"build_version":"2020-12-22","purchased_purges":3,"victory":false,"max_hp_per_floor":[65,65,65,65,65,65,65,65,65,65,65,73,88,91,94,97,97,97,97,97,97,101,101,101,101,101,105,105,105,105,105,105,105,105,105,105,105,105,109,109,109,109,109,113,118,118,118,118,118,118,118,118],"relic_stats":{"Dream Catcher":2,"counters":[32,161],"Mummified Hand":[85],"Bird Faced Urn":[16],"Kunai":[17],"Whetstone":["Slimebound:Equalize","Slimebound:GrowthPunch"],"Orichalcum":[6],"War Paint":["Slimebound:RejuvenatingLick","Slimebound:Defend_Slimebound"],"Cursed Key":2,"obtain_stats":[{"Lantern":38,"Whetstone":23,"Orichalcum":14,"War Paint":41,"Cursed Key":17,"White Beast Statue":43,"Slimebound:TarBlob":34,"Mercury Hourglass":42,"Anchor":0,"Dream Catcher":24,"downfall:BrokenWingStatue":2,"Mummified Hand":7,"Bird Faced Urn":47,"Slimebound:AbsorbEndCombat":0,"Kunai":23},{"Lantern":23,"Whetstone":16,"Orichalcum":10,"War Paint":25,"Cursed Key":12,"White Beast Statue":27,"Slimebound:TarBlob":21,"Mercury Hourglass":26,"Anchor":0,"Dream Catcher":16,"downfall:BrokenWingStatue":0,"Mummified Hand":4,"Bird Faced Urn":30,"Slimebound:AbsorbEndCombat":0,"Kunai":16},{"Lantern":111,"Whetstone":72,"Orichalcum":41,"War Paint":121,"Cursed Key":52,"White Beast Statue":135,"Slimebound:TarBlob":103,"Mercury Hourglass":131,"Anchor":0,"Dream Catcher":72,"downfall:BrokenWingStatue":0,"Mummified Hand":12,"Bird Faced Urn":148,"Slimebound:AbsorbEndCombat":0,"Kunai":72}],"Mercury Hourglass":[102]},"card_choices":[{"not_picked":["Slimebound:LeechEnergy","Slimebound:SlimeSpikes"],"picked":"Slimebound:Schlurp","floor":3},{"not_picked":["Slimebound:FinishingTackle","Slimebound:RollThrough"],"picked":"Slimebound:PressTheAttack","floor":4},{"not_picked":["Slimebound:LivingWall","Slimebound:Prepare"],"picked":"Slimebound:RallyTheTroops","floor":5},{"not_picked":["Slimebound:PressTheAttack","Slimebound:FormOfPuddle"],"picked":"Slimebound:RejuvenatingLick","floor":6},{"not_picked":["Slimebound:Teamwork","Slimebound:DisruptingSlam"],"picked":"Slimebound:LivingWall","floor":9},{"not_picked":["Slimebound:FinishingTackle","Slimebound:GrowthPunch"],"picked":"Slimebound:SlimeSpikes","floor":10},{"not_picked":["Slimebound:Equalize","Slimebound:LeechEnergy"],"picked":"Slimebound:MassFeed","floor":11},{"not_picked":["Slimebound:ComboTackle","Slimebound:FormOfPuddle"],"picked":"Slimebound:AcidTongue","floor":12},{"not_picked":["Slimebound:RollThrough","Slimebound:SlimeBarrage"],"picked":"Slimebound:GrowthPunch","floor":13},{"not_picked":["Slimebound:SlimeSpikes","Slimebound:SlimeTap"],"picked":"Slimebound:Repurpose","floor":14},{"not_picked":["Slimebound:LeechLife","Slimebound:ItLooksTasty"],"picked":"Slimebound:SlimeBrawl","floor":15},{"not_picked":["Slimebound:PrepareCrush","Slimebound:LeechLife"],"picked":"Slimebound:MassRepurpose","floor":16},{"not_picked":["Slimebound:LivingWall+1","Slimebound:Grow"],"picked":"Slimebound:SplitLeeching","floor":19},{"not_picked":["Slimebound:HauntingLick","Slimebound:RejuvenatingLick"],"picked":"Slimebound:SplitBruiser","floor":21},{"not_picked":["Slimebound:FinishingTackle","Slimebound:LivingWall"],"picked":"Slimebound:PressTheAttack","floor":22},{"not_picked":["Slimebound:LeechingTouch","Slimebound:Equalize"],"picked":"Slimebound:MinionMaster","floor":23},{"not_picked":["Slimebound:LeechingTouch","Slimebound:ComboTackle"],"picked":"Slimebound:SlimeSpikes+1","floor":26},{"not_picked":["Slimebound:Dissolve","Slimebound:ComboTackle"],"picked":"Slimebound:LeechingTouch+1","floor":27},{"not_picked":["Slimebound:DisruptingSlam","Slimebound:DivideAndConquer+1"],"picked":"Slimebound:SamplingLick+1","floor":30},{"not_picked":["Slimebound:PressTheAttack","Slimebound:LivingWall+1"],"picked":"Slimebound:FirmFortitude","floor":31},{"not_picked":["Slimebound:Gluttony","Slimebound:SlimeSpikes"],"picked":"Slimebound:Prepare+1","floor":32},{"not_picked":["Slimebound:WasteNot","Slimebound:SelfFormingGoo"],"picked":"Slimebound:OneTwoCombo","floor":33},{"not_picked":["Slimebound:FinishingTackle","Slimebound:Dissolve"],"picked":"Slimebound:LivingWall+1","floor":36},{"not_picked":["Slimebound:Prepare","Slimebound:Chomp+1"],"picked":"Slimebound:HauntingLick+1","floor":38},{"not_picked":["Slimebound:MegaLick","Slimebound:FinishingTackle+1"],"picked":"Slimebound:LeechingTouch+1","floor":39},{"not_picked":["Slimebound:SlimeBarrage","Slimebound:RainOfGoop+1"],"picked":"Slimebound:SamplingLick+1","floor":40},{"not_picked":["Slimebound:MassFeed","Slimebound:SplitMire"],"picked":"Slimebound:SplitBruiser+1","floor":42},{"not_picked":["Slimebound:SlimeSpikes","Slimebound:SamplingLick"],"picked":"Slimebound:AcidTongue+1","floor":43},{"not_picked":["Slimebound:SlimeSpikes+1","Slimebound:ItLooksTasty+1"],"picked":"Slimebound:MegaLick","floor":44},{"not_picked":["Slimebound:ItLooksTasty+1","Slimebound:ComboTackle+1"],"picked":"Slimebound:Repurpose","floor":45},{"not_picked":["Slimebound:HauntingLick+1","Slimebound:RainOfGoop+1"],"picked":"Slimebound:SlimeSpikes+1","floor":46},{"not_picked":["Slimebound:ComboTackle+1","Slimebound:SamplingLick+1"],"picked":"Slimebound:SpikyOuterGoop+1","floor":47},{"not_picked":["Slimebound:HauntingLick+1","Slimebound:LeechingTouch"],"picked":"Slimebound:SpikyOuterGoop+1","floor":49}],"player_experience":3335146,"relics_obtained":[{"floor":7,"key":"Mummified Hand"},{"floor":14,"key":"Orichalcum"},{"floor":24,"key":"Dream Catcher"},{"floor":41,"key":"War Paint"},{"floor":42,"key":"Mercury Hourglass"},{"floor":47,"key":"Bird Faced Urn"}],"event_choices":[{"cards_removed":["Slimebound:CorrosiveSpit"],"damage_healed":0,"gold_gain":0,"player_choice":"Removed Skill","damage_taken":0,"max_hp_gain":0,"max_hp_loss":0,"event_name":"Falling","floor":37,"gold_loss":0},{"damage_healed":0,"gold_gain":0,"player_choice":"Fight","damage_taken":0,"max_hp_gain":0,"max_hp_loss":0,"event_name":"Mysterious Sphere","floor":47,"gold_loss":0}],"is_beta":false,"boss_relics":[{"not_picked":["Runic Dome","Tiny House"],"picked":"Cursed Key"},{"not_picked":["Busted Crown","SacredBark"],"picked":"Slimebound:TarBlob"}],"items_purged_floors":[11,43,48],"is_endless":false,"potions_floor_spawned":[4,9,12,15,21,30,33,36,40,44,45,47,49],"killed_by":"SI_POISON_ARCHETYPE","ascension_level":0}}