{"host":"lnt5dzsuhru0aonl","time":1611473762,"event":{"mods":["2.2 Compatiblity","BaseMod","Colored Map","Colored Powertips","DeckTracker","Keyboard Shortcuts","Minty Spire (QoL Compilation)","Permanent Neow","Rare Cards Sparkle","StSLib","SuperFastMode","everything is the same but u backflip on backflip"],"gold_per_floor":[110,110,126,401,73,73,91,91,91,108,108,142,155,181,181,258,258,277,48,61,72,88,88,88],"floor_reached":23,"language":"KOR","playtime":635,"items_purged":["Regret","Strike_B"],"score":406,"play_id":"48cdae3c-3a0f-4aa7-a345-27af6dc89d4c","local_time":"20210124163602","is_ascension_mode":true,"campfire_choices":[{"data":"Defragment","floor":6.0,"key":"SMITH"},{"data":"Coolheaded","floor":8.0,"key":"SMITH"},{"data":"Ball Lightning","floor":11.0,"key":"SMITH"},{"data":"Creative AI","floor":15.0,"key":"SMITH"}],"circlet_count":0,"master_deck":["AscendersBane","Strike_B","Strike_B","Strike_B","Defend_B","Defend_B","Defend_B","Defend_B","Zap+1","Dualcast","Hologram","Blizzard","Defragment+1","Coolheaded+1","Compile Driver","Ball Lightning+1","Creative AI+1","Turbo","FTL","Buffer","Conserve Battery","Storm","Double Energy","Glacier","Defragment","Consume+1","Aggregate+1"],"relics":["Cracked Core","NeowsBlessing","Happy Flower","Meat on the Bone","The Courier","Girya","Philosopher\u0027s Stone"],"acts_visited":["Exordium","TheCity"],"potions_floor_usage":[],"damage_taken":[{"damage":0.0,"enemies":"Jaw Worm","floor":1.0,"turns":1.0},{"damage":0.0,"enemies":"Cultist","floor":3.0,"turns":1.0},{"damage":0.0,"enemies":"2 Louse","floor":7.0,"turns":1.0},{"damage":7.0,"enemies":"Exordium Wildlife","floor":10.0,"turns":4.0},{"damage":7.0,"enemies":"Lagavulin","floor":12.0,"turns":5.0},{"damage":3.0,"enemies":"2 Fungi Beasts","floor":13.0,"turns":2.0},{"damage":7.0,"enemies":"3 Sentries","floor":14.0,"turns":4.0},{"damage":46.0,"enemies":"Hexaghost","floor":16.0,"turns":10.0},{"damage":57.0,"enemies":"Chosen","floor":18.0,"turns":6.0},{"damage":11.0,"enemies":"Shell Parasite","floor":20.0,"turns":5.0},{"damage":0.0,"enemies":"Cultist and Chosen","floor":21.0,"turns":5.0},{"damage":24,"enemies":"3 Cultists","floor":22,"turns":5},{"damage":20,"enemies":"Book of Stabbing","floor":23,"turns":2}],"seed_played":"-150980121517562356","potions_obtained":[{"floor":3.0,"key":"Strength Potion"},{"floor":7.0,"key":"Energy Potion"},{"floor":12.0,"key":"FairyPotion"},{"floor":22,"key":"FearPotion"}],"is_trial":false,"path_per_floor":["M","?","M","?","$","R","M","R","T","M","R","E","M","E","R","B",null,"M","$","M","M","M","E"],"character_chosen":"DEFECT","items_purchased":["Defragment","Coolheaded","Happy Flower","Storm","Double Energy","Glacier"],"campfire_rested":0,"item_purchase_floors":[5,5,5,19,19,19],"current_hp_per_floor":[64,64,64,64,64,64,64,64,64,57,57,50,47,40,40,27,60,15,15,16,28,16,0,0],"gold":88,"neow_bonus":"THREE_ENEMY_KILL","is_daily":false,"chose_seed":false,"campfire_upgraded":4,"win_rate":0.0,"timestamp":1611473762,"path_taken":["M","?","?","?","$","R","?","R","T","M","R","E","M","E","R","BOSS","M","$","M","M","?","E"],"items_purchased_type":["Card","Card","Relic","Card","Card","Card"],"build_version":"2020-12-22","purchased_purges":2,"victory":false,"max_hp_per_floor":[71,71,71,71,71,71,71,71,71,71,71,71,71,71,71,71,71,71,71,71,71,71,71,71],"card_choices":[{"not_picked":["Barrage","Steam"],"picked":"Hologram","floor":1.0},{"not_picked":["Rebound","Scrape"],"picked":"Blizzard","floor":3.0},{"not_picked":["Beam Cell","Redo"],"picked":"Compile Driver","floor":7.0},{"not_picked":["Rebound","Coolheaded"],"picked":"Ball Lightning","floor":10.0},{"not_picked":["Sweeping Beam","BootSequence"],"picked":"Creative AI","floor":12.0},{"not_picked":["Ball Lightning","Leap"],"picked":"Turbo","floor":13.0},{"not_picked":["Beam Cell","Blizzard"],"picked":"FTL","floor":14.0},{"not_picked":["Biased Cognition","Hyperbeam"],"picked":"Buffer","floor":16.0},{"not_picked":["Barrage+1","Steam"],"picked":"Conserve Battery","floor":18.0},{"not_picked":["Doom and Gloom+1","Go for the Eyes"],"picked":"Defragment","floor":20.0},{"not_picked":["Barrage","Sweeping Beam"],"picked":"Consume+1","floor":21.0},{"not_picked":["Redo","Darkness+1"],"picked":"Aggregate+1","floor":22}],"player_experience":740586,"relics_obtained":[{"floor":9.0,"key":"Meat on the Bone"},{"floor":12.0,"key":"The Courier"},{"floor":14.0,"key":"Girya"}],"event_choices":[{"damage_healed":0.0,"max_hp_gain":0.0,"max_hp_loss":0.0,"gold_gain":0.0,"event_name":"Upgrade Shrine","player_choice":"Upgraded","floor":2.0,"gold_loss":0.0,"damage_taken":0.0,"cards_upgraded":["Zap"]},{"damage_healed":0.0,"max_hp_gain":0.0,"max_hp_loss":0.0,"gold_gain":275.0,"event_name":"Golden Shrine","player_choice":"Desecrate","floor":4.0,"gold_loss":0.0,"damage_taken":0.0,"cards_obtained":["Regret"]}],"is_beta":false,"boss_relics":[{"not_picked":["Cursed Key","Runic Dome"],"picked":"Philosopher\u0027s Stone"}],"items_purged_floors":[5,19],"is_endless":false,"potions_floor_spawned":[3,7,12,22],"killed_by":"Book of Stabbing","ascension_level":20}}