{"host":"bq4pt811tk9yrmjl","time":1611522869,"event":{"mods":["AchievementEnabler","BaseMod","Colored Map","Colored Powertips","Defuse TimeMaze Blight","Hermit","Minty Spire (QoL Compilation)","StSLib","SuperFastMode"],"gold_per_floor":[117,117,70,83,83,115,115,144,144,144,319,348,348,308,308,308,308],"floor_reached":16,"language":"ENG","playtime":206,"items_purged":[],"score":146,"play_id":"1fc1fe11-e72f-4613-80f9-9ef1c88a108c","local_time":"20210124191429","is_ascension_mode":true,"campfire_choices":[{"data":"hermit:CalledShot","floor":7,"key":"SMITH"},{"data":"hermit:Brawl","floor":10,"key":"SMITH"},{"floor":13,"key":"REST"},{"floor":15,"key":"REST"}],"circlet_count":0,"master_deck":["hermit:Strike_Hermit","hermit:Strike_Hermit","hermit:Strike_Hermit","hermit:Strike_Hermit","hermit:Defend_Hermit","hermit:Defend_Hermit","hermit:Defend_Hermit","hermit:Defend_Hermit","hermit:Snapshot","hermit:Covet","hermit:Coalescence","hermit:CalledShot+1","hermit:Brawl+1","hermit:Deadeye","Doubt"],"relics":["hermit:Momento","NeowsBlessing","Question Card","Bag of Marbles","Dead Branch"],"acts_visited":["Exordium"],"potions_floor_usage":[8,16],"damage_taken":[{"damage":0.0,"enemies":"Small Slimes","floor":1.0,"turns":1.0},{"damage":0,"enemies":"Cultist","floor":4,"turns":1},{"damage":0,"enemies":"3 Sentries","floor":6,"turns":2},{"damage":20,"enemies":"Gremlin Nob","floor":8,"turns":4},{"damage":36,"enemies":"3 Sentries","floor":12,"turns":6},{"damage":48,"enemies":"Hexaghost","floor":16,"turns":9}],"seed_played":"-1192002093457204478","potions_obtained":[{"floor":4,"key":"DistilledChaos"},{"floor":14,"key":"SteroidPotion"},{"floor":14,"key":"GamblersBrew"},{"floor":14,"key":"FearPotion"}],"is_trial":false,"path_per_floor":["M","?","$","M","$","E","R","E","T","R","?","E","R","?","R","B"],"character_chosen":"HERMIT","items_purchased":["hermit:CalledShot"],"campfire_rested":2,"item_purchase_floors":[3],"current_hp_per_floor":[75,75,75,75,75,75,75,55,55,55,55,19,41,41,63,15,15],"gold":308,"neow_bonus":"THREE_ENEMY_KILL","is_daily":false,"chose_seed":false,"campfire_upgraded":2,"win_rate":0.0,"timestamp":1611522869,"path_taken":["M","?","?","?","$","E","R","E","T","R","?","E","R","?","R","BOSS"],"items_purchased_type":["Card"],"build_version":"2020-12-22","purchased_purges":0,"victory":false,"max_hp_per_floor":[75,75,75,75,75,75,75,75,75,75,75,75,75,75,75,75,75],"card_choices":[{"not_picked":["hermit:NoHoldsBarred","hermit:TakeCover"],"picked":"hermit:Coalescence","floor":1.0},{"not_picked":["hermit:Feint","hermit:TakeCover","hermit:Combo"],"picked":"SKIP","floor":4},{"not_picked":["hermit:Scavenge","hermit:Cheat"],"picked":"hermit:Brawl","floor":6},{"not_picked":["hermit:FromBeyond","hermit:ItchyTrigger","hermit:CalledShot"],"picked":"hermit:Deadeye","floor":8},{"not_picked":["hermit:Headshot","hermit:Ricochet","hermit:TakeAim","hermit:HighCaliber"],"picked":"SKIP","floor":12}],"player_experience":233747,"relics_obtained":[{"floor":6,"key":"Question Card"},{"floor":8,"key":"Bag of Marbles"},{"floor":12,"key":"Dead Branch"}],"event_choices":[{"damage_healed":0,"gold_gain":0,"player_choice":"Leave","damage_taken":0,"max_hp_gain":0,"max_hp_loss":0,"event_name":"FaceTrader","floor":2,"gold_loss":0},{"damage_healed":0,"gold_gain":175,"player_choice":"AGREE","damage_taken":0,"max_hp_gain":0,"max_hp_loss":0,"event_name":"Liars Game","floor":11,"gold_loss":0,"cards_obtained":["Doubt"]},{"damage_healed":0,"gold_gain":0,"player_choice":"Bought 3 Potions","damage_taken":0,"max_hp_gain":0,"max_hp_loss":0,"event_name":"The Woman in Blue","floor":14,"gold_loss":0}],"is_beta":false,"boss_relics":[],"items_purged_floors":[],"is_endless":false,"potions_floor_spawned":[4],"killed_by":"Hexaghost","ascension_level":1}}