{"host":"vrsxkkch9ccrec7k","time":1611528857,"event":{"mods":["Act Like it!","BaseMod","Bestiary","Better Altar","Better Match","Better Note","Better Sensory Stone","Better Skull","Better Third Choice","Better Vampires","Minty Spire (QoL Compilation)","Permanent Neow","Relic Stats","Spicy Shops","StSLib","The Cursed"],"gold_per_floor":[119,134,134,149,149,149,190,190,244,276,302,350,317,372,384,525,537,564,576,65,65,65,65,90,90,170,170,181,195,195,223,223,322,322,336,346,18,37,54,85,85,118,118,152,152,152,165,175,175,175,175,175,24,59,59,59],"floor_reached":55,"language":"ENG","playtime":5372,"items_purged":[],"score":979,"play_id":"e0301b24-8a30-4a51-a74b-e8fc55a12281","local_time":"20210124175417","is_ascension_mode":true,"campfire_choices":[{"data":"TheCursedMod:RavingStaff","floor":6,"key":"SMITH"},{"floor":8,"key":"REST"},{"data":"TheCursedMod:Evocation","floor":15,"key":"SMITH"},{"floor":23,"key":"REST"},{"data":"TheCursedMod:Evocation","floor":27,"key":"SMITH"},{"data":"TheCursedMod:VoidForm","floor":30,"key":"SMITH"},{"data":"TheCursedMod:Evocation","floor":32,"key":"SMITH"},{"floor":41,"key":"RECALL"},{"floor":46,"key":"REST"},{"floor":49,"key":"REST"},{"floor":52,"key":"REST"}],"circlet_count":0,"master_deck":["TheCursedMod:CursedWand","TheCursedMod:CleanUpWorkshop","TheCursedMod:Dregs","TheCursedMod:RavingStaff+1","TheCursedMod:CursedAmulet","Injury","TheCursedMod:ShockAndAwe","TheCursedMod:SoulCrush","TheCursedMod:Evocation+1","TheCursedMod:CursedBlade","TheCursedMod:SpitefulStrike","TheCursedMod:AntiAging","TheCursedMod:Evocation+1","TheCursedMod:SoulCrush","TheCursedMod:ShockAndAwe","TheCursedMod:CircleOfCorruption","TheCursedMod:Evocation+1","TheCursedMod:VoidForm+1","TheCursedMod:SoulReap","TheCursedMod:CursedBlade","TheCursedMod:CursedArmor","TheCursedMod:SmokeScreen","TheCursedMod:SoulReap","TheCursedMod:Wield","TheCursedMod:NeowsMight","TheCursedMod:HellsGateOpen+1","TheCursedMod:LuckyCharm","TheCursedMod:Stretching","TheCursedMod:FleshFromBone","Parasite","TheCursedMod:AshesToAshes","TheCursedMod:ReleasedStrength","TheCursedMod:WearCloak+1","TheCursedMod:SpitefulPlan+1","TheCursedMod:HellfireBreathing+1","TheCursedMod:VoidForm+1"],"relics":["TheCursedMod:BlackMagic101","Regal Pillow","Anchor","Potion Belt","Bloody Idol","Matryoshka","MawBank","betterAltar:BloodRelic","Kunai","Pen Nib","Pandora\u0027s Box","Medical Kit","Shuriken","Enchiridion","TheCursedMod:SoulVessel","MutagenicStrength","Tiny Chest","Meat on the Bone","TheCursedMod:CrystalBall","Fusion Hammer","Membership Card","Bottled Lightning","TheCursedMod:Tack","Blue Candle","Boot","OrangePellets","DollysMirror","HornCleat"],"acts_visited":["Exordium","TheCity","TheBeyond","TheEnding"],"potions_floor_usage":[12,12,12,14,14,16,50,55,55,55],"damage_taken":[{"damage":0,"enemies":"Jaw Worm","floor":1,"turns":4},{"damage":2,"enemies":"2 Louse","floor":2,"turns":3},{"damage":0,"enemies":"Small Slimes","floor":4,"turns":4},{"damage":26,"enemies":"3 Sentries","floor":7,"turns":12},{"damage":0,"enemies":"Looter","floor":10,"turns":2},{"damage":13,"enemies":"2 Fungi Beasts","floor":11,"turns":4},{"damage":13,"enemies":"Lagavulin","floor":12,"turns":6},{"damage":6,"enemies":"Gremlin Nob","floor":14,"turns":3},{"damage":8,"enemies":"Slime Boss","floor":16,"turns":5},{"damage":14,"enemies":"Chosen","floor":18,"turns":5},{"damage":36,"enemies":"Book of Stabbing","floor":24,"turns":5},{"damage":27,"enemies":"Spheric Guardian","floor":28,"turns":6},{"damage":21,"enemies":"Snake Plant","floor":29,"turns":3},{"damage":15,"enemies":"Gremlin Leader","floor":31,"turns":7},{"damage":60,"enemies":"Automaton","floor":33,"turns":9},{"damage":0,"enemies":"Orb Walker","floor":35,"turns":2},{"damage":16,"enemies":"3 Darklings","floor":36,"turns":3},{"damage":1,"enemies":"Maw","floor":38,"turns":5},{"damage":3,"enemies":"Writhing Mass","floor":39,"turns":6},{"damage":0,"enemies":"Giant Head","floor":40,"turns":6},{"damage":1,"enemies":"Reptomancer","floor":42,"turns":5},{"damage":22,"enemies":"Giant Head","floor":44,"turns":6},{"damage":5,"enemies":"4 Shapes","floor":47,"turns":2},{"damage":4,"enemies":"Sphere and 2 Shapes","floor":48,"turns":5},{"damage":56,"enemies":"Awakened One","floor":50,"turns":9},{"damage":37,"enemies":"Shield and Spear","floor":54,"turns":8},{"damage":116,"enemies":"The Heart","floor":55,"turns":6}],"seed_played":"-7139775776971835903","potions_obtained":[{"floor":10,"key":"Swift Potion"},{"floor":11,"key":"EntropicBrew"},{"floor":12,"key":"Weak Potion"},{"floor":18,"key":"BlessingOfTheForge"},{"floor":29,"key":"Regen Potion"},{"floor":36,"key":"Strength Potion"},{"floor":42,"key":"SteroidPotion"}],"is_trial":false,"path_per_floor":["M","M","?","M","?","R","E","R","T","M","M","E","?","E","R","B",null,"M","?","$","?","?","R","E","?","T","R","M","M","R","E","R","B",null,"M","M","$","M","M","E","R","E","T","E","?","R","M","M","R","B",null,"R","$","E","B"],"character_chosen":"THE_CURSED","items_purchased":["Medical Kit","Shuriken","TheCursedMod:SoulReap","Membership Card","TheCursedMod:LuckyCharm","TheCursedMod:Stretching","Bottled Lightning","OrangePellets","DollysMirror"],"campfire_rested":5,"item_purchase_floors":[20,20,20,37,37,37,37,53,53],"current_hp_per_floor":[75,73,45,45,45,45,19,56,56,58,47,36,36,32,32,26,75,63,63,63,47,42,77,48,48,53,53,51,57,57,69,69,55,85,85,80,80,89,91,93,93,95,95,97,92,92,92,94,94,96,96,96,96,84,0,0],"gold":59,"neow_bonus":"RANDOM_COMMON_RELIC","is_daily":false,"chose_seed":false,"campfire_upgraded":5,"win_rate":0.0,"timestamp":1611528857,"path_taken":["M","M","?","M","?","R","E","R","T","M","M","E","?","E","R","BOSS","M","?","$","?","?","R","E","?","T","R","M","M","R","E","R","BOSS","M","M","$","M","M","E","R","E","T","E","?","R","M","M","R","BOSS","R","$","E","BOSS"],"items_purchased_type":["Relic","Relic","Card","Relic","Card","Card","Relic","Relic","Relic"],"build_version":"2020-12-22","purchased_purges":0,"victory":false,"max_hp_per_floor":[75,75,75,75,75,75,75,75,75,75,75,75,75,75,75,75,75,77,77,77,77,77,77,79,79,79,79,79,81,81,83,83,85,85,85,87,87,89,91,93,93,95,95,97,92,92,92,94,94,96,96,96,96,96,98,98],"relic_stats":{"Regal Pillow":27,"counters":[27,139],"Blue Candle":[1],"Pen Nib":[17],"MawBank":132,"Medical Kit":[0],"Boot":[4],"OrangePellets":[2],"Shuriken":[23],"Bloody Idol":43,"Pandora\u0027s Box":["TheCursedMod:Evocation","TheCursedMod:SoulCrush","TheCursedMod:ShockAndAwe","TheCursedMod:CircleOfCorruption","TheCursedMod:Evocation","TheCursedMod:VoidForm","TheCursedMod:SoulReap","TheCursedMod:CursedBlade"],"Tiny Chest":0,"Kunai":[26],"obtain_stats":[{"Regal Pillow":0,"TheCursedMod:Tack":40,"Enchiridion":21,"Boot":44,"Blood Vial":9,"Matryoshka":7,"HornCleat":54,"DollysMirror":53,"Tiny Chest":26,"TheCursedMod:CrystalBall":31,"Fusion Hammer":34,"Kunai":12,"Potion Belt":3,"TheCursedMod:BlackMagic101":0,"betterAltar:BloodRelic":22,"Golden Idol":5,"Blue Candle":42,"Pen Nib":14,"MawBank":9,"Medical Kit":20,"OrangePellets":53,"Anchor":3,"Shuriken":20,"Bloody Idol":22,"MutagenicStrength":25,"Pandora\u0027s Box":17,"Membership Card":37,"Bottled Lightning":37,"TheCursedMod:SoulVessel":24,"Meat on the Bone":26},{"Regal Pillow":0,"TheCursedMod:Tack":20,"Enchiridion":10,"Boot":22,"Blood Vial":4,"Matryoshka":4,"HornCleat":26,"DollysMirror":25,"Tiny Chest":11,"TheCursedMod:CrystalBall":14,"Fusion Hammer":15,"Kunai":7,"Potion Belt":2,"TheCursedMod:BlackMagic101":0,"betterAltar:BloodRelic":10,"Golden Idol":3,"Blue Candle":21,"Pen Nib":8,"MawBank":4,"Medical Kit":10,"OrangePellets":25,"Anchor":2,"Shuriken":10,"Bloody Idol":10,"MutagenicStrength":11,"Pandora\u0027s Box":9,"Membership Card":17,"Bottled Lightning":17,"TheCursedMod:SoulVessel":11,"Meat on the Bone":11},{"Regal Pillow":0,"TheCursedMod:Tack":99,"Enchiridion":47,"Boot":110,"Blood Vial":23,"Matryoshka":23,"HornCleat":133,"DollysMirror":126,"Tiny Chest":52,"TheCursedMod:CrystalBall":68,"Fusion Hammer":77,"Kunai":35,"Potion Belt":7,"TheCursedMod:BlackMagic101":0,"betterAltar:BloodRelic":47,"Golden Idol":11,"Blue Candle":104,"Pen Nib":37,"MawBank":23,"Medical Kit":47,"OrangePellets":126,"Anchor":7,"Shuriken":47,"Bloody Idol":47,"MutagenicStrength":52,"Pandora\u0027s Box":42,"Membership Card":82,"Bottled Lightning":82,"TheCursedMod:SoulVessel":52,"Meat on the Bone":52}],"Meat on the Bone":36},"card_choices":[{"not_picked":["TheCursedMod:CircleOfCorruption","TheCursedMod:Torture"],"picked":"TheCursedMod:RavingStaff","floor":1},{"not_picked":["TheCursedMod:CircleOfCorruption","TheCursedMod:RavingStaff"],"picked":"TheCursedMod:CursedAmulet","floor":2},{"not_picked":["TheCursedMod:BlessingInDisguise","TheCursedMod:CircleOfWindfury","TheCursedMod:CircleOfAmplification"],"picked":"SKIP","floor":4},{"not_picked":["TheCursedMod:TroublousMinions","TheCursedMod:CircleOfFlame"],"picked":"TheCursedMod:ShockAndAwe","floor":7},{"not_picked":["TheCursedMod:EmpowerCircles","TheCursedMod:DoubleShield"],"picked":"TheCursedMod:SoulCrush","floor":10},{"not_picked":["TheCursedMod:CursedShiv","TheCursedMod:RavingStaff"],"picked":"TheCursedMod:Evocation","floor":11},{"not_picked":["TheCursedMod:CursedArmor","TheCursedMod:TacticalStrike"],"picked":"TheCursedMod:CursedBlade","floor":12},{"not_picked":["TheCursedMod:Stretching","TheCursedMod:CursedArmor"],"picked":"TheCursedMod:SpitefulStrike","floor":14},{"not_picked":["TheCursedMod:DemonSword","TheCursedMod:DarkBarrier"],"picked":"TheCursedMod:AntiAging","floor":16},{"not_picked":["TheCursedMod:RavingStaff","TheCursedMod:CursedShiv"],"picked":"TheCursedMod:CursedArmor","floor":18},{"not_picked":["TheCursedMod:CircleOfCorruption+1","TheCursedMod:ReleasedStrength"],"picked":"TheCursedMod:Wield","floor":24},{"not_picked":["TheCursedMod:ManaBullet","TheCursedMod:Evocation","TheCursedMod:CursedMace+1"],"picked":"SKIP","floor":28},{"not_picked":["TheCursedMod:EmpowerCircles+1","TheCursedMod:SmokeScreen","TheCursedMod:FuryStrike+1"],"picked":"SKIP","floor":29},{"not_picked":["TheCursedMod:WearCloak","TheCursedMod:CircleOfFlame+1","TheCursedMod:SoulReap"],"picked":"SKIP","floor":31},{"not_picked":["TheCursedMod:CursedRelics","TheCursedMod:OutForBlood"],"picked":"TheCursedMod:NeowsMight","floor":33},{"not_picked":["TheCursedMod:VitalStrike+1","TheCursedMod:ManaBullet"],"picked":"TheCursedMod:HellsGateOpen+1","floor":35},{"not_picked":["TheCursedMod:ReleasedKnowledge+1","TheCursedMod:HellsGateOpen","TheCursedMod:SurpriseAttack"],"picked":"SKIP","floor":36},{"not_picked":["TheCursedMod:CircleOfBlood+1","TheCursedMod:CircleOfFlame"],"picked":"TheCursedMod:FleshFromBone","floor":38},{"not_picked":["TheCursedMod:CircleOfAmplification","TheCursedMod:WearCloak"],"picked":"TheCursedMod:AshesToAshes","floor":39},{"not_picked":["TheCursedMod:CircleOfCorruption","TheCursedMod:CircleOfWindfury+1","TheCursedMod:SaltUponWound+1"],"picked":"SKIP","floor":40},{"not_picked":["TheCursedMod:HellsGateOpen","TheCursedMod:StingEye"],"picked":"TheCursedMod:ReleasedStrength","floor":42},{"not_picked":["TheCursedMod:CursedBlade","TheCursedMod:ReleasedKnowledge+1"],"picked":"TheCursedMod:WearCloak+1","floor":44},{"not_picked":["TheCursedMod:Stretching","TheCursedMod:Stigma+1"],"picked":"TheCursedMod:SpitefulPlan+1","floor":47},{"not_picked":["TheCursedMod:SoulCrush+1","TheCursedMod:VitalStrike"],"picked":"TheCursedMod:HellfireBreathing+1","floor":48},{"not_picked":["TheCursedMod:SpreadPlague","TheCursedMod:Stigma","TheCursedMod:VitalStrike"],"picked":"SKIP","floor":54}],"player_experience":1357781,"relics_obtained":[{"floor":7,"key":"Matryoshka"},{"floor":9,"key":"MawBank"},{"floor":9,"key":"Blood Vial"},{"floor":12,"key":"Kunai"},{"floor":14,"key":"Pen Nib"},{"floor":21,"key":"Enchiridion"},{"floor":24,"key":"TheCursedMod:SoulVessel"},{"floor":26,"key":"Tiny Chest"},{"floor":26,"key":"Meat on the Bone"},{"floor":31,"key":"TheCursedMod:CrystalBall"},{"floor":40,"key":"TheCursedMod:Tack"},{"floor":42,"key":"Blue Candle"},{"floor":44,"key":"Boot"},{"floor":54,"key":"HornCleat"}],"event_choices":[{"damage_healed":0,"gold_gain":1,"player_choice":"Relic Relic ","damage_taken":28,"max_hp_gain":0,"max_hp_loss":0,"event_name":"betterThird:BetterScrap","floor":3,"gold_loss":0,"cards_obtained":["Spot Weakness"]},{"damage_healed":0,"gold_gain":0,"player_choice":"Take Wound","damage_taken":0,"relics_obtained":["Golden Idol"],"max_hp_gain":0,"max_hp_loss":0,"event_name":"Golden Idol","floor":5,"gold_loss":0,"cards_obtained":["Injury"]},{"damage_healed":0,"gold_gain":0,"player_choice":"Left","damage_taken":0,"max_hp_gain":0,"max_hp_loss":0,"event_name":"betterThird:BetterGoop","floor":13,"gold_loss":45},{"damage_healed":0,"gold_gain":0,"player_choice":"Read","damage_taken":0,"max_hp_gain":0,"max_hp_loss":0,"event_name":"The Library","floor":19,"gold_loss":0,"cards_obtained":["TheCursedMod:SmokeScreen"]},{"damage_healed":0,"gold_gain":0,"player_choice":"Obtained Book","damage_taken":16,"max_hp_gain":0,"max_hp_loss":0,"event_name":"Cursed Tome","floor":21,"gold_loss":0},{"damage_healed":0,"gold_gain":0,"player_choice":" GoldIdol RottenVial ","damage_taken":5,"relics_obtained":["Bloody Idol","betterAltar:BloodRelic"],"max_hp_gain":47,"max_hp_loss":42,"event_name":"betterAltar:BetterAltar","floor":22,"potions_obtained":[],"relics_lost":["Golden Idol","Blood Vial"],"gold_loss":0},{"damage_healed":0,"gold_gain":0,"player_choice":"Inject Mutagens","damage_taken":0,"relics_obtained":["MutagenicStrength"],"max_hp_gain":0,"max_hp_loss":0,"event_name":"Drug Dealer","floor":25,"gold_loss":0},{"damage_healed":0,"gold_gain":0,"player_choice":"Max HP","damage_taken":0,"max_hp_gain":0,"max_hp_loss":5,"event_name":"Winding Halls","floor":45,"gold_loss":0}],"is_beta":false,"boss_relics":[{"not_picked":["Ectoplasm","TheCursedMod:FourLeafCloverCharm"],"picked":"Pandora\u0027s Box"},{"not_picked":["Philosopher\u0027s Stone","Runic Dome"],"picked":"Fusion Hammer"}],"items_purged_floors":[],"is_endless":false,"potions_floor_spawned":[10,11,12,18,29,36,42,47,48],"killed_by":"The Heart","ascension_level":1}}