{"host":"Ringo","time":1611487970,"event":{"mods":["BaseMod","Colored Map","Conspire","Dota2Spire","Minty Spire (QoL Compilation)","Replay The Spire","StSLib","[IsaacMod]ÒÔÈö¼âËþ","¡¾ÒÅÎï¿¨ÅÆ¡¿REMEMod"],"gold_per_floor":[111,121,131,181,181,213,243,275,275,300,326,355,6,41,41,118,118,135,148,148,165,185,210,241,273,350,685,685,713,623,650,650,727,727,737,749,355,371,44,70,100,127,139,183,207,254,286,327,339,351,363],"floor_reached":52,"language":"ZHS","playtime":1492,"items_purged":["Sword Boomerang"],"score":3383,"play_id":"3e8682b9-2598-492f-8a98-cee993dd0277","local_time":"20210124193250","daily_mods":["SealedDeck","Vintage","Heirloom","Time Dilation","Flight","DeadlyEvents","Elite Swarm","Lethality","Binary"],"is_ascension_mode":true,"campfire_choices":[{"data":"Infernal Blade","floor":15,"key":"SMITH"},{"data":"Terror","floor":28,"key":"SMITH"},{"data":"Uppercut","floor":32,"key":"SMITH"},{"data":"Replay:Parry","floor":49,"key":"SMITH"}],"circlet_count":0,"master_deck":["AscendersBane","Shrug It Off","Pommel Strike+1","Seeing Red","Armaments","Cleave+1","Heavy Blade","Sword Boomerang","Inflame","Thunderclap","Sword Boomerang","Terror+1","Infernal Blade+1","Replay:Parry+1","Armaments+1","Uppercut+1","conspire:HitWhereItHurts"],"relics":["Burning Blood","Busted Crown","HushsDoor","REME_ComplimentaryCards","replay:Trail_Library","Turnip","BookOfRevelations","PreservedInsect","AnarchistCookbook","Paper Frog","REME_LimitBreaker","Dota2Spire:LotusOrb","Dota2Spire:BattleFury","Art of War","GuppysHead","Dota2Spire:ArmletOfMordiggian","Dota2Spire:OctarineCore","PunchingBag","GuppysPaw","BFFS","Magic Flower","Dota2Spire:LinkenSphere","conspire:Flyswatter","Toxic Egg 2","Dota2Spire:PowerTreads","Dota2Spire:EchoSabre","Bag of Preparation","Damocles","Old Coin","Regal Pillow","Dota2Spire:PhaseBoots","DoctorsRemote","Red Skull","Lantern","Dota2Spire:Bloodstone","GuppysTail","Happy Flower","Replay:Mystery Machine","Blue Candle","REME_HourglassOfDeath","BargainBundle","ReplayTheSpireMod:TigerMarble","Vajra","Champion Belt","Strange Spoon","Boot","Damocles","ReplayFunnel","Omamori","ReplayTheSpireMod:Lightbulb","Dota2Spire:OrchidMalevolence","Pen Nib","Torii","Pantograph","UnicornStump","MawBank","Dota2Spire:DivineRapier","Blue Doll","Pet Ghost","Dota2Spire:ShadowBlade","Anchor","DeathBook","Whetstone","Dota2Spire:UrnOfShadows","ReplayTheSpireMod:Shallot","PokeGo","ReplayTheSpireMod:Spearhead","Quantum Egg","Bottled Tornado","Orichalcum","Blood Vial","Dota2Spire:CrimsonGuard"],"acts_visited":["Exordium","TheCity","TheBeyond"],"potions_floor_usage":[4,6,16,33,35,51,51],"damage_taken":[{"damage":0,"enemies":"conspire:RoseBush","floor":1,"turns":1},{"damage":0,"enemies":"Cultist","floor":2,"turns":2},{"damage":0,"enemies":"Jaw Worm","floor":3,"turns":2},{"damage":0,"enemies":"Hiden Room Battle","floor":4,"turns":2},{"damage":0,"enemies":"3 Sentries","floor":6,"turns":2},{"damage":1,"enemies":"Replay:BlueRogue","floor":7,"turns":2},{"damage":0,"enemies":"Gremlin Nob","floor":8,"turns":1},{"damage":0,"enemies":"Lagavulin","floor":10,"turns":1},{"damage":0,"enemies":"Gremlin Nob","floor":11,"turns":1},{"damage":0,"enemies":"Lagavulin","floor":12,"turns":1},{"damage":0,"enemies":"Gremlin Nob","floor":14,"turns":1},{"damage":0,"enemies":"Fading Forest","floor":16,"turns":7},{"damage":0,"enemies":"Spheric Guardian","floor":18,"turns":2},{"damage":0,"enemies":"3 Byrds","floor":19,"turns":2},{"damage":0,"enemies":"Snecko","floor":21,"turns":1},{"damage":0,"enemies":"Chosen and Byrds","floor":22,"turns":2},{"damage":0,"enemies":"conspire:Head Lice","floor":23,"turns":1},{"damage":0,"enemies":"Slavers","floor":24,"turns":1},{"damage":0,"enemies":"conspire:Head Lice","floor":25,"turns":2},{"damage":0,"enemies":"Book of Stabbing","floor":27,"turns":1},{"damage":0,"enemies":"REME_1_Revenger","floor":29,"turns":1},{"damage":0,"enemies":"conspire:Head Lice","floor":31,"turns":1},{"damage":0,"enemies":"Collector","floor":33,"turns":1},{"damage":0,"enemies":"Orb Walker","floor":35,"turns":1},{"damage":0,"enemies":"3 Darklings","floor":36,"turns":1},{"damage":0,"enemies":"Transient","floor":38,"turns":1},{"damage":0,"enemies":"Giant Head","floor":40,"turns":1},{"damage":0,"enemies":"R_Hoarder","floor":41,"turns":1},{"damage":0,"enemies":"Giant Head","floor":42,"turns":1},{"damage":0,"enemies":"R_Hoarder","floor":44,"turns":1},{"damage":0,"enemies":"Sphere and 2 Shapes","floor":45,"turns":1},{"damage":0,"enemies":"Giant Head","floor":46,"turns":1},{"damage":0,"enemies":"Writhing Mass","floor":47,"turns":1},{"damage":0,"enemies":"R_Hoarder","floor":48,"turns":1},{"damage":0,"enemies":"conspire:OrnateMirror","floor":50,"turns":1},{"damage":0,"enemies":"Replay:Hell Engine","floor":51,"turns":1}],"seed_played":"4863730891295634178","potions_obtained":[{"floor":3,"key":"ColorlessPotion"},{"floor":4,"key":"AttackPotion"},{"floor":7,"key":"SteroidPotion"},{"floor":8,"key":"Dota2Spire:HealingSalve"},{"floor":19,"key":"HeartOfIron"},{"floor":22,"key":"Adrenaline Potion"},{"floor":33,"key":"Milkshake"},{"floor":35,"key":"Weak Potion"}],"is_trial":true,"path_per_floor":["M","M","M","?","T","E","E","E","T","E","E","E","$","E","R","B",null,"M","M","?","M","M","E","E","E","T","E","R","E","$","E","R","B",null,"M","M","$","M","$","E","E","E","T","E","M","E","M","E","R","B","B",null],"character_chosen":"IRONCLAD","items_purchased":["BFFS","Replay:Parry","Uppercut","GuppysTail","conspire:HitWhereItHurts","BargainBundle","ReplayTheSpireMod:TigerMarble","Strange Spoon","Boot"],"campfire_rested":0,"item_purchase_floors":[13,13,30,34,34,37,37,39,39],"current_hp_per_floor":[74,75,75,66,66,72,75,75,75,75,75,75,75,75,75,75,75,75,75,75,75,75,75,75,75,75,75,75,75,75,75,75,75,61,61,61,61,61,61,61,61,61,61,62,62,62,62,62,62,65,65],"gold":375,"neow_bonus":"","is_daily":false,"chose_seed":false,"campfire_upgraded":4,"win_rate":0.0,"timestamp":1611487970,"path_taken":["M","M","M","?","?","E","E","E","T","E","E","E","$","E","R","BOSS","M","M","?","M","M","E","E","E","T","E","R","E","$","E","R","BOSS","M","M","$","M","$","E","E","E","T","E","M","E","M","E","R","BOSS","BOSS"],"items_purchased_type":["Relic","Card","Card","Relic","Card","Relic","Relic","Relic","Relic"],"build_version":"2020-12-18","purchased_purges":1,"victory":true,"max_hp_per_floor":[75,75,75,75,75,75,75,75,75,75,75,75,75,75,75,75,75,75,75,75,75,75,75,75,75,75,75,75,75,75,75,75,75,61,61,61,61,61,61,61,61,61,61,62,62,62,62,62,62,65,65],"card_choices":[],"player_experience":557629,"relics_obtained":[{"floor":1,"key":"PreservedInsect"},{"floor":2,"key":"AnarchistCookbook"},{"floor":3,"key":"Paper Frog"},{"floor":4,"key":"REME_LimitBreaker"},{"floor":4,"key":"Dota2Spire:LotusOrb"},{"floor":5,"key":"Dota2Spire:BattleFury"},{"floor":6,"key":"Art of War"},{"floor":7,"key":"Diplopia"},{"floor":8,"key":"GuppysHead"},{"floor":9,"key":"Dota2Spire:ArmletOfMordiggian"},{"floor":10,"key":"Dota2Spire:OctarineCore"},{"floor":11,"key":"PunchingBag"},{"floor":12,"key":"GuppysPaw"},{"floor":14,"key":"Magic Flower"},{"floor":18,"key":"Dota2Spire:LinkenSphere"},{"floor":19,"key":"conspire:Flyswatter"},{"floor":21,"key":"Toxic Egg 2"},{"floor":22,"key":"Dota2Spire:PowerTreads"},{"floor":23,"key":"Dota2Spire:EchoSabre"},{"floor":25,"key":"Bag of Preparation"},{"floor":26,"key":"Damocles"},{"floor":27,"key":"Old Coin"},{"floor":27,"key":"Regal Pillow"},{"floor":29,"key":"Dota2Spire:PhaseBoots"},{"floor":29,"key":"DoctorsRemote"},{"floor":31,"key":"Red Skull"},{"floor":31,"key":"Lantern"},{"floor":35,"key":"Happy Flower"},{"floor":35,"key":"Replay:Mystery Machine"},{"floor":36,"key":"Blue Candle"},{"floor":36,"key":"REME_HourglassOfDeath"},{"floor":38,"key":"Vajra"},{"floor":38,"key":"Champion Belt"},{"floor":40,"key":"ReplayFunnel"},{"floor":40,"key":"Omamori"},{"floor":40,"key":"ReplayTheSpireMod:Lightbulb"},{"floor":41,"key":"Dota2Spire:OrchidMalevolence"},{"floor":41,"key":"Pen Nib"},{"floor":41,"key":"Torii"},{"floor":42,"key":"Pantograph"},{"floor":42,"key":"UnicornStump"},{"floor":42,"key":"MawBank"},{"floor":43,"key":"Dota2Spire:DivineRapier"},{"floor":44,"key":"Blue Doll"},{"floor":44,"key":"Pet Ghost"},{"floor":44,"key":"Dota2Spire:ShadowBlade"},{"floor":45,"key":"Anchor"},{"floor":45,"key":"DeathBook"},{"floor":45,"key":"Whetstone"},{"floor":46,"key":"Dota2Spire:UrnOfShadows"},{"floor":46,"key":"ReplayTheSpireMod:Shallot"},{"floor":46,"key":"PokeGo"},{"floor":47,"key":"ReplayTheSpireMod:Spearhead"},{"floor":47,"key":"Quantum Egg"},{"floor":47,"key":"Bottled Tornado"},{"floor":48,"key":"Orichalcum"},{"floor":48,"key":"Blood Vial"},{"floor":48,"key":"Dota2Spire:CrimsonGuard"}],"event_choices":[{"damage_healed":0,"gold_gain":0,"player_choice":"Fight","damage_taken":0,"max_hp_gain":0,"max_hp_loss":0,"event_name":"HidenRoomEvent","floor":4,"gold_loss":0},{"damage_healed":0,"gold_gain":0,"player_choice":"Ignored","damage_taken":0,"max_hp_gain":0,"max_hp_loss":0,"event_name":"Beggar","floor":20,"gold_loss":0}],"is_beta":true,"boss_relics":[{"not_picked":["Replay:Wanted Poster","Fusion Hammer","Astrolabe"]},{"not_picked":["REME_DuelDisc","Runic Cube"],"picked":"Dota2Spire:Bloodstone"},{"not_picked":[]}],"items_purged_floors":[13],"is_endless":false,"potions_floor_spawned":[3,4,7,8,19,22,29,31,33,35,41,45,48],"ascension_level":20}}