{"host":"fworv1gvvajf3x0f","time":1611468926,"event":{"mods":["AchievementEnabler","Aspiration","BaseMod","Better Match","Better Note","Better Sensory Stone","Better Third Choice","Better-Laid Plans","BetterRewards","Colored Map","Colored Powertips","Displayed Cursed Tome","Energized Spire","Good Game Mod","Highlight Path","Infinite Spire","Minty Spire (QoL Compilation)","Relic Stats","Replay The Spire","Spicy Shops","StSLib"],"gold_per_floor":[112,112,123,49,49,79,79,79,79,79,79,79],"floor_reached":11,"language":"ZHS","playtime":372,"items_purged":[],"score":122,"play_id":"42ba205a-6530-48e1-be6b-fcae0ee1a6d6","local_time":"20210124141526","is_ascension_mode":true,"campfire_choices":[{"data":"Apotheosis","floor":7,"key":"SMITH"}],"circlet_count":0,"master_deck":["Strike_G","Strike_G","Strike_G","Strike_G","Strike_G","Defend_G","Defend_G","Defend_G","Defend_G","Defend_G","Survivor","Neutralize","Apotheosis+1","Hidden Blade","Concentrate","Acrobatics","Panache"],"relics":["Iron Core","REME:ComplimentaryCards","NeowsBlessing","aspiration:FetidBarrel","infinitespire:Cubic Diamond","Bird Faced Urn","HornCleat"],"acts_visited":["Exordium"],"potions_floor_usage":[11],"damage_taken":[{"damage":0,"enemies":"Cultist","floor":1,"turns":1},{"damage":0,"enemies":"Small Slimes","floor":3,"turns":1},{"damage":0,"enemies":"Gremlin Nob","floor":6,"turns":1},{"damage":0,"enemies":"3 Sentries","floor":11,"turns":1}],"seed_played":"-5119991159536459201","potions_obtained":[{"floor":1,"key":"infinitespire:BlackPotion"}],"is_trial":false,"path_per_floor":["M","T","M","$","?","E","R","?","T","T","E"],"character_chosen":"THE_SILENT","items_purchased":["Concentrate"],"campfire_rested":0,"item_purchase_floors":[4],"current_hp_per_floor":[63,63,63,63,63,63,63,63,63,63,63,63],"gold":79,"neow_bonus":"THREE_ENEMY_KILL","is_daily":false,"chose_seed":false,"campfire_upgraded":1,"win_rate":0.0,"timestamp":1611468926,"path_taken":["M","?","M","$","?","E","R","?","T","?","E"],"items_purchased_type":["Card"],"build_version":"2020-12-22","purchased_purges":0,"victory":false,"max_hp_per_floor":[70,70,70,70,70,70,70,70,70,70,70,70],"relic_stats":{"counters":[4,4],"Bird Faced Urn":[0],"obtain_stats":[{"REME:ComplimentaryCards":0,"Iron Core":5,"HornCleat":9,"NeowsBlessing":0,"aspiration:FetidBarrel":2,"Bird Faced Urn":6,"infinitespire:Cubic Diamond":5,"Ring of the Snake":0},{"REME:ComplimentaryCards":0,"Iron Core":2,"HornCleat":3,"NeowsBlessing":0,"aspiration:FetidBarrel":1,"Bird Faced Urn":3,"infinitespire:Cubic Diamond":2,"Ring of the Snake":0},{"REME:ComplimentaryCards":0,"Iron Core":2,"HornCleat":3,"NeowsBlessing":0,"aspiration:FetidBarrel":1,"Bird Faced Urn":3,"infinitespire:Cubic Diamond":2,"Ring of the Snake":0}]},"card_choices":[{"not_picked":["Accuracy","Caltrops"],"picked":"Hidden Blade","floor":1},{"not_picked":["Flying Knee","Sneak Up","Draining Mist"],"picked":"SKIP","floor":3},{"not_picked":["Headbutt","Glass Knife"],"picked":"Acrobatics","floor":6},{"not_picked":["Survey Options","Apotheosis"],"picked":"Panache","floor":8}],"player_experience":316226,"relics_obtained":[{"floor":2,"key":"aspiration:FetidBarrel"},{"floor":6,"key":"Bird Faced Urn"},{"floor":9,"key":"HornCleat"}],"event_choices":[{"damage_healed":0,"gold_gain":1,"player_choice":"1","damage_taken":0,"max_hp_gain":0,"max_hp_loss":0,"event_name":"betterStone:BetterStone","floor":8,"gold_loss":0}],"is_beta":false,"boss_relics":[],"items_purged_floors":[],"is_endless":false,"potions_floor_spawned":[1],"killed_by":"3 Sentries","ascension_level":6}}