{"host":"4mwxwqvoirj3cq7x","time":1611451238,"event":{"mods":["BaseMod","Downfall","Minty Spire (QoL Compilation)","Quick Restart","StSLib","The Marked"],"gold_per_floor":[99,99,109,126,145,179,206,6,19,29,60,60,74,88,107,107,107],"floor_reached":16,"language":"ZHS","playtime":666,"items_purged":[],"score":116,"play_id":"07ad1b63-0702-4be3-a789-28476def4dd1","local_time":"20210124092038","is_ascension_mode":false,"campfire_choices":[{"floor":1.0,"key":"RECALL"},{"data":"theMarked:Aftermath","floor":8.0,"key":"SMITH"},{"data":"theMarked:Reabsorb","floor":12.0,"key":"SMITH"}],"circlet_count":0,"master_deck":["theMarked:Strike","theMarked:Strike","theMarked:Strike","theMarked:Strike","theMarked:Defend","theMarked:Defend","theMarked:Defend","theMarked:Defend","theMarked:SoldierOfQuellstein","theMarked:SwordAndMagic","theMarked:Aftermath+1","theMarked:ElementalBlade","theMarked:ElectricStrings","theMarked:Reabsorb+1","theMarked:EternalStudent"],"relics":["bronze:MakeshiftBattery","Anchor","downfall:HeartBlessingRed","downfall:HeartBlessingGreen","Happy Flower"],"acts_visited":["Exordium"],"potions_floor_usage":[16,16],"damage_taken":[{"damage":1.0,"enemies":"Jaw Worm","floor":3.0,"turns":4.0},{"damage":0.0,"enemies":"Cultist","floor":4.0,"turns":3.0},{"damage":0.0,"enemies":"Small Slimes","floor":5.0,"turns":3.0},{"damage":25.0,"enemies":"3 Sentries","floor":6.0,"turns":12.0},{"damage":0.0,"enemies":"Exordium Wildlife","floor":9.0,"turns":4.0},{"damage":0.0,"enemies":"Blue Slaver","floor":10.0,"turns":2.0},{"damage":6.0,"enemies":"Lagavulin","floor":11.0,"turns":5.0},{"damage":1.0,"enemies":"2 Fungi Beasts","floor":13.0,"turns":3.0},{"damage":0.0,"enemies":"Gremlin Gang","floor":14.0,"turns":3.0},{"damage":1.0,"enemies":"Exordium Thugs","floor":15.0,"turns":3.0},{"damage":32,"enemies":"WA_ARCHETYPE_RETAIN","floor":16,"turns":9}],"seed_played":"4209655477512307754","potions_obtained":[{"floor":4.0,"key":"Block Potion"},{"floor":5.0,"key":"EntropicBrew"},{"floor":6.0,"key":"EssenceOfSteel"},{"floor":13.0,"key":"DuplicationPotion"}],"is_trial":false,"path_per_floor":["R","?","M","M","M","E","T","R","M","M","E","R","M","M","M","B"],"character_chosen":"THE_DEFAULT","items_purchased":[],"campfire_rested":0,"item_purchase_floors":[],"current_hp_per_floor":[70,70,69,69,69,44,44,44,44,44,38,38,37,37,36,4,4],"gold":107,"neow_bonus":"BOSS_RELIC","is_daily":false,"chose_seed":false,"campfire_upgraded":2,"win_rate":0.0,"timestamp":1611451238,"path_taken":["R","?","M","M","?","E","T","R","M","M","E","R","M","M","M","BOSS"],"items_purchased_type":[],"build_version":"2020-12-22","purchased_purges":0,"victory":false,"max_hp_per_floor":[70,70,70,70,70,70,70,70,70,70,70,70,70,70,70,70,70],"card_choices":[{"not_picked":["theMarked:TwofoldDefense","theMarked:RepellingDischarge"],"picked":"theMarked:SwordAndMagic","floor":3.0},{"not_picked":["theMarked:WastefulDefense","theMarked:ResourceFulStrike","theMarked:HeightenedSenses"],"picked":"SKIP","floor":4.0},{"not_picked":["theMarked:TwofoldDefense","theMarked:HeightenedSenses"],"picked":"theMarked:Aftermath","floor":5.0},{"not_picked":["theMarked:TwofoldDefense","theMarked:Frustration"],"picked":"theMarked:ElementalBlade","floor":6.0},{"not_picked":["theMarked:Static","theMarked:Seal"],"picked":"theMarked:ElectricStrings","floor":9.0},{"not_picked":["theMarked:Electrify","theMarked:Improvise","theMarked:TwofoldDefense"],"picked":"SKIP","floor":10.0},{"not_picked":["theMarked:WastefulAttack","theMarked:ElectricStrings"],"picked":"theMarked:Reabsorb","floor":11.0},{"not_picked":["theMarked:CreepingChasm","theMarked:Frustration"],"picked":"theMarked:EternalStudent","floor":13.0},{"not_picked":["theMarked:ResourceFulStrike","theMarked:SelfDefenseTraining","theMarked:HeightenedSenses"],"picked":"SKIP","floor":14.0},{"not_picked":["theMarked:Improvise","theMarked:Panic","theMarked:RepellingDischarge"],"picked":"SKIP","floor":15.0}],"player_experience":618620,"relics_obtained":[{"floor":6.0,"key":"Anchor"},{"floor":11.0,"key":"Happy Flower"}],"event_choices":[{"cards_removed":["theMarked:Strike"],"damage_healed":0.0,"max_hp_gain":0.0,"max_hp_loss":0.0,"gold_gain":0.0,"event_name":"Bonfire Elementals","player_choice":"Offered Basic","floor":2.0,"gold_loss":0.0,"damage_taken":0.0}],"is_beta":false,"boss_relics":[],"items_purged_floors":[],"is_endless":false,"potions_floor_spawned":[4,5,6,13],"killed_by":"WA_ARCHETYPE_RETAIN","ascension_level":0}}