{"host":"qsusua7l529r8z9k","time":1611462504,"event":{"mods":["BaseMod","Downfall","Minty Spire (QoL Compilation)","Spicy Shops","StSLib"],"gold_per_floor":[99,99,99,99,24,24,24,36,36,36,211,211,211,270,285,381,381,381,397,409,32,32,117,117,117,143,164,164,188,188,231,256,256,256,256],"floor_reached":33,"language":"ZHS","playtime":1856,"items_purged":["Slimebound:Strike_Slimebound","Doubt"],"score":251,"play_id":"a22dcc45-7999-4fab-a504-ac9b47fdf682","local_time":"20210124122824","is_ascension_mode":false,"campfire_choices":[{"data":"Slimebound:Split","floor":1.0,"key":"SMITH"},{"data":"Slimebound:FormOfPuddle","floor":6.0,"key":"SMITH"},{"data":"Slimebound:CorrosiveSpit","floor":9.0,"key":"SMITH"},{"data":"Slimebound:AcidTongue","floor":13.0,"key":"SMITH"},{"data":"Slimebound:HauntingLick","floor":18.0,"key":"SMITH"},{"data":"Slimebound:LeechEnergy","floor":28,"key":"SMITH"},{"data":"Slimebound:MassRepurpose","floor":30,"key":"SMITH"}],"circlet_count":0,"master_deck":["Slimebound:Strike_Slimebound","Slimebound:Tackle","Slimebound:Defend_Slimebound","Slimebound:Defend_Slimebound","Slimebound:Defend_Slimebound","Slimebound:Defend_Slimebound","Slimebound:Split+1","Slimebound:CorrosiveSpit+1","Slimebound:AcidTongue+1","Slimebound:FormOfPuddle+1","Slimebound:FinishingTackle","Slimebound:TongueLash","Slimebound:HauntingLick+1","Slimebound:LeechLife","Slimebound:MassRepurpose+1","Slimebound:SlimeTap","Slimebound:LeechEnergy+1","Slimebound:HauntingLick+1","Slimebound:HauntingLick+1","Slimebound:SpikyOuterGoop","Slimebound:ComboTackle+1","Slimebound:OozeBath","Slimebound:SamplingLick"],"relics":["Slimebound:AbsorbEndCombatUpgraded","downfall:HeartsMalice","White Beast Statue","Mercury Hourglass","Juzu Bracelet","Sundial","CeramicFish","StrikeDummy"],"acts_visited":["Exordium","TheCity"],"potions_floor_usage":[27,31,33,33],"damage_taken":[{"damage":0.0,"enemies":"2 Louse","floor":2.0,"turns":1.0},{"damage":0.0,"enemies":"Small Slimes","floor":4.0,"turns":1.0},{"damage":0.0,"enemies":"downfall:FleeingMerchant","floor":5.0,"turns":1.0},{"damage":5.0,"enemies":"Jaw Worm","floor":8.0,"turns":4.0},{"damage":21.0,"enemies":"Lagavulin Event","floor":14.0,"turns":5.0},{"damage":8.0,"enemies":"Lots of Slimes","floor":15.0,"turns":3.0},{"damage":42.0,"enemies":"SI_SHIV_ARCHETYPE","floor":16.0,"turns":9.0},{"damage":24.0,"enemies":"Shell Parasite","floor":19.0,"turns":7.0},{"damage":21.0,"enemies":"Snecko","floor":20.0,"turns":5.0},{"damage":16.0,"enemies":"downfall:FleeingMerchant","floor":21.0,"turns":4.0},{"damage":18,"enemies":"3 Cultists","floor":26,"turns":5},{"damage":17,"enemies":"Chosen and Byrds","floor":27,"turns":7},{"damage":34,"enemies":"Sentry and Sphere","floor":29,"turns":7},{"damage":29,"enemies":"Slavers","floor":31,"turns":4},{"damage":24,"enemies":"Snecko","floor":32,"turns":6},{"damage":55,"enemies":"DF_ARCHETYPE_CLAW","floor":33,"turns":5}],"seed_played":"1969478223721379025","potions_obtained":[{"floor":8.0,"key":"LiquidMemories"},{"floor":14.0,"key":"Fruit Juice"},{"floor":15.0,"key":"Regen Potion"},{"floor":16.0,"key":"Regen Potion"},{"floor":19.0,"key":"Guardian:BlockOnCardUsePotion"},{"floor":21.0,"key":"PowerPotion"},{"floor":22.0,"key":"champ:CounterPotion"},{"floor":27,"key":"SteroidPotion"},{"floor":31,"key":"champ:CounterPotion"}],"is_trial":false,"path_per_floor":["R","M","?","M","$","R","T","M","R","?","?","?","R","?","M","B",null,"R","M","M","$","?","?","T","?","M","M","R","M","R","E","M","B"],"character_chosen":"SLIMEBOUND","items_purchased":["Sundial"],"campfire_rested":0,"item_purchase_floors":[21],"current_hp_per_floor":[65,65,65,65,65,65,65,64,64,64,64,57,57,49,43,27,70,70,69,55,56,56,44,44,44,42,58,58,45,45,33,40,0,0,0],"gold":256,"neow_bonus":"THREE_ENEMY_KILL","is_daily":false,"chose_seed":false,"campfire_upgraded":7,"win_rate":0.0,"timestamp":1611462504,"path_taken":["R","M","?","M","$","R","T","M","R","?","?","?","R","?","M","BOSS","R","M","M","$","?","?","T","?","M","M","R","M","R","E","M","BOSS"],"items_purchased_type":["Relic"],"build_version":"2020-12-22","purchased_purges":2,"victory":false,"max_hp_per_floor":[65,65,65,65,65,65,65,65,65,65,65,65,65,70,70,70,70,70,70,70,70,70,70,70,70,70,70,70,70,70,70,70,70,70,70],"card_choices":[{"not_picked":["Slimebound:ItLooksTasty","Slimebound:PressTheAttack"],"picked":"Slimebound:AcidTongue","floor":2.0},{"not_picked":["Slimebound:LivingWall","Slimebound:GoopTackle"],"picked":"Slimebound:FormOfPuddle","floor":4.0},{"not_picked":["Slimebound:DivideAndConquer","Slimebound:Prepare"],"picked":"Slimebound:FinishingTackle","floor":5.0},{"not_picked":["Slimebound:SlimeBrawl","Slimebound:GrowthPunch"],"picked":"Slimebound:TongueLash","floor":8.0},{"not_picked":["Slimebound:SpikyOuterGoop","Slimebound:FormOfPuddle"],"picked":"Slimebound:HauntingLick","floor":14.0},{"not_picked":["Slimebound:Replication","Slimebound:RainOfGoop"],"picked":"Slimebound:LeechLife","floor":15.0},{"not_picked":["Slimebound:MassFeed","Slimebound:CheckThePlaybook"],"picked":"Slimebound:MassRepurpose","floor":16.0},{"not_picked":["Slimebound:GoopTackle+1","Slimebound:DisruptingSlam"],"picked":"Slimebound:SlimeTap","floor":19.0},{"not_picked":["Slimebound:HauntingLick","Slimebound:Prepare"],"picked":"Slimebound:LeechEnergy","floor":20.0},{"not_picked":["Slimebound:LeechingTouch","Slimebound:ProtectTheBoss"],"picked":"Slimebound:HauntingLick+1","floor":21.0},{"not_picked":["Slimebound:LeechingTouch","Slimebound:ProtectTheBoss"],"picked":"Slimebound:HauntingLick+1","floor":26},{"not_picked":["Slimebound:SplitLeeching","Slimebound:SplitBruiser"],"picked":"Slimebound:SpikyOuterGoop","floor":27},{"not_picked":["Slimebound:Grow","Slimebound:FinishingTackle"],"picked":"Slimebound:ComboTackle+1","floor":29},{"not_picked":["Slimebound:RollThrough","Slimebound:Chomp"],"picked":"Slimebound:OozeBath","floor":31},{"not_picked":["Slimebound:ComboTackle","Slimebound:SplitMire"],"picked":"Slimebound:SamplingLick","floor":32}],"player_experience":504738,"relics_obtained":[{"floor":7.0,"key":"White Beast Statue"},{"floor":14.0,"key":"Juzu Bracelet"},{"floor":24,"key":"CeramicFish"},{"floor":31,"key":"StrikeDummy"}],"event_choices":[{"cards_removed":["Slimebound:Strike_Slimebound"],"damage_healed":0.0,"max_hp_gain":0.0,"max_hp_loss":0.0,"gold_gain":0.0,"event_name":"The Cleric","player_choice":"Card Removal","floor":10.0,"gold_loss":0.0,"damage_taken":0.0},{"damage_healed":0.0,"max_hp_gain":0.0,"max_hp_loss":0.0,"gold_gain":0.0,"event_name":"Scrap Ooze","player_choice":"Success","floor":12.0,"gold_loss":0.0,"damage_taken":7.0,"relics_obtained":["Mercury Hourglass"]},{"damage_healed":0.0,"max_hp_gain":0.0,"max_hp_loss":0.0,"gold_gain":0.0,"event_name":"Lab","player_choice":"Got Potions","floor":22.0,"gold_loss":0.0,"damage_taken":0.0},{"damage_healed":0,"gold_gain":0,"player_choice":"Ignored","damage_taken":0,"max_hp_gain":0,"max_hp_loss":0,"event_name":"Ghosts","floor":25,"gold_loss":0}],"is_beta":false,"boss_relics":[{"not_picked":["Empty Cage","Calling Bell"],"picked":"Slimebound:AbsorbEndCombatUpgraded"}],"items_purged_floors":[5,21],"is_endless":false,"potions_floor_spawned":[8,14,15,16,19,20,21,26,27,29,31,32],"killed_by":"DF_ARCHETYPE_CLAW","ascension_level":0}}