{"host":"lip44byzewa3adv8","time":1611499441,"event":{"mods":["BaseMod","Curses Come First","Minty Spire (QoL Compilation)","Relic Sorter","Relic Stats","StSLib","Synergy Search"],"gold_per_floor":[117,136,155,175,194,226,226,237,283,309,309,309,326,345,345,445,445,457,471,359,359,379,411,444,444,496,508,533,564,595,607,619,734,746,778,790,802,515,535,535,560,580,604,654,668,680,680,680,680,680,680,680,300,325,325,325],"floor_reached":55,"language":"ENG","playtime":3765,"items_purged":["Strike_R","Pain"],"score":950,"play_id":"aff4a92e-6334-48de-93c8-b27e3c9fb17e","local_time":"20210124094401","is_ascension_mode":true,"campfire_choices":[{"data":"Feel No Pain","floor":7.0,"key":"SMITH"},{"data":"Armaments","floor":11.0,"key":"SMITH"},{"data":"Armaments","floor":15.0,"key":"SMITH"},{"floor":32.0,"key":"REST"},{"data":"Feel No Pain","floor":40.0,"key":"SMITH"},{"floor":47.0,"key":"RECALL"},{"data":"Juggernaut","floor":49.0,"key":"SMITH"},{"data":"Burning Pact","floor":52.0,"key":"SMITH"}],"circlet_count":0,"master_deck":["Defend_R","Defend_R","Defend_R","Bash","Clash+1","Reaper+1","Corruption+1","Armaments+1","Sentinel","Clothesline","Iron Wave","Feel No Pain+1","Shrug It Off","Double Tap","Whirlwind","Metallicize","Armaments+1","Juggernaut+1","Disarm","Rampage","Carnage","Feel No Pain+1","Carnage+1","Burning Pact+1","Parasite","Shrug It Off+1","Feed","Flame Barrier","Disarm","Offering","CurseOfTheBell","Impatience","Reaper+1","True Grit+1","Ghostly Armor","Sentinel","Juggernaut"],"relics":["Astrolabe","Matryoshka","Anchor","Vajra","Darkstone Periapt","FaceOfCleric","Cursed Key","Nunchaku","Red Mask","MawBank","Calling Bell","Blood Vial","Mercury Hourglass","Charon\u0027s Ashes","Bag of Preparation","Membership Card","Toy Ornithopter","Ancient Tea Set","TungstenRod","Ornamental Fan","Frozen Eye","Pen Nib"],"acts_visited":["Exordium","TheCity","TheBeyond","TheEnding"],"potions_floor_usage":[55,55,55],"damage_taken":[{"damage":6.0,"enemies":"2 Louse","floor":1.0,"turns":2.0},{"damage":1.0,"enemies":"Cultist","floor":2.0,"turns":3.0},{"damage":7.0,"enemies":"Jaw Worm","floor":3.0,"turns":4.0},{"damage":1.0,"enemies":"3 Louse","floor":4.0,"turns":4.0},{"damage":5.0,"enemies":"Lots of Slimes","floor":5.0,"turns":4.0},{"damage":1.0,"enemies":"3 Sentries","floor":6.0,"turns":9.0},{"damage":2.0,"enemies":"Looter","floor":8.0,"turns":2.0},{"damage":14.0,"enemies":"Gremlin Nob","floor":10.0,"turns":4.0},{"damage":3.0,"enemies":"Large Slime","floor":13.0,"turns":5.0},{"damage":11.0,"enemies":"3 Louse","floor":14.0,"turns":5.0},{"damage":8.0,"enemies":"Hexaghost","floor":16.0,"turns":8.0},{"damage":18.0,"enemies":"2 Thieves","floor":18.0,"turns":4.0},{"damage":0.0,"enemies":"Chosen","floor":19.0,"turns":5.0},{"damage":0.0,"enemies":"Shelled Parasite and Fungi","floor":22.0,"turns":6.0},{"damage":57.0,"enemies":"Slavers","floor":23.0,"turns":6.0},{"damage":50.0,"enemies":"Masked Bandits","floor":24.0,"turns":4.0},{"damage":11.0,"enemies":"Centurion and Healer","floor":28.0,"turns":6.0},{"damage":15.0,"enemies":"Snake Plant","floor":29.0,"turns":4.0},{"damage":9.0,"enemies":"3 Cultists","floor":30.0,"turns":6.0},{"damage":31.0,"enemies":"Automaton","floor":33.0,"turns":10.0},{"damage":36.0,"enemies":"3 Darklings","floor":35.0,"turns":5.0},{"damage":6.0,"enemies":"3 Shapes","floor":39.0,"turns":6.0},{"damage":6.0,"enemies":"Reptomancer","floor":41.0,"turns":3.0},{"damage":1.0,"enemies":"Transient","floor":42.0,"turns":5.0},{"damage":10.0,"enemies":"Mind Bloom Boss Battle","floor":44.0,"turns":9.0},{"damage":17.0,"enemies":"Maw","floor":45.0,"turns":9.0},{"damage":17.0,"enemies":"Sphere and 2 Shapes","floor":46.0,"turns":4.0},{"damage":53.0,"enemies":"Time Eater","floor":50.0,"turns":12.0},{"damage":40.0,"enemies":"Shield and Spear","floor":54.0,"turns":4.0},{"damage":122,"enemies":"The Heart","floor":55,"turns":8}],"seed_played":"1206643022390239755","potions_obtained":[{"floor":1.0,"key":"Weak Potion"},{"floor":2.0,"key":"Dexterity Potion"},{"floor":5.0,"key":"Swift Potion"},{"floor":13.0,"key":"DistilledChaos"},{"floor":14.0,"key":"Weak Potion"},{"floor":22.0,"key":"Dexterity Potion"},{"floor":24.0,"key":"Strength Potion"},{"floor":30.0,"key":"Swift Potion"},{"floor":33.0,"key":"ElixirPotion"},{"floor":42.0,"key":"SneckoOil"},{"floor":44.0,"key":"Weak Potion"},{"floor":46.0,"key":"LiquidBronze"},{"floor":48.0,"key":"DuplicationPotion"},{"floor":48.0,"key":"AttackPotion"}],"is_trial":false,"path_per_floor":["M","M","M","M","M","E","R","M","T","E","R","?","M","M","R","B",null,"M","M","$","?","M","E","?","?","T","$","M","M","M","?","R","B",null,"M","?","?","$","M","R","E","M","T","?","M","M","R","?","R","B",null,"R","$","E","B"],"character_chosen":"IRONCLAD","items_purchased":["Carnage","Bag of Preparation","Membership Card","Ornamental Fan","Frozen Eye","Ghostly Armor","Sentinel","HeartOfIron"],"campfire_rested":1,"item_purchase_floors":[20,38,38,53,53,53,53,53],"current_hp_per_floor":[80,79,77,80,80,79,79,77,77,63,63,63,73,63,63,74,83,74,81,81,81,86,48,35,29,35,35,33,25,35,35,65,53,110,75,75,75,75,78,78,81,95,101,111,120,109,109,109,109,79,133,133,133,102,0,0],"gold":325,"neow_bonus":"BOSS_RELIC","is_daily":false,"chose_seed":false,"campfire_upgraded":6,"win_rate":0.0,"timestamp":1611499441,"path_taken":["M","M","M","M","M","E","R","M","T","E","R","?","?","M","R","BOSS","M","M","$","?","M","E","?","?","T","$","?","M","M","?","R","BOSS","M","?","?","$","?","R","E","M","T","?","M","M","R","?","R","BOSS","R","$","E","BOSS"],"items_purchased_type":["Card","Relic","Relic","Relic","Relic","Card","Card","Potion"],"build_version":"2020-12-22","purchased_purges":2,"victory":false,"max_hp_per_floor":[80,80,80,80,80,80,80,80,80,80,80,80,81,82,82,83,83,84,85,85,85,86,87,88,88,94,94,95,96,100,100,100,104,110,111,111,111,111,112,112,113,114,120,121,125,129,129,129,129,133,133,133,133,137,137,137],"relic_stats":{"Darkstone Periapt":18,"counters":[30,166],"Astrolabe":["Clash","Reaper","Corruption"],"Charon\u0027s Ashes":[473],"Pen Nib":[0],"Bag of Preparation":[18],"Cursed Key":2,"MawBank":144,"Mercury Hourglass":[243],"Blood Vial":16,"Nunchaku":[13],"FaceOfCleric":21,"Ornamental Fan":[4],"obtain_stats":[{"Darkstone Periapt":10,"Astrolabe":0,"Vajra":9,"Charon\u0027s Ashes":34,"Pen Nib":54,"Bag of Preparation":38,"Cursed Key":17,"MawBank":26,"Ancient Tea Set":43,"Burning Blood":0,"Mercury Hourglass":34,"Calling Bell":34,"Blood Vial":34,"Frozen Eye":53,"Anchor":9,"Nunchaku":23,"Matryoshka":6,"FaceOfCleric":12,"Ornamental Fan":53,"Red Mask":24,"Membership Card":38,"Toy Ornithopter":41,"TungstenRod":44},{"Darkstone Periapt":8,"Astrolabe":0,"Vajra":7,"Charon\u0027s Ashes":20,"Pen Nib":29,"Bag of Preparation":21,"Cursed Key":11,"MawBank":16,"Ancient Tea Set":24,"Burning Blood":0,"Mercury Hourglass":20,"Calling Bell":20,"Blood Vial":20,"Frozen Eye":28,"Anchor":7,"Nunchaku":15,"Matryoshka":6,"FaceOfCleric":8,"Ornamental Fan":28,"Red Mask":16,"Membership Card":21,"Toy Ornithopter":23,"TungstenRod":25},{"Darkstone Periapt":32,"Astrolabe":0,"Vajra":28,"Charon\u0027s Ashes":101,"Pen Nib":158,"Bag of Preparation":106,"Cursed Key":50,"MawBank":75,"Ancient Tea Set":120,"Burning Blood":0,"Mercury Hourglass":101,"Calling Bell":101,"Blood Vial":101,"Frozen Eye":154,"Anchor":28,"Nunchaku":71,"Matryoshka":26,"FaceOfCleric":32,"Ornamental Fan":154,"Red Mask":75,"Membership Card":106,"Toy Ornithopter":115,"TungstenRod":129}],"Toy Ornithopter":29,"TungstenRod":58},"card_choices":[{"not_picked":["Blood for Blood","Carnage"],"picked":"Armaments","floor":1.0},{"not_picked":["Carnage","Clash"],"picked":"Sentinel","floor":2.0},{"not_picked":["Entrench","Headbutt"],"picked":"Clothesline","floor":3.0},{"not_picked":["Searing Blow","Pommel Strike"],"picked":"Iron Wave","floor":4.0},{"not_picked":["Pummel","Fire Breathing"],"picked":"Feel No Pain","floor":5.0},{"not_picked":["Warcry","Anger"],"picked":"Shrug It Off","floor":6.0},{"not_picked":["Thunderclap","Clash"],"picked":"Double Tap","floor":8.0},{"not_picked":["Hemokinesis","Clothesline"],"picked":"Whirlwind","floor":10.0},{"not_picked":["Clothesline","Clash"],"picked":"Metallicize","floor":13.0},{"not_picked":["Sword Boomerang","Heavy Blade"],"picked":"Armaments","floor":14.0},{"not_picked":["Brutality","Berserk"],"picked":"Juggernaut","floor":16.0},{"not_picked":["Warcry+1","Dual Wield"],"picked":"Disarm","floor":18.0},{"not_picked":["Thunderclap","Headbutt+1"],"picked":"Rampage","floor":19.0},{"not_picked":["Cleave","Warcry"],"picked":"Carnage+1","floor":22.0},{"not_picked":["Corruption","Anger"],"picked":"Burning Pact","floor":23.0},{"not_picked":["Searing Blow","Pommel Strike"],"picked":"Shrug It Off+1","floor":28.0},{"not_picked":["Dual Wield","Dropkick"],"picked":"Feed","floor":29.0},{"not_picked":["Clothesline","Pommel Strike","Rampage"],"picked":"SKIP","floor":30.0},{"not_picked":["Fiend Fire","Immolate"],"picked":"Offering","floor":33.0},{"not_picked":["Bloodletting+1","Anger","Body Slam"],"picked":"SKIP","floor":35.0},{"not_picked":["Finesse","Dramatic Entrance"],"picked":"Impatience","floor":36.0},{"not_picked":["Pommel Strike+1","Uppercut+1","Sword Boomerang"],"picked":"SKIP","floor":39.0},{"not_picked":["Iron Wave","Body Slam+1"],"picked":"True Grit+1","floor":41.0},{"not_picked":["Headbutt+1","Uppercut+1","Evolve"],"picked":"SKIP","floor":42.0},{"not_picked":["Blood for Blood+1","Clash+1","Cleave"],"picked":"SKIP","floor":45.0},{"not_picked":["Heavy Blade","Anger","Clothesline+1"],"picked":"SKIP","floor":46.0},{"not_picked":["Heavy Blade+1","Anger+1"],"picked":"Juggernaut","floor":54.0}],"player_experience":752708,"relics_obtained":[{"floor":6.0,"key":"Matryoshka"},{"floor":9.0,"key":"Anchor"},{"floor":9.0,"key":"Vajra"},{"floor":10.0,"key":"Darkstone Periapt"},{"floor":23.0,"key":"Nunchaku"},{"floor":24.0,"key":"Red Mask"},{"floor":26.0,"key":"MawBank"},{"floor":34.0,"key":"Blood Vial"},{"floor":34.0,"key":"Mercury Hourglass"},{"floor":34.0,"key":"Charon\u0027s Ashes"},{"floor":41.0,"key":"Toy Ornithopter"},{"floor":43.0,"key":"Ancient Tea Set"},{"floor":44.0,"key":"TungstenRod"},{"floor":54.0,"key":"Pen Nib"}],"event_choices":[{"damage_healed":0.0,"max_hp_gain":0.0,"max_hp_loss":0.0,"gold_gain":0.0,"event_name":"FaceTrader","player_choice":"Trade","floor":12.0,"gold_loss":0.0,"damage_taken":0.0,"relics_obtained":["FaceOfCleric"]},{"damage_healed":0.0,"max_hp_gain":0.0,"max_hp_loss":0.0,"gold_gain":0.0,"event_name":"The Library","player_choice":"Read","floor":21.0,"gold_loss":0.0,"damage_taken":0.0,"cards_obtained":["Feel No Pain"]},{"damage_healed":0.0,"max_hp_gain":0.0,"max_hp_loss":0.0,"gold_gain":0.0,"event_name":"Masked Bandits","player_choice":"Fought Bandits","floor":24.0,"gold_loss":0.0,"damage_taken":0.0},{"damage_healed":0.0,"max_hp_gain":0.0,"max_hp_loss":0.0,"gold_gain":0.0,"event_name":"Knowing Skull","player_choice":"","floor":25.0,"potions_obtained":[],"gold_loss":0.0,"damage_taken":6.0,"cards_obtained":[]},{"damage_healed":0.0,"max_hp_gain":0.0,"max_hp_loss":0.0,"gold_gain":0.0,"cards_transformed":["Strike_R","Strike_R"],"event_name":"Drug Dealer","player_choice":"Became Test Subject","floor":31.0,"gold_loss":0.0,"damage_taken":0.0,"cards_obtained":["Flame Barrier","Disarm"]},{"damage_healed":0.0,"max_hp_gain":0.0,"max_hp_loss":0.0,"gold_gain":0.0,"event_name":"SensoryStone","player_choice":"Memory 1","floor":36.0,"gold_loss":0.0,"damage_taken":0.0},{"damage_healed":0.0,"max_hp_gain":0.0,"max_hp_loss":0.0,"gold_gain":0.0,"event_name":"Duplicator","player_choice":"Copied","floor":37.0,"gold_loss":0.0,"damage_taken":0.0,"cards_obtained":["Reaper"]},{"damage_healed":0.0,"max_hp_gain":0.0,"max_hp_loss":0.0,"gold_gain":0.0,"event_name":"MindBloom","player_choice":"Fight","floor":44.0,"gold_loss":0.0,"damage_taken":0.0},{"damage_healed":0.0,"max_hp_gain":0.0,"max_hp_loss":0.0,"gold_gain":0.0,"event_name":"Lab","player_choice":"Got Potions","floor":48.0,"gold_loss":0.0,"damage_taken":0.0}],"is_beta":false,"boss_relics":[{"not_picked":["Tiny House","Coffee Dripper"],"picked":"Cursed Key"},{"not_picked":["Runic Dome","Pandora\u0027s Box"],"picked":"Calling Bell"}],"items_purged_floors":[20,53],"is_endless":false,"potions_floor_spawned":[1,2,5,13,14,22,24,30,33,42,44,46,54],"killed_by":"The Heart","ascension_level":4}}