{"host":"9b7hrp48q3pna783","time":1611478635,"event":{"mods":["BaseMod","Colored Map","Colored Powertips","Highlight Path","Minty Spire (QoL Compilation)","Relic Stats"],"gold_per_floor":[110,110,120,140,153,187,209,221,233,270,282,306,336,348,348],"floor_reached":14,"language":"ENG","playtime":7714,"items_purged":[],"score":109,"play_id":"ccad2544-5694-42f3-bf24-7b0f795eb7f2","local_time":"20210124035715","is_ascension_mode":true,"campfire_choices":[{"data":"Pommel Strike","floor":8,"key":"SMITH"},{"data":"Bash","floor":11,"key":"SMITH"}],"circlet_count":0,"master_deck":["Strike_R","Strike_R","Strike_R","Strike_R","Strike_R","Defend_R","Defend_R","Defend_R","Defend_R","Bash+1","True Grit+1","Pommel Strike+1","Rampage","Headbutt","Whirlwind","Shrug It Off"],"relics":["Burning Blood","Potion Belt","MawBank","InkBottle"],"acts_visited":["Exordium"],"potions_floor_usage":[7,14],"damage_taken":[{"damage":1,"enemies":"Jaw Worm","floor":1,"turns":3},{"damage":1,"enemies":"Cultist","floor":3,"turns":4},{"damage":0,"enemies":"Small Slimes","floor":4,"turns":3},{"damage":12,"enemies":"2 Fungi Beasts","floor":5,"turns":3},{"damage":44,"enemies":"Lagavulin","floor":6,"turns":6},{"damage":5,"enemies":"Red Slaver","floor":7,"turns":4},{"damage":28,"enemies":"Gremlin Nob","floor":10,"turns":4},{"damage":7,"enemies":"Exordium Wildlife","floor":12,"turns":3},{"damage":12,"enemies":"2 Fungi Beasts","floor":13,"turns":3},{"damage":4,"enemies":"Lagavulin","floor":14,"turns":4}],"seed_played":"-5743547322596567707","potions_obtained":[{"floor":3,"key":"Fire Potion"},{"floor":5,"key":"Regen Potion"},{"floor":6,"key":"Swift Potion"},{"floor":12,"key":"FearPotion"},{"floor":13,"key":"FearPotion"}],"is_trial":false,"path_per_floor":["M","?","M","M","M","E","M","R","T","E","R","M","M","E"],"character_chosen":"IRONCLAD","items_purchased":[],"campfire_rested":0,"item_purchase_floors":[],"current_hp_per_floor":[80,80,80,80,74,36,37,37,37,15,15,14,8,16,16],"gold":348,"neow_bonus":"RANDOM_COMMON_RELIC","is_daily":false,"chose_seed":false,"campfire_upgraded":2,"win_rate":0.0,"timestamp":1611478635,"path_taken":["M","?","?","M","M","E","M","R","T","E","R","M","M","E"],"items_purchased_type":[],"build_version":"2020-12-22","purchased_purges":0,"victory":false,"max_hp_per_floor":[80,80,80,80,80,80,80,80,80,80,80,80,80,80,80],"relic_stats":{"counters":[10,37],"MawBank":96,"obtain_stats":[{"Potion Belt":0,"MawBank":6,"Burning Blood":0,"InkBottle":10},{"Potion Belt":0,"MawBank":5,"Burning Blood":0,"InkBottle":7},{"Potion Belt":0,"MawBank":19,"Burning Blood":0,"InkBottle":27}],"Burning Blood":38,"InkBottle":[1]},"card_choices":[{"not_picked":["Heavy Blade","Pummel"],"picked":"True Grit","floor":1},{"not_picked":["Twin Strike","Iron Wave"],"picked":"Pommel Strike","floor":3},{"not_picked":["Infernal Blade","Heavy Blade"],"picked":"Rampage","floor":4},{"not_picked":["Headbutt","Perfected Strike","Spot Weakness"],"picked":"SKIP","floor":5},{"not_picked":["Headbutt","Perfected Strike","Spot Weakness"],"picked":"SKIP","floor":5},{"not_picked":["Perfected Strike","Infernal Blade","Fire Breathing"],"picked":"SKIP","floor":6},{"not_picked":["Sword Boomerang","Pommel Strike"],"picked":"Headbutt","floor":7},{"not_picked":["Sever Soul","Immolate"],"picked":"Whirlwind","floor":10},{"not_picked":["Iron Wave","Pommel Strike","True Grit"],"picked":"SKIP","floor":12},{"not_picked":["Armaments","Flex"],"picked":"Shrug It Off","floor":13}],"player_experience":106469,"relics_obtained":[{"floor":6,"key":"MawBank"},{"floor":10,"key":"InkBottle"}],"event_choices":[{"damage_healed":0,"gold_gain":0,"player_choice":"Upgraded","damage_taken":0,"max_hp_gain":0,"max_hp_loss":0,"event_name":"Upgrade Shrine","floor":2,"gold_loss":0,"cards_upgraded":["True Grit"]}],"is_beta":false,"boss_relics":[],"items_purged_floors":[],"is_endless":false,"potions_floor_spawned":[3,5,6,12,13],"killed_by":"Lagavulin","ascension_level":1}}