{"host":"fworv1gvvajf3x0f","time":1611477607,"event":{"mods":["AchievementEnabler","Aspiration","BaseMod","Better Match","Better Note","Better Sensory Stone","Better Third Choice","Better-Laid Plans","BetterRewards","Colored Map","Colored Powertips","Displayed Cursed Tome","Energized Spire","Good Game Mod","Highlight Path","Infinite Spire","Minty Spire (QoL Compilation)","Relic Stats","Replay The Spire","Spicy Shops","StSLib"],"gold_per_floor":[115,133,26,101,115,115,125,125,149,149,149,29,29,57,57,79,79,187,187,224,250,250,250,250,287,311,311,311,343,343,385,401,434,434,442,442],"floor_reached":35,"language":"ZHS","playtime":2958,"items_purged":[],"score":441,"play_id":"5beebe53-62bc-4f6b-9507-9ddc1aa5ee7f","local_time":"20210124164007","is_ascension_mode":true,"campfire_choices":[{"data":"Bullet Time","floor":6,"key":"SMITH"},{"data":"Armaments","floor":8,"key":"SMITH"},{"data":"Enlightenment","floor":15,"key":"SMITH"},{"data":"Strike_R","floor":17,"key":"PURGE"},{"data":"Limit Break","floor":27,"key":"SMITH"},{"data":"Sentinel","floor":30,"key":"SMITH"},{"floor":34,"key":"REST"}],"circlet_count":0,"master_deck":["Strike_R","Defend_R","Defend_R","Bash","Bullet Time+1","ReplayTheSpireMod:Muscle Training","ReplayTheSpireMod:Limb From Limb","Shrug It Off","Whirlwind","Armaments+1","Midas Touch","Enlightenment+1","Finesse","Limit Break+1","Overencumbered","Clumsy","Sentinel+1","Warcry+1","infinitespire:UltimateForm","Heavy Blade","ReplayTheSpireMod:Limb From Limb","Feed","Flex+1"],"relics":["Burning Blood","REME:ComplimentaryCards","Replay:Bandana","ReplayTheSpireMod:ShopPack","aspiration:BabyByrd","Kintsugi","Nilry\u0027s Codex","Replay:Kaleidoscope","Pocketwatch","Ginger","Gremlin Horn"],"acts_visited":["Exordium","TheCity"],"potions_floor_usage":[18,18,25,32,32,35],"damage_taken":[{"damage":8.0,"enemies":"Cultist","floor":1.0,"turns":4.0},{"damage":1.0,"enemies":"Small Slimes","floor":2.0,"turns":3.0},{"damage":10,"enemies":"Jaw Worm","floor":5,"turns":3},{"damage":4,"enemies":"Blue Slaver","floor":7,"turns":2},{"damage":6,"enemies":"Looter","floor":14,"turns":3},{"damage":0,"enemies":"Exordium Wildlife","floor":16,"turns":3},{"damage":63,"enemies":"Fading Forest","floor":18,"turns":11},{"damage":1,"enemies":"3 Byrds","floor":20,"turns":3},{"damage":12,"enemies":"Shell Parasite","floor":21,"turns":4},{"damage":7,"enemies":"Gremlin Leader","floor":25,"turns":2},{"damage":13,"enemies":"Snecko","floor":26,"turns":3},{"damage":1,"enemies":"Centurion and Healer","floor":29,"turns":2},{"damage":44,"enemies":"Book of Stabbing","floor":31,"turns":4},{"damage":2,"enemies":"Snake Plant","floor":32,"turns":3},{"damage":13,"enemies":"Cultist and Chosen","floor":33,"turns":4},{"damage":95,"enemies":"Automaton","floor":35,"turns":6}],"seed_played":"-5563501356810943875","potions_obtained":[{"floor":1.0,"key":"Dexterity Potion"},{"floor":7,"key":"Swift Potion"},{"floor":20,"key":"SteroidPotion"},{"floor":21,"key":"Adrenaline Potion"},{"floor":26,"key":"Strength Potion"},{"floor":31,"key":"Energy Potion"},{"floor":32,"key":"FairyPotion"}],"is_trial":false,"path_per_floor":["M","M","$","?","M","R","M","R","T","PTL","PTL","$","?","M","R","M","R_BF","B",null,"M","M","?","AVR","?","E","M","R","T","M","R","E","M","M","R","B"],"character_chosen":"IRONCLAD","items_purchased":["Whirlwind","ReplayTheSpireMod:ShopPack"],"campfire_rested":1,"item_purchase_floors":[3,12],"current_hp_per_floor":[70,75,75,64,60,60,62,62,62,62,62,62,62,62,62,68,68,25,66,71,65,49,49,49,48,41,41,41,46,46,8,15,8,32,0,0],"gold":442,"neow_bonus":"","is_daily":false,"chose_seed":false,"campfire_upgraded":5,"win_rate":0.0,"timestamp":1611477607,"path_taken":["M","M","$","?","M","R","M","R","T","PTL","PTL","$","?","M","R","M","R_BF","BOSS","M","M","?","AVR","?","E","M","R","T","M","R","E","M","M","R","BOSS"],"items_purchased_type":["Card","Relic"],"build_version":"2020-12-22","purchased_purges":0,"victory":false,"max_hp_per_floor":[80,80,80,80,80,80,80,80,80,80,80,80,80,80,80,80,80,80,80,80,80,80,80,80,80,80,80,80,80,80,80,83,83,83,83,83],"relic_stats":{"Gremlin Horn":[3,3],"counters":[159,681],"Ginger":[5],"obtain_stats":[{"Golden Egg":31,"Vampiric Spirits":29,"Whetstone":6,"Ginger":28,"aspiration:RitualStick":19,"Ring of Searing":11,"aspiration:PoetsPen":51,"aspiration:BabyByrd":7,"MealTicket":13,"infinitespire:Golems Mask":7,"Fusion Hammer":17,"HandDrill":0,"Velvet Choker":34,"infinitespire:Magic Flask":10,"Akabeko":29,"aspiration:FrozenJewel":47,"Snecko Scales":29,"ReplayTheSpireMod:Ring of Collecting":12,"Bird Faced Urn":0,"Snecko Eye":34,"Pandora\u0027s Box":17,"CultistMask":14,"Kintsugi":19,"Unceasing Top":0,"energizedSpire:PogoStick":34,"King of Hearts":0,"Replay:Multitool":9,"Smiling Mask":7,"Burning Blood":0,"Ring of Peace":20,"aspiration:AnachronicSnailShell":46,"Replay:Lucky Slots":24,"WingedGreaves":40,"energizedSpire:HugeHouse":17,"aspiration:FutureDiary":26,"Ring of Panic":11,"Ring of the Snake":0,"NeowsBlessing":0,"Self Forming Clay":9,"betterThird:NestCultRelic":21,"PreservedInsect":23,"infinitespire:Lucky Rock":20,"Ornamental Fan":54,"Art of War":7,"Garlic":12,"Bottled Lightning":26,"Champion Belt":42,"ReplayTheSpireMod:Ring of Challenge":26,"ReplayTheSpireMod:Lightbulb":36,"Toy Ornithopter":28,"infinitespire:Midas Blood":9,"Divine Protection":28,"Calipers":26,"Gremlin Horn":31,"Nilry\u0027s Codex":22,"Vajra":9,"Lizard Tail":9,"Centennial Puzzle":0,"aspiration:ArtOfWarUpgrade":10,"Ring of Hypnosis":12,"ReplayTheSpireMod:CursedCoin":10,"aspiration:SeaSaltIceCream":26,"Letter Opener":30,"Replay:Kaleidoscope":23,"Shuriken":9,"Molten Egg 2":7,"Simple Rune":43,"Onion Ring":46,"infinitespire:EmpoweringShard":19,"Grinning Jar":0,"Pocketwatch":0,"ReplayFunnel":53,"ReplayTheSpireMod:Ring of Exchange":22,"Snecko Heart":17,"Incense Burner":36,"Empty Cage":17,"PrismaticShard":27,"ReplayTheSpireMod:EnergyBall":27,"Frozen Eye":0,"Replay:Bandana":10,"energizedSpire:CursedPentagram":17,"Chameleon Ring":23,"infinitespire:Chaos":0,"Gremlin Food":36,"aspiration:FetidBarrel":46,"infinitespire:CursedDice":42,"Guide Book":36,"infinitespire:EmptyRelic":0,"Odd Mushroom":8,"Orichalcum":0,"Medical Kit":11,"White Beast Statue":0,"Mercury Hourglass":23,"Strange Spoon":31,"REME:ComplimentaryCards":0,"aspiration:WatcherSkillbook":34,"infinitespire:Satchel":12,"Bag of Marbles":41,"Membership Card":0,"PureWater":0,"ReplayTheSpireMod:ShopPack":12},{"Golden Egg":119,"Vampiric Spirits":35,"Whetstone":57,"Ginger":154,"aspiration:RitualStick":62,"Ring of Searing":82,"aspiration:PoetsPen":46,"aspiration:BabyByrd":67,"MealTicket":26,"infinitespire:Golems Mask":81,"Fusion Hammer":112,"HandDrill":64,"Velvet Choker":94,"infinitespire:Magic Flask":23,"Akabeko":13,"aspiration:FrozenJewel":44,"Snecko Scales":35,"ReplayTheSpireMod:Ring of Collecting":6,"Bird Faced Urn":53,"Snecko Eye":120,"Pandora\u0027s Box":73,"CultistMask":6,"Kintsugi":150,"Unceasing Top":18,"energizedSpire:PogoStick":14,"King of Hearts":104,"Replay:Multitool":134,"Smiling Mask":23,"Burning Blood":0,"Ring of Peace":9,"aspiration:AnachronicSnailShell":126,"Replay:Lucky Slots":77,"WingedGreaves":97,"energizedSpire:HugeHouse":61,"aspiration:FutureDiary":12,"Ring of Panic":82,"Ring of the Snake":0,"NeowsBlessing":0,"Self Forming Clay":53,"betterThird:NestCultRelic":76,"PreservedInsect":88,"infinitespire:Lucky Rock":9,"Ornamental Fan":103,"Art of War":53,"Garlic":83,"Bottled Lightning":90,"Champion Belt":98,"ReplayTheSpireMod:Ring of Challenge":12,"ReplayTheSpireMod:Lightbulb":95,"Toy Ornithopter":117,"infinitespire:Midas Blood":23,"Divine Protection":13,"Calipers":33,"Gremlin Horn":156,"Nilry\u0027s Codex":152,"Vajra":107,"Lizard Tail":5,"Centennial Puzzle":129,"aspiration:ArtOfWarUpgrade":53,"Ring of Hypnosis":6,"ReplayTheSpireMod:CursedCoin":23,"aspiration:SeaSaltIceCream":12,"Letter Opener":92,"Replay:Kaleidoscope":152,"Shuriken":81,"Molten Egg 2":4,"Simple Rune":124,"Onion Ring":126,"infinitespire:EmpoweringShard":113,"Grinning Jar":18,"Pocketwatch":47,"ReplayFunnel":102,"ReplayTheSpireMod:Ring of Exchange":30,"Snecko Heart":85,"Incense Burner":39,"Empty Cage":7,"PrismaticShard":12,"ReplayTheSpireMod:EnergyBall":90,"Frozen Eye":129,"Replay:Bandana":23,"energizedSpire:CursedPentagram":28,"Chameleon Ring":31,"infinitespire:Chaos":53,"Gremlin Food":39,"aspiration:FetidBarrel":100,"infinitespire:CursedDice":124,"Guide Book":39,"infinitespire:EmptyRelic":53,"Odd Mushroom":68,"Orichalcum":104,"Medical Kit":58,"White Beast Statue":53,"Mercury Hourglass":11,"Strange Spoon":13,"REME:ComplimentaryCards":0,"aspiration:WatcherSkillbook":38,"infinitespire:Satchel":110,"Bag of Marbles":42,"Membership Card":18,"PureWater":53,"ReplayTheSpireMod:ShopPack":147},{"Golden Egg":525,"Vampiric Spirits":170,"Whetstone":242,"Ginger":662,"aspiration:RitualStick":272,"Ring of Searing":346,"aspiration:PoetsPen":208,"aspiration:BabyByrd":291,"MealTicket":124,"infinitespire:Golems Mask":344,"Fusion Hammer":482,"HandDrill":280,"Velvet Choker":389,"infinitespire:Magic Flask":112,"Akabeko":55,"aspiration:FrozenJewel":199,"Snecko Scales":170,"ReplayTheSpireMod:Ring of Collecting":18,"Bird Faced Urn":233,"Snecko Eye":533,"Pandora\u0027s Box":318,"CultistMask":18,"Kintsugi":650,"Unceasing Top":95,"energizedSpire:PogoStick":66,"King of Hearts":435,"Replay:Multitool":587,"Smiling Mask":112,"Burning Blood":0,"Ring of Peace":38,"aspiration:AnachronicSnailShell":561,"Replay:Lucky Slots":332,"WingedGreaves":399,"energizedSpire:HugeHouse":265,"aspiration:FutureDiary":49,"Ring of Panic":346,"Ring of the Snake":0,"NeowsBlessing":0,"Self Forming Clay":233,"betterThird:NestCultRelic":327,"PreservedInsect":371,"infinitespire:Lucky Rock":38,"Ornamental Fan":428,"Art of War":233,"Garlic":349,"Bottled Lightning":376,"Champion Belt":403,"ReplayTheSpireMod:Ring of Challenge":49,"ReplayTheSpireMod:Lightbulb":391,"Toy Ornithopter":514,"infinitespire:Midas Blood":112,"Divine Protection":55,"Calipers":160,"Gremlin Horn":668,"Nilry\u0027s Codex":657,"Vajra":447,"Lizard Tail":16,"Centennial Puzzle":575,"aspiration:ArtOfWarUpgrade":233,"Ring of Hypnosis":18,"ReplayTheSpireMod:CursedCoin":112,"aspiration:SeaSaltIceCream":49,"Letter Opener":381,"Replay:Kaleidoscope":657,"Shuriken":344,"Molten Egg 2":11,"Simple Rune":551,"Onion Ring":561,"infinitespire:EmpoweringShard":489,"Grinning Jar":95,"Pocketwatch":209,"ReplayFunnel":422,"ReplayTheSpireMod:Ring of Exchange":147,"Snecko Heart":361,"Incense Burner":184,"Empty Cage":29,"PrismaticShard":49,"ReplayTheSpireMod:EnergyBall":376,"Frozen Eye":575,"Replay:Bandana":112,"energizedSpire:CursedPentagram":138,"Chameleon Ring":153,"infinitespire:Chaos":233,"Gremlin Food":184,"aspiration:FetidBarrel":413,"infinitespire:CursedDice":551,"Guide Book":184,"infinitespire:EmptyRelic":233,"Odd Mushroom":295,"Orichalcum":435,"Medical Kit":247,"White Beast Statue":233,"Mercury Hourglass":46,"Strange Spoon":55,"REME:ComplimentaryCards":0,"aspiration:WatcherSkillbook":181,"infinitespire:Satchel":465,"Bag of Marbles":193,"Membership Card":95,"PureWater":233,"ReplayTheSpireMod:ShopPack":633}],"Burning Blood":572,"Pocketwatch":[14]},"card_choices":[{"not_picked":["Flex","Armaments"],"picked":"ReplayTheSpireMod:Limb From Limb","floor":1.0},{"not_picked":["Defy Death","Second Wind"],"picked":"Shrug It Off","floor":2.0},{"not_picked":["Twin Strike","Havoc","True Grit"],"picked":"SKIP","floor":5},{"not_picked":["True Grit","Life Link"],"picked":"Armaments","floor":7},{"not_picked":["Magnetism","ReplayUltimateDefense"],"picked":"Midas Touch","floor":12},{"not_picked":["ReplayTheSpireMod:Trickstab","Good Instincts"],"picked":"Enlightenment","floor":12},{"not_picked":["Blind","Forethought"],"picked":"Finesse","floor":12},{"not_picked":["Replay:Undeath\u0027s Touch","Clash","Pommel Strike"],"picked":"SKIP","floor":14},{"not_picked":["Sever Soul","Perfected Strike","True Grit"],"picked":"SKIP","floor":16},{"not_picked":["Demon Form","Offering"],"picked":"Limit Break","floor":18},{"not_picked":["ReplayTheSpireMod:Strike From Hell","Hemokinesis"],"picked":"Sentinel","floor":20},{"not_picked":["Headbutt","Carnage"],"picked":"Warcry+1","floor":21},{"not_picked":["Rupture","Pommel Strike"],"picked":"Heavy Blade","floor":25},{"not_picked":["Havoc","Twin Strike","Thunderclap"],"picked":"SKIP","floor":26},{"not_picked":["Heavy Blade","Power Through"],"picked":"ReplayTheSpireMod:Limb From Limb","floor":29},{"not_picked":["Pommel Strike","Thunderclap"],"picked":"Feed","floor":31},{"not_picked":["ReplayReversal+1","Carnage+1"],"picked":"Flex+1","floor":32},{"not_picked":["Flex","Sentinel","Twin Strike"],"picked":"SKIP","floor":33}],"player_experience":322043,"relics_obtained":[{"floor":9,"key":"Replay:Bandana"},{"floor":25,"key":"Pocketwatch"},{"floor":28,"key":"Ginger"},{"floor":31,"key":"Gremlin Horn"}],"event_choices":[{"damage_healed":0,"gold_gain":75,"player_choice":"Gold","damage_taken":11,"max_hp_gain":0,"max_hp_loss":0,"event_name":"betterThird:BetterGoop","floor":4,"gold_loss":0},{"damage_healed":0,"gold_gain":0,"player_choice":"Obtained Book","damage_taken":16,"max_hp_gain":0,"max_hp_loss":0,"event_name":"Cursed Tome","floor":22,"gold_loss":0}],"is_beta":false,"boss_relics":[{"not_picked":["Abe\u0027s Treasure","Black Blood"],"picked":"Kintsugi"}],"items_purged_floors":[],"is_endless":false,"potions_floor_spawned":[1,7,20,21,26,31,32],"killed_by":"Automaton","ascension_level":6}}