{"host":"ebj6lkgm8suah319","time":1611512515,"event":{"mods":["2.2 Compatiblity","AchievementEnabler","BaseMod","Block Reminder","Colored Map","Colored Powertips","Minty Spire (QoL Compilation)","Quick Restart","Rare Cards Sparkle","Relic Stats","SuperFastMode"],"gold_per_floor":[110,110,110,120,135,135,466,466,466,501,103,117,117,145,145,245,245,263,173,186,200,200,229,229,254,331,20,31,47,58,74,74,174,174,189,199,217,227,278,278,307,307,307,335,347,347,367,467,467,467],"floor_reached":51,"language":"ENG","playtime":1980,"items_purged":["Strike_B"],"score":994,"play_id":"3776a424-64e2-4a02-95ac-2e27ec3f5a3e","local_time":"20210124132155","is_ascension_mode":false,"campfire_choices":[{"data":"Ball Lightning","floor":6,"key":"SMITH"},{"data":"Conserve Battery","floor":15,"key":"SMITH"},{"floor":24,"key":"REST"},{"data":"Amplify","floor":32,"key":"SMITH"},{"floor":40,"key":"REST"},{"floor":42,"key":"REST"},{"floor":49,"key":"REST"}],"circlet_count":0,"master_deck":["Strike_B+1","Defend_B+1","Defend_B","Defend_B","Defend_B+1","Zap","Dualcast","Ball Lightning+1","Coolheaded","Conserve Battery+1","Ball Lightning","Consume+1","Reinforced Body","Sweeping Beam","Amplify+1","Creative AI+1","Coolheaded","Loop+1","White Noise","Machine Learning+1","Force Field","Storm+1","Defragment+1","Seek","Chill+1","Force Field+1","Barrage+1","Capacitor+1","Heatsinks+1","Coolheaded+1"],"relics":["Cracked Core","Old Coin","Mummified Hand","Potion Belt","Frozen Egg 2","Matryoshka","Inserter","FossilizedHelix","InkBottle","Sundial","Bag of Preparation","White Beast Statue","Bird Faced Urn","Fusion Hammer","Calipers","Shuriken","Strawberry","Dead Branch","Unceasing Top","Omamori"],"acts_visited":["Exordium","TheCity","TheBeyond"],"potions_floor_usage":[10,10,10,14,23,25,25,33,39,39,39,50],"damage_taken":[{"damage":0,"enemies":"2 Louse","floor":1,"turns":2},{"damage":0,"enemies":"Small Slimes","floor":4,"turns":2},{"damage":1,"enemies":"Cultist","floor":5,"turns":3},{"damage":8,"enemies":"Lagavulin","floor":7,"turns":8},{"damage":1,"enemies":"3 Sentries","floor":10,"turns":4},{"damage":0,"enemies":"Looter","floor":12,"turns":4},{"damage":2,"enemies":"Lagavulin","floor":14,"turns":5},{"damage":27,"enemies":"Slime Boss","floor":16,"turns":11},{"damage":3,"enemies":"Chosen","floor":18,"turns":6},{"damage":5,"enemies":"Shell Parasite","floor":20,"turns":8},{"damage":7,"enemies":"Centurion and Healer","floor":21,"turns":8},{"damage":6,"enemies":"Book of Stabbing","floor":23,"turns":6},{"damage":0,"enemies":"Gremlin Leader","floor":25,"turns":5},{"damage":7,"enemies":"Snake Plant","floor":28,"turns":4},{"damage":13,"enemies":"Sentry and Sphere","floor":29,"turns":6},{"damage":0,"enemies":"Shelled Parasite and Fungi","floor":30,"turns":5},{"damage":0,"enemies":"Centurion and Healer","floor":31,"turns":8},{"damage":0,"enemies":"Automaton","floor":33,"turns":8},{"damage":10,"enemies":"3 Shapes","floor":35,"turns":4},{"damage":5,"enemies":"3 Darklings","floor":36,"turns":4},{"damage":0,"enemies":"Jaw Worm Horde","floor":37,"turns":4},{"damage":0,"enemies":"4 Shapes","floor":38,"turns":4},{"damage":1,"enemies":"2 Orb Walkers","floor":39,"turns":5},{"damage":0,"enemies":"Giant Head","floor":41,"turns":7},{"damage":0,"enemies":"Nemesis","floor":44,"turns":4},{"damage":0,"enemies":"Maw","floor":45,"turns":7},{"damage":0,"enemies":"Transient","floor":47,"turns":5},{"damage":0,"enemies":"Time Eater","floor":50,"turns":6}],"seed_played":"-5603476793034732628","potions_obtained":[{"floor":4,"key":"Explosive Potion"},{"floor":5,"key":"EntropicBrew"},{"floor":10,"key":"FearPotion"},{"floor":12,"key":"EssenceOfSteel"},{"floor":18,"key":"Energy Potion"},{"floor":23,"key":"LiquidMemories"},{"floor":28,"key":"Fire Potion"},{"floor":29,"key":"DistilledChaos"},{"floor":30,"key":"BlessingOfTheForge"},{"floor":31,"key":"DistilledChaos"},{"floor":33,"key":"FocusPotion"},{"floor":35,"key":"EntropicBrew"},{"floor":39,"key":"SteroidPotion"},{"floor":41,"key":"AttackPotion"},{"floor":44,"key":"Explosive Potion"},{"floor":47,"key":"SteroidPotion"}],"is_trial":false,"path_per_floor":["M","?","?","M","M","R","E","?","T","E","$","M","?","E","R","B",null,"M","?","M","M","?","E","R","E","T","$","M","M","M","M","R","B",null,"M","M","M","M","?","R","E","R","T","E","M","?","M","?","R","B",null],"character_chosen":"DEFECT","items_purchased":["Frozen Egg 2","Reinforced Body","Bird Faced Urn"],"campfire_rested":4,"item_purchase_floors":[11,11,27],"current_hp_per_floor":[82,75,59,59,58,58,50,55,55,54,54,54,54,52,52,25,87,84,84,79,72,72,66,87,87,87,87,80,83,87,87,87,87,87,82,84,87,87,87,87,87,87,94,94,94,94,94,94,94,94],"gold":467,"neow_bonus":"TEN_PERCENT_HP_BONUS","is_daily":false,"chose_seed":false,"campfire_upgraded":3,"win_rate":0.0,"timestamp":1611512515,"path_taken":["M","?","?","M","M","R","E","?","T","E","$","M","?","E","R","BOSS","M","?","?","M","?","E","R","E","T","?","M","M","?","M","R","BOSS","M","M","M","M","?","R","E","R","T","E","M","?","?","?","R","BOSS"],"items_purchased_type":["Relic","Card","Relic"],"build_version":"2020-12-22","purchased_purges":1,"victory":true,"max_hp_per_floor":[82,82,82,82,82,82,82,87,87,87,87,87,87,87,87,87,87,87,87,87,87,87,87,87,87,87,87,87,87,87,87,87,87,87,87,87,87,87,87,87,87,87,94,94,94,94,94,94,94,94],"relic_stats":{"Inserter":[56],"counters":[28,149],"Mummified Hand":[191],"Sundial":[16],"Shuriken":[2],"Bird Faced Urn":[36],"Dead Branch":[11],"Bag of Preparation":[30],"obtain_stats":[{"Potion Belt":10,"Inserter":17,"Calipers":39,"Dead Branch":43,"Bag of Preparation":26,"Omamori":46,"Frozen Egg 2":11,"White Beast Statue":26,"Old Coin":7,"Matryoshka":14,"Mummified Hand":9,"Sundial":25,"Shuriken":41,"Bird Faced Urn":27,"Strawberry":43,"Fusion Hammer":34,"Cracked Core":0,"FossilizedHelix":22,"InkBottle":23,"Unceasing Top":44},{"Potion Belt":5,"Inserter":8,"Calipers":23,"Dead Branch":24,"Bag of Preparation":13,"Omamori":26,"Frozen Egg 2":5,"White Beast Statue":13,"Old Coin":4,"Matryoshka":7,"Mummified Hand":4,"Sundial":13,"Shuriken":24,"Bird Faced Urn":13,"Strawberry":24,"Fusion Hammer":18,"Cracked Core":0,"FossilizedHelix":11,"InkBottle":12,"Unceasing Top":25},{"Potion Belt":19,"Inserter":39,"Calipers":121,"Dead Branch":128,"Bag of Preparation":72,"Omamori":138,"Frozen Egg 2":19,"White Beast Statue":72,"Old Coin":15,"Matryoshka":28,"Mummified Hand":15,"Sundial":72,"Shuriken":128,"Bird Faced Urn":72,"Strawberry":128,"Fusion Hammer":101,"Cracked Core":0,"FossilizedHelix":61,"InkBottle":67,"Unceasing Top":132}],"InkBottle":[47],"Unceasing Top":[1]},"card_choices":[{"not_picked":["Steam","Fusion"],"picked":"Ball Lightning","floor":1},{"not_picked":["Hologram","Go for the Eyes"],"picked":"Coolheaded","floor":4},{"not_picked":["Heatsinks","Steam"],"picked":"Conserve Battery","floor":5},{"not_picked":["Conserve Battery","Darkness"],"picked":"Ball Lightning","floor":7},{"not_picked":["Rainbow","Coolheaded"],"picked":"Consume","floor":10},{"not_picked":["Steam","Gash"],"picked":"Sweeping Beam","floor":12},{"not_picked":["Ball Lightning","Chill"],"picked":"Amplify","floor":14},{"not_picked":["Rainbow","Multi-Cast"],"picked":"Creative AI+1","floor":16},{"not_picked":["Skim","Go for the Eyes"],"picked":"Coolheaded","floor":18},{"not_picked":["FTL","Cold Snap"],"picked":"Loop+1","floor":20},{"not_picked":["Sweeping Beam+1","Go for the Eyes"],"picked":"White Noise","floor":21},{"not_picked":["Hologram","Stack","Steam Power"],"picked":"SKIP","floor":23},{"not_picked":["Force Field","Streamline"],"picked":"Machine Learning+1","floor":25},{"not_picked":["Scrape+1","Double Energy"],"picked":"Force Field","floor":28},{"not_picked":["Rip and Tear","Go for the Eyes","Hologram+1"],"picked":"SKIP","floor":29},{"not_picked":["Barrage","Stack"],"picked":"Storm+1","floor":30},{"not_picked":["Go for the Eyes","Coolheaded"],"picked":"Defragment+1","floor":31},{"not_picked":["Machine Learning+1","Rainbow"],"picked":"Seek","floor":33},{"not_picked":["Beam Cell","Storm+1"],"picked":"Chill+1","floor":35},{"not_picked":["Chill+1","Melter+1"],"picked":"Force Field+1","floor":36},{"not_picked":["Force Field","Hologram","Conserve Battery"],"picked":"SKIP","floor":37},{"not_picked":["Hologram","Ball Lightning"],"picked":"Barrage+1","floor":38},{"not_picked":["Cold Snap","Chaos+1"],"picked":"Capacitor+1","floor":39},{"not_picked":["Seek","Beam Cell"],"picked":"Heatsinks+1","floor":41},{"not_picked":["Leap+1","Ball Lightning","Redo+1"],"picked":"SKIP","floor":44},{"not_picked":["Conserve Battery","Sweeping Beam+1","BootSequence"],"picked":"SKIP","floor":45},{"not_picked":["Steam Power+1","Hello World+1"],"picked":"Coolheaded+1","floor":47}],"player_experience":72341,"relics_obtained":[{"floor":7,"key":"Old Coin"},{"floor":9,"key":"Mummified Hand"},{"floor":10,"key":"Potion Belt"},{"floor":14,"key":"Matryoshka"},{"floor":23,"key":"InkBottle"},{"floor":25,"key":"Sundial"},{"floor":26,"key":"Bag of Preparation"},{"floor":26,"key":"White Beast Statue"},{"floor":39,"key":"Calipers"},{"floor":41,"key":"Shuriken"},{"floor":43,"key":"Strawberry"},{"floor":43,"key":"Dead Branch"},{"floor":44,"key":"Unceasing Top"}],"event_choices":[{"cards_removed":["Strike_B"],"damage_healed":0,"gold_gain":0,"player_choice":"Card Removal","damage_taken":7,"max_hp_gain":0,"max_hp_loss":0,"event_name":"Golden Wing","floor":2,"gold_loss":0},{"damage_healed":0,"gold_gain":0,"player_choice":"Entered Light","damage_taken":16,"max_hp_gain":0,"max_hp_loss":0,"event_name":"Shining Light","floor":3,"gold_loss":0,"cards_upgraded":["Defend_B","Strike_B"]},{"damage_healed":0,"gold_gain":0,"player_choice":"Donut","damage_taken":0,"max_hp_gain":5,"max_hp_loss":0,"event_name":"Big Fish","floor":8,"gold_loss":0},{"damage_healed":0,"gold_gain":0,"player_choice":"Grow","damage_taken":0,"max_hp_gain":0,"max_hp_loss":0,"event_name":"Living Wall","floor":13,"gold_loss":0,"cards_upgraded":["Consume"]},{"cards_removed":["Strike_B"],"damage_healed":0,"gold_gain":0,"player_choice":"Upgrade and Remove","damage_taken":0,"max_hp_gain":0,"max_hp_loss":0,"event_name":"Designer","floor":19,"gold_loss":90,"cards_upgraded":["Defend_B"]},{"damage_healed":0,"gold_gain":0,"player_choice":"Opened","damage_taken":0,"relics_obtained":["FossilizedHelix"],"max_hp_gain":0,"max_hp_loss":0,"event_name":"The Mausoleum","floor":22,"gold_loss":0},{"damage_healed":0,"gold_gain":0,"player_choice":"Fight","damage_taken":0,"max_hp_gain":0,"max_hp_loss":0,"event_name":"Mysterious Sphere","floor":39,"gold_loss":0},{"damage_healed":0,"gold_gain":0,"player_choice":"Gave Potion","damage_taken":0,"relics_obtained":["Omamori"],"max_hp_gain":0,"max_hp_loss":0,"event_name":"WeMeetAgain","floor":46,"gold_loss":0},{"damage_healed":0,"gold_gain":100,"player_choice":"Pray","damage_taken":0,"max_hp_gain":0,"max_hp_loss":0,"event_name":"Golden Shrine","floor":48,"gold_loss":0}],"is_beta":false,"boss_relics":[{"not_picked":["FrozenCore","Astrolabe"],"picked":"Inserter"},{"not_picked":["Cursed Key","Philosopher\u0027s Stone"],"picked":"Fusion Hammer"}],"items_purged_floors":[11],"is_endless":false,"potions_floor_spawned":[4,5,10,12,18,23,28,29,30,31,33,35,36,37,38,39,41,44,45,47],"ascension_level":0}}