{"host":"vm3f1ccwgbs4oygt","time":1611524340,"event":{"mods":["BaseMod","BetterRewards","Colored Powertips","Minty Spire (QoL Compilation)","Permanent Neow","Shop Mod","StSLib"],"gold_per_floor":[110,122,133,133,133,133,160,175,175,350,92,122,122,22,22,22,22],"floor_reached":16,"language":"ENG","playtime":1420,"items_purged":["Defend_R","Strike_R"],"score":113,"play_id":"9aa2516f-2824-413f-b153-260dbe4ec893","local_time":"20210124223900","is_ascension_mode":true,"campfire_choices":[{"data":"Armaments","floor":6,"key":"SMITH"},{"data":"Uppercut","floor":15,"key":"SMITH"}],"circlet_count":0,"master_deck":["Strike_R","Strike_R","Strike_R","Defend_R","Defend_R","Bash","Shrug It Off","Armaments+1","Shrug It Off","True Grit","Limit Break","Uppercut+1","Reaper"],"relics":["Burning Blood","Omamori","Eternal Feather","Calipers"],"acts_visited":["Exordium"],"potions_floor_usage":[16,16],"damage_taken":[{"damage":16,"enemies":"Jaw Worm","floor":1,"turns":4},{"damage":7,"enemies":"Cultist","floor":2,"turns":5},{"damage":8,"enemies":"2 Louse","floor":3,"turns":3},{"damage":10,"enemies":"Exordium Wildlife","floor":8,"turns":5},{"damage":24,"enemies":"3 Sentries","floor":12,"turns":13},{"damage":82,"enemies":"Slime Boss","floor":16,"turns":11}],"seed_played":"-6602145535217315150","potions_obtained":[{"floor":3,"key":"Fire Potion"},{"floor":12,"key":"SkillPotion"}],"is_trial":false,"path_per_floor":["M","M","M","?","?","R","T","M","T","?","$","E","?","$","R","B"],"character_chosen":"IRONCLAD","items_purchased":["Limit Break","Uppercut"],"campfire_rested":0,"item_purchase_floors":[11,11],"current_hp_per_floor":[78,77,75,68,68,68,68,64,64,64,64,46,51,51,57,0,0],"gold":22,"neow_bonus":"TEN_PERCENT_HP_BONUS","is_daily":false,"chose_seed":false,"campfire_upgraded":2,"win_rate":0.0,"timestamp":1611524340,"path_taken":["M","M","M","?","?","R","?","?","T","?","$","E","?","?","R","BOSS"],"items_purchased_type":["Card","Card"],"build_version":"2020-12-22","purchased_purges":2,"victory":false,"max_hp_per_floor":[88,88,88,88,88,88,88,88,88,88,88,88,93,93,93,93,93],"card_choices":[{"not_picked":["Body Slam","Seeing Red"],"picked":"Shrug It Off","floor":1},{"not_picked":["Seeing Red","Wild Strike"],"picked":"Armaments","floor":2},{"not_picked":["Rupture","Twin Strike","Perfected Strike"],"picked":"SKIP","floor":3},{"not_picked":["Iron Wave","Bloodletting"],"picked":"True Grit","floor":8},{"not_picked":["Thunderclap","Power Through"],"picked":"Reaper","floor":12}],"player_experience":823277,"relics_obtained":[{"floor":7,"key":"Omamori"},{"floor":9,"key":"Eternal Feather"},{"floor":12,"key":"Calipers"}],"event_choices":[{"cards_removed":["Defend_R"],"damage_healed":0,"gold_gain":0,"player_choice":"Card Removal","damage_taken":7,"max_hp_gain":0,"max_hp_loss":0,"event_name":"Golden Wing","floor":4,"gold_loss":0},{"damage_healed":0,"gold_gain":0,"cards_transformed":["Strike_R"],"player_choice":"Change","damage_taken":0,"max_hp_gain":0,"max_hp_loss":0,"event_name":"Living Wall","floor":5,"gold_loss":0,"cards_obtained":["Shrug It Off"]},{"damage_healed":0,"gold_gain":175,"player_choice":"AGREE","damage_taken":0,"max_hp_gain":0,"max_hp_loss":0,"event_name":"Liars Game","floor":10,"gold_loss":0,"cards_obtained":["Doubt"]},{"damage_healed":0,"gold_gain":0,"player_choice":"Donut","damage_taken":0,"max_hp_gain":5,"max_hp_loss":0,"event_name":"Big Fish","floor":13,"gold_loss":0}],"is_beta":false,"boss_relics":[],"items_purged_floors":[11,14],"is_endless":false,"potions_floor_spawned":[3,12],"killed_by":"Slime Boss","ascension_level":3}}