{"host":"bplbr8uekuotory4","time":1611491417,"event":{"mods":["Act Like it!","BaseMod","Custom Start","Gensokyo","GungeonMod","Hermit","KinomotoSakuraMod(木之本樱)","Marisa（F雨　魔理沙）","Minty Spire (QoL Compilation)","Prisma Mod","Quick Restart","Reimu（博丽灵梦）","Replay The Spire","SOS（斯巴达之子）","Spicy Shops","StSLib","TestMod","The Blackbeard","The Cursed","The Mystic","The Poker Player","The Runesmith","The Saiyan","The Senshi","The Servant 0.9.4","Yuri Mod","[IsaacMod]以撒尖塔"],"gold_per_floor":[116,116,132,82,7,7,40,14,65,93,148,160,192,192,192,265,265,281,281,153,166,177,177,207,207,207,223,223,29,29,48,48,48,48],"floor_reached":33,"language":"ZHS","playtime":829,"items_purged":["Strike_G","Defend_G","Defend_G","Strike_G"],"score":648,"play_id":"c18515ec-a73a-47fe-a9bb-47f6f3aaeb41","local_time":"20210124203017","is_ascension_mode":true,"campfire_choices":[{"data":"Neutralize","floor":6.0,"key":"SMITH"},{"data":"Poison Darts","floor":15.0,"key":"SMITH"},{"floor":23,"key":"RECALL"},{"data":"Burst","floor":25,"key":"SMITH"},{"data":"Survivor","floor":32,"key":"SMITH"}],"circlet_count":0,"master_deck":["AscendersBane","Strike_G+1","Defend_G","Defend_G","Survivor+1","Neutralize+1","Poisoned Stab","Backflip+1","Poison Darts+1","Burst+1"],"relics":["Ring of the Snake","testmod-TestBox","HushsDoor","TheBean","testmod-Temperance","NeowsBlessing","Orichalcum","ReplayTheSpireMod:Shallot","RuthlessExorcism:ReiMu","Replay:Bottled Steam","Smiling Mask","DemoMod:JetPack","ChewingGum","GuppysHairball","GuppysHead","Habit","Art of War","D6","Membership Card","DemoMod:GlassGuonStoneRelic"],"acts_visited":["Exordium","TheCity"],"potions_floor_usage":[28,33,33],"damage_taken":[{"damage":0.0,"enemies":"Cultist","floor":1.0,"turns":1.0},{"damage":0.0,"enemies":"Small Slimes","floor":3.0,"turns":1.0},{"damage":0.0,"enemies":"Gremlin Nob","floor":7.0,"turns":1.0},{"damage":0.0,"enemies":"Lagavulin","floor":10.0,"turns":2.0},{"damage":13.0,"enemies":"Lagavulin Event","floor":11.0,"turns":4.0},{"damage":0.0,"enemies":"Jaw Worm","floor":12.0,"turns":2.0},{"damage":2.0,"enemies":"3 Sentries","floor":13.0,"turns":7.0},{"damage":0,"enemies":"The Guardian","floor":16,"turns":8},{"damage":3,"enemies":"Shell Parasite","floor":18,"turns":3},{"damage":0,"enemies":"Chosen","floor":21,"turns":2},{"damage":0,"enemies":"Snake Plant","floor":22,"turns":2},{"damage":3,"enemies":"Book of Stabbing","floor":24,"turns":3},{"damage":5,"enemies":"Shelled Parasite and Fungi","floor":27,"turns":2},{"damage":10,"enemies":"Centurion and Healer","floor":31,"turns":2},{"damage":4,"enemies":"Pondfish","floor":33,"turns":5}],"seed_played":"5431433951877363653","potions_obtained":[{"floor":11.0,"key":"DemoMod:LeadSkinPotion"},{"floor":12.0,"key":"Dexterity Potion"},{"floor":13.0,"key":"CunningPotion"},{"floor":24,"key":"Elixir"},{"floor":28,"key":"testmod-SpacePotion"},{"floor":28,"key":"Fire Potion"},{"floor":28,"key":"PowerPotion"}],"is_trial":false,"path_per_floor":["M","?","M","?","$","R","E","$","T","E","?","M","E","?","R","B",null,"M","?","$","M","M","R","E","R","T","M","?","$","?","M","R","B"],"character_chosen":"THE_SILENT","items_purchased":["Backflip","GuppysHairball","GuppysHead","Habit","Membership Card"],"campfire_rested":0,"item_purchase_floors":[8,17,17,20,29],"current_hp_per_floor":[59,47,47,47,47,47,47,47,47,47,34,34,32,19,19,19,36,33,74,74,74,74,74,71,71,71,66,66,66,66,56,56,52,52],"gold":48,"neow_bonus":"THREE_ENEMY_KILL","is_daily":false,"chose_seed":false,"campfire_upgraded":4,"win_rate":0.0,"timestamp":1611491417,"path_taken":["M","?","M","?","$","R","E","$","T","E","?","M","E","?","R","BOSS","M","?","$","M","M","R","E","R","T","M","?","?","?","?","R","BOSS"],"items_purchased_type":["Card","Relic","Relic","Relic","Relic"],"build_version":"2020-12-22","purchased_purges":4,"victory":false,"max_hp_per_floor":[66,66,66,66,66,66,66,66,66,66,66,66,66,66,66,66,41,41,82,82,82,82,82,82,82,82,82,82,82,82,82,82,82,82],"card_choices":[{"not_picked":[],"picked":"Bomb","floor":0.0},{"not_picked":["Deflect","Backflip"],"picked":"Bomb","floor":1.0},{"not_picked":["Quick Slash","All Out Attack"],"picked":"Poisoned Stab","floor":3.0},{"not_picked":["Underhanded Strike","PiercingWail"],"picked":"Bomb","floor":7.0},{"not_picked":["Predator","Bane"],"picked":"Poison Darts","floor":10.0},{"not_picked":["Cloak And Dagger","Sneak Up","Blade Dance"],"picked":"SKIP","floor":12.0},{"not_picked":["Infinite Blades","Grand Finale","Flying Knee"],"picked":"SKIP","floor":13.0},{"not_picked":["Tools of the Trade","Wraith Form v2"],"picked":"Burst","floor":16},{"not_picked":["Slice","Poisoned Stab","Cloak And Dagger+1"],"picked":"SKIP","floor":18},{"not_picked":["Underhanded Strike","Backflip","Prepared"],"picked":"SKIP","floor":21},{"not_picked":["Distraction","ReplayTheSpireMod:The Works","Corpse Explosion"],"picked":"SKIP","floor":22},{"not_picked":["Dash","Blade Dance+1","Outmaneuver"],"picked":"SKIP","floor":24},{"not_picked":["Outmaneuver","Cloak And Dagger","Setup"],"picked":"SKIP","floor":27},{"not_picked":["Hidden Blade","Deadly Poison","Outmaneuver+1"],"picked":"SKIP","floor":31}],"player_experience":1195880,"relics_obtained":[{"floor":7.0,"key":"ReplayTheSpireMod:Shallot"},{"floor":9.0,"key":"RuthlessExorcism:ReiMu"},{"floor":10.0,"key":"Replay:Bottled Steam"},{"floor":11.0,"key":"Smiling Mask"},{"floor":13.0,"key":"DemoMod:JetPack"},{"floor":24,"key":"Art of War"},{"floor":26,"key":"D6"}],"event_choices":[{"damage_healed":0.0,"max_hp_gain":0.0,"max_hp_loss":0.0,"gold_gain":0.0,"event_name":"Scrap Ooze","player_choice":"Success","floor":2.0,"gold_loss":0.0,"damage_taken":12.0,"relics_obtained":["Orichalcum"]},{"cards_removed":["Defend_G"],"damage_healed":0.0,"max_hp_gain":0.0,"max_hp_loss":0.0,"gold_gain":0.0,"event_name":"The Cleric","player_choice":"Card Removal","floor":4.0,"gold_loss":50.0,"damage_taken":0.0},{"damage_healed":0.0,"max_hp_gain":0.0,"max_hp_loss":0.0,"gold_gain":0.0,"event_name":"Dead Adventurer","player_choice":"Searched \u00271\u0027 times","floor":11.0,"gold_loss":0.0,"damage_taken":0.0},{"damage_healed":0.0,"max_hp_gain":0.0,"max_hp_loss":0.0,"gold_gain":0.0,"event_name":"Shining Light","player_choice":"Entered Light","floor":14.0,"gold_loss":0.0,"damage_taken":13.0,"cards_upgraded":["Backflip","Strike_G"]},{"damage_healed":0,"gold_gain":0,"player_choice":"Swap Relic","damage_taken":0,"relics_obtained":["testmod-HarvestTotem"],"max_hp_gain":0,"max_hp_loss":0,"event_name":"给自己的盒子","floor":19,"relics_lost":["testmod-HarvestTotem"],"gold_loss":0},{"damage_healed":0,"gold_gain":0,"player_choice":"Got Potions","damage_taken":0,"max_hp_gain":0,"max_hp_loss":0,"event_name":"Lab","floor":28,"gold_loss":0},{"damage_healed":0,"gold_gain":0,"player_choice":"Ignored","damage_taken":0,"max_hp_gain":0,"max_hp_loss":0,"event_name":"Ghosts","floor":30,"gold_loss":0}],"is_beta":false,"boss_relics":[{"not_picked":["testmod-IncinerationGenerator","Replay:Bronze Core"],"picked":"ChewingGum"},{"not_picked":[]}],"items_purged_floors":[5,17,20,29],"is_endless":false,"potions_floor_spawned":[11,12,13,16,18,24],"killed_by":"Pondfish","ascension_level":14}}