{"host":"edc6wmn2qug8wnvl","time":1611483917,"event":{"mods":["AchievementEnabler","BaseMod","Colored Map","Colored Powertips","Minty Spire (QoL Compilation)","StSLib"],"gold_per_floor":[116,131,149,324,31,45,45,63,63,80,80,99,45,63,63,162,162,180,255,35,35,49,49,79,79,79,4,4,17,31,0,0,95,95,105,105,105,105,25,25,25,36,104,119,135,135,185,196,196,196,196],"floor_reached":50,"language":"ENG","playtime":3600,"items_purged":[],"score":504,"play_id":"64bddd35-69a2-4f1f-bd22-84207300afc0","local_time":"20210124022517","is_ascension_mode":false,"campfire_choices":[{"floor":7,"key":"REST"},{"floor":15,"key":"REST"},{"data":"The Bomb","floor":23,"key":"SMITH"},{"floor":25,"key":"REST"},{"floor":28,"key":"REST"},{"floor":32,"key":"REST"},{"floor":40,"key":"REST"},{"floor":46,"key":"REST"},{"data":"Reboot","floor":49,"key":"SMITH"}],"circlet_count":0,"master_deck":["Strike_B","Strike_B","Strike_B","Strike_B","Defend_B","Defend_B+1","Defend_B+1","Defend_B","Zap","Dualcast","Ball Lightning","Gash","Redo","Doubt","The Bomb+1","Leap","Skim","Chaos","Hologram","Electrodynamics","Darkness","Buffer","Stack+1","Leap","Conserve Battery+1","Doom and Gloom","Leap","Hologram+1","Reboot+1","CurseOfTheBell","Reinforced Body+1","Trip","Writhe","Buffer","Aggregate","Stack+1","Reinforced Body"],"relics":["Cracked Core","NeowsBlessing","Ornamental Fan","Mercury Hourglass","Runic Pyramid","Bag of Marbles","HornCleat","Strawberry","Calling Bell","War Paint","Meat on the Bone","Bird Faced Urn","Letter Opener","TungstenRod"],"acts_visited":["Exordium","TheCity","TheBeyond"],"potions_floor_usage":[16,16,22,24,33,45,48,50,50],"damage_taken":[{"damage":0,"enemies":"Cultist","floor":1,"turns":1},{"damage":0,"enemies":"Small Slimes","floor":2,"turns":1},{"damage":0,"enemies":"Jaw Worm","floor":3,"turns":1},{"damage":21,"enemies":"Exordium Thugs","floor":6,"turns":4},{"damage":0,"enemies":"Large Slime","floor":8,"turns":3},{"damage":14,"enemies":"Exordium Wildlife","floor":10,"turns":4},{"damage":8,"enemies":"Lots of Slimes","floor":12,"turns":3},{"damage":5,"enemies":"Looter","floor":14,"turns":3},{"damage":30,"enemies":"Slime Boss","floor":16,"turns":4},{"damage":0,"enemies":"Chosen","floor":18,"turns":4},{"damage":6,"enemies":"Shell Parasite","floor":22,"turns":6},{"damage":61,"enemies":"Slavers","floor":24,"turns":4},{"damage":9,"enemies":"Sentry and Sphere","floor":29,"turns":5},{"damage":30,"enemies":"Snake Plant","floor":30,"turns":4},{"damage":59,"enemies":"Collector","floor":33,"turns":12},{"damage":48,"enemies":"Orb Walker","floor":35,"turns":9},{"damage":0,"enemies":"3 Shapes","floor":42,"turns":4},{"damage":24,"enemies":"Jaw Worm Horde","floor":44,"turns":6},{"damage":27,"enemies":"4 Shapes","floor":45,"turns":3},{"damage":0,"enemies":"Mind Bloom Boss Battle","floor":47,"turns":7},{"damage":5,"enemies":"Writhing Mass","floor":48,"turns":8},{"damage":116,"enemies":"Donu and Deca","floor":50,"turns":12}],"seed_played":"-2571801439031597683","potions_obtained":[{"floor":8,"key":"FairyPotion"},{"floor":10,"key":"Energy Potion"},{"floor":12,"key":"FocusPotion"},{"floor":14,"key":"FearPotion"},{"floor":22,"key":"AttackPotion"},{"floor":24,"key":"FairyPotion"},{"floor":30,"key":"FearPotion"},{"floor":42,"key":"FocusPotion"},{"floor":44,"key":"Regen Potion"},{"floor":47,"key":"Block Potion"},{"floor":48,"key":"Dexterity Potion"}],"is_trial":false,"path_per_floor":["M","M","M","?","$","M","R","M","T","M","T","M","$","M","R","B",null,"M","?","$","$","M","R","E","R","T","?","R","M","M","?","R","B",null,"M","?","?","?","$","R","$","M","T","M","M","R","?","M","R","B"],"character_chosen":"DEFECT","items_purchased":["The Bomb","Leap","Skim","Go for the Eyes","Bag of Marbles","Leap","Weak Potion","Buffer"],"campfire_rested":7,"item_purchase_floors":[5,5,5,13,20,20,20,39],"current_hp_per_floor":[75,75,75,75,75,54,75,75,75,61,61,53,53,48,70,40,75,75,68,68,68,62,62,1,23,30,30,54,45,15,15,39,6,82,47,47,68,68,68,82,82,82,82,62,49,73,75,74,74,0,0],"gold":196,"neow_bonus":"THREE_ENEMY_KILL","is_daily":false,"chose_seed":false,"campfire_upgraded":2,"win_rate":0.0,"timestamp":1611483917,"path_taken":["M","M","?","?","$","M","R","M","T","M","?","M","$","M","R","BOSS","M","?","?","$","M","R","E","R","T","?","R","?","?","?","R","BOSS","M","?","?","?","?","R","?","M","T","?","M","R","?","M","R","BOSS"],"items_purchased_type":["Card","Card","Card","Card","Relic","Card","Potion","Card"],"build_version":"2020-12-22","purchased_purges":0,"victory":false,"max_hp_per_floor":[75,75,75,75,75,75,75,75,75,75,75,75,75,75,75,75,75,75,75,75,75,75,75,75,75,82,82,82,82,82,82,82,82,82,82,82,82,82,82,82,82,82,82,82,82,82,82,82,82,82,82],"card_choices":[{"not_picked":["Steam","Defragment"],"picked":"Ball Lightning","floor":1},{"not_picked":["Beam Cell","Scrape"],"picked":"Gash","floor":2},{"not_picked":["Storm","Steam"],"picked":"Redo","floor":3},{"not_picked":["Blizzard","Lockon"],"picked":"Chaos","floor":6},{"not_picked":["Cold Snap","Self Repair"],"picked":"Hologram","floor":8},{"not_picked":["Cold Snap","Steam","Compile Driver"],"picked":"SKIP","floor":10},{"not_picked":["Self Repair","Barrage"],"picked":"Electrodynamics","floor":12},{"not_picked":["Consume","Skim"],"picked":"Darkness","floor":14},{"not_picked":["Multi-Cast","Biased Cognition"],"picked":"Buffer","floor":16},{"not_picked":["Storm","Lockon"],"picked":"Stack+1","floor":18},{"not_picked":["Steam","Hologram"],"picked":"Conserve Battery+1","floor":22},{"not_picked":["Lockon","Sweeping Beam+1"],"picked":"Doom and Gloom","floor":24},{"not_picked":["Coolheaded","Ball Lightning"],"picked":"Leap","floor":29},{"not_picked":["Scrape+1","Conserve Battery"],"picked":"Hologram+1","floor":30},{"not_picked":["All For One","Amplify"],"picked":"Reboot","floor":33},{"not_picked":["Streamline+1","Cold Snap"],"picked":"Reinforced Body+1","floor":35},{"not_picked":["Purity","Swift Strike"],"picked":"Trip","floor":36},{"not_picked":["Gash+1","Leap"],"picked":"Aggregate","floor":42},{"not_picked":["Beam Cell","Sweeping Beam","Steam"],"picked":"SKIP","floor":44},{"not_picked":["Capacitor","Barrage"],"picked":"Stack+1","floor":45},{"not_picked":["Static Discharge","Cold Snap+1"],"picked":"Reinforced Body","floor":47},{"not_picked":["Streamline+1","Steam","Defragment+1"],"picked":"SKIP","floor":48}],"player_experience":15294,"relics_obtained":[{"floor":9,"key":"Ornamental Fan"},{"floor":11,"key":"Mercury Hourglass"},{"floor":24,"key":"HornCleat"},{"floor":26,"key":"Strawberry"},{"floor":34,"key":"War Paint"},{"floor":34,"key":"Meat on the Bone"},{"floor":34,"key":"Bird Faced Urn"},{"floor":43,"key":"Letter Opener"},{"floor":47,"key":"TungstenRod"}],"event_choices":[{"damage_healed":0,"gold_gain":175,"player_choice":"AGREE","damage_taken":0,"max_hp_gain":0,"max_hp_loss":0,"event_name":"Liars Game","floor":4,"gold_loss":0,"cards_obtained":["Doubt"]},{"damage_healed":0,"gold_gain":75,"player_choice":"Touch","damage_taken":7,"max_hp_gain":0,"max_hp_loss":0,"event_name":"FaceTrader","floor":19,"gold_loss":0},{"cards_removed":["Go for the Eyes"],"damage_healed":0,"gold_gain":0,"player_choice":"Gave Gold","damage_taken":0,"max_hp_gain":0,"max_hp_loss":0,"event_name":"Beggar","floor":27,"gold_loss":75},{"damage_healed":0,"gold_gain":0,"player_choice":"Paid Fearfully","damage_taken":0,"max_hp_gain":0,"max_hp_loss":0,"event_name":"Masked Bandits","floor":31,"gold_loss":31},{"damage_healed":0,"gold_gain":0,"player_choice":"Memory 1","damage_taken":0,"max_hp_gain":0,"max_hp_loss":0,"event_name":"SensoryStone","floor":36,"gold_loss":0},{"damage_healed":21,"gold_gain":0,"player_choice":"Writhe","damage_taken":0,"max_hp_gain":0,"max_hp_loss":0,"event_name":"Winding Halls","floor":37,"gold_loss":0,"cards_obtained":["Writhe"]},{"damage_healed":0,"gold_gain":0,"player_choice":"Ignored","damage_taken":0,"max_hp_gain":0,"max_hp_loss":0,"event_name":"Mysterious Sphere","floor":38,"gold_loss":0},{"damage_healed":0,"gold_gain":0,"player_choice":"Fight","damage_taken":0,"max_hp_gain":0,"max_hp_loss":0,"event_name":"MindBloom","floor":47,"gold_loss":0}],"is_beta":false,"boss_relics":[{"not_picked":["Snecko Eye","Astrolabe"],"picked":"Runic Pyramid"},{"not_picked":["Tiny House","Black Star"],"picked":"Calling Bell"}],"items_purged_floors":[],"is_endless":false,"potions_floor_spawned":[8,10,12,14,22,24,30,42,44,47,48],"killed_by":"Donu and Deca","ascension_level":0}}