{"host":"o6j8h35axmoodbwy","time":1611463312,"event":{"mods":["2.2 Compatiblity","BaseMod","Colored Map","Colored Powertips","MarisaÅiñ∂âJÅ@ñÇóùçπÅj","Minty Spire (QoL Compilation)","Prisma Mod","Quick Restart","Shop Mod","StSLib","SuperFastMode","Td1madao Mod"],"gold_per_floor":[115,115,26,26,45,45,59,97,97,7,20,20,20,39,39,39,39],"floor_reached":16,"language":"JPN","playtime":709,"items_purged":[],"score":165,"play_id":"6b6f78a5-16f6-4d2f-905f-6d8c3c47f549","local_time":"20210124134152","is_ascension_mode":true,"campfire_choices":[{"data":"Entrench","floor":6,"key":"SMITH"},{"floor":15,"key":"REST"}],"circlet_count":0,"master_deck":["AscendersBane","Strike_R","Strike_R","Strike_R","Strike_R","Defend_R","Defend_R","Defend_R","Defend_R","Bash","Power Through","Entrench+1","Carnage","Reckless Charge","Inflame","Whirlwind","Parasite","Pommel Strike"],"relics":["Burning Blood","Juzu Bracelet","Golden Idol","Shuriken","Bottled Lightning"],"acts_visited":["Exordium"],"potions_floor_usage":[8,8,11,16,16],"damage_taken":[{"damage":10,"enemies":"Jaw Worm","floor":1,"turns":7},{"damage":7,"enemies":"2 Louse","floor":5,"turns":3},{"damage":7,"enemies":"Small Slimes","floor":7,"turns":3},{"damage":26,"enemies":"Lagavulin","floor":8,"turns":7},{"damage":17,"enemies":"Exordium Thugs","floor":11,"turns":7},{"damage":15,"enemies":"Looter","floor":14,"turns":4},{"damage":43,"enemies":"Hexaghost","floor":16,"turns":10}],"seed_played":"-3725067103123954542","potions_obtained":[{"floor":1,"key":"AttackPotion"},{"floor":7,"key":"EssenceOfSteel"},{"floor":8,"key":"SneckoOil"},{"floor":14,"key":"DuplicationPotion"}],"is_trial":false,"path_per_floor":["M","?","$","?","M","R","M","E","T","$","M","?","?","M","R","B"],"character_chosen":"IRONCLAD","items_purchased":["Entrench","PowerPotion","Dexterity Potion","Inflame"],"campfire_rested":1,"item_purchase_floors":[3,3,10,10],"current_hp_per_floor":[68,61,61,41,40,40,39,19,19,19,8,28,28,19,43,0,0],"gold":39,"neow_bonus":"RANDOM_COMMON_RELIC","is_daily":false,"chose_seed":false,"campfire_upgraded":1,"win_rate":0.0,"timestamp":1611463312,"path_taken":["M","?","$","?","M","R","M","E","T","$","M","?","?","M","R","BOSS"],"items_purchased_type":["Card","Potion","Potion","Card"],"build_version":"2020-12-22","purchased_purges":0,"victory":false,"max_hp_per_floor":[80,80,80,80,80,80,80,80,80,80,80,80,80,80,80,80,80],"card_choices":[{"not_picked":["True Grit","Clothesline"],"picked":"Power Through","floor":1},{"not_picked":["Sword Boomerang","Combust"],"picked":"Carnage","floor":5},{"not_picked":["Clash","Rage"],"picked":"Reckless Charge","floor":7},{"not_picked":["Sentinel","Clash","Wild Strike"],"picked":"SKIP","floor":8},{"not_picked":["Fiend Fire","Pommel Strike"],"picked":"Whirlwind","floor":11},{"not_picked":["Body Slam","Searing Blow"],"picked":"Pommel Strike","floor":14}],"player_experience":577174,"relics_obtained":[{"floor":8,"key":"Shuriken"},{"floor":9,"key":"Bottled Lightning"}],"event_choices":[{"cards_removed":["Strike_R"],"damage_healed":0,"gold_gain":0,"player_choice":"Card Removal","damage_taken":7,"max_hp_gain":0,"max_hp_loss":0,"event_name":"Golden Wing","floor":2,"gold_loss":0},{"damage_healed":0,"gold_gain":0,"player_choice":"Take Damage","damage_taken":20,"relics_obtained":["Golden Idol"],"max_hp_gain":0,"max_hp_loss":0,"event_name":"Golden Idol","floor":4,"gold_loss":0},{"damage_healed":20,"gold_gain":0,"player_choice":"Healed and dodged fight","damage_taken":0,"max_hp_gain":0,"max_hp_loss":0,"event_name":"Mushrooms","floor":12,"gold_loss":0,"cards_obtained":["Parasite"]},{"damage_healed":0,"gold_gain":0,"player_choice":"Ignored","damage_taken":0,"max_hp_gain":0,"max_hp_loss":0,"event_name":"Liars Game","floor":13,"gold_loss":0}],"is_beta":false,"boss_relics":[],"items_purged_floors":[],"is_endless":false,"potions_floor_spawned":[1,7,8,14],"killed_by":"Hexaghost","ascension_level":13}}