{"host":"h1qktzcccqnez8tx","time":1611494676,"event":{"mods":["BaseMod","Block Reminder","Colored Map","Colored Powertips","Curses Come First","Highlight Path","Infinite Spire","Minty Spire (QoL Compilation)","Permanent Neow","Quick Restart","Replay The Spire","StSLib","The Jungle"],"gold_per_floor":[16,27,27,51,51,65,78,119,172,216,216,235,254,204,204,204,204],"floor_reached":16,"language":"ENG","playtime":711,"items_purged":[],"score":143,"play_id":"9690c7f1-ba8c-44d7-9d6f-0a7e45925721","local_time":"20210124142436","is_ascension_mode":true,"campfire_choices":[{"floor":11,"key":"REST"},{"data":"Rip and Tear","floor":15,"key":"SMITH"}],"circlet_count":0,"master_deck":["Strike_B","Strike_B","Strike_B","Strike_B","Defend_B","Defend_B","Defend_B","Zap","Dualcast","Multi-Cast","Self Repair","Leap","Coolheaded","Rip and Tear+1","Turbo","Reinforced Body","Undo","Skim"],"relics":["Cracked Core","Golden Idol","MealTicket","Anchor","infinitespire:WardingShard"],"acts_visited":["Exordium"],"potions_floor_usage":[8,8],"damage_taken":[{"damage":3,"enemies":"2 Louse","floor":1,"turns":3},{"damage":4,"enemies":"Jaw Worm","floor":2,"turns":4},{"damage":0,"enemies":"Cultist","floor":4,"turns":4},{"damage":8,"enemies":"Blue Slaver","floor":6,"turns":3},{"damage":11,"enemies":"Looter","floor":7,"turns":3},{"damage":31,"enemies":"3 Sentries","floor":8,"turns":11},{"damage":37,"enemies":"Gremlin Nob","floor":10,"turns":4},{"damage":1,"enemies":"3 Louse","floor":12,"turns":3},{"damage":8,"enemies":"Exordium Wildlife","floor":13,"turns":6},{"damage":67,"enemies":"The Guardian","floor":16,"turns":16}],"seed_played":"-7669277910667300051","potions_obtained":[{"floor":4,"key":"Swift Potion"},{"floor":6,"key":"Ancient Potion"},{"floor":7,"key":"Swift Potion"},{"floor":10,"key":"Doom Potion"}],"is_trial":false,"path_per_floor":["M","M","?","M","?","M","M","E","T","E","R","M","M","?","R","B"],"character_chosen":"DEFECT","items_purchased":[],"campfire_rested":1,"item_purchase_floors":[],"current_hp_per_floor":[72,75,75,75,75,74,70,46,46,16,38,44,43,43,43,0,0],"gold":204,"neow_bonus":"THREE_RARE_CARDS","is_daily":false,"chose_seed":false,"campfire_upgraded":1,"win_rate":0.0,"timestamp":1611494676,"path_taken":["M","M","?","M","?","M","?","E","T","E","R","M","M","?","R","BOSS"],"items_purchased_type":[],"build_version":"2020-12-22","purchased_purges":0,"victory":false,"max_hp_per_floor":[75,75,75,75,75,75,75,75,75,75,75,75,75,75,75,75,75],"card_choices":[{"not_picked":["Biased Cognition","Rainbow"],"picked":"Multi-Cast","floor":0},{"not_picked":["Sweeping Beam","Rebound"],"picked":"Self Repair","floor":1},{"not_picked":["Undo","Hologram"],"picked":"Leap","floor":2},{"not_picked":["Redo","Scrape"],"picked":"Coolheaded","floor":4},{"not_picked":["BasicCrystalCard","Leap"],"picked":"Rip and Tear","floor":6},{"not_picked":["ReplayTheSpireMod:Repulse","ReplaySolidLightProjector"],"picked":"Turbo","floor":7},{"not_picked":["ReplayGash","Leap"],"picked":"Reinforced Body","floor":8},{"not_picked":["ReplaySort","ReplayTheSpireMod:Repulse"],"picked":"Undo","floor":10},{"not_picked":["Hyperbeam","BasicCrystalCard"],"picked":"Skim","floor":12},{"not_picked":["Beam Cell","Compile Driver","Rebound"],"picked":"SKIP","floor":13}],"player_experience":123618,"relics_obtained":[{"floor":8,"key":"MealTicket"},{"floor":9,"key":"Anchor"},{"floor":10,"key":"infinitespire:WardingShard"}],"event_choices":[{"damage_healed":0,"gold_gain":0,"player_choice":"Take Wound","damage_taken":0,"relics_obtained":["Golden Idol"],"max_hp_gain":0,"max_hp_loss":0,"event_name":"Golden Idol","floor":3,"gold_loss":0,"cards_obtained":["Injury"]},{"cards_removed":["Defend_B"],"damage_healed":0,"gold_gain":0,"player_choice":"Purged","damage_taken":0,"max_hp_gain":0,"max_hp_loss":0,"event_name":"Purifier","floor":5,"gold_loss":0},{"cards_removed":["Injury"],"damage_healed":0,"gold_gain":0,"player_choice":"Card Removal","damage_taken":0,"max_hp_gain":0,"max_hp_loss":0,"event_name":"The Cleric","floor":14,"gold_loss":50}],"is_beta":false,"boss_relics":[],"items_purged_floors":[],"is_endless":false,"potions_floor_spawned":[4,6,7,10],"killed_by":"The Guardian","ascension_level":5}}