{"host":"7rmsgc3rayi00cdt","time":1611486757,"event":{"mods":["BaseMod","Minty Spire (QoL Compilation)"],"gold_per_floor":[115,126,136,155,155,155,188,216,216,216,266,284,298,332,332,407,407,417,417,431,431,92,92,118,132,132,147,147,181,181,96,96,171,171,190,190,203,216,234,234,234],"floor_reached":40,"language":"ENG","playtime":1542,"items_purged":[],"score":835,"play_id":"b9c87373-30bd-4bb5-8e81-5ed58b22686b","local_time":"20210124111237","is_ascension_mode":true,"campfire_choices":[{"data":"Zap","floor":6,"key":"SMITH"},{"floor":10,"key":"REST"},{"floor":15,"key":"REST"},{"floor":23,"key":"REST"},{"floor":28,"key":"REST"},{"floor":32,"key":"REST"}],"circlet_count":0,"master_deck":["AscendersBane","Strike_B","Strike_B","Strike_B","Defend_B","Defend_B","Defend_B","Defend_B","Zap+1","Dualcast","Beam Cell","Go for the Eyes","Auto Shields","All For One","Self Repair+1","Gash","Rebound","Scrape","Streamline","Gash","Chill"],"relics":["Cracked Core","Pear","Bag of Marbles","Odd Mushroom","StrikeDummy","Toy Ornithopter","MutagenicStrength","ClockworkSouvenir","Strawberry","Regal Pillow","The Courier","Boot","Lizard Tail","Art of War","Empty Cage"],"acts_visited":["Exordium","TheCity","TheBeyond"],"potions_floor_usage":[7,8,14,24,29,33,33,38,39,39,39,39,40],"damage_taken":[{"damage":1,"enemies":"Cultist","floor":1,"turns":3},{"damage":7,"enemies":"Jaw Worm","floor":2,"turns":2},{"damage":8,"enemies":"Small Slimes","floor":3,"turns":3},{"damage":3,"enemies":"2 Fungi Beasts","floor":4,"turns":4},{"damage":20,"enemies":"3 Sentries","floor":7,"turns":6},{"damage":15,"enemies":"The Mushroom Lair","floor":8,"turns":3},{"damage":0,"enemies":"Red Slaver","floor":12,"turns":3},{"damage":4,"enemies":"Looter","floor":13,"turns":3},{"damage":1,"enemies":"Gremlin Nob","floor":14,"turns":3},{"damage":35,"enemies":"The Guardian","floor":16,"turns":14},{"damage":17,"enemies":"2 Thieves","floor":18,"turns":4},{"damage":17,"enemies":"Spheric Guardian","floor":20,"turns":4},{"damage":31,"enemies":"Gremlin Leader","floor":24,"turns":7},{"damage":26,"enemies":"Cultist and Chosen","floor":25,"turns":5},{"damage":41,"enemies":"Shelled Parasite and Fungi","floor":27,"turns":6},{"damage":40,"enemies":"Slavers","floor":29,"turns":4},{"damage":94,"enemies":"Automaton","floor":33,"turns":11},{"damage":26,"enemies":"3 Shapes","floor":35,"turns":10},{"damage":17,"enemies":"Orb Walker","floor":37,"turns":3},{"damage":39,"enemies":"Spire Growth","floor":38,"turns":4},{"damage":48,"enemies":"3 Darklings","floor":39,"turns":5},{"damage":26,"enemies":"Nemesis","floor":40,"turns":2}],"seed_played":"1117560209934278871","potions_obtained":[{"floor":1,"key":"FocusPotion"},{"floor":2,"key":"ColorlessPotion"},{"floor":7,"key":"DistilledChaos"},{"floor":13,"key":"FocusPotion"},{"floor":20,"key":"Fire Potion"},{"floor":27,"key":"Energy Potion"},{"floor":29,"key":"BlessingOfTheForge"},{"floor":33,"key":"FearPotion"},{"floor":35,"key":"Energy Potion"},{"floor":38,"key":"EntropicBrew"},{"floor":39,"key":"Weak Potion"}],"is_trial":false,"path_per_floor":["M","M","M","M","?","R","E","?","T","R","?","M","M","E","R","B",null,"M","?","M","?","$","R","E","M","T","M","R","E","?","?","R","B",null,"M","?","M","M","M","E"],"character_chosen":"DEFECT","items_purchased":["ClockworkSouvenir","Strawberry"],"campfire_rested":5,"item_purchase_floors":[22,22],"current_hp_per_floor":[70,63,55,52,57,57,37,22,22,48,40,40,36,35,61,26,73,56,56,49,49,56,84,68,52,52,21,64,29,29,29,72,57,86,70,70,63,29,20,0,0],"gold":234,"neow_bonus":"TEN_PERCENT_HP_BONUS","is_daily":false,"chose_seed":false,"campfire_upgraded":1,"win_rate":0.0,"timestamp":1611486757,"path_taken":["M","?","M","M","?","R","E","?","T","R","?","M","?","E","R","BOSS","M","?","M","?","$","R","E","M","T","M","R","E","?","?","R","BOSS","M","?","M","?","M","E"],"items_purchased_type":["Relic","Relic"],"build_version":"2020-12-22","purchased_purges":0,"victory":false,"max_hp_per_floor":[78,78,78,78,88,88,88,88,88,88,88,88,88,88,88,88,88,88,88,88,88,95,95,95,95,95,95,95,95,95,95,95,95,95,95,95,95,95,95,95,95],"card_choices":[{"not_picked":["White Noise","Static Discharge"],"picked":"Beam Cell","floor":1},{"not_picked":["Defragment","Melter","Cold Snap"],"picked":"SKIP","floor":2},{"not_picked":["Loop","Steam","Turbo"],"picked":"SKIP","floor":3},{"not_picked":["Cold Snap","Compile Driver"],"picked":"Ball Lightning","floor":4},{"not_picked":["Capacitor","Reprogram","Coolheaded"],"picked":"SKIP","floor":7},{"not_picked":["Auto Shields","Fusion"],"picked":"Go for the Eyes","floor":8},{"not_picked":["Stack","Heatsinks","Tempest"],"picked":"SKIP","floor":12},{"not_picked":["Sweeping Beam","Darkness","Rip and Tear"],"picked":"SKIP","floor":13},{"not_picked":["Sweeping Beam","Coolheaded"],"picked":"Auto Shields","floor":14},{"not_picked":["Meteor Strike","Biased Cognition"],"picked":"All For One","floor":16},{"not_picked":["Stack","Redo"],"picked":"Self Repair+1","floor":18},{"not_picked":["Sweeping Beam","Double Energy+1","Stack"],"picked":"SKIP","floor":20},{"not_picked":["Hello World","Compile Driver","Amplify"],"picked":"SKIP","floor":24},{"not_picked":["Rebound","Sunder","White Noise"],"picked":"SKIP","floor":25},{"not_picked":["Conserve Battery","Cold Snap","Auto Shields"],"picked":"SKIP","floor":27},{"not_picked":["Static Discharge","Multi-Cast"],"picked":"Gash","floor":29},{"not_picked":["Reinforced Body","Turbo"],"picked":"Rebound","floor":35},{"not_picked":["Doom and Gloom","Conserve Battery"],"picked":"Streamline","floor":37},{"not_picked":["Coolheaded","BootSequence"],"picked":"Gash","floor":38},{"not_picked":["Steam Power+1","Rebound"],"picked":"Chill","floor":39}],"player_experience":779834,"relics_obtained":[{"floor":7,"key":"Bag of Marbles"},{"floor":8,"key":"Odd Mushroom"},{"floor":9,"key":"StrikeDummy"},{"floor":14,"key":"Toy Ornithopter"},{"floor":24,"key":"Regal Pillow"},{"floor":26,"key":"The Courier"},{"floor":29,"key":"Boot"}],"event_choices":[{"damage_healed":0,"gold_gain":0,"player_choice":"Success","damage_taken":5,"relics_obtained":["Pear"],"max_hp_gain":0,"max_hp_loss":0,"event_name":"Scrap Ooze","floor":5,"gold_loss":0},{"damage_healed":0,"gold_gain":0,"player_choice":"Fought Mushrooms","damage_taken":0,"max_hp_gain":0,"max_hp_loss":0,"event_name":"Mushrooms","floor":8,"gold_loss":0},{"damage_healed":0,"gold_gain":50,"player_choice":"Touch","damage_taken":8,"max_hp_gain":0,"max_hp_loss":0,"event_name":"FaceTrader","floor":11,"gold_loss":0},{"damage_healed":0,"gold_gain":0,"player_choice":"Ignored","damage_taken":0,"max_hp_gain":0,"max_hp_loss":0,"event_name":"Ghosts","floor":19,"gold_loss":0},{"damage_healed":0,"gold_gain":0,"player_choice":"Inject Mutagens","damage_taken":0,"relics_obtained":["MutagenicStrength"],"max_hp_gain":0,"max_hp_loss":0,"event_name":"Drug Dealer","floor":21,"gold_loss":0},{"damage_healed":0,"gold_gain":0,"player_choice":"Opened","damage_taken":0,"relics_obtained":["Lizard Tail"],"max_hp_gain":0,"max_hp_loss":0,"event_name":"The Mausoleum","floor":30,"gold_loss":0,"cards_obtained":["Writhe"]},{"damage_healed":0,"gold_gain":0,"player_choice":"Obtained Relic","damage_taken":0,"relics_obtained":["Art of War"],"max_hp_gain":0,"max_hp_loss":0,"event_name":"Addict","floor":31,"gold_loss":85},{"damage_healed":0,"gold_gain":0,"cards_transformed":["Strike_B"],"player_choice":"Transformed","damage_taken":0,"max_hp_gain":0,"max_hp_loss":0,"event_name":"Transmorgrifier","floor":36,"gold_loss":0,"cards_obtained":["Scrape"]}],"is_beta":false,"boss_relics":[{"not_picked":["Pandora\u0027s Box","Velvet Choker","Snecko Eye"]},{"not_picked":["Cursed Key","Sozu"],"picked":"Empty Cage"}],"items_purged_floors":[],"is_endless":false,"potions_floor_spawned":[1,2,7,13,20,27,29,33,35,38,39],"killed_by":"Nemesis","ascension_level":17}}