{"host":"y3h3n3f7seyagppx","time":1611510213,"event":{"mods":["AlwaysNeverKeys","BaseMod","Better Vampires","Colored Powertips","DeckTracker","Emptier Cage","Minty Spire (QoL Compilation)","Permanent Neow","Quick Restart","Rare Cards Sparkle","Relic Sorter","Relic Stats","StSLib","Transform Curses"],"gold_per_floor":[109,119,119,135,105,134,134,160,185,220,252,294,306,336,348,432,444,471,28,28,45,55,55,83,96,96,131,131,131],"floor_reached":28,"language":"ENG","playtime":3176,"items_purged":["Searing Blow"],"score":676,"play_id":"c4780531-02a0-40c3-ac3c-116a5609d8ef","local_time":"20210124124333","is_ascension_mode":true,"campfire_choices":[{"data":"Bash","floor":7.0,"key":"SMITH"},{"data":"Combust","floor":13.0,"key":"SMITH"},{"floor":15.0,"key":"REST"},{"data":"Whirlwind","floor":23.0,"key":"SMITH"}],"circlet_count":0,"master_deck":["AscendersBane","Bash+1","Clothesline","Flame Barrier","Seeing Red","Anger+1","Pommel Strike+1","Combust+1","Rupture","Battle Trance","Feed","Whirlwind+1","Dropkick","Dual Wield"],"relics":["Burning Blood","Happy Flower","Blood Vial","Whetstone","MawBank","Potion Belt","Pandora\u0027s Box","Medical Kit","Art of War","Ancient Tea Set","Akabeko","CeramicFish"],"acts_visited":["Exordium","TheCity"],"potions_floor_usage":[28],"damage_taken":[{"damage":8.0,"enemies":"Jaw Worm","floor":1.0,"turns":5.0},{"damage":1.0,"enemies":"Cultist","floor":2.0,"turns":5.0},{"damage":0.0,"enemies":"2 Louse","floor":4.0,"turns":2.0},{"damage":10.0,"enemies":"3 Sentries","floor":6.0,"turns":11.0},{"damage":10.0,"enemies":"Lagavulin","floor":8.0,"turns":5.0},{"damage":30.0,"enemies":"3 Sentries","floor":10.0,"turns":5.0},{"damage":6.0,"enemies":"Lots of Slimes","floor":11.0,"turns":2.0},{"damage":18.0,"enemies":"Gremlin Nob","floor":12.0,"turns":5.0},{"damage":2.0,"enemies":"2 Fungi Beasts","floor":14.0,"turns":4.0},{"damage":3.0,"enemies":"Slime Boss","floor":16.0,"turns":5.0},{"damage":16.0,"enemies":"Spheric Guardian","floor":18.0,"turns":4.0},{"damage":11.0,"enemies":"2 Thieves","floor":21.0,"turns":2.0},{"damage":6.0,"enemies":"Centurion and Healer","floor":22.0,"turns":5.0},{"damage":40.0,"enemies":"Slavers","floor":24.0,"turns":4.0},{"damage":0.0,"enemies":"Chosen and Byrds","floor":25.0,"turns":3.0},{"damage":50.0,"enemies":"Book of Stabbing","floor":27.0,"turns":4.0},{"damage":34,"enemies":"Snecko","floor":28,"turns":3}],"seed_played":"6569803754545559082","potions_obtained":[{"floor":1.0,"key":"SpeedPotion"},{"floor":2.0,"key":"HeartOfIron"},{"floor":4.0,"key":"Weak Potion"},{"floor":11.0,"key":"Ancient Potion"},{"floor":12.0,"key":"Ancient Potion"},{"floor":20.0,"key":"Weak Potion"},{"floor":20.0,"key":"Ancient Potion"},{"floor":22.0,"key":"SkillPotion"},{"floor":24.0,"key":"Regen Potion"},{"floor":25.0,"key":"ElixirPotion"}],"is_trial":false,"path_per_floor":["M","M","?","M","?","E","R","E","T","E","M","E","R","M","R","B",null,"M","$","?","M","M","R","E","M","T","E","M"],"character_chosen":"IRONCLAD","items_purchased":["Medical Kit","Art of War","AttackPotion"],"campfire_rested":1,"item_purchase_floors":[19,19,19],"current_hp_per_floor":[66,68,48,54,54,50,50,46,46,24,26,16,16,22,42,47,63,58,58,58,58,63,63,31,51,51,9,0,0],"gold":131,"neow_bonus":"TRANSFORM_TWO_CARDS","is_daily":false,"chose_seed":false,"campfire_upgraded":3,"win_rate":0.0,"timestamp":1611510213,"path_taken":["M","M","?","M","?","E","R","E","T","E","M","E","R","?","R","BOSS","M","$","?","M","M","R","E","M","T","E","?"],"items_purchased_type":["Relic","Relic","Potion"],"build_version":"2020-12-22","purchased_purges":1,"victory":false,"max_hp_per_floor":[68,68,68,68,68,68,68,68,68,68,68,68,68,68,68,68,68,71,71,71,74,77,77,77,80,80,80,80,80],"relic_stats":{"Blood Vial":24,"Happy Flower":[17],"counters":[17,74],"CeramicFish":9,"Pandora\u0027s Box":["Metallicize","Feel No Pain","Thunderclap","Perfected Strike","Whirlwind","Rupture","Cleave"],"Art of War":[0],"Whetstone":["Pommel Strike","Anger"],"MawBank":108,"Medical Kit":[4],"obtain_stats":[{"Blood Vial":8,"Potion Belt":12,"Happy Flower":6,"CeramicFish":27,"Pandora\u0027s Box":17,"Art of War":19,"Whetstone":9,"MawBank":10,"Medical Kit":19,"Ancient Tea Set":24,"Burning Blood":0,"Akabeko":26},{"Blood Vial":5,"Potion Belt":8,"Happy Flower":4,"CeramicFish":16,"Pandora\u0027s Box":10,"Art of War":11,"Whetstone":5,"MawBank":6,"Medical Kit":11,"Ancient Tea Set":14,"Burning Blood":0,"Akabeko":15},{"Blood Vial":28,"Potion Belt":40,"Happy Flower":23,"CeramicFish":71,"Pandora\u0027s Box":49,"Art of War":53,"Whetstone":28,"MawBank":33,"Medical Kit":53,"Ancient Tea Set":64,"Burning Blood":0,"Akabeko":67}],"Burning Blood":93},"card_choices":[{"not_picked":["Entrench","Clash"],"picked":"Flame Barrier","floor":1.0},{"not_picked":["Clothesline","Rupture"],"picked":"Seeing Red","floor":2.0},{"not_picked":["Warcry","Sword Boomerang"],"picked":"Anger","floor":4.0},{"not_picked":["Sword Boomerang","Heavy Blade"],"picked":"Pommel Strike","floor":6.0},{"not_picked":["Uppercut","Power Through"],"picked":"Combust","floor":8.0},{"not_picked":["Rupture","Bludgeon","Hemokinesis"],"picked":"SKIP","floor":10.0},{"not_picked":["Rupture","Bludgeon","Hemokinesis"],"picked":"SKIP","floor":10.0},{"not_picked":["Bludgeon","Hemokinesis"],"picked":"Rupture","floor":10.0},{"not_picked":["Burning Pact","Havoc","Bloodletting"],"picked":"SKIP","floor":11.0},{"not_picked":["Perfected Strike","Dual Wield","Pommel Strike"],"picked":"SKIP","floor":12.0},{"not_picked":["Havoc","Dropkick"],"picked":"Battle Trance","floor":14.0},{"not_picked":["Fiend Fire","Berserk"],"picked":"Feed","floor":16.0},{"not_picked":["Battle Trance+1","Clash","Wild Strike+1"],"picked":"SKIP","floor":18.0},{"not_picked":["Sentinel","Reckless Charge","Fire Breathing"],"picked":"SKIP","floor":21.0},{"not_picked":["Warcry","Sword Boomerang"],"picked":"Whirlwind","floor":22.0},{"not_picked":["Infernal Blade","Pommel Strike"],"picked":"Dropkick","floor":24.0},{"not_picked":["Blood for Blood","Clash","Sword Boomerang"],"picked":"SKIP","floor":25.0},{"not_picked":["Dual Wield","Twin Strike","Battle Trance+1"],"picked":"SKIP","floor":27.0},{"not_picked":["Twin Strike","Battle Trance+1"],"picked":"Dual Wield","floor":27.0}],"player_experience":21527134,"relics_obtained":[{"floor":6.0,"key":"Happy Flower"},{"floor":8.0,"key":"Blood Vial"},{"floor":9.0,"key":"Whetstone"},{"floor":10.0,"key":"MawBank"},{"floor":12.0,"key":"Potion Belt"},{"floor":24.0,"key":"Ancient Tea Set"},{"floor":26.0,"key":"Akabeko"},{"floor":27.0,"key":"CeramicFish"}],"event_choices":[{"damage_healed":0.0,"max_hp_gain":0.0,"max_hp_loss":0.0,"gold_gain":0.0,"event_name":"Shining Light","player_choice":"Entered Light","floor":3.0,"gold_loss":0.0,"damage_taken":20.0,"cards_upgraded":["Strike_R","Defend_R"]},{"damage_healed":0.0,"max_hp_gain":0.0,"max_hp_loss":0.0,"gold_gain":0.0,"event_name":"The Woman in Blue","player_choice":"Bought 2 Potions","floor":5.0,"gold_loss":0.0,"damage_taken":0.0},{"damage_healed":0.0,"max_hp_gain":0.0,"max_hp_loss":0.0,"gold_gain":0.0,"event_name":"Lab","player_choice":"Got Potions","floor":20.0,"gold_loss":0.0,"damage_taken":0.0}],"is_beta":false,"boss_relics":[{"not_picked":["Busted Crown","Runic Cube"],"picked":"Pandora\u0027s Box"}],"items_purged_floors":[19],"is_endless":false,"potions_floor_spawned":[1,2,4,11,12,22,24,25],"killed_by":"Snecko","ascension_level":20}}