{"host":"n3x47g3cen64bqy7","time":1611491848,"event":{"mods":["Aspiration","BaseMod","Downfall","Hermit","Hubris","Marisa£®ÏF”Í°°ƒß¿Ì…≥£©","Minty Spire (QoL Compilation)","Remilia£®¿Ÿ√◊¿Ú—«£©","Replay The Spire","Shop Mod","StSLib","The Construct","The Cursed","The Mystic","The Runesmith","The Servant 0.9.4","Youmu£®ªÍ∆«—˝√Œ£©"],"gold_per_floor":[116,116,133,23,39,68,68,68,91,91,110,125,125,136,136,235,235,249,48,148,160,177,177,177],"floor_reached":23,"language":"ZHS","playtime":1346,"items_purged":["Defend_RM","Strike_RM"],"score":193,"play_id":"99b5bb41-e345-462a-8cac-95fdbf5ecb33","local_time":"20210124203728","is_ascension_mode":false,"campfire_choices":[{"data":"GlobalNightmare","floor":7.0,"key":"SMITH"},{"floor":15.0,"key":"DIG"}],"circlet_count":0,"master_deck":["Strike_RM","Strike_RM","Strike_RM","Defend_RM","Defend_RM","RedMoon","ScarletShoot","ScarletDevil","CurseOfVladTepes","GlobalNightmare+1","MiserableFate","BloodHunter","BloodRain","RedRainbow"],"relics":["ScarletHat","NeowsBlessing","Orichalcum","Vajra","hubris:SphereOfDissonance","Bag of Preparation","Black Star","Membership Card"],"acts_visited":["Exordium","TheCity"],"potions_floor_usage":[],"damage_taken":[{"damage":0.0,"enemies":"Jaw Worm","floor":1.0,"turns":1.0},{"damage":0.0,"enemies":"Cultist","floor":3.0,"turns":1.0},{"damage":0.0,"enemies":"2 Louse","floor":5.0,"turns":1.0},{"damage":22.0,"enemies":"Gremlin Nob","floor":6.0,"turns":5.0},{"damage":8.0,"enemies":"Exordium Thugs","floor":11.0,"turns":6.0},{"damage":0.0,"enemies":"Lots of Slimes","floor":12.0,"turns":4.0},{"damage":0.0,"enemies":"Looter","floor":14.0,"turns":3.0},{"damage":46.0,"enemies":"Slime Boss","floor":16.0,"turns":24.0},{"damage":0.0,"enemies":"Chosen","floor":18.0,"turns":6.0},{"damage":3.0,"enemies":"Shell Parasite","floor":21.0,"turns":7.0},{"damage":16,"enemies":"Shelled Parasite and Fungi","floor":22,"turns":3},{"damage":67,"enemies":"Slavers","floor":23,"turns":6}],"seed_played":"5030457283688545888","potions_obtained":[{"floor":6.0,"key":"champ:CounterPotion"},{"floor":12.0,"key":"Dexterity Potion"},{"floor":16.0,"key":"Strength Potion"}],"is_trial":false,"path_per_floor":["M","?","M","$","M","E","R","$","T","$","M","M","T","M","R","B",null,"M","$","?","M","M","E"],"character_chosen":"REMILIA","items_purchased":["MiserableFate","Membership Card"],"campfire_rested":0,"item_purchase_floors":[4,19],"current_hp_per_floor":[75,75,75,75,75,53,53,53,53,53,50,51,51,52,52,26,75,75,75,75,74,59,0,0],"gold":177,"neow_bonus":"THREE_ENEMY_KILL","is_daily":false,"chose_seed":false,"campfire_upgraded":1,"win_rate":0.0,"timestamp":1611491848,"path_taken":["M","?","?","$","M","E","R","$","T","$","?","M","?","M","R","BOSS","M","$","?","M","M","E"],"items_purchased_type":["Card","Relic"],"build_version":"2020-12-22","purchased_purges":2,"victory":false,"max_hp_per_floor":[75,75,75,75,75,75,75,75,75,75,75,75,75,75,75,75,75,75,75,75,75,75,75,75],"card_choices":[{"not_picked":["BlasphemousPunishment","RedNightlessCastle"],"picked":"ScarletDevil","floor":1.0},{"not_picked":["BloodAndWine","RedNightlessCastle"],"picked":"GlobalNightmare","floor":3.0},{"not_picked":["SuperhumanBloodyKnife","ScarletSymphony","Maim"],"picked":"SKIP","floor":5.0},{"not_picked":["FavorOfDestiny","MastersStateliness","AfternoonTea"],"picked":"SKIP","floor":6.0},{"not_picked":["BlasphemousPunishment","UltimateOffering"],"picked":"BloodHunter","floor":11.0},{"not_picked":["BadLadyScramble","Septette","Stigmanizer"],"picked":"SKIP","floor":12.0},{"not_picked":["NightDance","ScarletGensokyo","ScarletDevil"],"picked":"SKIP","floor":14.0},{"not_picked":["CeilingFear","CurseOfVladTepes"],"picked":"BloodRain","floor":16.0},{"not_picked":["BlasphemousPunishment","VampireFantasy+1","VampireKiss"],"picked":"SKIP","floor":18.0},{"not_picked":["Stigmanizer","FavorOfDestiny+1"],"picked":"RedRainbow","floor":21},{"not_picked":["UltimateOffering","ScarletGensokyo+1","ScarletDevilSign+1"],"picked":"SKIP","floor":22}],"player_experience":109586,"relics_obtained":[{"floor":6.0,"key":"Orichalcum"},{"floor":9.0,"key":"Vajra"},{"floor":13.0,"key":"hubris:SphereOfDissonance"},{"floor":15.0,"key":"Bag of Preparation"}],"event_choices":[{"damage_healed":0.0,"max_hp_gain":0.0,"max_hp_loss":0.0,"gold_gain":0.0,"cards_transformed":["Defend_RM"],"event_name":"Transmorgrifier","player_choice":"Transformed","floor":2.0,"gold_loss":0.0,"damage_taken":0.0,"cards_obtained":["CurseOfVladTepes"]},{"damage_healed":0.0,"max_hp_gain":0.0,"max_hp_loss":0.0,"gold_gain":100.0,"event_name":"Golden Shrine","player_choice":"Pray","floor":20.0,"gold_loss":0.0,"damage_taken":0.0}],"is_beta":false,"boss_relics":[{"not_picked":["ChewingGum","hubris:CrackedHourglass"],"picked":"Black Star"}],"items_purged_floors":[4,19],"is_endless":false,"potions_floor_spawned":[6,12,16,22],"killed_by":"Slavers","ascension_level":0}}