{"host":"Rowan","time":1611529999,"event":{"mods":["BaseMod","Minty Spire (QoL Compilation)"],"gold_per_floor":[113,131,131,16,91,107,141,141,186,254,279,294,317,337,337,337,337],"floor_reached":16,"language":"ENG","playtime":808,"items_purged":["Injury"],"score":104,"play_id":"48012b3d-3bc9-45c3-bf9a-4f95d6c1f0da","local_time":"20210124151319","is_ascension_mode":false,"campfire_choices":[{"data":"Genetic Algorithm","floor":8,"key":"SMITH"},{"floor":15,"key":"REST"}],"circlet_count":0,"master_deck":["Strike_B","Strike_B","Strike_B","Strike_B","Defend_B","Defend_B","Defend_B","Defend_B","Zap","Dualcast","Aggregate","Sunder","Defragment","Sweeping Beam","Genetic Algorithm+1","Static Discharge","Streamline","Redo","Steam"],"relics":["Cracked Core","Centennial Puzzle","Golden Idol","Lantern","MealTicket"],"acts_visited":["Exordium"],"potions_floor_usage":[16,16,16],"damage_taken":[{"damage":0.0,"enemies":"Small Slimes","floor":1.0,"turns":3.0},{"damage":12.0,"enemies":"Jaw Worm","floor":2.0,"turns":4.0},{"damage":0.0,"enemies":"2 Louse","floor":6.0,"turns":2.0},{"damage":24.0,"enemies":"3 Sentries","floor":7.0,"turns":5.0},{"damage":4,"enemies":"Gremlin Gang","floor":11,"turns":3},{"damage":5,"enemies":"Looter","floor":12,"turns":3},{"damage":2,"enemies":"3 Louse","floor":13,"turns":2},{"damage":3,"enemies":"Lots of Slimes","floor":14,"turns":4},{"damage":36,"enemies":"The Guardian","floor":16,"turns":6}],"seed_played":"-5649116076780184339","potions_obtained":[{"floor":1.0,"key":"PowerPotion"},{"floor":2.0,"key":"PowerPotion"},{"floor":6.0,"key":"Fire Potion"},{"floor":7.0,"key":"Strength Potion"}],"is_trial":false,"path_per_floor":["M","M","?","$","?","M","E","R","T","T","M","M","M","M","R","B"],"character_chosen":"DEFECT","items_purchased":["Defragment"],"campfire_rested":1,"item_purchase_floors":[4],"current_hp_per_floor":[75,63,63,63,52,52,28,28,28,28,24,19,17,14,36,0,0],"gold":337,"neow_bonus":"RANDOM_COMMON_RELIC","is_daily":false,"chose_seed":false,"campfire_upgraded":1,"win_rate":0.0,"timestamp":1611529999,"path_taken":["M","M","?","$","?","M","E","R","T","?","M","M","?","M","R","BOSS"],"items_purchased_type":["Card"],"build_version":"2020-12-18","purchased_purges":1,"victory":false,"max_hp_per_floor":[75,75,75,75,75,75,75,75,75,75,75,75,75,75,75,75,75],"card_choices":[{"not_picked":["Doom and Gloom","Barrage"],"picked":"Aggregate","floor":1.0},{"not_picked":["Chill","Conserve Battery"],"picked":"Sunder","floor":2.0},{"not_picked":["Beam Cell","Reprogram"],"picked":"Sweeping Beam","floor":6.0},{"not_picked":["Tempest","Stack"],"picked":"Genetic Algorithm","floor":7.0},{"not_picked":["Recycle","Aggregate"],"picked":"Static Discharge","floor":11},{"not_picked":["Beam Cell","Reprogram"],"picked":"Streamline","floor":12},{"not_picked":["Double Energy","Go for the Eyes"],"picked":"Redo","floor":13},{"not_picked":["Sweeping Beam","Meteor Strike"],"picked":"Steam","floor":14}],"player_experience":415764,"relics_obtained":[{"floor":7.0,"key":"Lantern"},{"floor":9,"key":"MealTicket"}],"event_choices":[{"damage_healed":0.0,"max_hp_gain":0.0,"max_hp_loss":0.0,"gold_gain":0.0,"event_name":"Golden Idol","player_choice":"Take Wound","floor":3.0,"gold_loss":0.0,"damage_taken":0.0,"relics_obtained":["Golden Idol"],"cards_obtained":["Injury"]},{"damage_healed":0.0,"max_hp_gain":0.0,"max_hp_loss":0.0,"gold_gain":75.0,"event_name":"World of Goop","player_choice":"Gather Gold","floor":5.0,"gold_loss":0.0,"damage_taken":11.0}],"is_beta":true,"boss_relics":[],"items_purged_floors":[4],"is_endless":false,"potions_floor_spawned":[1,2,6,7],"killed_by":"The Guardian","ascension_level":0}}