{"host":"lnt5dzsuhru0aonl","time":1611479743,"event":{"mods":["2.2 Compatiblity","BaseMod","Colored Map","Colored Powertips","DeckTracker","Keyboard Shortcuts","Minty Spire (QoL Compilation)","Permanent Neow","Rare Cards Sparkle","StSLib","SuperFastMode","everything is the same but u backflip on backflip"],"gold_per_floor":[115,390,405,420,56,56,67,67,138,9,9,28,41,57,57,57,57],"floor_reached":16,"language":"KOR","playtime":361,"items_purged":["Regret"],"score":188,"play_id":"1a90be2e-b43e-4618-ac25-3e0cdce29f83","local_time":"20210124181543","is_ascension_mode":true,"campfire_choices":[{"data":"Madness","floor":6,"key":"SMITH"},{"data":"Loop","floor":8,"key":"SMITH"},{"data":"Turbo","floor":11,"key":"SMITH"},{"data":"Buffer","floor":15,"key":"SMITH"}],"circlet_count":0,"master_deck":["AscendersBane","Strike_B","Strike_B","Strike_B","Strike_B","Defend_B","Defend_B","Defend_B","Defend_B","Zap","Dualcast","Madness+1","Compile Driver","Storm","Loop+1","Sunder","Ball Lightning","Self Repair","Turbo+1","Fusion","Cold Snap","Buffer+1"],"relics":["Cracked Core","Omamori","Matryoshka"],"acts_visited":["Exordium"],"potions_floor_usage":[4],"damage_taken":[{"damage":0,"enemies":"Small Slimes","floor":1,"turns":3},{"damage":3,"enemies":"Cultist","floor":3,"turns":3},{"damage":9,"enemies":"Jaw Worm","floor":4,"turns":4},{"damage":7,"enemies":"Lots of Slimes","floor":7,"turns":4},{"damage":13,"enemies":"Red Slaver","floor":12,"turns":3},{"damage":16,"enemies":"Blue Slaver","floor":13,"turns":3},{"damage":14,"enemies":"Exordium Thugs","floor":14,"turns":4},{"damage":48,"enemies":"Hexaghost","floor":16,"turns":11}],"seed_played":"-4911574656069865396","potions_obtained":[{"floor":1,"key":"EssenceOfSteel"},{"floor":13,"key":"FairyPotion"}],"is_trial":false,"path_per_floor":["M","?","M","M","$","R","M","R","T","$","R","M","M","M","R","B"],"character_chosen":"DEFECT","items_purchased":["Loop","Omamori","Sunder","Self Repair","Turbo"],"campfire_rested":0,"item_purchase_floors":[5,5,5,10,10],"current_hp_per_floor":[64,64,61,52,52,52,45,45,45,45,45,39,30,23,23,0,0],"gold":57,"neow_bonus":"RANDOM_COLORLESS","is_daily":false,"chose_seed":false,"campfire_upgraded":4,"win_rate":0.0,"timestamp":1611479743,"path_taken":["M","?","M","M","$","R","M","R","T","$","R","M","M","M","R","BOSS"],"items_purchased_type":["Card","Relic","Card","Card","Card"],"build_version":"2020-12-22","purchased_purges":1,"victory":false,"max_hp_per_floor":[71,71,71,71,71,71,71,71,71,71,71,71,71,71,71,71,71],"card_choices":[{"not_picked":["Jack Of All Trades","Blind"],"picked":"Madness","floor":0},{"not_picked":["Gash","Hologram"],"picked":"Compile Driver","floor":1},{"not_picked":["Hologram","Stack","Streamline"],"picked":"SKIP","floor":3},{"not_picked":["Doom and Gloom","Hologram"],"picked":"Storm","floor":4},{"not_picked":["Hologram","Doom and Gloom"],"picked":"Ball Lightning","floor":7},{"not_picked":["Doom and Gloom","Sweeping Beam"],"picked":"Fusion","floor":12},{"not_picked":["Turbo","Hologram"],"picked":"Cold Snap","floor":13},{"not_picked":["Cold Snap","Streamline"],"picked":"Buffer","floor":14}],"player_experience":746570,"relics_obtained":[{"floor":9,"key":"Matryoshka"}],"event_choices":[{"damage_healed":0,"gold_gain":275,"player_choice":"Desecrate","damage_taken":0,"max_hp_gain":0,"max_hp_loss":0,"event_name":"Golden Shrine","floor":2,"gold_loss":0,"cards_obtained":["Regret"]}],"is_beta":false,"boss_relics":[],"items_purged_floors":[5],"is_endless":false,"potions_floor_spawned":[1,13],"killed_by":"Hexaghost","ascension_level":20}}