{"host":"avq773cl9g5msfol","time":1611480880,"event":{"mods":["100% Spire Juice","AchievementEnabler","Act Like it!","Ascension Unlocker","Aspiration","Astrologer","Bard","Bartender","BaseMod","Better Altar","Better Third Choice","BetterRewards","CapriCore","ChefMod","Colored Map","Colored Powertips","Conspire","Dio Mod","Downfall","Elementarium","Energized Spire","Gensokyo","GifTheSpireLib","GungeonMod","Hallownest","Hermit","Highlight Path","Hubris","Humility","Infinite Spire","Jorbs\u0027s Wanderer Trilogy","Koishi","Magitek Elite","Marisa????????","Marked Mod","Menagerie","Minty Spire (QoL Compilation)","Pale of the Ancients","Potionbrewer","Quarter Circle Forward PUNCH!","Rare Cards Sparkle","Reimu??????","Relic Stats","Remilia??????","Replay The Spire","SacredBarkPlus","Shade Mod","Somnambulant","Spicy Shops","Spire Arcade","StSLib","The Administrix","The Blue Laboratory","The Bug Knight","The Construct","The Cursed","The Disciple","The Dragon Tamer","The Exalted","The Hayseed","The Hierophant","The Immortal","The Marked","The Mystic","The Problem Sleuth","The Runesmith","The Senshi","The Vixen","The Wild Card","TheFirefly","Wandering Minibosses","vexMod"],"gold_per_floor":[44737,117,117,131,131,160,187,222,222,222,233,84,105,136,136,213,213,213,232,250,450,450,465,465,477,490,505,525,579,597,659,689,776,776,476,492,492,508,569,582,636,663,663,677,702,702,702,721,741,741,741,766,220,220,234,250],"floor_reached":57,"language":"ENG","playtime":5936,"items_purged":["sneckomod:UnknownBoss+1"],"score":3149,"play_id":"7c25c18e-e0dc-4d9e-8c66-ecf03c66dbe7","local_time":"20210124163440","is_ascension_mode":true,"campfire_choices":[{"floor":1.0,"key":"RECALL"},{"data":"wanderingMiniBosses:FinaleOfPromise","floor":10.0,"key":"SMITH"},{"data":"sneckomod:Unknown","floor":18.0,"key":"SMITH"},{"floor":35,"key":"DIG"},{"data":"sneckomod:DiceBoulder+1","floor":43,"key":"SMITH"},{"data":"sneckomod:DiceBoulder+2","floor":46,"key":"SMITH"},{"data":"sneckomod:ImprovisedAttack","floor":54,"key":"SMITH"}],"circlet_count":0,"master_deck":["AscendersBane","sneckomod:TailWhip+1","sneckomod:SnekBite+1","sneckomod:Unknown+1","sneckomod:Unknown+1","sneckomod:SoulRoll+1","sneckomod:Mudshield+1","sneckomod:DiceBoulder+3","sneckomod:UnknownStrike+1","sneckomod:UnknownExhaust+1","sneckomod:Unknown1Cost+1","sneckomod:Unknown2Cost+1","sneckomod:UnknownRarePower+1","sneckomod:UnknownUncommonAttack+1","sneckomod:UnknownClassRED+1","sneckomod:UnknownClassDARK_GREEN_COLOR+1","ReplayTheSpireMod:Necrogeddon+1","sneckomod:MasterEye+1","sneckomod:Unknown3Cost+1","sneckomod:UnknownUncommonAttack+1","sneckomod:UnknownUncommonPower+1","sneckomod:SlitherStrike+1","sneckomod:UnknownRareSkill+1","sneckomod:UnknownClassREIMU_COLOR+1","sneckomod:UnknownStrike+1","hubris:EnhanceAbility+1","wanderingMiniBosses:FinaleOfPromise+1","sneckomod:GlitteringGambit+1","sneckomod:SoulExchange+1","sneckomod:UnknownVulnerable+1","sneckomod:SerpentIdol+1","sneckomod:MorePower+1","sneckomod:UnknownClassMARISA_COLOR+1","sneckomod:UnknownClassCONSTRUCTMOD+1","sneckomod:SoulExchange+1","sneckomod:UnknownStrike+1","sneckomod:UnknownRareAttack+1","sneckomod:UnknownRareAttack+1","infinitespire:FutureSight+1","infinitespire:Gouge+1","sneckomod:SnakeSap+1","sneckomod:Unknown3Cost+1","sneckomod:UnknownRareSkill+1","sneckomod:Transmogrify+1","sneckomod:Unknown3Cost+1","sneckomod:UnknownRarePower+1","sneckomod:UnknownRarePower+1","sneckomod:UnknownDraw+1","sneckomod:UnknownRareSkill+1","sneckomod:UnknownClassGREEN+1","sneckomod:ImprovisedAttack+1","sneckomod:SoulExchange+1","Sadistic Nature+1","sneckomod:CheapStock+1","expansioncontent:LastStand+1"],"relics":["sneckomod:SneckoSoul","vexMod:HeadHunter","Quantum Egg","Golden Egg","Question Card","hubris:Potato","OrangePellets","Bromod:ArcanePulse","sneckomod:SneckoCommon","hubris:CuriousFeather","Replay:Towering Pillar of Hats","Membership Card","Medical Kit","hubris:MedicalManual","TungstenRod","wanderingMiniBosses:Blackblade","Hallownest:DreamNailRelic","Mercury Hourglass","Bromod:ArcaneMomentum","DemoMod:SevenLeafClover","theSenshi:FeatherClipsRelic","Runesmith:UraniumAnvil","Gem_Box","potionbrewer:DrinkingBird","Gambling Chip","hubris:ToyBattleship","DemoMod:VorpalBullet","Bromod:ArcaneNullifier","Bromod:ArcaneBarrier","downfall:HeartBlessingBlue","downfall:HeartBlessingRed","downfall:HeartBlessingGreen","Potion Belt","Thread and Needle","Juzu Bracelet","Bromod:ArcaneUltimatum","qcfpunch:Broken_Tusk","DemoMod:RingOfEthereal","infinitespire:Satchel","Snecko Eye","DemoMod:Orange","infinitespire:PuzzleCube","Ornamental Fan","ReplayTheSpireMod:Lightbulb"],"acts_visited":["Hallownest:Greenpath","TheCity","Hallownest:KingdomsEdge","TheEnding"],"potions_floor_usage":[33,56,56,56],"damage_taken":[{"damage":6.0,"enemies":"Hallownest:monsterHuskGuard","floor":2.0,"turns":2.0},{"damage":0.0,"enemies":"Hallownest:monsterHuskWarrior","floor":4.0,"turns":6.0},{"damage":19.0,"enemies":"Hallownest:eliteMossKnight","floor":6.0,"turns":3.0},{"damage":11.0,"enemies":"Hallownest:eliteCrystalGuardian","floor":8.0,"turns":3.0},{"damage":0.0,"enemies":"Hallownest:2_MossCreeps","floor":11.0,"turns":2.0},{"damage":4.0,"enemies":"downfall:FleeingMerchant","floor":12.0,"turns":5.0},{"damage":0.0,"enemies":"Hallownest:Wandering_and_Horned","floor":13.0,"turns":3.0},{"damage":4.0,"enemies":"Hallownest:eliteMossKnight","floor":14.0,"turns":2.0},{"damage":0.0,"enemies":"Hallownest:monsterAspidMother","floor":15.0,"turns":2.0},{"damage":13.0,"enemies":"IC_STATUS_ARCHETYPE","floor":16.0,"turns":5.0},{"damage":20.0,"enemies":"Shell Parasite","floor":19.0,"turns":2.0},{"damage":3.0,"enemies":"Chosen","floor":20.0,"turns":3.0},{"damage":10.0,"enemies":"downfall:FleeingMerchant","floor":21.0,"turns":3.0},{"damage":21.0,"enemies":"Sentry and Sphere","floor":23.0,"turns":5.0},{"damage":0.0,"enemies":"Snecko","floor":25.0,"turns":2.0},{"damage":0.0,"enemies":"Chosen and Byrds","floor":26.0,"turns":3.0},{"damage":0.0,"enemies":"Shelled Parasite and Fungi","floor":27.0,"turns":2.0},{"damage":0.0,"enemies":"Centurion and Healer","floor":28.0,"turns":2.0},{"damage":0.0,"enemies":"Gremlin Leader","floor":29.0,"turns":2.0},{"damage":0.0,"enemies":"Cultist and Chosen","floor":30.0,"turns":2.0},{"damage":48.0,"enemies":"Nightmare","floor":31.0,"turns":8.0},{"damage":3,"enemies":"Snecko","floor":32,"turns":3},{"damage":0,"enemies":"WA_ARCHETYPE_CALM","floor":33,"turns":3},{"damage":0,"enemies":"Hallownest:2_Littles","floor":36,"turns":1},{"damage":13,"enemies":"Hallownest:Shield_Heavy","floor":38,"turns":2},{"damage":23,"enemies":"Hallownest:2_Primals","floor":39,"turns":4},{"damage":0,"enemies":"Hallownest:2_Wing_and_1_Kings","floor":40,"turns":4},{"damage":0,"enemies":"Hallownest:eliteHiveKnight","floor":42,"turns":3},{"damage":0,"enemies":"Hallownest:monsterPrimalAspid","floor":44,"turns":1},{"damage":0,"enemies":"Hallownest:eliteCollector","floor":45,"turns":2},{"damage":13,"enemies":"Hallownest:Xero_Hu_Marmu","floor":48,"turns":3},{"damage":0,"enemies":"Hallownest:Shield_Sturdy","floor":49,"turns":2},{"damage":0,"enemies":"SI_POISON_ARCHETYPE","floor":50,"turns":2},{"damage":0,"enemies":"downfall:CharBossMerchant","floor":52,"turns":3},{"damage":0,"enemies":"downfall:NeowBoss","floor":55,"turns":5},{"damage":2,"enemies":"downfall:NeowBossFinal","floor":56,"turns":5}],"seed_played":"-7623050578607346627","potions_obtained":[{"floor":4.0,"key":"blueLaboratory:FruitPunch"},{"floor":6.0,"key":"ColorlessPotion"}],"is_trial":false,"path_per_floor":["R","M","?","M","?","E","T","E","?","R","M","$","M","E","M","B",null,"R","M","M","$","AVR","M","T","M","M","M","M","E","M","NM","M","B",null,"R_BF","M","?","M","?","M","T","E","R","M","E","R","AVR","M","M","B",null,"E","$","R","B","B",null],"character_chosen":"THE_SNECKO","items_purchased":["sneckomod:UnknownBoss","sneckomod:Unknown2Cost","Juzu Bracelet","potionbrewer:SalesContract","sneckomod:UnknownRarePower","sneckomod:UnknownUncommonAttack","sneckomod:UnknownClassRED","sneckomod:UnknownClassDARK_GREEN_COLOR","Bromod:ArcaneNullifier","ReplayTheSpireMod:Necrogeddon","sneckomod:MasterEye","sneckomod:Unknown3Cost","sneckomod:UnknownUncommonAttack","Question Card","hubris:Potato","sneckomod:UnknownUncommonPower","OrangePellets","Bromod:ArcanePulse","sneckomod:SlitherStrike","sneckomod:UnknownRareSkill","sneckomod:SneckoCommon","hubris:CuriousFeather","Replay:Towering Pillar of Hats","sneckomod:UnknownStrike","Membership Card","potionbrewer:EndurancePotion","hubris:EnhanceAbility","Medical Kit","hubris:MedicalManual","potionbrewer:CleansingPotion","TungstenRod","DemoMod:SevenLeafClover","sneckomod:UnknownRareAttack","DemoMod:BlankPotion","Sadistic Nature","sneckomod:CheapStock","Ornamental Fan","ReplayTheSpireMod:Lightbulb","expansioncontent:LastStand"],"campfire_rested":0,"item_purchase_floors":[0,0,0,0,0,0,0,0,0,0,0,0,0,0,0,0,0,0,0,0,0,0,0,0,0,0,0,0,0,0,0,12,21,53,53,53,53,53,53],"current_hp_per_floor":[75,69,59,69,69,53,53,42,47,47,47,43,43,39,46,40,75,75,62,66,63,63,49,49,56,85,85,85,85,85,44,57,64,81,92,95,95,89,73,80,80,87,87,94,95,95,107,107,107,107,107,107,107,107,107,105],"gold":250,"neow_bonus":"","is_daily":false,"chose_seed":false,"campfire_upgraded":5,"win_rate":0.0,"timestamp":1611480880,"path_taken":["R","M","?","M","?","E","T","E","?","R","M","$","M","E","M","BOSS","R","M","M","?","AVR","M","T","M","M","M","M","E","M","NM","M","BOSS","R_BF","M","?","M","?","M","T","E","R","M","E","R","AVR","M","M","BOSS","E","$","R","BOSS","BOSS"],"items_purchased_type":["Card","Card","Relic","Relic","Card","Card","Card","Card","Relic","Card","Card","Card","Card","Relic","Relic","Card","Relic","Relic","Card","Card","Relic","Relic","Relic","Card","Relic","Potion","Card","Relic","Relic","Potion","Relic","Relic","Card","Potion","Card","Card","Relic","Relic","Card"],"build_version":"2020-12-22","purchased_purges":1,"victory":true,"max_hp_per_floor":[83,83,83,83,83,85,85,85,85,85,85,85,85,85,85,85,85,85,85,85,85,85,85,85,85,85,85,85,85,85,85,85,85,85,95,95,95,95,95,95,95,95,95,95,95,95,107,107,107,107,107,107,107,107,107,107],"relic_stats":{"OrangePellets":[107],"counters":[66,222],"Ornamental Fan":[24],"Gambling Chip":[53],"Snecko Eye":[23,12,13,21],"Juzu Bracelet":1,"Question Card":162,"Medical Kit":[0],"obtain_stats":[{"Bromod:ArcaneUltimatum":41,"Golden Egg":1,"sneckomod:SneckoCommon":0,"Bromod:ArcaneNullifier":0,"Bromod:ArcanePulse":0,"downfall:HeartBlessingGreen":27,"potionbrewer:SalesContract":0,"DemoMod:GlassGuonStoneRelic":8,"theSenshi:FeatherClipsRelic":14,"wanderingMiniBosses:OtherGremlinHorn":2,"sneckomod:SneckoSoul":0,"DemoMod:MonsterBlood":47,"Prayer Wheel":1,"potionbrewer:DrinkingBird":22,"construct:RocketBooster":0,"DemoMod:Orange":47,"Dead Branch":3,"Replay:Kaleidoscope":52,"War Paint":15,"Question Card":1,"OrangePellets":53,"wanderingMiniBosses:Blackblade":4,"qcfpunch:Broken_Tusk":41,"Snecko Eye":47,"Pandora\u0027s Box":10,"Onion Ring":24,"aspiration:SilentSkillbook":34,"infinitespire:EmpoweringShard":23,"hubris:ToyBattleship":31,"infinitespire:PuzzleCube":52,"Regal Pillow":29,"Juzu Bracelet":0,"Hallownest:DreamNailRelic":5,"hubris:EmptyBottle":12,"Power_Wrist":29,"hubris:EvacipatedBox":1,"Cleaning_Rag":41,"DemoMod:SevenLeafClover":12,"Frozen Eye":8,"Mummified Hand":21,"downfall:HeartBlessingBlue":27,"Gambling Chip":24,"hubris:CuriousFeather":0,"TheVixenMod:UmbreonRelic":42,"Potion Belt":10,"downfall:HeartBlessingRed":27,"Replay:Towering Pillar of Hats":43,"Quantum Egg":1,"qcfpunch:Black_Training_Shirt":8,"Thread and Needle":39,"hubris:MedicalManual":0,"vexMod:FocusSash":21,"hubris:Towel":46,"Orichalcum":48,"Medical Kit":0,"Replay:Arrowhead":10,"Mercury Hourglass":6,"Bromod:ArcaneMomentum":8,"Ornamental Fan":53,"vexMod:HeadHunter":0,"Runesmith:UraniumAnvil":17,"infinitespire:Satchel":45,"ChewingGum":17,"Bromod:ArcaneBarrier":34,"Bag of Marbles":38,"potionbrewer:BottledElixir":25,"Membership Card":0,"Gem_Box":22,"DemoMod:RingOfEthereal":42,"ReplayTheSpireMod:Lightbulb":53,"Toy Ornithopter":28,"hubris:Potato":0,"TungstenRod":0,"DemoMod:VorpalBullet":32},{"Bromod:ArcaneUltimatum":57,"Golden Egg":0,"sneckomod:SneckoCommon":30,"Bromod:ArcaneNullifier":30,"Bromod:ArcanePulse":30,"downfall:HeartBlessingGreen":15,"potionbrewer:SalesContract":30,"DemoMod:GlassGuonStoneRelic":4,"theSenshi:FeatherClipsRelic":38,"wanderingMiniBosses:OtherGremlinHorn":1,"sneckomod:SneckoSoul":0,"DemoMod:MonsterBlood":25,"Prayer Wheel":0,"potionbrewer:DrinkingBird":43,"construct:RocketBooster":30,"DemoMod:Orange":60,"Dead Branch":2,"Replay:Kaleidoscope":29,"War Paint":9,"Question Card":0,"OrangePellets":29,"wanderingMiniBosses:Blackblade":32,"qcfpunch:Broken_Tusk":57,"Snecko Eye":60,"Pandora\u0027s Box":5,"Onion Ring":14,"aspiration:SilentSkillbook":20,"infinitespire:EmpoweringShard":14,"hubris:ToyBattleship":51,"infinitespire:PuzzleCube":64,"Regal Pillow":17,"Juzu Bracelet":30,"Hallownest:DreamNailRelic":32,"hubris:EmptyBottle":7,"Power_Wrist":17,"hubris:EvacipatedBox":0,"Cleaning_Rag":23,"DemoMod:SevenLeafClover":36,"Frozen Eye":4,"Mummified Hand":12,"downfall:HeartBlessingBlue":15,"Gambling Chip":44,"hubris:CuriousFeather":30,"TheVixenMod:UmbreonRelic":23,"Potion Belt":5,"downfall:HeartBlessingRed":15,"Replay:Towering Pillar of Hats":24,"Quantum Egg":0,"qcfpunch:Black_Training_Shirt":4,"Thread and Needle":56,"hubris:MedicalManual":30,"vexMod:FocusSash":12,"hubris:Towel":25,"Orichalcum":26,"Medical Kit":30,"Replay:Arrowhead":5,"Mercury Hourglass":33,"Bromod:ArcaneMomentum":34,"Ornamental Fan":64,"vexMod:HeadHunter":30,"Runesmith:UraniumAnvil":40,"infinitespire:Satchel":60,"ChewingGum":10,"Bromod:ArcaneBarrier":53,"Bag of Marbles":22,"potionbrewer:BottledElixir":15,"Membership Card":30,"Gem_Box":43,"DemoMod:RingOfEthereal":58,"ReplayTheSpireMod:Lightbulb":64,"Toy Ornithopter":16,"hubris:Potato":30,"TungstenRod":30,"DemoMod:VorpalBullet":52},{"Bromod:ArcaneUltimatum":196,"Golden Egg":0,"sneckomod:SneckoCommon":112,"Bromod:ArcaneNullifier":112,"Bromod:ArcanePulse":112,"downfall:HeartBlessingGreen":39,"potionbrewer:SalesContract":112,"DemoMod:GlassGuonStoneRelic":8,"theSenshi:FeatherClipsRelic":138,"wanderingMiniBosses:OtherGremlinHorn":2,"sneckomod:SneckoSoul":0,"DemoMod:MonsterBlood":81,"Prayer Wheel":0,"potionbrewer:DrinkingBird":153,"construct:RocketBooster":112,"DemoMod:Orange":202,"Dead Branch":3,"Replay:Kaleidoscope":99,"War Paint":24,"Question Card":0,"OrangePellets":99,"wanderingMiniBosses:Blackblade":120,"qcfpunch:Broken_Tusk":196,"Snecko Eye":202,"Pandora\u0027s Box":12,"Onion Ring":37,"aspiration:SilentSkillbook":72,"infinitespire:EmpoweringShard":37,"hubris:ToyBattleship":179,"infinitespire:PuzzleCube":212,"Regal Pillow":43,"Juzu Bracelet":112,"Hallownest:DreamNailRelic":120,"hubris:EmptyBottle":19,"Power_Wrist":43,"hubris:EvacipatedBox":0,"Cleaning_Rag":76,"DemoMod:SevenLeafClover":133,"Frozen Eye":7,"Mummified Hand":32,"downfall:HeartBlessingBlue":39,"Gambling Chip":158,"hubris:CuriousFeather":112,"TheVixenMod:UmbreonRelic":76,"Potion Belt":12,"downfall:HeartBlessingRed":39,"Replay:Towering Pillar of Hats":78,"Quantum Egg":0,"qcfpunch:Black_Training_Shirt":8,"Thread and Needle":192,"hubris:MedicalManual":112,"vexMod:FocusSash":32,"hubris:Towel":81,"Orichalcum":87,"Medical Kit":112,"Replay:Arrowhead":12,"Mercury Hourglass":123,"Bromod:ArcaneMomentum":126,"Ornamental Fan":212,"vexMod:HeadHunter":112,"Runesmith:UraniumAnvil":145,"infinitespire:Satchel":202,"ChewingGum":26,"Bromod:ArcaneBarrier":185,"Bag of Marbles":74,"potionbrewer:BottledElixir":39,"Membership Card":112,"Gem_Box":153,"DemoMod:RingOfEthereal":199,"ReplayTheSpireMod:Lightbulb":212,"Toy Ornithopter":42,"hubris:Potato":112,"TungstenRod":112,"DemoMod:VorpalBullet":182}],"TungstenRod":48,"Mercury Hourglass":[294]},"card_choices":[{"not_picked":["sneckomod:RainOfDice","sneckomod:UnknownClassREIMU_COLOR","sneckomod:UnknownStrike","sneckomod:UnknownCommonAttack"],"picked":"SKIP","floor":2.0},{"not_picked":["sneckomod:RainOfDice","sneckomod:UnknownClassREIMU_COLOR","sneckomod:UnknownStrike","sneckomod:UnknownCommonAttack"],"picked":"SKIP","floor":2.0},{"not_picked":[],"picked":"wanderingMiniBosses:FinaleOfPromise","floor":4.0},{"not_picked":["sneckomod:QuickMove","sneckomod:UnknownCommonAttack","sneckomod:UnknownBlock","sneckomod:ImprovisedGuard"],"picked":"SKIP","floor":4.0},{"not_picked":["sneckomod:Restock","sneckomod:UnknownRarePower","sneckomod:DangerNoodle"],"picked":"sneckomod:GlitteringGambit","floor":6.0},{"not_picked":["sneckomod:RainOfDice","sneckomod:DefensiveFlair","sneckomod:SoulRoll","sneckomod:Rotation"],"picked":"SKIP","floor":6.0},{"not_picked":["sneckomod:Unknown3Cost","sneckomod:Restock","sneckomod:Mudshield"],"picked":"sneckomod:SoulExchange","floor":8.0},{"not_picked":["sneckomod:UnknownX","sneckomod:DiceCrush","sneckomod:DiceBoulder","sneckomod:DangerNoodle"],"picked":"SKIP","floor":8.0},{"not_picked":["sneckomod:UnknownX","sneckomod:DiceBlock","sneckomod:SoulDraw"],"picked":"sneckomod:UnknownVulnerable","floor":11.0},{"not_picked":["sneckomod:UnknownCommonSkill","sneckomod:CheapStock","sneckomod:WideSting","sneckomod:UnknownDraw"],"picked":"SKIP","floor":12.0},{"not_picked":["sneckomod:SnekBeam","sneckomod:Unknown0Cost","sneckomod:UnknownCommonSkill"],"picked":"sneckomod:SerpentIdol","floor":13.0},{"not_picked":["sneckomod:UnknownRareAttack","sneckomod:SerpentMind","sneckomod:Mudshield"],"picked":"sneckomod:MorePower","floor":14.0},{"not_picked":["sneckomod:Unknown0Cost","sneckomod:UnendingSupply","sneckomod:WideSting","sneckomod:MasterEye"],"picked":"SKIP","floor":14.0},{"not_picked":["sneckomod:DiceBlock","sneckomod:QuickMove","sneckomod:UnknownX","sneckomod:PureSnecko"],"picked":"SKIP","floor":15.0},{"not_picked":["sneckomod:Unknown1Cost+1","sneckomod:UnknownClassTHE_VIXEN_ORANGE+1","sneckomod:UnknownClassRED+1"],"picked":"sneckomod:UnknownClassMARISA_COLOR+1","floor":16.0},{"not_picked":["sneckomod:UnknownClassASTROLOGER+1","sneckomod:UnknownClassGUARDIAN+1","sneckomod:UnknownClassMARKED_PURPLE_COLOR+1"],"picked":"sneckomod:UnknownClassCONSTRUCTMOD+1","floor":16.0},{"not_picked":["sneckomod:Restock","sneckomod:SerpentMind","sneckomod:UnknownRarePower"],"picked":"sneckomod:SoulExchange","floor":16.0},{"not_picked":["sneckomod:QuickBite+1","sneckomod:UnknownClassDARK_GREEN_COLOR","sneckomod:UnknownCommonAttack+1","sneckomod:SoulRoll"],"picked":"SKIP","floor":19.0},{"not_picked":["sneckomod:ImprovisedAttack","sneckomod:WideSting","sneckomod:Unknown2Cost","sneckomod:UnendingSupply"],"picked":"SKIP","floor":20.0},{"not_picked":["sneckomod:UnknownUncommonPower+1","sneckomod:UnknownCommonSkill+1","sneckomod:UnknownClassRED+1"],"picked":"sneckomod:UnknownStrike+1","floor":21.0},{"not_picked":["sneckomod:UnknownCommonSkill","sneckomod:IronFang","sneckomod:ImprovisedGuard"],"picked":"sneckomod:UnknownRareAttack","floor":21.0},{"not_picked":["sneckomod:QuickBite+1","sneckomod:WideSting","sneckomod:ImprovisedGuard"],"picked":"sneckomod:SnakeSap+1","floor":23.0},{"not_picked":["sneckomod:Cheat","sneckomod:UnknownRareAttack"],"picked":"sneckomod:Unknown3Cost","floor":24.0},{"not_picked":["sneckomod:UnknownClassHIEROPHANT_GOLD_COLOR+1","sneckomod:UnknownX+1","sneckomod:UnknownCommonAttack+1","sneckomod:UnknownClassDT_ORANGE+1"],"picked":"SKIP","floor":25.0},{"not_picked":["sneckomod:SoulDraw+1","sneckomod:DefensiveFlair","sneckomod:IronFang","sneckomod:QuickMove"],"picked":"SKIP","floor":25.0},{"not_picked":["sneckomod:DiceBlock","sneckomod:WideSting","sneckomod:DiceCrush","sneckomod:IronFang"],"picked":"SKIP","floor":26.0},{"not_picked":["sneckomod:Unknown1Cost+1","sneckomod:UnknownUncommonPower+1","sneckomod:UnknownBoss+1","sneckomod:UnknownClassTHE_BRONZE_AUTOMATON+1"],"picked":"SKIP","floor":27.0},{"not_picked":["sneckomod:UnknownClassDARK_GREEN_COLOR+1","sneckomod:SoulRoll","sneckomod:TrashToTreasure","sneckomod:UnendingSupply"],"picked":"SKIP","floor":27.0},{"not_picked":["sneckomod:UnknownExhaust","sneckomod:DefensiveFlair","sneckomod:UnknownCommonAttack+1","sneckomod:SoulRoll"],"picked":"SKIP","floor":28.0},{"not_picked":["sneckomod:UnknownBoss","sneckomod:UnknownRareAttack","sneckomod:MorePower"],"picked":"sneckomod:UnknownRareSkill","floor":29.0},{"not_picked":["sneckomod:DiceBlock","sneckomod:Nope+1","sneckomod:UnknownStrike","sneckomod:QuickBite"],"picked":"SKIP","floor":29.0},{"not_picked":["sneckomod:QuickBite","sneckomod:SnakeSap","sneckomod:UnknownX","sneckomod:DefensiveFlair"],"picked":"SKIP","floor":30.0},{"not_picked":["sneckomod:Unknown3Cost","sneckomod:Mudshield","sneckomod:SerpentMind"],"picked":"sneckomod:Transmogrify","floor":31.0},{"not_picked":["sneckomod:UnknownUncommonAttack+1","sneckomod:UnknownWeak+1","sneckomod:UnknownClassSHADE_COLOR+1","sneckomod:UnknownClassHEXA_GHOST_PURPLE+1"],"picked":"SKIP","floor":31.0},{"not_picked":["sneckomod:QuickMove","sneckomod:TrashToTreasure+1","sneckomod:UnknownCommonSkill","sneckomod:WideSting"],"picked":"SKIP","floor":31.0},{"not_picked":["sneckomod:UnknownVulnerable+1","sneckomod:SoulDraw","sneckomod:SlitherStrike","sneckomod:SoulRoll"],"picked":"SKIP","floor":32},{"not_picked":["sneckomod:SerpentMind","sneckomod:UnknownBoss","sneckomod:Mudshield"],"picked":"sneckomod:Unknown3Cost","floor":33},{"not_picked":["sneckomod:WideSting+1","sneckomod:UnknownWeak+1","sneckomod:UnknownCommonSkill+1","sneckomod:SoulCleanse"],"picked":"SKIP","floor":36},{"not_picked":["sneckomod:CheapStock","sneckomod:UnknownCommonSkill","sneckomod:QuickMove","sneckomod:UnknownRareAttack"],"picked":"SKIP","floor":38},{"not_picked":["sneckomod:UnknownClasssleuth_GRAY_COLOR+1","sneckomod:UnknownClassMARKED_PURPLE_COLOR+1","sneckomod:UnknownClassGREEN+1","sneckomod:UnknownClassCULL_RED_COLOR+1"],"picked":"SKIP","floor":40},{"not_picked":["sneckomod:ImprovisedGuard+1","sneckomod:UnknownDraw","sneckomod:UnknownWeak","sneckomod:SnakeSap+1"],"picked":"SKIP","floor":40},{"not_picked":["sneckomod:UnknownBoss","sneckomod:MorePower"],"picked":"sneckomod:UnknownRarePower","floor":41},{"not_picked":["sneckomod:Mudshield","sneckomod:Restock","sneckomod:SerpentMind"],"picked":"sneckomod:UnknownRarePower","floor":42},{"not_picked":["sneckomod:UnknownClassHEXA_GHOST_PURPLE+1","sneckomod:UnknownClassSENSHI_COLOR+1","sneckomod:UnknownClassHUNTRESS+1"],"picked":"sneckomod:UnknownDraw+1","floor":42},{"not_picked":["sneckomod:UnknownBlock","sneckomod:UnknownWeak","sneckomod:UnknownVulnerable+1","sneckomod:Unknown2Cost+1"],"picked":"SKIP","floor":42},{"not_picked":["sneckomod:Nope","sneckomod:UnknownCommonSkill+1","sneckomod:WideSting","sneckomod:QuickBite+1"],"picked":"SKIP","floor":44},{"not_picked":["sneckomod:UnknownRarePower","sneckomod:Unknown3Cost","sneckomod:MorePower"],"picked":"sneckomod:UnknownRareSkill","floor":45},{"not_picked":["sneckomod:UnknownClassTHE_SIMPLETON_BLUE+1","sneckomod:UnknownClassBUGKNIGHT_GRAY_COLOR+1","sneckomod:UnknownClassLichGold+1"],"picked":"sneckomod:UnknownClassGREEN+1","floor":45},{"not_picked":["sneckomod:MasterEye","sneckomod:UnknownVulnerable","sneckomod:QuickBite","sneckomod:Unknown2Cost"],"picked":"SKIP","floor":45},{"not_picked":["sneckomod:Unknown+1","sneckomod:UnknownClassCULL_RED_COLOR+1","sneckomod:Unknown1Cost+1","sneckomod:UnknownStrike+1"],"picked":"SKIP","floor":48},{"not_picked":["sneckomod:ImprovisedAttack+1","sneckomod:Unknown1Cost","sneckomod:MorePower","sneckomod:SoulDraw"],"picked":"SKIP","floor":48},{"not_picked":["sneckomod:DiceCrush","sneckomod:DefensiveFlair+1","sneckomod:UnendingSupply+1","sneckomod:DiceBlock+1"],"picked":"SKIP","floor":49},{"not_picked":["sneckomod:DiceCrush","sneckomod:QuickMove","sneckomod:UnknownExhaust"],"picked":"sneckomod:ImprovisedAttack","floor":52},{"not_picked":["sneckomod:SerpentMind","sneckomod:UnknownRarePower","sneckomod:MorePower"],"picked":"sneckomod:SoulExchange","floor":52}],"player_experience":1352480,"relics_obtained":[{"floor":4.0,"key":"wanderingMiniBosses:Blackblade"},{"floor":6.0,"key":"Mercury Hourglass"},{"floor":8.0,"key":"Bromod:ArcaneMomentum"},{"floor":14.0,"key":"theSenshi:FeatherClipsRelic"},{"floor":24.0,"key":"Gambling Chip"},{"floor":31.0,"key":"hubris:ToyBattleship"},{"floor":32,"key":"DemoMod:VorpalBullet"},{"floor":33,"key":"Bromod:ArcaneNullifier"},{"floor":35,"key":"Potion Belt"},{"floor":39,"key":"Thread and Needle"},{"floor":40,"key":"Juzu Bracelet"},{"floor":41,"key":"Bromod:ArcaneUltimatum"},{"floor":41,"key":"qcfpunch:Broken_Tusk"},{"floor":42,"key":"DemoMod:RingOfEthereal"},{"floor":45,"key":"infinitespire:Satchel"},{"floor":52,"key":"infinitespire:PuzzleCube"}],"event_choices":[],"is_beta":false,"boss_relics":[{"not_picked":["vexMod:NewClearReactor","hubris:CrackedHourglass"],"picked":"Runesmith:UraniumAnvil"},{"not_picked":["aspiration:RunicSpoon","Ring of Chaos"],"picked":"Bromod:ArcaneBarrier"}],"items_purged_floors":[0],"is_endless":false,"potions_floor_spawned":[2,4,6,11,14,20,23,26,27,28,31,39,40,48,49],"ascension_level":19}}