{"host":"sdjng9zhqonqi3uc","time":1611508579,"event":{"mods":["2.2 Compatiblity","AchievementEnabler","BaseMod","Better Note","Better Third Choice","BetterRewards","Colored Map","Colored Powertips","Downfall","Hero for Fun","Hubris","Minty Spire (QoL Compilation)","Quick Restart","Relic Stats","Shop Mod","Spicy Shops","StSLib","Td1madao Mod","The Animator","The Cursed","The Servant 0.9.4"],"gold_per_floor":[129,129,109,120,120,120,120],"floor_reached":6,"language":"ENG","playtime":194,"items_purged":[],"score":49,"play_id":"6b59dcae-44e8-45dd-9e6a-dba359b0281d","local_time":"20210124181619","is_ascension_mode":true,"campfire_choices":[],"circlet_count":0,"master_deck":["animator:Strike_AccelWorld","animator:Defend_AccelWorld","animator:Strike","animator:Strike","animator:Strike","animator:Defend","animator:Defend","animator:Kuroyukihime","animator:LimeBell","animator:MamiTomoe","animator:CowGirl"],"relics":["animator:LivingPicture","animator:TheMissingPiece","animator:PurgingStone","Incense Burner","hubris:TenFootPole","HornCleat","Bronze Scales","MerchantsRug","hubris:Icosahedron"],"acts_visited":["Exordium"],"potions_floor_usage":[6],"damage_taken":[{"damage":0,"enemies":"Small Slimes","floor":1,"turns":3},{"damage":0,"enemies":"Cultist","floor":4,"turns":3},{"damage":28,"enemies":"Gremlin Nob","floor":6,"turns":3}],"seed_played":"6961042181054071258","potions_obtained":[{"floor":3,"key":"Swift Potion"},{"floor":4,"key":"SkillPotion"}],"is_trial":false,"path_per_floor":["M","?","?","M","?","E"],"character_chosen":"THE_ANIMATOR","items_purchased":["Incense Burner","hubris:TenFootPole","HornCleat","Bronze Scales","MerchantsRug"],"campfire_rested":0,"item_purchase_floors":[0,0,0,0,0],"current_hp_per_floor":[31,28,28,28,28,0,0],"gold":120,"neow_bonus":"","is_daily":false,"chose_seed":false,"campfire_upgraded":0,"win_rate":0.0,"timestamp":1611508579,"path_taken":["M","?","?","?","?","E"],"items_purchased_type":["Relic","Relic","Relic","Relic","Relic"],"build_version":"2020-12-22","purchased_purges":0,"victory":false,"max_hp_per_floor":[66,66,66,66,66,66,66],"relic_stats":{"counters":[114,408],"Bronze Scales":[15],"obtain_stats":[{"TwistedFunnel":45,"Calipers":0,"hubris:CrystalStatue":48,"Gremlin Horn":6,"Vajra":7,"Hammer of Thor":53,"Whetstone":40,"hubris:MysteriousPyramids":24,"Boot":37,"animator:RacePiece":34,"Old Coin":28,"Blood Vial":6,"HornCleat":0,"Sundial":9,"Strawberry":0,"MealTicket":12,"hubris:DeckOfHolding":42,"downfall:ExtraCursedKey":38,"HandDrill":27,"Toxic Egg 2":26,"MerchantsRug":0,"Pear":0,"animator:TheWolleyCore":53,"Dead Branch":31,"Blue Candle":45,"animator:BattleDrones":27,"hubris:SphereOfDissonance":22,"Eternal Feather":28,"Question Card":36,"Akabeko":48,"WarpedTongs":39,"animator:CerealBox":0,"SlaversCollar":17,"animator:HolyGrailRelic":34,"Anvil of the Gods":53,"Brimstone":37,"Bronze Scales":43,"Molten Egg 2":31,"Mark of Pain":34,"hubris:TenFootPole":9,"bronze:MakeshiftBattery":17,"Unceasing Top":24,"Meat on the Bone":40,"Darkstone Periapt":0,"Regal Pillow":0,"Lantern":14,"hubris:Metronome":0,"animator:ShionDessert":27,"Singing Bowl":3,"Torii":0,"animator:TheMissingPiece":0,"Mango":37,"Juzu Bracelet":0,"Bag of Preparation":36,"Incense Burner":0,"hubris:EmptyBottle":0,"hubris:Icosahedron":2,"animator:PurgingStone":0,"animator:AncientMedallion":53,"Mummified Hand":11,"Pantograph":45,"Toolbox":21,"hubris:CuriousFeather":30,"downfall:ExtraCursedBell":48,"animator:VividPicture":17,"InkBottle":9,"Paper Frog":44,"hubris:GlazedTorus":0,"animator:ColorlessFragment":0,"PreservedInsect":0,"hubris:MedicalManual":38,"Omamori":40,"Seething Fire":53,"hubris:Towel":57,"Frozen Egg 2":9,"Medical Kit":0,"Mercury Hourglass":37,"Anchor":0,"DataDisk":42,"animator:TheEgnaroPiece":53,"CaptainsWheel":45,"animator:CursedBlade":17,"Busted Crown":34,"Ornamental Fan":36,"animator:LivingPicture":0,"hubris:BundleOfHerbs":23,"Art of War":45,"Membership Card":36,"hubris:Potato":26,"FossilizedHelix":0,"hubris:OldNail":0,"TungstenRod":42,"Toy Ornithopter":27,"hubris:BottledRain":31},{"TwistedFunnel":55,"Calipers":0,"hubris:CrystalStatue":57,"Gremlin Horn":3,"Vajra":3,"Hammer of Thor":58,"Whetstone":53,"hubris:MysteriousPyramids":12,"Boot":84,"animator:RacePiece":107,"Old Coin":78,"Blood Vial":3,"HornCleat":65,"Sundial":4,"Strawberry":91,"MealTicket":36,"hubris:DeckOfHolding":55,"downfall:ExtraCursedKey":19,"HandDrill":103,"Toxic Egg 2":77,"MerchantsRug":0,"Pear":30,"animator:TheWolleyCore":58,"Dead Branch":16,"Blue Candle":55,"animator:BattleDrones":103,"hubris:SphereOfDissonance":11,"Eternal Feather":14,"Question Card":18,"Akabeko":57,"WarpedTongs":19,"animator:CerealBox":65,"SlaversCollar":39,"animator:HolyGrailRelic":17,"Anvil of the Gods":58,"Brimstone":84,"Bronze Scales":55,"Molten Egg 2":106,"Mark of Pain":48,"hubris:TenFootPole":34,"bronze:MakeshiftBattery":8,"Unceasing Top":103,"Meat on the Bone":87,"Darkstone Periapt":65,"Regal Pillow":65,"Lantern":72,"hubris:Metronome":91,"animator:ShionDessert":103,"Singing Bowl":1,"Torii":91,"animator:TheMissingPiece":0,"Mango":84,"Juzu Bracelet":0,"Bag of Preparation":18,"Incense Burner":111,"hubris:EmptyBottle":91,"hubris:Icosahedron":1,"animator:PurgingStone":0,"animator:AncientMedallion":23,"Mummified Hand":35,"Pantograph":55,"Toolbox":74,"hubris:CuriousFeather":80,"downfall:ExtraCursedBell":57,"animator:VividPicture":99,"InkBottle":69,"Paper Frog":21,"hubris:GlazedTorus":65,"animator:ColorlessFragment":65,"PreservedInsect":30,"hubris:MedicalManual":51,"Omamori":20,"Seething Fire":58,"hubris:Towel":25,"Frozen Egg 2":95,"Medical Kit":65,"Mercury Hourglass":84,"Anchor":0,"DataDisk":20,"animator:TheEgnaroPiece":23,"CaptainsWheel":55,"animator:CursedBlade":73,"Busted Crown":82,"Ornamental Fan":18,"animator:LivingPicture":0,"hubris:BundleOfHerbs":43,"Art of War":55,"Membership Card":18,"hubris:Potato":13,"FossilizedHelix":65,"hubris:OldNail":65,"TungstenRod":89,"Toy Ornithopter":103,"hubris:BottledRain":16},{"TwistedFunnel":209,"Calipers":0,"hubris:CrystalStatue":211,"Gremlin Horn":12,"Vajra":12,"Hammer of Thor":212,"Whetstone":207,"hubris:MysteriousPyramids":60,"Boot":296,"animator:RacePiece":380,"Old Coin":275,"Blood Vial":12,"HornCleat":225,"Sundial":15,"Strawberry":322,"MealTicket":190,"hubris:DeckOfHolding":209,"downfall:ExtraCursedKey":93,"HandDrill":362,"Toxic Egg 2":270,"MerchantsRug":0,"Pear":184,"animator:TheWolleyCore":212,"Dead Branch":78,"Blue Candle":209,"animator:BattleDrones":362,"hubris:SphereOfDissonance":52,"Eternal Feather":70,"Question Card":89,"Akabeko":211,"WarpedTongs":93,"animator:CerealBox":225,"SlaversCollar":193,"animator:HolyGrailRelic":86,"Anvil of the Gods":212,"Brimstone":296,"Bronze Scales":209,"Molten Egg 2":374,"Mark of Pain":202,"hubris:TenFootPole":188,"bronze:MakeshiftBattery":38,"Unceasing Top":362,"Meat on the Bone":307,"Darkstone Periapt":225,"Regal Pillow":225,"Lantern":253,"hubris:Metronome":322,"animator:ShionDessert":362,"Singing Bowl":4,"Torii":322,"animator:TheMissingPiece":0,"Mango":296,"Juzu Bracelet":0,"Bag of Preparation":89,"Incense Burner":399,"hubris:EmptyBottle":322,"hubris:Icosahedron":4,"animator:PurgingStone":0,"animator:AncientMedallion":117,"Mummified Hand":189,"Pantograph":209,"Toolbox":261,"hubris:CuriousFeather":281,"downfall:ExtraCursedBell":211,"animator:VividPicture":345,"InkBottle":239,"Paper Frog":104,"hubris:GlazedTorus":225,"animator:ColorlessFragment":225,"PreservedInsect":184,"hubris:MedicalManual":205,"Omamori":98,"Seething Fire":212,"hubris:Towel":139,"Frozen Egg 2":332,"Medical Kit":225,"Mercury Hourglass":296,"Anchor":0,"DataDisk":98,"animator:TheEgnaroPiece":117,"CaptainsWheel":209,"animator:CursedBlade":257,"Busted Crown":292,"Ornamental Fan":89,"animator:LivingPicture":0,"hubris:BundleOfHerbs":197,"Art of War":209,"Membership Card":89,"hubris:Potato":65,"FossilizedHelix":225,"hubris:OldNail":225,"TungstenRod":315,"Toy Ornithopter":362,"hubris:BottledRain":78}]},"card_choices":[{"not_picked":["animator:OrikoMikuni","animator:Yoichi"],"picked":"animator:MamiTomoe","floor":1},{"not_picked":["animator:SilverFang","animator:Hakurou"],"picked":"animator:CowGirl","floor":4}],"player_experience":385773,"relics_obtained":[],"event_choices":[{"cards_removed":["animator:Defend"],"damage_healed":0,"gold_gain":0,"player_choice":"Card Removal","damage_taken":7,"max_hp_gain":0,"max_hp_loss":0,"event_name":"Golden Wing","floor":2,"gold_loss":0},{"damage_healed":0,"gold_gain":0,"player_choice":"Bought 1 Potion","damage_taken":0,"max_hp_gain":0,"max_hp_loss":0,"event_name":"The Woman in Blue","floor":3,"gold_loss":0}],"is_beta":false,"boss_relics":[],"items_purged_floors":[],"is_endless":false,"potions_floor_spawned":[4],"killed_by":"Gremlin Nob","ascension_level":9}}