{"host":"49c2zf0lajbcs427","time":1611461301,"event":{"mods":["AchievementEnabler","BaseMod","Colored Map","Colored Powertips","Highlight Path","Key Reminder","Minty Spire (QoL Compilation)","Relic Stats","StSLib"],"gold_per_floor":[117,117,117,133,133,133,167,167,167,167,186,39,59,73,73,171,171,191,208,25,25,25,25,25,0,23,23,38,50,62,62,62,62,62],"floor_reached":33,"language":"ENG","playtime":1579,"items_purged":[],"score":368,"play_id":"2fe5b690-643a-454f-833f-831c99cb3368","local_time":"20210124170821","is_ascension_mode":true,"campfire_choices":[{"data":"Zap","floor":6,"key":"SMITH"},{"data":"Loop","floor":8,"key":"SMITH"},{"data":"Fission","floor":15,"key":"SMITH"},{"data":"Seek","floor":23,"key":"SMITH"},{"data":"Fusion","floor":24,"key":"SMITH"},{"data":"Capacitor","floor":32,"key":"SMITH"}],"circlet_count":0,"master_deck":["Strike_B+1","Strike_B","Strike_B","Strike_B","Defend_B+1","Defend_B","Defend_B","Defend_B","Zap+1","Dualcast","Cold Snap","Loop+1","Rebound","Fission+1","Fusion+1","Streamline","Seek+1","Go for the Eyes+1","Hologram+1","Hologram","Darkness","Capacitor+1","Glacier+1"],"relics":["Cracked Core","WingedGreaves","Ornamental Fan","Bottled Tornado","Coffee Dripper","Membership Card","Anchor","Gremlin Horn"],"acts_visited":["Exordium","TheCity"],"potions_floor_usage":[16,16,18,19,29,29],"damage_taken":[{"damage":2,"enemies":"2 Louse","floor":1,"turns":3},{"damage":2,"enemies":"Small Slimes","floor":4,"turns":3},{"damage":30,"enemies":"3 Sentries","floor":7,"turns":8},{"damage":5,"enemies":"Jaw Worm","floor":11,"turns":3},{"damage":0,"enemies":"Large Slime","floor":13,"turns":5},{"damage":2,"enemies":"Blue Slaver","floor":14,"turns":4},{"damage":15,"enemies":"Hexaghost","floor":16,"turns":9},{"damage":13,"enemies":"Shell Parasite","floor":18,"turns":4},{"damage":8,"enemies":"3 Byrds","floor":19,"turns":6},{"damage":13,"enemies":"Snecko","floor":28,"turns":6},{"damage":2,"enemies":"Sentry and Sphere","floor":29,"turns":4},{"damage":13,"enemies":"Shelled Parasite and Fungi","floor":30,"turns":4},{"damage":1,"enemies":"Champ","floor":33,"turns":1}],"seed_played":"-6440193617775151421","potions_obtained":[{"floor":1,"key":"PotionOfCapacity"},{"floor":14,"key":"EssenceOfSteel"},{"floor":16,"key":"BlessingOfTheForge"},{"floor":18,"key":"DuplicationPotion"},{"floor":28,"key":"SpeedPotion"}],"is_trial":false,"path_per_floor":["M","?","?","M","T","R","E","R","T","?","M","$","M","M","R","B",null,"M","M","$","?","?","R","R","$","T","$","M","M","M","T","R","B"],"character_chosen":"DEFECT","items_purchased":["Fission","Membership Card","Hologram","SkillPotion","FearPotion"],"campfire_rested":0,"item_purchase_floors":[12,20,20,20,25],"current_hp_per_floor":[73,73,78,76,76,76,46,46,46,29,24,24,24,22,22,7,67,54,46,46,29,29,29,29,29,29,29,16,14,1,1,1,0,0],"gold":62,"neow_bonus":"TEN_PERCENT_HP_BONUS","is_daily":false,"chose_seed":false,"campfire_upgraded":6,"win_rate":0.0,"timestamp":1611461301,"path_taken":["M","?","?","M","?","R","E","R","T","?","M","$","M","?","R","BOSS","M","?","?","?","?","R","R","$","T","?","M","?","M","?","R","BOSS"],"items_purchased_type":["Card","Relic","Card","Potion","Potion"],"build_version":"2020-12-22","purchased_purges":0,"victory":false,"max_hp_per_floor":[82,82,87,87,87,87,87,87,87,87,87,87,87,87,87,87,87,87,87,87,92,92,92,92,92,92,92,92,92,92,92,92,92,92],"relic_stats":{"Gremlin Horn":[0,0],"counters":[13,59],"Ornamental Fan":[52],"obtain_stats":[{"Anchor":26,"Gremlin Horn":31,"Ornamental Fan":7,"WingedGreaves":5,"Coffee Dripper":17,"Membership Card":20,"Bottled Tornado":9,"Cracked Core":0},{"Anchor":9,"Gremlin Horn":12,"Ornamental Fan":3,"WingedGreaves":2,"Coffee Dripper":7,"Membership Card":9,"Bottled Tornado":3,"Cracked Core":0},{"Anchor":44,"Gremlin Horn":58,"Ornamental Fan":14,"WingedGreaves":6,"Coffee Dripper":34,"Membership Card":44,"Bottled Tornado":14,"Cracked Core":0}]},"card_choices":[{"not_picked":["Storm","Stack","Steam"],"picked":"SKIP","floor":1},{"not_picked":["Stack","Self Repair"],"picked":"Cold Snap","floor":4},{"not_picked":["Reinforced Body","Auto Shields"],"picked":"Loop","floor":7},{"not_picked":["Streamline","Redo"],"picked":"Rebound","floor":11},{"not_picked":["Hologram","Rebound"],"picked":"Fusion","floor":13},{"not_picked":["Aggregate","Reinforced Body"],"picked":"Streamline","floor":14},{"not_picked":["Amplify","Thunder Strike"],"picked":"Seek","floor":16},{"not_picked":["Conserve Battery+1","BootSequence+1"],"picked":"Go for the Eyes+1","floor":18},{"not_picked":["Go for the Eyes","Leap"],"picked":"Hologram+1","floor":19},{"not_picked":["Cold Snap","Sweeping Beam"],"picked":"Darkness","floor":28},{"not_picked":["Barrage","Sunder+1"],"picked":"Capacitor","floor":29},{"not_picked":["Gash","Coolheaded+1"],"picked":"Glacier+1","floor":30}],"player_experience":2358504,"relics_obtained":[{"floor":5,"key":"WingedGreaves"},{"floor":7,"key":"Ornamental Fan"},{"floor":9,"key":"Bottled Tornado"},{"floor":26,"key":"Anchor"},{"floor":31,"key":"Gremlin Horn"}],"event_choices":[{"damage_healed":0,"gold_gain":0,"player_choice":"Leave","damage_taken":0,"max_hp_gain":0,"max_hp_loss":0,"event_name":"The Cleric","floor":2,"gold_loss":0},{"damage_healed":0,"gold_gain":0,"player_choice":"Donut","damage_taken":0,"max_hp_gain":5,"max_hp_loss":0,"event_name":"Big Fish","floor":3,"gold_loss":0},{"damage_healed":0,"gold_gain":0,"player_choice":"Entered Light","damage_taken":17,"max_hp_gain":0,"max_hp_loss":0,"event_name":"Shining Light","floor":10,"gold_loss":0,"cards_upgraded":["Defend_B","Strike_B"]},{"damage_healed":0,"gold_gain":0,"player_choice":"Shed Blood","damage_taken":22,"max_hp_gain":5,"max_hp_loss":0,"event_name":"Forgotten Altar","floor":21,"gold_loss":0}],"is_beta":false,"boss_relics":[{"not_picked":["Runic Dome","Ectoplasm"],"picked":"Coffee Dripper"}],"items_purged_floors":[],"is_endless":false,"potions_floor_spawned":[1,14,16,18,28],"killed_by":"Champ","ascension_level":8}}