{"host":"0mk07bycsqo1qk03","time":1611513087,"event":{"mods":["BaseMod","Downfall","Hermit","Hubris","Minty Spire (QoL Compilation)","StSLib","The Cursed"],"gold_per_floor":[99,109,120,105,105,105,151,168,194,226,237,249,249,6,18,115,115,115,134,151,90,110,110,192,192,192,192],"floor_reached":25,"language":"ENG","playtime":1756,"items_purged":[],"score":213,"play_id":"af094fef-a9d7-4ea0-a329-fb0c08b9f959","local_time":"20210124193127","is_ascension_mode":true,"campfire_choices":[{"data":"bronze:OilSpill","floor":1,"key":"SMITH"},{"data":"bronze:OilSpill","floor":6,"key":"SMITH"},{"data":"bronze:Terminator","floor":13,"key":"SMITH"},{"data":"bronze:Repulsor","floor":18,"key":"SMITH"}],"circlet_count":0,"master_deck":["bronze:Strike","bronze:Strike","bronze:Strike","bronze:Strike","bronze:Defend","bronze:Defend","bronze:Defend","bronze:Defend","bronze:Replicate","bronze:Goto","bronze:OilSpill+1","bronze:DelayedGuard","bronze:OilSpill+1","bronze:OilSpill+1","bronze:Allocate","bronze:Terminator+1","bronze:HyperBeam","bronze:Shield","bronze:ForLoop","bronze:Deprecate","bronze:Repulsor+1","bronze:BitShift","bronze:ShipIt","bronze:WildBeam","bronze:ChildClass","bronze:Frontload","bronze:Shield"],"relics":["bronze:BronzeCore","Lantern","Odd Mushroom","hubris:BottledRain","hubris:TenFootPole","SacredBark","Bottled Flame"],"acts_visited":["Exordium","TheCity"],"potions_floor_usage":[21,22,25],"damage_taken":[{"damage":0,"enemies":"Small Slimes","floor":2,"turns":3},{"damage":0,"enemies":"Cultist","floor":3,"turns":3},{"damage":0,"enemies":"downfall:FleeingMerchant","floor":4,"turns":4},{"damage":1,"enemies":"Jaw Worm","floor":8,"turns":3},{"damage":2,"enemies":"The Mushroom Lair","floor":9,"turns":4},{"damage":15,"enemies":"3 Sentries","floor":10,"turns":7},{"damage":2,"enemies":"Exordium Wildlife","floor":11,"turns":2},{"damage":0,"enemies":"Red Slaver","floor":12,"turns":2},{"damage":1,"enemies":"downfall:FleeingMerchant","floor":14,"turns":4},{"damage":1,"enemies":"2 Fungi Beasts","floor":15,"turns":3},{"damage":36,"enemies":"IC_STATUS_ARCHETYPE","floor":16,"turns":5},{"damage":15,"enemies":"3 Byrds","floor":19,"turns":6},{"damage":22,"enemies":"Shelled Parasite and Fungi","floor":20,"turns":6},{"damage":9,"enemies":"downfall:FleeingMerchant","floor":21,"turns":4},{"damage":0,"enemies":"Snecko","floor":22,"turns":3},{"damage":31,"enemies":"Gremlin Leader","floor":25,"turns":3}],"seed_played":"5564385831246982013","potions_obtained":[{"floor":8,"key":"GamblersBrew"},{"floor":10,"key":"Strength Potion"},{"floor":11,"key":"Slimebound:ThreeZeroPotion"},{"floor":19,"key":"LiquidBronze"}],"is_trial":false,"path_per_floor":["R","M","M","$","?","R","T","M","?","E","M","M","R","$","M","B",null,"R","M","M","$","M","?","T","E"],"character_chosen":"THE_AUTOMATON","items_purchased":["hubris:TenFootPole","bronze:Repulsor","bronze:Shield"],"campfire_rested":0,"item_purchase_floors":[14,14,21],"current_hp_per_floor":[70,70,70,70,70,70,70,69,67,52,50,50,50,49,48,12,70,70,55,33,24,24,24,24,0,0,0],"gold":192,"neow_bonus":"THREE_CARDS","is_daily":false,"chose_seed":false,"campfire_upgraded":4,"win_rate":0.0,"timestamp":1611513087,"path_taken":["R","M","M","$","?","R","T","?","?","E","M","M","R","?","M","BOSS","R","M","M","$","M","?","T","E"],"items_purchased_type":["Relic","Card","Card"],"build_version":"2020-12-22","purchased_purges":0,"victory":false,"max_hp_per_floor":[70,70,70,70,70,70,70,70,70,70,70,70,70,70,70,70,70,70,70,70,70,70,70,70,70,70,70],"card_choices":[{"not_picked":["bronze:FineTuning","bronze:WildBeam"],"picked":"bronze:OilSpill","floor":0},{"not_picked":["bronze:OilSpill","bronze:WhirlingStrike"],"picked":"bronze:DelayedGuard","floor":2},{"not_picked":["bronze:WildBeam","bronze:Turbo"],"picked":"bronze:OilSpill","floor":3},{"not_picked":["bronze:Turbo","bronze:Boost","bronze:Invalidate"],"picked":"SKIP","floor":4},{"not_picked":["bronze:Deprecate","bronze:Shield"],"picked":"bronze:Allocate","floor":8},{"not_picked":["bronze:Shield","bronze:Flail"],"picked":"bronze:Terminator","floor":9},{"not_picked":["bronze:SpaghettiCode","bronze:Frontload"],"picked":"bronze:HyperBeam","floor":10},{"not_picked":["bronze:OilSpill","bronze:Constructor"],"picked":"bronze:Shield","floor":11},{"not_picked":["bronze:ClassDefault","bronze:ChosenStrike"],"picked":"bronze:ForLoop","floor":12},{"not_picked":["bronze:Turbo","bronze:DarkDash"],"picked":"bronze:Deprecate","floor":14},{"not_picked":["bronze:NullPointer","bronze:WhirlingStrike"],"picked":"bronze:BitShift","floor":15},{"not_picked":["bronze:HyperBeam","bronze:RecursiveStrike"],"picked":"bronze:ShipIt","floor":16},{"not_picked":["bronze:BronzeArmor","bronze:Boost"],"picked":"bronze:WildBeam","floor":19},{"not_picked":["bronze:Fortify+1","bronze:WildBeam+1"],"picked":"bronze:ChildClass","floor":20},{"not_picked":["bronze:Iterate","bronze:Allocate+1"],"picked":"bronze:Frontload","floor":21},{"not_picked":["bronze:Return+1","bronze:ChosenStrike","bronze:CloningBeam"],"picked":"SKIP","floor":22}],"player_experience":958441,"relics_obtained":[{"floor":7,"key":"Lantern"},{"floor":9,"key":"Odd Mushroom"},{"floor":10,"key":"hubris:BottledRain"},{"floor":24,"key":"Bottled Flame"}],"event_choices":[{"damage_healed":0,"gold_gain":0,"player_choice":"Fought Mushrooms","damage_taken":0,"max_hp_gain":0,"max_hp_loss":0,"event_name":"Mushrooms","floor":9,"gold_loss":0}],"is_beta":false,"boss_relics":[{"not_picked":["Snecko Eye","hubris:GrandSneckoEye"],"picked":"SacredBark"}],"items_purged_floors":[],"is_endless":false,"potions_floor_spawned":[8,10,11,19,20],"killed_by":"Gremlin Leader","ascension_level":1}}