{"host":"b1dzdo8uo7e6jx8g","time":1611513708,"event":{"mods":["AchievementEnabler","BaseMod","BetterRewards","Colored Map","Downfall","Highlight Path","Minty Spire (QoL Compilation)","StSLib"],"gold_per_floor":[116,116,116,116,131,131,157,176,223,243,274,274,274,274,274,274,274],"floor_reached":16,"language":"ENG","playtime":359,"items_purged":[],"score":133,"play_id":"b5e2d90e-217e-4367-b218-4a0669d0f2fa","local_time":"20210124194148","is_ascension_mode":false,"campfire_choices":[{"floor":6,"key":"RECALL"},{"floor":15,"key":"REST"}],"circlet_count":0,"master_deck":["Strike_G","Strike_G","Strike_G","Strike_G","Strike_G","Defend_G","Defend_G","Defend_G","Defend_G","Defend_G","Survivor","Neutralize","Blade Dance","Venomology"],"relics":["Ring of the Snake","NeowsBlessing","PreservedInsect","Snake Skull","Blue Candle","Frozen Egg 2"],"acts_visited":["Exordium"],"potions_floor_usage":[10,10,11,16,16,16],"damage_taken":[{"damage":0,"enemies":"Small Slimes","floor":1,"turns":1},{"damage":0,"enemies":"Cultist","floor":5,"turns":1},{"damage":0,"enemies":"Gremlin Nob","floor":7,"turns":1},{"damage":3,"enemies":"Jaw Worm","floor":8,"turns":4},{"damage":7,"enemies":"Looter","floor":10,"turns":3},{"damage":12,"enemies":"Lagavulin","floor":11,"turns":6},{"damage":63,"enemies":"Hexaghost","floor":16,"turns":15}],"seed_played":"5945637463778789023","potions_obtained":[{"floor":4,"key":"Block Potion"},{"floor":4,"key":"sneckomod:MuddlingPotion"},{"floor":4,"key":"CultistPotion"},{"floor":7,"key":"Dexterity Potion"},{"floor":8,"key":"Slimebound:ThreeZeroPotion"},{"floor":10,"key":"Block Potion"}],"is_trial":false,"path_per_floor":["M","?","$","?","M","R","E","M","T","M","E","?","?","?","R","B"],"character_chosen":"THE_SILENT","items_purchased":[],"campfire_rested":1,"item_purchase_floors":[],"current_hp_per_floor":[70,70,70,70,70,70,70,67,67,60,48,48,41,41,62,0,0],"gold":274,"neow_bonus":"THREE_ENEMY_KILL","is_daily":false,"chose_seed":false,"campfire_upgraded":0,"win_rate":0.0,"timestamp":1611513708,"path_taken":["M","?","$","?","?","R","E","M","T","M","E","?","?","?","R","BOSS"],"items_purchased_type":[],"build_version":"2020-12-22","purchased_purges":0,"victory":false,"max_hp_per_floor":[70,70,70,70,70,70,70,70,70,70,70,70,70,70,70,70,70],"card_choices":[{"not_picked":["Dagger Spray","Cloak And Dagger"],"picked":"Blade Dance","floor":1},{"not_picked":["Concentrate","Skewer","Distraction"],"picked":"SKIP","floor":5},{"not_picked":["Deadly Poison","PiercingWail"],"picked":"Venomology","floor":7},{"not_picked":["Sucker Punch","Masterful Stab","Prepared"],"picked":"SKIP","floor":8},{"not_picked":["Outmaneuver","Prepared","Leg Sweep"],"picked":"SKIP","floor":10},{"not_picked":["All Out Attack","Sucker Punch","Quick Slash"],"picked":"SKIP","floor":11}],"player_experience":240503,"relics_obtained":[{"floor":7,"key":"PreservedInsect"},{"floor":11,"key":"Snake Skull"}],"event_choices":[{"damage_healed":0,"gold_gain":0,"player_choice":"Leave","damage_taken":0,"max_hp_gain":0,"max_hp_loss":0,"event_name":"The Cleric","floor":2,"gold_loss":0},{"damage_healed":0,"gold_gain":0,"player_choice":"Got Potions","damage_taken":0,"max_hp_gain":0,"max_hp_loss":0,"event_name":"Lab","floor":4,"gold_loss":0},{"damage_healed":0,"gold_gain":0,"player_choice":"Box","damage_taken":0,"relics_obtained":["Blue Candle"],"max_hp_gain":0,"max_hp_loss":0,"event_name":"Big Fish","floor":12,"gold_loss":0,"cards_obtained":["Regret"]},{"cards_removed":["Regret"],"damage_healed":0,"gold_gain":0,"player_choice":"Card Removal","damage_taken":7,"max_hp_gain":0,"max_hp_loss":0,"event_name":"Golden Wing","floor":13,"gold_loss":0},{"damage_healed":0,"gold_gain":0,"player_choice":"Gave Potion","damage_taken":0,"relics_obtained":["Frozen Egg 2"],"max_hp_gain":0,"max_hp_loss":0,"event_name":"WeMeetAgain","floor":14,"gold_loss":0}],"is_beta":false,"boss_relics":[],"items_purged_floors":[],"is_endless":false,"potions_floor_spawned":[7,8,10,11],"killed_by":"Hexaghost","ascension_level":0}}