{"host":"oigynbtg272c19pw","time":1611475569,"event":{"mods":["BaseMod","Colored Map","Minty Spire (QoL Compilation)","Relic Stats","Slay the Relics Exporter","StSLib"],"gold_per_floor":[18,30,30,44,62,62,78,78,103,137,137,137,148,179,179,179,179],"floor_reached":16,"playtime":805,"items_purged":[],"score":224,"play_id":"0dd40806-fc9e-4ea7-82c4-e5a15faf9cb8","local_time":"20210124090609","is_ascension_mode":true,"campfire_choices":[{"data":"Ball Lightning","floor":6,"key":"SMITH"},{"data":"Auto Shields","floor":8,"key":"SMITH"},{"floor":11,"key":"REST"},{"data":"Chaos","floor":15,"key":"SMITH"}],"circlet_count":0,"master_deck":["AscendersBane","Strike_B","Strike_B","Defend_B","Defend_B","Defend_B","Defend_B","Zap","Dualcast","Skim","Force Field","Cold Snap+1","Auto Shields+1","BootSequence","Ball Lightning+1","Chaos+1","Coolheaded","Doom and Gloom"],"relics":["Cracked Core","Omamori","Ancient Tea Set","Tiny Chest"],"acts_visited":["Exordium"],"potions_floor_usage":[7,10,14,16],"damage_taken":[{"damage":4.0,"enemies":"2 Louse","floor":1.0,"turns":3.0},{"damage":5.0,"enemies":"Small Slimes","floor":2.0,"turns":3.0},{"damage":0,"enemies":"Jaw Worm","floor":4,"turns":4},{"damage":0,"enemies":"2 Fungi Beasts","floor":5,"turns":3},{"damage":0,"enemies":"Large Slime","floor":7,"turns":4},{"damage":51,"enemies":"3 Sentries","floor":10,"turns":14},{"damage":1,"enemies":"Looter","floor":13,"turns":2},{"damage":19,"enemies":"Lagavulin","floor":14,"turns":7},{"damage":17,"enemies":"Hexaghost","floor":16,"turns":10}],"seed_played":"3809576768028328449","potions_obtained":[{"floor":1.0,"key":"Regen Potion"},{"floor":4,"key":"Fire Potion"},{"floor":7,"key":"Weak Potion"},{"floor":13,"key":"BlessingOfTheForge"}],"is_trial":false,"path_per_floor":["M","M","?","M","M","R","M","R","T","E","R","?","M","E","R","B"],"character_chosen":"DEFECT","items_purchased":[],"campfire_rested":1,"item_purchase_floors":[],"current_hp_per_floor":[60,55,55,55,55,55,55,55,55,19,40,40,39,20,20,3,3],"gold":179,"neow_bonus":"TRANSFORM_TWO_CARDS","is_daily":false,"chose_seed":false,"campfire_upgraded":3,"win_rate":0.0,"timestamp":1611475569,"path_taken":["M","M","?","M","M","R","M","R","T","E","R","?","M","E","R","BOSS"],"items_purchased_type":[],"build_version":"2020-12-13","purchased_purges":0,"victory":false,"max_hp_per_floor":[71,71,71,71,71,71,71,71,71,71,71,71,71,71,71,71,71],"relic_stats":{"counters":[9,50],"Tiny Chest":0,"obtain_stats":[{"Tiny Chest":14,"Omamori":9,"Cracked Core":0,"Ancient Tea Set":10},{"Tiny Chest":8,"Omamori":5,"Cracked Core":0,"Ancient Tea Set":6},{"Tiny Chest":40,"Omamori":17,"Cracked Core":0,"Ancient Tea Set":31}]},"card_choices":[{"not_picked":["Glacier","Sweeping Beam"],"picked":"Cold Snap","floor":1.0},{"not_picked":["Skim","Go for the Eyes"],"picked":"Auto Shields","floor":2.0},{"not_picked":["Rebound","Hologram"],"picked":"BootSequence","floor":4},{"not_picked":["Sweeping Beam","Rebound"],"picked":"Ball Lightning","floor":5},{"not_picked":["Fusion","Stack","Leap"],"picked":"SKIP","floor":7},{"not_picked":["Conserve Battery","Skim"],"picked":"Chaos","floor":10},{"not_picked":["BootSequence","Barrage"],"picked":"Coolheaded","floor":13},{"not_picked":["Melter","Recycle"],"picked":"Doom and Gloom","floor":14}],"player_experience":1479046,"relics_obtained":[{"floor":9,"key":"Omamori"},{"floor":10,"key":"Ancient Tea Set"},{"floor":14,"key":"Tiny Chest"}],"event_choices":[{"damage_healed":0,"gold_gain":0,"player_choice":"Grow","damage_taken":0,"max_hp_gain":0,"max_hp_loss":0,"event_name":"Living Wall","floor":3,"gold_loss":0,"cards_upgraded":["Cold Snap"]},{"damage_healed":0,"gold_gain":0,"player_choice":"Ignored","damage_taken":0,"max_hp_gain":0,"max_hp_loss":0,"event_name":"Liars Game","floor":12,"gold_loss":0}],"is_beta":false,"boss_relics":[],"items_purged_floors":[],"is_endless":false,"potions_floor_spawned":[1,4,5,7,13],"killed_by":"Hexaghost","ascension_level":20}}