{"host":"6zvpb25n18ixfmh8","time":1611530650,"event":{"mods":["Arknights The Spire","Aspiration","BaseMod","Beaked The Cultist","Bestiary","Better Skull","Better Vampires","Colored Map","Colored Powertips","Conspire","Downfall","Energized Spire","Hermit","Hubris","Infinite Spire","Minty Spire (QoL Compilation)","Quick Restart","Replay The Spire","Robot Space Explorer","Shade Mod","Spicy Shops","StSLib","The Animator","The Construct","The Dragon Tamer","The Elementalist","The Forsaken","The Marked","The Servant 0.9.4","everything is the same but u backflip on backflip","slay the spire mod where everything is the same but ironclad has a cowboy hat"],"gold_per_floor":[99,115,15,46,46,112,112,212,112,57,111,111,146,180,218,314,314,314,334,367,507,523,523,523,523,523,565,565,565],"floor_reached":27,"language":"ENG","playtime":3568,"items_purged":["Delirium"],"score":241,"play_id":"82b14de8-a755-4a57-bb29-877154f5e69a","local_time":"20210124172410","is_ascension_mode":false,"campfire_choices":[{"data":"champ:Taunt","floor":1,"key":"SMITH"},{"floor":9,"key":"REST"},{"floor":12,"key":"REST"},{"data":"champ:StrikeOfGenius","floor":18,"key":"SMITH"},{"floor":26,"key":"REST"}],"circlet_count":0,"master_deck":["champ:Strike","champ:Strike","champ:Strike","champ:Strike","champ:Defend","champ:Defend","champ:Defend","champ:Defend","champ:Execute","champ:Taunt+1","champ:GutPunch","conspire:SpireCoStock","conspire:SpireCoStock","champ:EnGarde","champ:FanOfKnives","champ:TripleStrike","champ:FlashCut","champ:BringItOn","champ:StrikeOfGenius+1","champ:RisingSlash","champ:PreciseThrust","champ:Circumvent","champ:VampiricStrike","champ:FlashCut","champ:RapidStrikes","infinitespire:FinalStrike+1","ReplayTheSpireMod:Haul"],"relics":["champ:ChampionCrown","Garlic","Dream Catcher","downfall:HeartBlessingGreen","Replay:Kaleidoscope","Ring of Chaos","Toy Ornithopter","Molten Egg 2","infinitespire:WardingShard","aspiration:Lifesprig"],"acts_visited":["Exordium","TheCity"],"potions_floor_usage":[22],"damage_taken":[{"damage":20,"enemies":"Jaw Worm","floor":2,"turns":5},{"damage":23,"enemies":"Small Slimes","floor":4,"turns":4},{"damage":118,"enemies":"3 Sentries","floor":6,"turns":16},{"damage":40,"enemies":"downfall:FleeingMerchant","floor":10,"turns":4},{"damage":48,"enemies":"Lagavulin","floor":11,"turns":8},{"damage":11,"enemies":"2 Louse","floor":13,"turns":3},{"damage":0,"enemies":"Large Slime","floor":14,"turns":3},{"damage":11,"enemies":"Gremlin Gang","floor":15,"turns":5},{"damage":101,"enemies":"SI_SHIV_ARCHETYPE","floor":16,"turns":7},{"damage":21,"enemies":"conspire:FuzzyDice","floor":19,"turns":6},{"damage":44,"enemies":"3 Byrds","floor":20,"turns":6},{"damage":58,"enemies":"downfall:LadyInBlue","floor":21,"turns":11},{"damage":5,"enemies":"Snake Plant","floor":22,"turns":4},{"damage":58,"enemies":"Nightmare","floor":27,"turns":7}],"seed_played":"-1605798458911447584","potions_obtained":[{"floor":2,"key":"GamblersBrew"},{"floor":13,"key":"conspire:TimeTravelPotion"},{"floor":15,"key":"Explosive Potion"},{"floor":21,"key":"EntropicBrew"},{"floor":21,"key":"Regen Potion"},{"floor":27,"key":"champ:OpenerPotion"}],"is_trial":false,"path_per_floor":["R","M","?","M","?","E","T","?","R","$","E","R","M","M","M","B",null,"R","M","M","?","M","?","T","AVR","R","NM"],"character_chosen":"THE_CHAMP","items_purchased":["champ:BringItOn"],"campfire_rested":3,"item_purchase_floors":[10],"current_hp_per_floor":[99,94,94,86,86,33,33,33,62,62,44,73,72,72,66,25,99,99,88,74,41,55,55,55,55,84,46,46,46],"gold":565,"neow_bonus":"TEN_PERCENT_HP_BONUS","is_daily":false,"chose_seed":false,"campfire_upgraded":2,"win_rate":0.0,"timestamp":1611530650,"path_taken":["R","M","?","M","?","E","T","?","R","$","E","R","M","M","M","BOSS","R","M","M","?","?","?","T","AVR","R","NM"],"items_purchased_type":["Card"],"build_version":"2020-12-22","purchased_purges":1,"victory":false,"max_hp_per_floor":[99,99,99,99,99,99,99,99,99,99,99,99,99,99,99,99,99,99,99,99,99,99,99,99,99,99,99,99,99],"card_choices":[{"not_picked":["champ:Haymaker","champ:HeartStrike"],"picked":"champ:GutPunch","floor":2},{"not_picked":["champ:CrookedStrike","champ:FlashCut"],"picked":"champ:EnGarde","floor":4},{"not_picked":["champ:FlashCut","champ:ShieldWall"],"picked":"champ:FanOfKnives","floor":6},{"not_picked":["champ:FanOfKnives","champ:PreciseThrust"],"picked":"champ:TripleStrike","floor":9},{"not_picked":["champ:GutPunch","champ:FaceSlap"],"picked":"champ:FlashCut","floor":10},{"not_picked":["champ:FaceSlap","champ:SwordThrow"],"picked":"champ:StrikeOfGenius","floor":11},{"not_picked":["champ:Haymaker","champ:RecklessLeap"],"picked":"champ:RisingSlash","floor":12},{"not_picked":["champ:CrownThrow","champ:DefensiveShout"],"picked":"champ:PreciseThrust","floor":13},{"not_picked":["champ:PreciseThrust","champ:IronFortress"],"picked":"champ:Circumvent","floor":14},{"not_picked":["champ:FalseCounter","champ:GladiatorStyle","champ:FancyFootwork"],"picked":"SKIP","floor":15},{"not_picked":["champ:Devastate","champ:TripleStrike"],"picked":"champ:VampiricStrike","floor":16},{"not_picked":["champ:GutPunch","champ:TornadoPunch","champ:Parry"],"picked":"SKIP","floor":19},{"not_picked":["champ:GladiatorStyle+1","champ:HeartStrike+1","champ:FlashCut"],"picked":"SKIP","floor":20},{"not_picked":["champ:CrookedStrike","champ:CalledShot"],"picked":"champ:FlashCut","floor":21},{"not_picked":["champ:AdrenalArmor","champ:BringItOn"],"picked":"champ:RapidStrikes","floor":22},{"not_picked":["infinitespire:Menacing","ReplayTheSpireMod:Black Plague"],"picked":"ReplayTheSpireMod:Haul","floor":27}],"player_experience":181726,"relics_obtained":[{"floor":5,"key":"Garlic"},{"floor":7,"key":"Dream Catcher"},{"floor":11,"key":"Replay:Kaleidoscope"},{"floor":21,"key":"Toy Ornithopter"},{"floor":24,"key":"Molten Egg 2"},{"floor":27,"key":"aspiration:Lifesprig"}],"event_choices":[{"damage_healed":0,"gold_gain":0,"player_choice":"Invest 2","damage_taken":0,"max_hp_gain":0,"max_hp_loss":0,"event_name":"conspire:Investor","floor":3,"gold_loss":0}],"is_beta":false,"boss_relics":[{"not_picked":["Runic Dome","Coffee Dripper"],"picked":"Ring of Chaos"}],"items_purged_floors":[25],"is_endless":true,"potions_floor_spawned":[2,13,15,19,21,27],"killed_by":"Nightmare","ascension_level":0}}