{"host":"5jyeqch4fosnsiz2","time":1611456548,"event":{"mods":["BaseMod","Bestiary","Colored Map","Colored Powertips","Filter the Spire","Minty Spire (QoL Compilation)","Relic Stats","StSLib","Waifu the Spire","ojb\u0027s Better Paths Mod","ojb\u0027s Info Mod"],"gold_per_floor":[109,109,33,33,33,33,48,76,76,45,45,45,70,99,99,204,204,221,221,221,18,18,58,58,87,87,87,104,144,162,22,22,126,126,145,164,10,10,10],"floor_reached":38,"language":"ENG","playtime":1218,"items_purged":["Strike_B","Tempest"],"score":410,"play_id":"cb0b43a9-5830-4ce7-abb3-0dbb5246dd31","local_time":"20210123214908","is_ascension_mode":false,"campfire_choices":[{"data":"Dualcast","floor":6.0,"key":"SMITH"},{"data":"Double Energy","floor":15.0,"key":"SMITH"},{"data":"White Noise","floor":24.0,"key":"SMITH"},{"data":"Biased Cognition","floor":27.0,"key":"SMITH"},{"data":"Capacitor","floor":32.0,"key":"SMITH"}],"circlet_count":0,"master_deck":["Strike_B+1","Strike_B+1","Strike_B","Defend_B+1","Defend_B","Defend_B","Defend_B","Zap+1","Dualcast+1","CurseOfTheBell","Self Repair","Aggregate+1","Defragment","Double Energy+1","Tempest","Biased Cognition+1","Defragment","White Noise+1","Conserve Battery+1","Consume","Capacitor+1","Echo Form","Sunder+1","Tempest+1","Lockon"],"relics":["Calling Bell","PreservedInsect","Gremlin Horn","Ginger","Meat on the Bone","CeramicFish","Dead Branch","Nuclear Battery","Membership Card","Lantern","White Beast Statue","Pear","War Paint","Coffee Dripper","Runic Capacitor"],"acts_visited":["Exordium","TheCity","TheBeyond"],"potions_floor_usage":[35,38],"damage_taken":[{"damage":5.0,"enemies":"Small Slimes","floor":1.0,"turns":3.0},{"damage":1.0,"enemies":"Cultist","floor":7.0,"turns":3.0},{"damage":53.0,"enemies":"3 Sentries","floor":8.0,"turns":8.0},{"damage":8.0,"enemies":"Jaw Worm","floor":13.0,"turns":4.0},{"damage":5.0,"enemies":"Large Slime","floor":14.0,"turns":6.0},{"damage":48.0,"enemies":"Hexaghost","floor":16.0,"turns":9.0},{"damage":33.0,"enemies":"2 Thieves","floor":18.0,"turns":4.0},{"damage":41.0,"enemies":"Book of Stabbing","floor":23.0,"turns":4.0},{"damage":5.0,"enemies":"Shell Parasite","floor":25.0,"turns":3.0},{"damage":0.0,"enemies":"Snake Plant","floor":28.0,"turns":2.0},{"damage":5.0,"enemies":"Gremlin Leader","floor":29.0,"turns":3.0},{"damage":3.0,"enemies":"Chosen and Byrds","floor":30.0,"turns":3.0},{"damage":56.0,"enemies":"Collector","floor":33.0,"turns":7.0},{"damage":32,"enemies":"Orb Walker","floor":35,"turns":5},{"damage":44,"enemies":"3 Darklings","floor":36,"turns":4},{"damage":35,"enemies":"Maw","floor":38,"turns":3}],"seed_played":"3551212189461553939","potions_obtained":[{"floor":1.0,"key":"PowerPotion"},{"floor":13.0,"key":"FocusPotion"},{"floor":16.0,"key":"EssenceOfSteel"},{"floor":28.0,"key":"DuplicationPotion"},{"floor":29.0,"key":"SkillPotion"},{"floor":30.0,"key":"GamblersBrew"},{"floor":33.0,"key":"Block Potion"},{"floor":35,"key":"Ancient Potion"},{"floor":36,"key":"CultistPotion"}],"is_trial":false,"path_per_floor":["M","?","$","?","$","R","M","E","T","$","?","$","M","M","R","B",null,"M","?","?","$","?","E","R","M","T","R","M","E","M","$","R","B",null,"M","M","$","M"],"character_chosen":"DEFECT","items_purchased":["Self Repair","Defragment","Membership Card","Defragment","White Noise","War Paint","Capacitor","Runic Capacitor","Lockon"],"campfire_rested":0,"item_purchase_floors":[3,10,21,21,21,31,31,37,37],"current_hp_per_floor":[70,70,70,70,70,70,75,41,41,41,26,26,37,51,51,22,75,49,49,49,49,49,27,27,41,41,41,41,65,69,69,69,32,85,60,35,35,0,0],"gold":10,"neow_bonus":"BOSS_RELIC","is_daily":false,"chose_seed":false,"campfire_upgraded":5,"win_rate":0.0,"timestamp":1611456548,"path_taken":["M","?","?","?","$","R","M","E","T","$","?","?","M","M","R","BOSS","M","?","?","$","?","E","R","M","T","R","M","E","M","$","R","BOSS","M","M","$","?"],"items_purchased_type":["Card","Card","Relic","Card","Card","Relic","Card","Relic","Card"],"build_version":"2020-12-22","purchased_purges":2,"victory":false,"max_hp_per_floor":[75,75,75,75,75,75,75,75,75,75,75,75,75,75,75,75,75,75,75,75,75,75,75,75,75,75,75,75,85,85,85,85,85,85,85,85,85,85,85],"relic_stats":{"Gremlin Horn":[13,13],"counters":[16,71],"CeramicFish":126,"Dead Branch":[31],"PreservedInsect":119,"Ginger":[7],"War Paint":["Conserve Battery","Defend_B"],"obtain_stats":[{"Lantern":23,"Pear":29,"Gremlin Horn":0,"CeramicFish":8,"Dead Branch":9,"PreservedInsect":0,"Runic Capacitor":37,"Ginger":0,"War Paint":31,"White Beast Statue":26,"Nuclear Battery":17,"Calling Bell":0,"Coffee Dripper":34,"Membership Card":21,"Cracked Core":0,"Meat on the Bone":2},{"Lantern":8,"Pear":11,"Gremlin Horn":0,"CeramicFish":3,"Dead Branch":3,"PreservedInsect":0,"Runic Capacitor":15,"Ginger":0,"War Paint":12,"White Beast Statue":9,"Nuclear Battery":6,"Calling Bell":0,"Coffee Dripper":13,"Membership Card":7,"Cracked Core":0,"Meat on the Bone":1},{"Lantern":41,"Pear":49,"Gremlin Horn":0,"CeramicFish":14,"Dead Branch":14,"PreservedInsect":0,"Runic Capacitor":68,"Ginger":0,"War Paint":52,"White Beast Statue":44,"Nuclear Battery":33,"Calling Bell":0,"Coffee Dripper":59,"Membership Card":37,"Cracked Core":0,"Meat on the Bone":3}],"Meat on the Bone":108},"card_choices":[{"not_picked":["Hello World","Beam Cell"],"picked":"Sweeping Beam","floor":1.0},{"not_picked":["Recycle","Coolheaded"],"picked":"Aggregate","floor":7.0},{"not_picked":["Hello World","Hologram","Gash"],"picked":"SKIP","floor":8.0},{"not_picked":["Rebound","Hello World"],"picked":"Double Energy","floor":13.0},{"not_picked":["Double Energy","Streamline"],"picked":"Tempest","floor":14.0},{"not_picked":["Amplify","Multi-Cast"],"picked":"Biased Cognition","floor":16.0},{"not_picked":["Doom and Gloom","Go for the Eyes","Ball Lightning"],"picked":"SKIP","floor":18.0},{"not_picked":["Ball Lightning","Self Repair"],"picked":"Conserve Battery","floor":23.0},{"not_picked":["Barrage+1","Hologram"],"picked":"Tempest","floor":25.0},{"not_picked":["BootSequence","Stack","Streamline"],"picked":"SKIP","floor":28.0},{"not_picked":["Go for the Eyes","Glacier"],"picked":"Consume","floor":29.0},{"not_picked":["Undo+1","Stack","Redo"],"picked":"SKIP","floor":30.0},{"not_picked":["Seek","Electrodynamics"],"picked":"Echo Form","floor":33.0},{"not_picked":["Barrage","Aggregate"],"picked":"Sunder+1","floor":35},{"not_picked":["Go for the Eyes+1","Compile Driver+1"],"picked":"Tempest+1","floor":36}],"player_experience":327174,"relics_obtained":[{"floor":0.0,"key":"PreservedInsect"},{"floor":0.0,"key":"Gremlin Horn"},{"floor":0.0,"key":"Ginger"},{"floor":8.0,"key":"CeramicFish"},{"floor":9.0,"key":"Dead Branch"},{"floor":23.0,"key":"Lantern"},{"floor":26.0,"key":"White Beast Statue"},{"floor":29.0,"key":"Pear"}],"event_choices":[{"cards_removed":["Sweeping Beam"],"damage_healed":0.0,"max_hp_gain":0.0,"max_hp_loss":0.0,"gold_gain":0.0,"event_name":"WeMeetAgain","player_choice":"Gave Card","floor":2.0,"gold_loss":0.0,"damage_taken":0.0,"relics_obtained":["Meat on the Bone"]},{"damage_healed":0.0,"max_hp_gain":0.0,"max_hp_loss":0.0,"gold_gain":0.0,"event_name":"Living Wall","player_choice":"Grow","floor":4.0,"gold_loss":0.0,"damage_taken":0.0,"cards_upgraded":["Zap"]},{"damage_healed":0.0,"max_hp_gain":0.0,"max_hp_loss":0.0,"gold_gain":0.0,"event_name":"Shining Light","player_choice":"Entered Light","floor":11.0,"gold_loss":0.0,"damage_taken":15.0,"cards_upgraded":["Strike_B","Strike_B"]},{"damage_healed":0.0,"max_hp_gain":0.0,"max_hp_loss":0.0,"gold_gain":0.0,"event_name":"Vampires","player_choice":"Ignored","floor":19.0,"gold_loss":0.0,"damage_taken":0.0},{"damage_healed":0.0,"max_hp_gain":0.0,"max_hp_loss":0.0,"gold_gain":0.0,"event_name":"Ghosts","player_choice":"Ignored","floor":20.0,"gold_loss":0.0,"damage_taken":0.0},{"damage_healed":0.0,"max_hp_gain":0.0,"max_hp_loss":0.0,"gold_gain":0.0,"event_name":"Upgrade Shrine","player_choice":"Upgraded","floor":22.0,"gold_loss":0.0,"damage_taken":0.0,"cards_upgraded":["Aggregate"]}],"is_beta":false,"boss_relics":[{"not_picked":["SlaversCollar","Fusion Hammer"],"picked":"Nuclear Battery"},{"not_picked":["Runic Pyramid","Inserter"],"picked":"Coffee Dripper"}],"items_purged_floors":[31,37],"is_endless":false,"potions_floor_spawned":[1,13,16,28,29,30,33,35,36],"killed_by":"Maw","ascension_level":0}}