{"host":"xj2wyr3bqqv4irjd","time":1611527914,"event":{"mods":["Act Like it!","Aspiration","BaseMod","Gensokyo","Koishi","Lobotomy","LobotomyExtend","Marisa£®ÏF”Í°°ƒß¿Ì…≥£©","Minty Spire (QoL Compilation)","Quick Restart","Rare Cards Sparkle","Reimu£®≤©¿ˆ¡È√Œ£©","Remilia£®¿Ÿ√◊¿Ú—«£©","Replay The Spire","SIMod","StSLib","The Alterego","The Servant 0.9.4","WarShipGirlsR/’ΩΩ¢…Ÿ≈ÆR mod","Yakumo Yukari mod","Youmu£®ªÍ∆«—˝√Œ£©"],"gold_per_floor":[14,114,127,142,160,160,173,207,207,221,16,16,49,61,61,156,156,173,137,148,148,168,168,168,168],"floor_reached":24,"language":"ZHS","playtime":2055,"items_purged":["Strike_S"],"score":356,"play_id":"9294376f-7d9e-4e79-bb1d-c312902fd5f5","local_time":"20210124223834","is_ascension_mode":true,"campfire_choices":[{"data":"KidneyShot","floor":6.0,"key":"SMITH"},{"data":"ReplayTheSpireMod:Brewmster","floor":12,"key":"SMITH"},{"data":"ReturningBlade","floor":15,"key":"SMITH"},{"data":"ReturningBlade+1","floor":23,"key":"SMITH"}],"circlet_count":0,"master_deck":["KidneyShot+1","Exchange","Sabotage","Deadline","Barrier","MoonPhase","ReturningBlade+2","ReplayTheSpireMod:Brewmster+1","Solidify","BottledTime","Dilation","Gensokyo:AllTheWorldsEvil","ReplayTheSpireMod:Splinters","Decay"],"relics":["Uniform","LetterFromLob","Ancient Tea Set","The Courier","HornCleat","Kintsugi"],"acts_visited":["Exordium","TheCity"],"potions_floor_usage":[8,13,13,13,13,13,13,13,13,13,13,13,13,13,13,13,13,13,13,13,13,14,14,14,16,16,16,16,16,16,16,16,16,16,18,18,18,20,20,20,22,22,22,22,22,24,24,24,24,24,24,24,24,24,24],"damage_taken":[{"damage":0.0,"enemies":"Small Slimes","floor":1.0,"turns":4.0},{"damage":2.0,"enemies":"Cultist","floor":3.0,"turns":5.0},{"damage":0.0,"enemies":"2 Louse","floor":4.0,"turns":3.0},{"damage":30.0,"enemies":"Gremlin Gang","floor":5.0,"turns":4.0},{"damage":8.0,"enemies":"Exordium Wildlife","floor":7.0,"turns":4.0},{"damage":0,"enemies":"Lagavulin","floor":8,"turns":4},{"damage":0,"enemies":"Looter","floor":10,"turns":4},{"damage":4,"enemies":"3 Sentries","floor":13,"turns":15},{"damage":0,"enemies":"Blue Slaver","floor":14,"turns":5},{"damage":0,"enemies":"The Guardian","floor":16,"turns":12},{"damage":11,"enemies":"3 Byrds","floor":18,"turns":4},{"damage":0,"enemies":"Spheric Guardian","floor":20,"turns":5},{"damage":31,"enemies":"Shelled Parasite and Fungi","floor":22,"turns":7},{"damage":0,"enemies":"Centurion and Healer","floor":24,"turns":15}],"seed_played":"8693354098348424819","potions_obtained":[{"floor":3.0,"key":"LiquidBronze"},{"floor":5.0,"key":"DuplicationPotion"},{"floor":7.0,"key":"SteroidPotion"},{"floor":8,"key":"DistilledChaos"},{"floor":20,"key":"PowerPotion"}],"is_trial":false,"path_per_floor":["M","?","M","M","M","R","M","E","T","M","$","R","E","M","R","B",null,"M","?","M","?","M","R","M"],"character_chosen":"THE_SERVANT","items_purchased":["ReplayTheSpireMod:Brewmster"],"campfire_rested":0,"item_purchase_floors":[11],"current_hp_per_floor":[65,65,63,63,33,33,25,25,25,25,25,25,21,21,21,21,54,43,43,43,43,12,12,12,12],"gold":168,"neow_bonus":"REMOVE_TWO","is_daily":false,"chose_seed":false,"campfire_upgraded":4,"win_rate":0.0,"timestamp":1611527914,"path_taken":["M","?","M","M","M","R","M","E","T","M","$","R","E","?","R","BOSS","M","?","M","?","M","R","?"],"items_purchased_type":["Card"],"build_version":"2020-12-22","purchased_purges":1,"victory":false,"max_hp_per_floor":[65,65,65,65,65,65,65,65,65,65,65,65,65,65,65,65,65,65,65,65,65,65,65,65,65],"card_choices":[{"not_picked":["Revamp","TimeWarp"],"picked":"Sabotage","floor":1.0},{"not_picked":["Starlight","Shuttle","Reset"],"picked":"SKIP","floor":3.0},{"not_picked":["Comet","Desolation"],"picked":"Deadline","floor":4.0},{"not_picked":["RealityMarble","Potential","Defy"],"picked":"SKIP","floor":5.0},{"not_picked":["RealityMarble","Potential","Defy"],"picked":"SKIP","floor":5.0},{"not_picked":["Replace","Advance"],"picked":"Barrier","floor":7.0},{"not_picked":["Reset","TimeWarp"],"picked":"MoonPhase","floor":8},{"not_picked":["Ricochet","FastForward"],"picked":"ReturningBlade","floor":10},{"not_picked":["DoubleEdge","DancingSilver"],"picked":"Solidify","floor":13},{"not_picked":["TimeTheft","TimeWarp"],"picked":"BottledTime","floor":14},{"not_picked":["ForgedInTime","Sunlight"],"picked":"Dilation","floor":16},{"not_picked":["TimeWarp","Starlight","DoubleEdge"],"picked":"SKIP","floor":18},{"not_picked":["Rearm","StarChef","Alleviate"],"picked":"SKIP","floor":20},{"not_picked":["Potential","Deadline","ShatteredReality"],"picked":"SKIP","floor":22}],"player_experience":579259,"relics_obtained":[{"floor":1.0,"key":"LetterFromLob"},{"floor":8,"key":"Ancient Tea Set"},{"floor":9,"key":"The Courier"},{"floor":13,"key":"HornCleat"}],"event_choices":[{"damage_healed":0.0,"max_hp_gain":0.0,"max_hp_loss":0.0,"gold_gain":100.0,"event_name":"Golden Shrine","player_choice":"Pray","floor":2.0,"gold_loss":0.0,"damage_taken":0.0},{"damage_healed":0,"gold_gain":0,"player_choice":"Cursed","damage_taken":0,"max_hp_gain":0,"max_hp_loss":0,"event_name":"Wheel of Change","floor":21,"gold_loss":0,"cards_obtained":["Decay"]}],"is_beta":false,"boss_relics":[{"not_picked":["Velvet Choker","Painkiller Herb"],"picked":"Kintsugi"}],"items_purged_floors":[11],"is_endless":false,"potions_floor_spawned":[3,5,7,8,20,22],"killed_by":"Centurion and Healer","ascension_level":5}}