{"host":"sav7uxregyirlf69","time":1611495345,"event":{"mods":["AchievementEnabler","BaseMod","Colored Map","DeckTracker","Keyboard Shortcuts","Minty Spire (QoL Compilation)","READ ME - Guardian Mod","StSLib","SuperFastMode"],"gold_per_floor":[114,164,176,176,176,176,217,217,217,233,251,269,69,93,93,189,189,203,221,36,36,54,54,54],"floor_reached":23,"language":"KOR","playtime":404,"items_purged":["Strike_B","Strike_B"],"score":436,"play_id":"0b377443-2d00-4a61-9f9f-e60defba9da6","local_time":"20210124223545","is_ascension_mode":true,"campfire_choices":[{"data":"Dualcast","floor":6.0,"key":"SMITH"},{"data":"Consume","floor":8.0,"key":"SMITH"},{"data":"Defragment","floor":15.0,"key":"SMITH"}],"circlet_count":0,"master_deck":["AscendersBane","Strike_B","Strike_B","Defend_B","Defend_B","Defend_B","Defend_B","Zap+1","Dualcast+1","Consume+1","Barrage","Capacitor","Hologram","Cold Snap","Echo Form","Defragment+1","Reinforced Body","Static Discharge","Reboot","Defragment","Auto Shields","Chill"],"relics":["Cracked Core","NeowsBlessing","Bloody Idol","Gambling Chip","Oddly Smooth Stone","Inserter"],"acts_visited":["Exordium","TheCity"],"potions_floor_usage":[23],"damage_taken":[{"damage":0.0,"enemies":"Jaw Worm","floor":1.0,"turns":1.0},{"damage":0.0,"enemies":"Cultist","floor":3.0,"turns":1.0},{"damage":0.0,"enemies":"Gremlin Nob","floor":7.0,"turns":1.0},{"damage":2.0,"enemies":"Small Slimes","floor":10.0,"turns":4.0},{"damage":0.0,"enemies":"2 Fungi Beasts","floor":11.0,"turns":2.0},{"damage":0.0,"enemies":"Red Slaver","floor":12.0,"turns":2.0},{"damage":12.0,"enemies":"Exordium Thugs","floor":14.0,"turns":5.0},{"damage":6.0,"enemies":"Hexaghost","floor":16.0,"turns":9.0},{"damage":8.0,"enemies":"Shell Parasite","floor":18.0,"turns":5.0},{"damage":20.0,"enemies":"3 Byrds","floor":19.0,"turns":3.0},{"damage":5.0,"enemies":"Snecko","floor":22.0,"turns":5.0},{"damage":40,"enemies":"Slavers","floor":23,"turns":3}],"seed_played":"6368592824895463079","potions_obtained":[{"floor":1.0,"key":"Swift Potion"},{"floor":11.0,"key":"PotionOfCapacity"},{"floor":16.0,"key":"DistilledChaos"},{"floor":18.0,"key":"PotionOfCapacity"},{"floor":22.0,"key":"Swift Potion"}],"is_trial":false,"path_per_floor":["M","?","M","?","?","R","E","R","T","M","M","M","$","M","R","B",null,"M","M","$","?","M","E"],"character_chosen":"DEFECT","items_purchased":["Defragment","Reinforced Body","Chill"],"campfire_rested":0,"item_purchase_floors":[13,13,20],"current_hp_per_floor":[64,64,64,40,40,40,40,40,40,38,38,38,38,26,26,20,58,50,30,30,30,30,0,0],"gold":54,"neow_bonus":"THREE_ENEMY_KILL","is_daily":false,"chose_seed":false,"campfire_upgraded":3,"win_rate":0.0,"timestamp":1611495345,"path_taken":["M","?","?","?","?","R","E","R","T","M","M","M","$","?","R","BOSS","M","M","$","?","M","E"],"items_purchased_type":["Card","Card","Card"],"build_version":"2020-12-22","purchased_purges":2,"victory":false,"max_hp_per_floor":[71,71,71,71,71,71,71,71,71,71,71,71,71,71,71,71,71,71,71,71,71,71,71,71],"card_choices":[{"not_picked":["Reprogram","Redo"],"picked":"Consume","floor":1.0},{"not_picked":["Turbo","Stack"],"picked":"Barrage","floor":3.0},{"not_picked":["Steam","Chaos"],"picked":"Capacitor","floor":7.0},{"not_picked":["Sweeping Beam","Stack"],"picked":"Hologram","floor":10.0},{"not_picked":["Go for the Eyes","Sunder"],"picked":"Cold Snap","floor":11.0},{"not_picked":["Leap","Steam Power"],"picked":"Echo Form","floor":12.0},{"not_picked":["Stack","Turbo"],"picked":"Static Discharge","floor":14.0},{"not_picked":["Machine Learning","Fission"],"picked":"Reboot","floor":16.0},{"not_picked":["Gash","Go for the Eyes"],"picked":"Defragment","floor":18.0},{"not_picked":["Go for the Eyes","Conserve Battery"],"picked":"Auto Shields","floor":19.0},{"not_picked":["Genetic Algorithm","Static Discharge","Recycle"],"picked":"SKIP","floor":22.0}],"player_experience":1376965,"relics_obtained":[{"floor":7.0,"key":"Gambling Chip"},{"floor":9.0,"key":"Oddly Smooth Stone"}],"event_choices":[{"damage_healed":0.0,"max_hp_gain":0.0,"max_hp_loss":0.0,"gold_gain":50.0,"event_name":"Golden Shrine","player_choice":"Pray","floor":2.0,"gold_loss":0.0,"damage_taken":0.0},{"damage_healed":0.0,"max_hp_gain":0.0,"max_hp_loss":0.0,"gold_gain":0.0,"event_name":"Golden Idol","player_choice":"Take Damage","floor":4.0,"gold_loss":0.0,"damage_taken":24.0,"relics_obtained":["Golden Idol"]},{"damage_healed":0.0,"max_hp_gain":0.0,"max_hp_loss":0.0,"gold_gain":0.0,"event_name":"Upgrade Shrine","player_choice":"Upgraded","floor":5.0,"gold_loss":0.0,"damage_taken":0.0,"cards_upgraded":["Zap"]},{"damage_healed":0.0,"max_hp_gain":0.0,"max_hp_loss":0.0,"gold_gain":0.0,"event_name":"Forgotten Altar","player_choice":"Gave Idol","floor":21.0,"relics_lost":["Golden Idol"],"gold_loss":0.0,"damage_taken":0.0,"relics_obtained":["Bloody Idol"]}],"is_beta":false,"boss_relics":[{"not_picked":["Runic Dome","FrozenCore"],"picked":"Inserter"}],"items_purged_floors":[13,20],"is_endless":false,"potions_floor_spawned":[1,11,12,16,18,22],"killed_by":"Slavers","ascension_level":20}}