{"host":"agbyy69nq62afhwx","time":1611517574,"event":{"mods":["BaseMod","Colored Map","DeckTracker","Highlight Path","Keyboard Shortcuts","Minty Spire (QoL Compilation)","Quick Restart","StSLib","SuperFastMode","everything is the same but u backflip on backflip"],"gold_per_floor":[112,112,112,130,30,30,30,69,69,69,69,69,82,101,101,190,190,215,41,41,41,62,62,62],"floor_reached":23,"language":"KOR","playtime":613,"items_purged":["Strike_B"],"score":355,"play_id":"84bdeb52-bae0-4832-b0d2-1a84f9ea1831","local_time":"20210125044614","is_ascension_mode":true,"campfire_choices":[{"data":"Chaos","floor":6.0,"key":"SMITH"},{"data":"Defragment","floor":10.0,"key":"SMITH"},{"data":"Recycle","floor":15.0,"key":"SMITH"}],"circlet_count":0,"master_deck":["AscendersBane","Strike_B","Strike_B","Defend_B","Defend_B","Defend_B","Defend_B","Zap","Dualcast","Chaos+1","Coolheaded+1","Flash of Steel","Defragment+1","Recycle+1","Coolheaded","Echo Form","Bandage Up","Reinforced Body"],"relics":["Cracked Core","Golden Idol","Bottled Lightning","Pocketwatch","Velvet Choker"],"acts_visited":["Exordium","TheCity"],"potions_floor_usage":[23,23],"damage_taken":[{"damage":0.0,"enemies":"2 Louse","floor":1.0,"turns":1.0},{"damage":8.0,"enemies":"Jaw Worm","floor":4.0,"turns":4.0},{"damage":45.0,"enemies":"3 Sentries","floor":8.0,"turns":9.0},{"damage":0.0,"enemies":"Cultist","floor":13.0,"turns":3.0},{"damage":25.0,"enemies":"Lots of Slimes","floor":14.0,"turns":3.0},{"damage":9.0,"enemies":"Hexaghost","floor":16.0,"turns":10.0},{"damage":24.0,"enemies":"Spheric Guardian","floor":18.0,"turns":6.0},{"damage":16,"enemies":"Chosen","floor":22,"turns":5},{"damage":25,"enemies":"Slavers","floor":23,"turns":6}],"seed_played":"5784841448156922136","potions_obtained":[{"floor":1.0,"key":"GamblersBrew"},{"floor":13.0,"key":"Fruit Juice"},{"floor":14.0,"key":"PowerPotion"},{"floor":16.0,"key":"Block Potion"},{"floor":22,"key":"FocusPotion"}],"is_trial":false,"path_per_floor":["M","?","?","M","$","R","$","E","T","R","?","?","M","M","R","B",null,"M","$","?","$","M","E"],"character_chosen":"DEFECT","items_purchased":["Flash of Steel","Bandage Up"],"campfire_rested":0,"item_purchase_floors":[5,19],"current_hp_per_floor":[71,71,71,63,63,63,63,18,18,18,18,41,46,21,21,12,60,36,36,30,30,22,1,1],"gold":62,"neow_bonus":"TEN_PERCENT_HP_BONUS","is_daily":false,"chose_seed":false,"campfire_upgraded":3,"win_rate":0.0,"timestamp":1611517574,"path_taken":["M","?","?","?","$","R","?","E","T","R","?","?","M","M","R","BOSS","M","$","?","$","?","E"],"items_purchased_type":["Card","Card"],"build_version":"2020-12-22","purchased_purges":1,"victory":false,"max_hp_per_floor":[78,71,71,71,71,71,71,71,71,71,71,71,76,76,76,76,76,76,76,76,76,76,76,76],"card_choices":[{"not_picked":["Ball Lightning","Turbo"],"picked":"Chaos","floor":1.0},{"not_picked":["Stack","Sweeping Beam"],"picked":"Coolheaded","floor":4.0},{"not_picked":["Tempest","Compile Driver"],"picked":"Defragment","floor":8.0},{"not_picked":["Scrape","Sweeping Beam"],"picked":"Recycle","floor":13.0},{"not_picked":["Storm","Sunder"],"picked":"Coolheaded","floor":14.0},{"not_picked":["Amplify","Fission"],"picked":"Echo Form","floor":16.0},{"not_picked":["Coolheaded","Cold Snap","Steam+1"],"picked":"SKIP","floor":18.0},{"not_picked":["Aggregate","Tempest"],"picked":"Reinforced Body","floor":22}],"player_experience":465036,"relics_obtained":[{"floor":8.0,"key":"Bottled Lightning"},{"floor":9.0,"key":"Pocketwatch"}],"event_choices":[{"damage_healed":0.0,"max_hp_gain":0.0,"max_hp_loss":7.0,"gold_gain":0.0,"event_name":"Golden Idol","player_choice":"Lose Max HP","floor":2.0,"gold_loss":0.0,"damage_taken":0.0,"relics_obtained":["Golden Idol"]},{"cards_removed":["Strike_B"],"damage_healed":0.0,"max_hp_gain":0.0,"max_hp_loss":0.0,"gold_gain":0.0,"event_name":"Bonfire Elementals","player_choice":"Offered Basic","floor":3.0,"gold_loss":0.0,"damage_taken":0.0},{"damage_healed":0.0,"max_hp_gain":0.0,"max_hp_loss":0.0,"gold_gain":0.0,"event_name":"Living Wall","player_choice":"Grow","floor":11.0,"gold_loss":0.0,"damage_taken":0.0,"cards_upgraded":["Coolheaded"]},{"damage_healed":23.0,"max_hp_gain":0.0,"max_hp_loss":0.0,"gold_gain":0.0,"event_name":"Big Fish","player_choice":"Banana","floor":12.0,"gold_loss":0.0,"damage_taken":0.0},{"damage_healed":0,"gold_gain":0,"player_choice":"","damage_taken":6,"max_hp_gain":0,"max_hp_loss":0,"event_name":"Knowing Skull","floor":20,"potions_obtained":[],"gold_loss":0,"cards_obtained":[]}],"is_beta":false,"boss_relics":[{"not_picked":["Astrolabe","Inserter"],"picked":"Velvet Choker"}],"items_purged_floors":[19],"is_endless":false,"potions_floor_spawned":[1,13,14,16,22],"killed_by":"Slavers","ascension_level":18}}