{"host":"vm8b3ptwl81uq21f","time":1611454696,"event":{"mods":["Aspiration","BaseMod","BetterRewards","Colored Map","Colored Powertips","GifTheSpireLib","Googly Eyes","GungeonMod","Halation","Hubris","Infinite Spire","Minty Spire (QoL Compilation)","Quick Restart","Rare Cards Sparkle","Replay The Spire","Shop Mod","Spicy Shops","StSLib","Stuff the Spire","The IronCluck","[IsaacMod]????"],"gold_per_floor":[119,44,64,64,75,75,105,105,105,125,125,152,166,200,200,279,279,299,299,299,299,349,377,377,394,439,453,470,504,504,504,504,580,580,597,611,611,627,627,655,684,713,795,826,826,826,826,839,839,849,849],"floor_reached":52,"language":"ENG","playtime":1481,"items_purged":["DemoMod:RustySidearm","DemoMod:Strike_Huntress","DemoMod:Defend_Huntress","DemoMod:Defend_Huntress","DemoMod:Defend_Huntress","Shame"],"score":3496,"play_id":"6deb1d46-a0ac-430e-89a4-11e4f7170310","local_time":"20210123211816","is_ascension_mode":true,"campfire_choices":[{"data":"DemoMod:FeignSurrender","floor":6,"key":"SMITH"},{"data":"DemoMod:BSG","floor":8,"key":"SMITH"},{"data":"DemoMod:ConditionalReflex","floor":15,"key":"SMITH"},{"data":"DemoMod:ManualReload","floor":24,"key":"SMITH"},{"floor":46,"key":"RECALL"},{"data":"DemoMod:ChanceBullets","floor":49,"key":"PURGE"}],"circlet_count":0,"master_deck":["AscendersBane","DemoMod:Roll","DemoMod:ManualReload+1","DemoMod:FeignSurrender+1","DemoMod:HardPowerCard+1","DemoMod:HardPowerCard+1","Replay:Dark Deal+1","DemoMod:FeignSurrender+1","DemoMod:CombinedRifle+1","DemoMod:HardPowerCard+1","DemoMod:BSG+1","DemoMod:ConditionalReflex+1","DemoMod:HardPowerCard+1","DemoMod:BulletBore+1","DemoMod:Behold!","DemoMod:BalloonGun+1","DemoMod:GunstockTap+1","DemoMod:BlackHoleGun+1","DemoMod:Camera+1","DemoMod:FortunesFavor","DemoMod:GunslingerForm","DemoMod:ConditionalReflex","DemoMod:ConditionalReflex","Impatience","DemoMod:FastSwitch+1","DemoMod:BalloonGun+1","DemoMod:ProbeStrike+1","DemoMod:AWP+1","DemoMod:AWP+1","DemoMod:Unity+1","Replay:Dark Deal+1","DemoMod:Elimentaler+1","DemoMod:DarkMarker+1","DemoMod:FightSabre+1","DemoMod:TripleGun+1","DemoMod:Desperate","DemoMod:SuppressiveFire","DemoMod:Unmoved","DemoMod:StickyCrossBow+1","DemoMod:TeaPot+1","DemoMod:HuntsMan+1","DemoMod:HuntsMan+1","DemoMod:Behold!","DemoMod:ShadowBullets","DemoMod:ConditionalReflex+1","DemoMod:AC15+1","DemoMod:AC15+1","DemoMod:CursedBullets","Panacea","DoctorFetus","DemoMod:HardPowerCard+1","DemoMod:MegaHand+1","DemoMod:BattleInHaste+1","DemoMod:ThirdPartyController+1","Madness","Madness","StuffTheSpire:BumpUp+1"],"relics":["DemoMod:Dog","HushsDoor","Chaos","Unceasing Top","aspiration:FrozenJewel","MerchantsRug","Replay:Bottled Flurry","Blue Doll","hubris:Reverence","Replay:Bottled Eggs","SteamSale","DemoMod:RatBoots","Lee\u0027s Waffle","DemoMod:MeatBun","DemoMod:GlassGuonStoneRelic","SteamSale","DemoMod:WhiteGuonStone","DeadEye","Honey Jar","Empty Cage","Pantograph","Molten Egg 2","infinitespire:Magic Flask","StuffTheSpire:MayFlowers","BlankCard","DemoMod:GnawedKey","Sling","hubris:BlackHole","aspiration:HatOfInfinitePower","halation:QuantumPhysicsTextbook","Ring of Chaos","Black Star","DemoMod:VorpalBullet","Snack Pack","StuffTheSpire:EmeraldSignet","halation:Prosthetics","Meat on the Bone","ReplayTheSpireMod:DimensionalGlitch","halation:SwordOfLegend","Eternal Feather","Lantern","DemoMod:LichsEyeBullet","MyShadow","aspiration:Nostalgia","Replay:M_SmolderingBlood","halation:WeightlessCrab","WingedGreaves","Fusion Hammer","halation:LettersToHer","Damocles","StuffTheSpire:Kangaroo","StuffTheSpire:Rhapsscallions","MagicMushroom","halation:AfternoonTea","Nunchaku","Peace Pipe","JudasShadow","halation:BottledHappiness","DemoMod:OrangeGuonStone","StuffTheSpire:RubySignet","halation:IllGainedPizza","GuppysHead","Whetstone","SacredBark","Blood Vial","halation:VictoryRuler","StuffTheSpire:Saxophone","hubris:AstralHammer","StuffTheSpire:RunicHypercube","DemoMod:SilverBullets","Darkstone Periapt","PrismaticShard","hubris:ToyBattleship","halation:EternalFortune","hubris:SphereOfDissonance"],"acts_visited":["Exordium","TheCity","TheBeyond"],"potions_floor_usage":[39,50,50],"damage_taken":[{"damage":0,"enemies":"2 Louse","floor":1,"turns":1},{"damage":0,"enemies":"Jaw Worm","floor":3,"turns":1},{"damage":0,"enemies":"Small Slimes","floor":5,"turns":1},{"damage":0,"enemies":"3 Sentries","floor":7,"turns":4},{"damage":0,"enemies":"3 Louse","floor":10,"turns":1},{"damage":0,"enemies":"Replay:BlueRogue","floor":12,"turns":1},{"damage":0,"enemies":"Exordium Wildlife","floor":13,"turns":1},{"damage":0,"enemies":"Gremlin Nob","floor":14,"turns":1},{"damage":4,"enemies":"The Guardian","floor":16,"turns":2},{"damage":0,"enemies":"Chosen","floor":18,"turns":1},{"damage":0,"enemies":"Book of Stabbing","floor":23,"turns":1},{"damage":0,"enemies":"Shell Parasite","floor":25,"turns":1},{"damage":0,"enemies":"Snecko","floor":27,"turns":1},{"damage":0,"enemies":"Sentry and Sphere","floor":28,"turns":1},{"damage":0,"enemies":"Slavers","floor":29,"turns":1},{"damage":0,"enemies":"Automaton","floor":33,"turns":1},{"damage":0,"enemies":"Orb Walker","floor":35,"turns":1},{"damage":0,"enemies":"3 Darklings","floor":36,"turns":1},{"damage":0,"enemies":"Maw","floor":38,"turns":1},{"damage":0,"enemies":"Reptomancer","floor":40,"turns":1},{"damage":0,"enemies":"Sphere and 2 Shapes","floor":41,"turns":1},{"damage":0,"enemies":"R_Hoarder","floor":42,"turns":1},{"damage":0,"enemies":"Giant Head","floor":44,"turns":1},{"damage":0,"enemies":"Writhing Mass","floor":48,"turns":1},{"damage":0,"enemies":"infinitespire:MassOfShapes","floor":50,"turns":1},{"damage":0,"enemies":"Time Eater","floor":51,"turns":2}],"seed_played":"2962740047883194507","potions_obtained":[{"floor":1,"key":"Elixir"},{"floor":7,"key":"Block Potion"},{"floor":14,"key":"SpeedPotion"},{"floor":18,"key":"Strength Potion"},{"floor":23,"key":"SteroidPotion"},{"floor":33,"key":"Milkshake"},{"floor":35,"key":"Death Potion"},{"floor":44,"key":"SkillPotion"},{"floor":48,"key":"DemoMod:LeadSkinPotion"}],"is_trial":false,"path_per_floor":["M","?","M","?","M","R","E","R","T","M","$","E","M","E","R","B",null,"M","$","?","?","?","E","R","M","T","M","M","E","?","$","R","B",null,"M","M","$","M","$","E","M","E","T","E","?","R","?","M","R","B","B",null],"character_chosen":"HUNTRESS","items_purchased":["Unceasing Top","aspiration:FrozenJewel","MerchantsRug","Replay:Bottled Flurry","Blue Doll","hubris:Reverence","DemoMod:FeignSurrender","DemoMod:HardPowerCard","Replay:Bottled Eggs","SteamSale","DemoMod:RatBoots","Lee\u0027s Waffle","Replay:Dark Deal+1","DemoMod:Purify","DemoMod:FeignSurrender+1","DemoMod:MeatBun","Empty Cage","Pantograph","Molten Egg 2","infinitespire:Magic Flask","StuffTheSpire:MayFlowers","BlankCard","DemoMod:GnawedKey","DemoMod:Behold!","DemoMod:BalloonGun+1","Ring of Chaos","Black Star","DemoMod:VorpalBullet","Snack Pack","StuffTheSpire:EmeraldSignet","DemoMod:BlackHoleGun+1","DemoMod:Camera+1","DemoMod:FortunesFavor","DemoMod:GunslingerForm","DemoMod:ConditionalReflex","Impatience","halation:Prosthetics","DemoMod:LichsEyeBullet","MyShadow","aspiration:Nostalgia","halation:WeightlessCrab","WingedGreaves","Fusion Hammer","DemoMod:Unity+1","DemoMod:ChanceBullets","Replay:Dark Deal+1","DemoMod:Elimentaler+1","Damocles","DemoMod:FightSabre+1","DemoMod:TripleGun+1","DemoMod:Desperate","DemoMod:SuppressiveFire","MagicMushroom","halation:AfternoonTea","Nunchaku","Peace Pipe","JudasShadow","DemoMod:TeaPot+1","DemoMod:HuntsMan+1","DemoMod:Behold!","DemoMod:ShadowBullets","DemoMod:OrangeGuonStone","StuffTheSpire:RubySignet","halation:IllGainedPizza","GuppysHead","Fruit Juice","DemoMod:AC15+1","DemoMod:CursedBullets","Panacea","DoctorFetus"],"campfire_rested":0,"item_purchase_floors":[0,0,0,0,0,0,0,0,0,0,0,0,0,0,0,0,11,11,11,11,11,11,11,17,17,19,19,19,19,19,19,19,19,19,19,19,19,31,31,31,31,31,31,31,31,31,31,34,34,34,34,34,37,37,37,37,37,37,37,37,37,39,39,39,39,39,39,39,39,39],"current_hp_per_floor":[70,70,70,70,70,70,70,70,70,70,70,70,70,70,70,66,63,63,28,28,28,28,28,28,28,28,28,28,28,28,28,28,28,3,3,4,11,11,16,16,16,16,16,16,19,19,16,21,22,22,22],"gold":849,"neow_bonus":"","is_daily":false,"chose_seed":false,"campfire_upgraded":4,"win_rate":0.0,"timestamp":1611454696,"path_taken":["M","?","M","?","?","R","E","R","T","M","$","E","M","E","R","BOSS","M","$","?","?","?","E","R","M","T","M","M","E","?","$","R","BOSS","M","M","$","M","$","E","M","E","T","E","?","R","?","M","R","BOSS","BOSS"],"items_purchased_type":["Relic","Relic","Relic","Relic","Relic","Relic","Card","Card","Relic","Relic","Relic","Relic","Card","Card","Card","Relic","Relic","Relic","Relic","Relic","Relic","Relic","Relic","Card","Card","Relic","Relic","Relic","Relic","Relic","Card","Card","Card","Card","Card","Card","Relic","Relic","Relic","Relic","Relic","Relic","Relic","Card","Card","Card","Card","Relic","Card","Card","Card","Card","Relic","Relic","Relic","Relic","Relic","Card","Card","Card","Card","Relic","Relic","Relic","Relic","Potion","Card","Card","Card","Card"],"build_version":"2020-12-22","purchased_purges":6,"victory":true,"max_hp_per_floor":[70,70,70,70,70,70,70,70,70,70,70,70,70,70,70,70,63,63,28,28,28,28,28,28,28,28,28,28,28,28,28,28,28,3,3,4,11,11,16,16,16,16,16,16,19,19,19,22,22,22,22],"card_choices":[{"not_picked":[],"picked":"Bomb","floor":0},{"not_picked":["DemoMod:StickyCrossBow","DemoMod:SniperShot"],"picked":"Bomb","floor":1},{"not_picked":["DemoMod:HuntsMan","DemoMod:ShadowBullets","DemoMod:RadGun"],"picked":"SKIP","floor":3},{"not_picked":["DemoMod:MachoBrace","DemoMod:AWP"],"picked":"DemoMod:HardPowerCard","floor":5},{"not_picked":["DemoMod:DirectionalPad","DemoMod:AC15"],"picked":"DemoMod:BSG","floor":7},{"not_picked":["DemoMod:Casey","DemoMod:BattleInHaste","DemoMod:CombinedRifle"],"picked":"SKIP","floor":7},{"not_picked":["DemoMod:Unity","DemoMod:JK47"],"picked":"DemoMod:BoxingGlove","floor":10},{"not_picked":["DemoMod:HighKaliber+1","DemoMod:SAA+1","DemoMod:JK47+1"],"picked":"DemoMod:ConditionalReflex","floor":12},{"not_picked":["DemoMod:StickyCrossBow+1","DemoMod:ConditionalReflex","DemoMod:FastSwitch"],"picked":"DemoMod:HardPowerCard","floor":13},{"not_picked":["DemoMod:FastSwitch","DemoMod:TripleGun+1","DemoMod:BattleInHaste"],"picked":"Bomb","floor":14},{"not_picked":["DemoMod:ThirdPartyController+1","DemoMod:FullFirepower","DemoMod:DarkMarker+1"],"picked":"DemoMod:BulletBore+1","floor":16},{"not_picked":["DemoMod:HuntsMan+1","DemoMod:Ejector","DemoMod:StrategicReserve"],"picked":"DemoMod:GunstockTap+1","floor":18},{"not_picked":["DemoMod:Purify+1","DemoMod:ConditionalReflex+1","DemoMod:TeaPot+1"],"picked":"DemoMod:FastSwitch+1","floor":23},{"not_picked":["DemoMod:Ejector+1","DemoMod:Replace","DemoMod:FastSwitch"],"picked":"DemoMod:BalloonGun+1","floor":25},{"not_picked":["DemoMod:ConditionalReflex+1","DemoMod:Replace","DemoMod:HuntsMan+1"],"picked":"DemoMod:ProbeStrike+1","floor":27},{"not_picked":["DemoMod:HuntsMan+1","DemoMod:CursedBullets","DemoMod:BattleInHaste"],"picked":"DemoMod:AWP+1","floor":28},{"not_picked":["DemoMod:DoubleSwitch","DemoMod:Polaris+1","DemoMod:ProbeStrike+1"],"picked":"DemoMod:AWP+1","floor":29},{"not_picked":["DemoMod:BlankBullets","DemoMod:Slinger","DemoMod:BulletBore+1"],"picked":"DemoMod:DarkMarker+1","floor":33},{"not_picked":["DemoMod:HuntsMan+1","DemoMod:FortunesFavor+1","DemoMod:DoubleSwitch"],"picked":"DemoMod:Unmoved","floor":35},{"not_picked":["DemoMod:HighKaliber+1","DemoMod:MachoBrace+1","DemoMod:Unmoved"],"picked":"DemoMod:StickyCrossBow+1","floor":36},{"not_picked":["DemoMod:SAA+1","DemoMod:Slinger","DemoMod:Ejector+1"],"picked":"DemoMod:ConditionalReflex+1","floor":38},{"not_picked":["DemoMod:BattleInHaste","DemoMod:ChanceBullets","DemoMod:Ejector"],"picked":"DemoMod:HardPowerCard","floor":40},{"not_picked":["DemoMod:ProbeStrike+1","DemoMod:FortunesFavor","DemoMod:TeaPot+1"],"picked":"DemoMod:MegaHand+1","floor":41},{"not_picked":["DemoMod:Desperate","DemoMod:DoubleSwitch+1","DemoMod:HardPowerCard"],"picked":"DemoMod:BattleInHaste+1","floor":42},{"not_picked":["DemoMod:FeignSurrender","DemoMod:LifeOrb+1","DemoMod:CursedBullets+1"],"picked":"DemoMod:ThirdPartyController+1","floor":44},{"not_picked":["DemoMod:Replace","Backflip","Replay:Vibes+1"],"picked":"StuffTheSpire:BumpUp+1","floor":48}],"player_experience":373449,"relics_obtained":[{"floor":5,"key":"Diplopia"},{"floor":7,"key":"DemoMod:WhiteGuonStone"},{"floor":9,"key":"DeadEye"},{"floor":10,"key":"Honey Jar"},{"floor":12,"key":"Sling"},{"floor":14,"key":"hubris:BlackHole"},{"floor":16,"key":"aspiration:HatOfInfinitePower"},{"floor":23,"key":"Meat on the Bone"},{"floor":23,"key":"ReplayTheSpireMod:DimensionalGlitch"},{"floor":26,"key":"halation:SwordOfLegend"},{"floor":29,"key":"Eternal Feather"},{"floor":29,"key":"Lantern"},{"floor":35,"key":"StuffTheSpire:Kangaroo"},{"floor":36,"key":"StuffTheSpire:Rhapsscallions"},{"floor":38,"key":"halation:BottledHappiness"},{"floor":40,"key":"Whetstone"},{"floor":40,"key":"SacredBark"},{"floor":40,"key":"Blood Vial"},{"floor":41,"key":"halation:VictoryRuler"},{"floor":42,"key":"StuffTheSpire:Saxophone"},{"floor":42,"key":"hubris:AstralHammer"},{"floor":42,"key":"StuffTheSpire:RunicHypercube"},{"floor":43,"key":"halation:LettersToHer"},{"floor":43,"key":"DemoMod:SilverBullets"},{"floor":44,"key":"Darkstone Periapt"},{"floor":44,"key":"PrismaticShard"},{"floor":44,"key":"hubris:ToyBattleship"},{"floor":48,"key":"halation:EternalFortune"},{"floor":48,"key":"hubris:SphereOfDissonance"}],"event_choices":[{"cards_removed":["DemoMod:Strike_Huntress"],"damage_healed":0,"gold_gain":0,"player_choice":"Card Removal","damage_taken":0,"max_hp_gain":0,"max_hp_loss":0,"event_name":"The Cleric","floor":2,"gold_loss":75},{"damage_healed":0,"gold_gain":0,"player_choice":"Ignored","damage_taken":0,"max_hp_gain":0,"max_hp_loss":0,"event_name":"Vampires","floor":20,"gold_loss":0},{"damage_healed":0,"gold_gain":50,"player_choice":"Pray","damage_taken":0,"max_hp_gain":0,"max_hp_loss":0,"event_name":"Golden Shrine","floor":22,"gold_loss":0},{"damage_healed":0,"gold_gain":0,"player_choice":"Embrace Madness","damage_taken":3,"max_hp_gain":0,"max_hp_loss":0,"event_name":"Winding Halls","floor":47,"gold_loss":0,"cards_obtained":["Madness","Madness"]}],"is_beta":false,"boss_relics":[{"not_picked":["DemoMod:CrisisStone","Frozen Eye"],"picked":"halation:QuantumPhysicsTextbook"},{"not_picked":[]},{"not_picked":["Bag of Marbles","PunchingBag"],"picked":"halation:LettersToHer"},{"not_picked":[]}],"items_purged_floors":[0,0,0,11,19,31],"is_endless":false,"potions_floor_spawned":[1,7,14,18,23,33,35,44,48],"ascension_level":20}}