{"host":"qy6st0zp32tctd9l","time":1611473125,"event":{"mods":["BaseMod","Colored Map","Downfall","GifTheSpireLib","Hermit","Marisa£®ÏF”Í°°ƒß¿Ì…≥£©","Minty Spire (QoL Compilation)","Remilia£®¿Ÿ√◊¿Ú—«£©","StSLib","The Cursed","The Servant 0.9.4","UnlockEverythingMod"],"gold_per_floor":[114,39,39,59,134,166,166,200,226,126,126,142,152,167,167,267,267,287,162,162,146,4,33,33,50,118,146,146,162,188,205,205,307,307,325,342,1341,550,550,550,582,582,582,596,628,608,633,649,649,649,649,649,44,75,75],"floor_reached":56,"language":"ZHS","playtime":2875,"items_purged":["Strike_S","Strike_S","Strike_S","Normality","Strike_S"],"score":1622,"play_id":"0e58767f-1f19-4ffc-a40f-0c149abe9b46","local_time":"20210124152525","is_ascension_mode":true,"campfire_choices":[{"data":"MurderousAura","floor":11.0,"key":"SMITH"},{"floor":15.0,"key":"RECALL"},{"data":"BottledTime","floor":28.0,"key":"SMITH"},{"data":"MurderousAura","floor":32.0,"key":"SMITH"},{"data":"BottledTime","floor":40.0,"key":"SMITH"},{"data":"Apotheosis","floor":42.0,"key":"SMITH"},{"data":"ShiftingGears","floor":49.0,"key":"SMITH"},{"data":"Misdirection","floor":52.0,"key":"SMITH"}],"circlet_count":0,"master_deck":["Defend_S","Defend_S","Defend_S","Defend_S","KidneyShot","Exchange","Snipe+1","Read","MurderousAura+1","SurpressingFire","Misdirection+1","BestPractice","SoulSculpture+1","DualDimension+1","ShiftingGears+1","MurderousAura+1","Alleviate+1","Ghostly","Ghostly","Ghostly","Ghostly","Ghostly","BottledTime+1","GearUp+1","BottledTime+1","WasteNot+1","LightFlow","DoubleEdge","Desolation","Normality","Apotheosis+1","Decay","Starlight+1","Dilation"],"relics":["SplendidAttire","MealTicket","TungstenRod","PreservedInsect","Whetstone","RomanBracelet","Bag of Marbles","Sozu","Ginger","Sling","Ornamental Fan","Mercury Hourglass","Juzu Bracelet","Bag of Preparation","Strange Spoon","Ice Cream"],"acts_visited":["Exordium","TheCity","TheBeyond","TheEnding"],"potions_floor_usage":[55,55],"damage_taken":[{"damage":5.0,"enemies":"Small Slimes","floor":1.0,"turns":6.0},{"damage":2.0,"enemies":"2 Louse","floor":4.0,"turns":4.0},{"damage":10.0,"enemies":"Lagavulin","floor":6.0,"turns":6.0},{"damage":22.0,"enemies":"Gremlin Nob","floor":8.0,"turns":5.0},{"damage":0.0,"enemies":"Cultist","floor":12.0,"turns":3.0},{"damage":4.0,"enemies":"Blue Slaver","floor":13.0,"turns":5.0},{"damage":6.0,"enemies":"Large Slime","floor":14.0,"turns":10.0},{"damage":7.0,"enemies":"The Guardian","floor":16.0,"turns":15.0},{"damage":0.0,"enemies":"3 Byrds","floor":18.0,"turns":7.0},{"damage":10.0,"enemies":"2 Thieves","floor":21.0,"turns":4.0},{"damage":11.0,"enemies":"Book of Stabbing","floor":23.0,"turns":7.0},{"damage":0.0,"enemies":"Snake Plant","floor":25.0,"turns":8.0},{"damage":0.0,"enemies":"Slavers","floor":27.0,"turns":8.0},{"damage":5.0,"enemies":"Snecko","floor":29.0,"turns":8.0},{"damage":3.0,"enemies":"Gremlin Leader","floor":30.0,"turns":7.0},{"damage":0.0,"enemies":"Cultist and Chosen","floor":31.0,"turns":10.0},{"damage":3.0,"enemies":"Automaton","floor":33.0,"turns":13.0},{"damage":0.0,"enemies":"3 Shapes","floor":35.0,"turns":5.0},{"damage":0.0,"enemies":"3 Darklings","floor":36.0,"turns":5.0},{"damage":0.0,"enemies":"Nemesis","floor":41.0,"turns":3.0},{"damage":2.0,"enemies":"Transient","floor":44.0,"turns":5.0},{"damage":0.0,"enemies":"Giant Head","floor":45.0,"turns":7.0},{"damage":0.0,"enemies":"Reptomancer","floor":47.0,"turns":4.0},{"damage":0.0,"enemies":"Spire Growth","floor":48.0,"turns":3.0},{"damage":0.0,"enemies":"Time Eater","floor":50.0,"turns":8.0},{"damage":5.0,"enemies":"Shield and Spear","floor":54.0,"turns":7.0},{"damage":11,"enemies":"The Heart","floor":55,"turns":9}],"seed_played":"2962142162156435266","potions_obtained":[{"floor":0.0,"key":"Energy Potion"},{"floor":0.0,"key":"Explosive Potion"},{"floor":0.0,"key":"Guardian:BlockOnCardUsePotion"},{"floor":6.0,"key":"CultistPotion"},{"floor":7.0,"key":"Fire Potion"},{"floor":8.0,"key":"Fire Potion"},{"floor":13.0,"key":"Block Potion"},{"floor":25.0,"key":"Explosive Potion"},{"floor":30.0,"key":"DistilledChaos"},{"floor":33.0,"key":"FearPotion"}],"is_trial":false,"path_per_floor":["M","$","?","M","?","E","?","E","T","$","R","M","M","M","R","B",null,"M","$","?","M","$","E","?","M","T","E","R","M","E","M","R","B",null,"M","M","?","$","?","R","E","R","T","M","E","?","E","M","R","B",null,"R","$","E","B",null],"character_chosen":"THE_SERVANT","items_purchased":["MurderousAura","Ginger","Apotheosis","Sling","Bag of Preparation","Dilation","Strange Spoon"],"campfire_rested":0,"item_purchase_floors":[22,38,38,38,53,53,53],"current_hp_per_floor":[60,60,60,58,47,37,37,15,15,30,30,30,26,20,20,13,65,65,65,65,55,65,54,32,32,32,32,32,27,24,24,24,21,32,32,32,32,32,32,32,32,32,32,30,30,30,30,30,30,30,32,32,32,27,16],"gold":75,"neow_bonus":"THREE_SMALL_POTIONS","is_daily":false,"chose_seed":false,"campfire_upgraded":7,"win_rate":0.0,"timestamp":1611473125,"path_taken":["M","$","?","M","?","E","?","E","T","$","R","?","M","M","R","BOSS","M","$","?","M","$","E","?","M","T","E","R","M","E","M","R","BOSS","M","M","?","$","?","R","E","R","T","?","E","?","E","M","R","BOSS","R","$","E","BOSS"],"items_purchased_type":["Card","Relic","Card","Relic","Relic","Card","Relic"],"build_version":"2020-12-22","purchased_purges":5,"victory":true,"max_hp_per_floor":[65,65,65,65,65,65,65,65,65,65,65,65,65,65,65,65,65,65,65,65,65,65,65,32,32,32,32,32,32,32,32,32,32,32,32,32,32,32,32,32,32,32,32,32,32,32,32,32,32,32,32,32,32,32,32],"card_choices":[{"not_picked":["ShatteredReality","TimeWarp"],"picked":"Snipe","floor":1.0},{"not_picked":["Replace","Unruled","MoonPhase"],"picked":"SKIP","floor":4.0},{"not_picked":["FastForward","Hightail"],"picked":"Read","floor":6.0},{"not_picked":["FastForward","Moonlight"],"picked":"MurderousAura","floor":8.0},{"not_picked":["Contraction","Potential"],"picked":"SurpressingFire","floor":12.0},{"not_picked":["SurpressingFire","Rearm"],"picked":"Misdirection","floor":13.0},{"not_picked":["Starlight","Ricochet"],"picked":"BestPractice","floor":14.0},{"not_picked":["Deny","TheWorld"],"picked":"SoulSculpture","floor":16.0},{"not_picked":["ShatteredReality","Ricochet"],"picked":"DualDimension+1","floor":18.0},{"not_picked":["ShatteredReality","FastForward+1","Replace+1"],"picked":"SKIP","floor":21.0},{"not_picked":["ShatteredReality","Replace"],"picked":"Alleviate+1","floor":23.0},{"not_picked":["Reset","Starlight"],"picked":"BottledTime","floor":25.0},{"not_picked":["FastForward","TimeTheft"],"picked":"GearUp+1","floor":27.0},{"not_picked":["Replace","RealityMarble"],"picked":"BottledTime","floor":29.0},{"not_picked":["Starlight","Replace+1"],"picked":"WasteNot+1","floor":30.0},{"not_picked":["Foresight","Deadline","Defy"],"picked":"SKIP","floor":31.0},{"not_picked":["MurderousAura","TrueSight"],"picked":"LightFlow","floor":33.0},{"not_picked":["Rearm+1","WasteNot+1"],"picked":"DoubleEdge","floor":35.0},{"not_picked":["Revamp","Alleviate"],"picked":"Desolation","floor":36.0},{"not_picked":["Shuttle+1","Moonlight+1","Alleviate+1"],"picked":"SKIP","floor":41.0},{"not_picked":["Misdirection+1","Shuttle","SurpressingFire"],"picked":"SKIP","floor":44.0},{"not_picked":["Sunlight","Manipulate"],"picked":"Starlight+1","floor":45.0},{"not_picked":["Replace","WasteNot+1","Spin"],"picked":"SKIP","floor":47.0},{"not_picked":["Rewind","ShatteredReality","Gouge"],"picked":"SKIP","floor":48.0},{"not_picked":["Unruled","WasteNot+1","Defy"],"picked":"SKIP","floor":54.0}],"player_experience":168505,"relics_obtained":[{"floor":6.0,"key":"MealTicket"},{"floor":8.0,"key":"TungstenRod"},{"floor":9.0,"key":"PreservedInsect"},{"floor":23.0,"key":"Whetstone"},{"floor":27.0,"key":"RomanBracelet"},{"floor":30.0,"key":"Bag of Marbles"},{"floor":41.0,"key":"Ornamental Fan"},{"floor":45.0,"key":"Mercury Hourglass"},{"floor":47.0,"key":"Juzu Bracelet"},{"floor":54.0,"key":"Ice Cream"}],"event_choices":[{"damage_healed":0.0,"max_hp_gain":0.0,"max_hp_loss":0.0,"gold_gain":0.0,"event_name":"Liars Game","player_choice":"Ignored","floor":3.0,"gold_loss":0.0,"damage_taken":0.0},{"damage_healed":0.0,"max_hp_gain":0.0,"max_hp_loss":0.0,"gold_gain":75.0,"event_name":"World of Goop","player_choice":"Gather Gold","floor":5.0,"gold_loss":0.0,"damage_taken":11.0},{"damage_healed":0.0,"max_hp_gain":0.0,"max_hp_loss":0.0,"gold_gain":0.0,"event_name":"Lab","player_choice":"Got Potions","floor":7.0,"gold_loss":0.0,"damage_taken":0.0},{"damage_healed":0.0,"max_hp_gain":0.0,"max_hp_loss":0.0,"gold_gain":0.0,"event_name":"The Library","player_choice":"Read","floor":20.0,"gold_loss":0.0,"damage_taken":0.0,"cards_obtained":["ShiftingGears"]},{"damage_healed":0.0,"max_hp_gain":0.0,"max_hp_loss":33.0,"gold_gain":0.0,"event_name":"Ghosts","player_choice":"Became a Ghost","floor":24.0,"gold_loss":0.0,"damage_taken":0.0,"cards_obtained":["Ghostly","Ghostly","Ghostly","Ghostly","Ghostly"]},{"damage_healed":0.0,"max_hp_gain":0.0,"max_hp_loss":0.0,"gold_gain":999.0,"event_name":"MindBloom","player_choice":"Gold","floor":37.0,"gold_loss":0.0,"damage_taken":0.0,"cards_obtained":["Normality","Normality"]},{"damage_healed":0.0,"max_hp_gain":0.0,"max_hp_loss":0.0,"gold_gain":0.0,"event_name":"Wheel of Change","player_choice":"Cursed","floor":39.0,"gold_loss":0.0,"damage_taken":0.0,"cards_obtained":["Decay"]},{"damage_healed":0.0,"max_hp_gain":0.0,"max_hp_loss":0.0,"gold_gain":0.0,"event_name":"The Woman in Blue","player_choice":"Bought 1 Potion","floor":46.0,"gold_loss":0.0,"damage_taken":0.0}],"is_beta":false,"boss_relics":[{"not_picked":["SlaversCollar","Runic Dome"],"picked":"SplendidAttire"},{"not_picked":["Astrolabe","Runic Pyramid"],"picked":"Sozu"}],"items_purged_floors":[2,10,19,38,53],"is_endless":false,"potions_floor_spawned":[6,8,13,14,18,25,30,33,35,36,45,47,48,54],"ascension_level":3}}