{"host":"roto7j7840a50pxh","time":1611485309,"event":{"mods":["Act Like it!","BaseMod","Better Altar","Better Note","Better Sensory Stone","Better Skull","Better Third Choice","BetterRewards","Colored Map","Colored Powertips","Downfall","Hermit","Highlight Path","Hubris","Infinite Spire","Minty Spire (QoL Compilation)","Robot Space Explorer","Shade Mod","Spicy Shops","StSLib","The Cursed","The Dragon Tamer","The Hierophant","The Necromancer","The Runesmith","The Servant 0.9.4","TheVacant"],"gold_per_floor":[113,132,143,143,153,153,182,182,206,218,218,235,268,278,278,425,425,436,436,453,470,489,489,116,116,140,140,158,174,184,215,215,311,311,327,420,256,256,266,350,350,401,401,401,432,445,445,445,445,445],"floor_reached":51,"language":"ENG","playtime":5224,"items_purged":["Runesmith:Strike_RS"],"score":1185,"play_id":"e31930e6-1207-4b79-98e0-c96bb435efc1","local_time":"20210124054829","is_ascension_mode":true,"campfire_choices":[{"floor":6.0,"key":"REST"},{"data":"Runesmith:Firestorm","floor":8.0,"key":"SMITH"},{"floor":11.0,"key":"REST"},{"floor":15.0,"key":"REST"},{"data":"Runesmith:Reinforce","floor":23.0,"key":"SMITH"},{"data":"Runesmith:LithiumIon","floor":25.0,"key":"SMITH"},{"data":"Runesmith:LithiumIon","floor":27.0,"key":"SMITH"},{"floor":32.0,"key":"REST"},{"floor":41.0,"key":"REST"},{"floor":47.0,"key":"REST"},{"floor":49.0,"key":"REST"}],"circlet_count":0,"master_deck":["Runesmith:Strike_RS","Runesmith:Strike_RS","Runesmith:Strike_RS+1","Runesmith:Defend_RS","Runesmith:Defend_RS","Runesmith:Defend_RS","Runesmith:Defend_RS","Runesmith:CraftFirestone","Runesmith:Fortify","Runesmith:EnergizedChisel","Runesmith:CraftMagma","Runesmith:Reinforce+1","Runesmith:Firestorm+1","Runesmith:EarthShield+1","Runesmith:LithiumIon+1","Runesmith:HammerThrow","Runesmith:Grindstone+1","Runesmith:HammerThrow","Runesmith:RunicBlueprint+1","Runesmith:Fortify+1","Runesmith:ChiselStab+1","Finesse+1","Runesmith:DuctTape","Runesmith:HammerThrow","Runesmith:HammerAndChisel+1","Runesmith:FieryHammer","Runesmith:CraftIncendium+1","Runesmith:Duplicate+1","Runesmith:LithiumIon+1","Runesmith:MetallurgicalResearch+1","Runesmith:RunicBlueprint+1","Runesmith:CraftProtectio+1","Runesmith:GoWithTheFlow","Runesmith:HammerAndChisel+1","Runesmith:CraftProtectio+1","Runesmith:ChaoticBlast","HandOfGreed","Runesmith:FrozenChisel","Runesmith:CraftIndustria+1","Runesmith:Accelerate+1","Runesmith:CraftSpiculum+1","Runesmith:FissionHammer","CurseOfTheBell","Runesmith:RuneHurl+1","Runesmith:LithiumIon+1","Impatience+1","Runesmith:CraftVitae+1","Runesmith:OneForEveryone","Runesmith:CraftObretio+1","Runesmith:PerfectChisel+1","Runesmith:WhiteBalance","Runesmith:CraftObretio+1"],"relics":["Runesmith:BrokenRuby","Toxic Egg 2","Membership Card","hubris:64BitClover","hubris:MobiusCoin","Toy Ornithopter","Happy Flower","Whetstone","hubris:RunicObelisk","Frozen Eye","Calipers","Blood Vial","Mummified Hand","Calling Bell","Bag of Preparation","infinitespire:EmpoweringShard","Mango","DollysMirror","Omamori","Runesmith:EmergencyProvisions","Potion Belt","Shuriken"],"acts_visited":["Exordium","TheCity","TheBeyond"],"potions_floor_usage":[50,50],"damage_taken":[{"damage":0.0,"enemies":"Small Slimes","floor":1.0,"turns":3.0},{"damage":1.0,"enemies":"Cultist","floor":2.0,"turns":4.0},{"damage":1.0,"enemies":"2 Louse","floor":3.0,"turns":4.0},{"damage":1.0,"enemies":"Red Slaver","floor":5.0,"turns":5.0},{"damage":18.0,"enemies":"Gremlin Nob","floor":7.0,"turns":6.0},{"damage":6.0,"enemies":"2 Fungi Beasts","floor":10.0,"turns":3.0},{"damage":18.0,"enemies":"Exordium Thugs","floor":12.0,"turns":3.0},{"damage":11.0,"enemies":"3 Sentries","floor":13.0,"turns":5.0},{"damage":4.0,"enemies":"Looter","floor":14.0,"turns":3.0},{"damage":0.0,"enemies":"Slime Boss","floor":16.0,"turns":7.0},{"damage":1.0,"enemies":"2 Thieves","floor":18.0,"turns":2.0},{"damage":0.0,"enemies":"Chosen","floor":20.0,"turns":4.0},{"damage":7.0,"enemies":"3 Cultists","floor":21.0,"turns":3.0},{"damage":12.0,"enemies":"Centurion and Healer","floor":22.0,"turns":4.0},{"damage":38.0,"enemies":"Snake Plant","floor":28.0,"turns":5.0},{"damage":6.0,"enemies":"Chosen and Byrds","floor":29.0,"turns":6.0},{"damage":20.0,"enemies":"Shelled Parasite and Fungi","floor":30.0,"turns":5.0},{"damage":1.0,"enemies":"Sentry and Sphere","floor":31.0,"turns":4.0},{"damage":11.0,"enemies":"Automaton","floor":33.0,"turns":8.0},{"damage":0.0,"enemies":"3 Darklings","floor":35.0,"turns":3.0},{"damage":1.0,"enemies":"3 Shapes","floor":36.0,"turns":6.0},{"damage":23.0,"enemies":"Transient","floor":39.0,"turns":5.0},{"damage":30.0,"enemies":"Giant Head","floor":40.0,"turns":9.0},{"damage":2.0,"enemies":"Nightmare","floor":42.0,"turns":9.0},{"damage":33.0,"enemies":"4 Shapes","floor":45.0,"turns":7.0},{"damage":26.0,"enemies":"3 Darklings","floor":46.0,"turns":3.0},{"damage":25,"enemies":"Time Eater","floor":50,"turns":12}],"seed_played":"-3893197735597960125","potions_obtained":[{"floor":1.0,"key":"Strength Potion"},{"floor":7.0,"key":"Guardian:BlockOnCardUsePotion"},{"floor":12.0,"key":"hexamod:SoulburnPotion"},{"floor":14.0,"key":"Swift Potion"},{"floor":16.0,"key":"PowerPotion"},{"floor":28.0,"key":"Energy Potion"},{"floor":29.0,"key":"SteroidPotion"},{"floor":31.0,"key":"Strength Potion"},{"floor":35.0,"key":"LiquidBronze"},{"floor":36.0,"key":"Fire Potion"},{"floor":45.0,"key":"Ancient Potion"}],"is_trial":false,"path_per_floor":["M","M","M","?","M","R","E","R","T","M","R","M","E","M","R","B",null,"M","?","M","M","M","R","$","R","T","R","M","M","M","M","R","B",null,"M","M","$","?","M","E","R","NM","T","?","M","M","R","?","R","B",null],"character_chosen":"RUNESMITH_CLASS","items_purchased":["Runesmith:CraftProtectio","Runesmith:EnergizedChisel","Runesmith:CraftMagma","Runesmith:Reinforce","Runesmith:Firestorm","Toxic Egg 2","Runesmith:EarthShield+1","Runesmith:LithiumIon","Membership Card","hubris:64BitClover","Frozen Eye","Runesmith:CraftProtectio+1","Calipers","Runesmith:ChaoticBlast","HandOfGreed","DollysMirror","Impatience+1"],"campfire_rested":7,"item_purchase_floors":[0,0,0,0,0,0,0,0,0,0,24,24,24,24,24,37,37],"current_hp_per_floor":[34,33,32,32,31,52,34,34,34,28,49,31,20,16,37,42,70,69,80,80,73,66,66,66,66,66,66,30,26,8,14,38,34,94,94,93,93,93,71,48,76,76,76,76,45,21,49,49,77,64],"gold":445,"neow_bonus":"","is_daily":false,"chose_seed":false,"campfire_upgraded":4,"win_rate":0.0,"timestamp":1611485309,"path_taken":["M","M","M","?","M","R","E","R","T","M","R","M","E","M","R","BOSS","M","?","M","M","M","R","$","R","T","R","M","M","M","M","R","BOSS","M","M","$","?","M","E","R","NM","T","?","M","?","R","?","R","BOSS"],"items_purchased_type":["Card","Card","Card","Card","Card","Relic","Card","Card","Relic","Relic","Relic","Card","Relic","Card","Card","Relic","Card"],"build_version":"2020-12-22","purchased_purges":1,"victory":true,"max_hp_per_floor":[70,70,70,70,70,70,70,70,70,70,70,70,70,70,70,70,70,70,80,80,80,80,80,80,80,80,80,80,80,80,80,80,80,94,94,94,94,94,94,94,94,94,94,94,94,94,94,94,94,94],"card_choices":[{"not_picked":["Runesmith:FrozenChisel","Runesmith:MakeshiftArmor+1"],"picked":"Runesmith:HammerThrow","floor":1.0},{"not_picked":["Runesmith:ChargedHammer","Runesmith:HammerAndChisel+1"],"picked":"Runesmith:Grindstone+1","floor":2.0},{"not_picked":["Runesmith:Reinforce+1","Runesmith:CraftReservo+1"],"picked":"Runesmith:HammerThrow","floor":3.0},{"not_picked":["Runesmith:StaticCage+1","Runesmith:ChaoticBlast"],"picked":"Runesmith:HammerThrow","floor":5.0},{"not_picked":["Runesmith:Empowerment+1","Runesmith:HeatExchange"],"picked":"Runesmith:HammerAndChisel+1","floor":7.0},{"not_picked":["Runesmith:Electrocute","Runesmith:NegativeSpace+1"],"picked":"Runesmith:FieryHammer","floor":10.0},{"not_picked":["Runesmith:EnergizedChisel","Runesmith:MakeshiftArmor+1"],"picked":"Runesmith:CraftIncendium+1","floor":12.0},{"not_picked":["Runesmith:MakeshiftArmor+1","Runesmith:Overpower"],"picked":"Runesmith:Duplicate+1","floor":13.0},{"not_picked":["Runesmith:HeatedChisel","Runesmith:GoWithTheFlow"],"picked":"Runesmith:LithiumIon","floor":14.0},{"not_picked":["Runesmith:CraftPrismatica+1","Runesmith:UnlimitedPower"],"picked":"Runesmith:MetallurgicalResearch+1","floor":16.0},{"not_picked":["Runesmith:CraftMagma+1","Runesmith:ChiselStab"],"picked":"Runesmith:RunicBlueprint+1","floor":18.0},{"not_picked":["Runesmith:BackupBattery+1","Runesmith:FrozenChisel+1"],"picked":"Runesmith:CraftProtectio+1","floor":20.0},{"not_picked":["Runesmith:HammerAndChisel+1","Runesmith:EnergizedChisel"],"picked":"Runesmith:GoWithTheFlow","floor":21.0},{"not_picked":["Runesmith:HeatedChisel+1","Runesmith:HammerThrow"],"picked":"Runesmith:HammerAndChisel+1","floor":22.0},{"not_picked":["Runesmith:StaticCage+1","Runesmith:NanitesCloud+1"],"picked":"Runesmith:FrozenChisel","floor":28.0},{"not_picked":["Runesmith:EnergizedChisel+1","Runesmith:Repurpose+1"],"picked":"Runesmith:CraftIndustria+1","floor":29.0},{"not_picked":["Runesmith:HeatedChisel","Runesmith:ShiftingStrike"],"picked":"Runesmith:Accelerate+1","floor":30.0},{"not_picked":["Runesmith:Firestorm","Runesmith:ChiselStab"],"picked":"Runesmith:CraftSpiculum+1","floor":31.0},{"not_picked":["Runesmith:ReplicatingBarrier","Runesmith:CraftIndustria+1"],"picked":"Runesmith:FissionHammer","floor":33.0},{"not_picked":["Runesmith:Repurpose+1","Runesmith:HeatedChisel+1","Runesmith:CraftMagma+1"],"picked":"SKIP","floor":35.0},{"not_picked":["Runesmith:Repurpose+1","Runesmith:EarthShield+1"],"picked":"Runesmith:RuneHurl+1","floor":36.0},{"not_picked":["Runesmith:HeatedChisel","Runesmith:EarthShield+1"],"picked":"Runesmith:CraftVitae+1","floor":39.0},{"not_picked":["Runesmith:NegativeSpace+1","Runesmith:HammerThrow+1"],"picked":"Runesmith:OneForEveryone","floor":40.0},{"not_picked":["Runesmith:FieryHammer","Runesmith:PoweredAnvil"],"picked":"Runesmith:CraftObretio+1","floor":42.0},{"not_picked":["Runesmith:Permafrost","Runesmith:HeatExchange"],"picked":"Runesmith:PerfectChisel+1","floor":45.0},{"not_picked":["Runesmith:UnstableHammer+1","Runesmith:GoWithTheFlow"],"picked":"Runesmith:WhiteBalance","floor":46.0}],"player_experience":1626226,"relics_obtained":[{"floor":7.0,"key":"hubris:MobiusCoin"},{"floor":9.0,"key":"Toy Ornithopter"},{"floor":13.0,"key":"Happy Flower"},{"floor":14.0,"key":"Whetstone"},{"floor":26.0,"key":"Blood Vial"},{"floor":29.0,"key":"Mummified Hand"},{"floor":34.0,"key":"Bag of Preparation"},{"floor":34.0,"key":"infinitespire:EmpoweringShard"},{"floor":34.0,"key":"Mango"},{"floor":40.0,"key":"Omamori"},{"floor":42.0,"key":"Runesmith:EmergencyProvisions"},{"floor":43.0,"key":"Potion Belt"},{"floor":45.0,"key":"Shuriken"}],"event_choices":[{"damage_healed":0.0,"max_hp_gain":0.0,"max_hp_loss":0.0,"gold_gain":0.0,"event_name":"Match and Keep!","player_choice":"5 cards matched","floor":4.0,"gold_loss":0.0,"damage_taken":0.0,"cards_obtained":["Runesmith:RunicBlueprint","Runesmith:Fortify","Runesmith:ChiselStab","Finesse","Runesmith:DuctTape"]},{"cards_removed":["Runesmith:LastStand"],"damage_healed":1.0,"max_hp_gain":10.0,"max_hp_loss":0.0,"gold_gain":0.0,"event_name":"Bonfire Elementals","player_choice":"Offered Rare","floor":19.0,"gold_loss":0.0,"damage_taken":0.0},{"damage_healed":0.0,"max_hp_gain":0.0,"max_hp_loss":0.0,"gold_gain":0.0,"event_name":"betterThird:BetterPortal","player_choice":"Ignored","floor":44.0,"gold_loss":0.0,"damage_taken":0.0},{"damage_healed":0.0,"max_hp_gain":0.0,"max_hp_loss":0.0,"gold_gain":0.0,"event_name":"Duplicator","player_choice":"Copied","floor":48.0,"gold_loss":0.0,"damage_taken":0.0,"cards_obtained":["Runesmith:CraftObretio"]}],"is_beta":false,"boss_relics":[{"not_picked":["Snecko Eye","Runesmith:UraniumAnvil"],"picked":"hubris:RunicObelisk"},{"not_picked":["Runesmith:CoreCrystal","Coffee Dripper"],"picked":"Calling Bell"}],"items_purged_floors":[37],"is_endless":false,"potions_floor_spawned":[1,7,12,14,16,28,29,30,31,35,36,45],"ascension_level":4}}