{"host":"vdpaduzlq0qlaikq","time":1611516471,"event":{"mods":["AchievementEnabler","BaseMod","Better Third Choice","BetterRewards","Colored Map","Downfall","Gold Saver","Hermit","Jorbs\u0027s Wanderer Trilogy","Minty Spire (QoL Compilation)","Relic Filter","Spicy Shops","StSLib","The Necromancer"],"gold_per_floor":[1183,1194,1205,524,524,69,369,379,410,430,440,457,357,371,388,492,492,492,507,47,63,63,89,114,140,152,181,538,550,462,474,502,609,621,633,658,690,98,98,98,98,98,98,116,129,154,54,82,92,92,92,124,49,49,49,49,49,49],"floor_reached":56,"language":"ENG","playtime":4692,"items_purged":["Slimebound:Defend_Slimebound","Clumsy"],"score":983,"play_id":"07885425-a520-451b-9aac-ae8c4f2652ed","local_time":"20210124172751","is_ascension_mode":true,"campfire_choices":[{"data":"Slimebound:CorrosiveSpit","floor":1,"key":"SMITH"},{"data":"Slimebound:Split","floor":13,"key":"SMITH"},{"data":"Slimebound:DivideAndConquer","floor":18,"key":"SMITH"},{"floor":26,"key":"RECALL"},{"data":"Slimebound:SplitSpecialist","floor":30,"key":"SMITH"},{"floor":35,"key":"REST"},{"floor":40,"key":"REST"},{"floor":43,"key":"REST"},{"floor":47,"key":"REST"},{"floor":54,"key":"REST"}],"circlet_count":0,"master_deck":["Slimebound:Strike_Slimebound","Slimebound:Strike_Slimebound","Slimebound:Tackle","Slimebound:Defend_Slimebound","Slimebound:Defend_Slimebound","Slimebound:Defend_Slimebound","Slimebound:Split+1","Slimebound:CorrosiveSpit+1","Trip+1","Slimebound:SplitAcid","Slimebound:RallyTheTroops","Slimebound:LeechEnergy","Slimebound:SplitSpecialist+1","Slimebound:Equalize","Slimebound:DivideAndConquer+1","Slimebound:Repurpose","Slimebound:HauntingLick","Slimebound:LeechLife","Slimebound:Gluttony+1","Slimebound:GoopSpray+1","Slimebound:RainOfGoop+1","Slimebound:MassFeed","Pain","Slimebound:MassRepurpose","Slimebound:SplitSpecialist","Apotheosis","Slimebound:MassRepurpose","Slimebound:SplitLeeching+1","Slimebound:SplitAcid+1","Slimebound:RainOfGoop+1","Slimebound:SplitMire+1"],"relics":["Slimebound:AbsorbEndCombat","Anchor","Blood Vial","WingedGreaves","Guardian:PocketSentry","Letter Opener","Old Coin","Gremlin Horn","downfall:HeartBlessingGreen","Black Star","MealTicket","Art of War","Happy Flower","Pocketwatch","MawBank","downfall:HeartBlessingRed","WarpedTongs","Fusion Hammer","War Paint","Bottled Lightning","Bottled Flame","Slimebound:MaxSlimesRelic","downfall:HeartBlessingBlue","Slimebound:SlimedTailRelic","Darkstone Periapt","Pantograph","Bottled Tornado","Thread and Needle"],"acts_visited":["Exordium","TheCity","TheBeyond","TheEnding"],"potions_floor_usage":[23,36,50,55,56],"damage_taken":[{"damage":1,"enemies":"Cultist","floor":2,"turns":3},{"damage":0,"enemies":"2 Louse","floor":3,"turns":2},{"damage":8,"enemies":"downfall:FleeingMerchant","floor":4,"turns":4},{"damage":13,"enemies":"downfall:FleeingMerchant","floor":6,"turns":4},{"damage":0,"enemies":"Small Slimes","floor":8,"turns":2},{"damage":13,"enemies":"3 Sentries","floor":9,"turns":4},{"damage":8,"enemies":"Gremlin Gang","floor":10,"turns":3},{"damage":0,"enemies":"Exordium Thugs","floor":11,"turns":2},{"damage":0,"enemies":"Lots of Slimes","floor":12,"turns":2},{"damage":0,"enemies":"3 Louse","floor":14,"turns":1},{"damage":7,"enemies":"Exordium Thugs","floor":15,"turns":3},{"damage":22,"enemies":"WA_ARCHETYPE_RETAIN","floor":16,"turns":5},{"damage":10,"enemies":"Shell Parasite","floor":19,"turns":3},{"damage":18,"enemies":"downfall:FleeingMerchant","floor":20,"turns":4},{"damage":0,"enemies":"Spheric Guardian","floor":21,"turns":3},{"damage":18,"enemies":"Gremlin Leader","floor":23,"turns":4},{"damage":15,"enemies":"3 Cultists","floor":25,"turns":3},{"damage":10,"enemies":"Centurion and Healer","floor":27,"turns":3},{"damage":12,"enemies":"downfall:FleeingMerchant","floor":28,"turns":3},{"damage":2,"enemies":"Sentry and Sphere","floor":32,"turns":3},{"damage":25,"enemies":"IC_MUSHROOM_ARCHETYPE","floor":33,"turns":5},{"damage":38,"enemies":"3 Darklings","floor":36,"turns":4},{"damage":19,"enemies":"3 Shapes","floor":37,"turns":2},{"damage":11,"enemies":"Jaw Worm Horde","floor":44,"turns":3},{"damage":12,"enemies":"Spire Growth","floor":45,"turns":4},{"damage":23,"enemies":"Nemesis","floor":46,"turns":5},{"damage":14,"enemies":"Reptomancer","floor":48,"turns":5},{"damage":29,"enemies":"3 Darklings","floor":49,"turns":4},{"damage":103,"enemies":"DF_ARCHETYPE_ORBS","floor":50,"turns":7},{"damage":70,"enemies":"downfall:CharBossMerchant","floor":52,"turns":6},{"damage":85,"enemies":"downfall:NeowBoss","floor":55,"turns":13},{"damage":103,"enemies":"downfall:NeowBossFinal","floor":56,"turns":8}],"seed_played":"-1758961112998692646","potions_obtained":[{"floor":3,"key":"SteroidPotion"},{"floor":5,"key":"EntropicBrew"},{"floor":5,"key":"Slimebound:ThreeZeroPotion"},{"floor":9,"key":"hexamod:SoulburnPotion"},{"floor":23,"key":"PowerPotion"},{"floor":25,"key":"Slimebound:SpawnSlimePotion"},{"floor":37,"key":"SpeedPotion"}],"is_trial":false,"path_per_floor":["R","M","M","$","?","$","T","M","E","M","M","M","R","M","M","B",null,"R","M","$","M","?","E","T","M","R","M","$","?","R","?","M","B",null,"R","M","M","$","?","R","T","$","R","M","M","E","R","E","M","B",null,"E","$","R","B","B"],"character_chosen":"SLIMEBOUND","items_purchased":["Anchor","Blood Vial","WingedGreaves","Slimebound:SplitSpecialist","Guardian:PocketSentry","Letter Opener","MealTicket","Art of War","Toy Ornithopter","War Paint","Apotheosis","Bottled Lightning","Thread and Needle"],"campfire_rested":5,"item_purchase_floors":[4,4,4,6,6,6,20,20,20,38,38,38,53],"current_hp_per_floor":[65,64,65,63,63,56,56,58,53,47,49,57,57,65,59,47,61,61,55,55,61,61,51,51,52,52,57,61,61,61,61,63,47,61,65,64,58,65,65,65,65,65,65,65,65,50,83,73,56,3,63,15,30,54,28,0,0,0],"gold":49,"neow_bonus":"RANDOM_COLORLESS","is_daily":false,"chose_seed":false,"campfire_upgraded":4,"win_rate":0.0,"timestamp":1611516471,"path_taken":["R","M","M","$","?","$","T","M","E","M","M","M","R","M","M","BOSS","R","M","$","M","?","E","T","M","R","?","?","?","R","?","M","BOSS","R","M","?","$","?","R","T","$","R","M","?","E","R","E","M","BOSS","E","$","R","BOSS","BOSS"],"items_purchased_type":["Relic","Relic","Relic","Card","Relic","Relic","Relic","Relic","Relic","Relic","Card","Relic","Relic"],"build_version":"2020-12-22","purchased_purges":2,"victory":false,"max_hp_per_floor":[65,65,65,65,65,65,65,65,65,65,65,65,65,65,65,65,65,65,65,65,65,65,65,65,65,65,65,65,65,65,65,65,65,65,65,65,65,65,65,65,65,65,65,65,69,73,83,83,83,83,83,83,83,83,83,83,83,83],"card_choices":[{"not_picked":["Deep Breath","PanicButton"],"picked":"Trip","floor":0},{"not_picked":["Slimebound:FinishingTackle","Slimebound:GoopTackle"],"picked":"Slimebound:SplitAcid","floor":2},{"not_picked":["Slimebound:Schlurp","Slimebound:HungryTackle"],"picked":"Slimebound:RallyTheTroops","floor":3},{"not_picked":["Slimebound:GoopSpray","Slimebound:SplitAcid","Slimebound:HungryTackle"],"picked":"SKIP","floor":4},{"not_picked":["Slimebound:AcidTongue","Slimebound:ServeAndProtect"],"picked":"Slimebound:LeechEnergy","floor":6},{"not_picked":["Slimebound:Repurpose","Slimebound:SlimeSpikes","Slimebound:SlimeBrawl"],"picked":"SKIP","floor":8},{"not_picked":["Slimebound:RollThrough","Slimebound:FinishingTackle"],"picked":"Slimebound:Equalize","floor":9},{"not_picked":["Slimebound:GrowthPunch","Slimebound:FinishingTackle"],"picked":"Slimebound:DivideAndConquer","floor":10},{"not_picked":["Slimebound:Dissolve","Slimebound:ViciousTackle"],"picked":"Slimebound:Repurpose","floor":11},{"not_picked":["Slimebound:ItLooksTasty","Slimebound:SplitAcid"],"picked":"Slimebound:HauntingLick","floor":12},{"not_picked":["Slimebound:DivideAndConquer","Slimebound:SplitBruiser","Slimebound:ServeAndProtect"],"picked":"SKIP","floor":14},{"not_picked":["Slimebound:PressTheAttack","Slimebound:SpikyOuterGoop","Slimebound:DisruptingSlam"],"picked":"SKIP","floor":15},{"not_picked":["Slimebound:OozeBath","Slimebound:SlimeSlap"],"picked":"Slimebound:LeechLife","floor":16},{"not_picked":["Slimebound:RollThrough","Slimebound:FinishingTackle"],"picked":"Slimebound:Gluttony+1","floor":19},{"not_picked":["Slimebound:Prepare+1","Slimebound:LivingWall"],"picked":"Slimebound:GoopSpray+1","floor":20},{"not_picked":["Slimebound:ForwardTackle","Slimebound:LivingWall+1","Slimebound:FinishingTackle"],"picked":"SKIP","floor":21},{"not_picked":["Slimebound:ServeAndProtect","Slimebound:FinishingTackle"],"picked":"Slimebound:RainOfGoop","floor":23},{"not_picked":["Slimebound:SplitAcid","Slimebound:Replication","Slimebound:ProtectTheBoss"],"picked":"SKIP","floor":25},{"not_picked":["Slimebound:BestDefense+1","Slimebound:PressTheAttack","Slimebound:DisruptingSlam"],"picked":"SKIP","floor":27},{"not_picked":["Slimebound:LeechingTouch","Slimebound:SplitLeeching+1"],"picked":"Slimebound:MassFeed","floor":28},{"not_picked":["Slimebound:LivingWall+1","Slimebound:RainOfGoop","Slimebound:GoopTackle"],"picked":"SKIP","floor":32},{"not_picked":["Slimebound:LeechLife","Slimebound:FirmFortitude"],"picked":"Slimebound:MassRepurpose","floor":33},{"not_picked":["Slimebound:FinishingTackle+1","Slimebound:Grow+1","Slimebound:LeechEnergy"],"picked":"SKIP","floor":36},{"not_picked":["Slimebound:LivingWall+1","Slimebound:SplitLeeching"],"picked":"Slimebound:SplitSpecialist","floor":37},{"not_picked":["Slimebound:Schlurp+1","Slimebound:Nibble","Slimebound:ViciousTackle"],"picked":"SKIP","floor":44},{"not_picked":["Slimebound:Prepare","Slimebound:SlimeTap+1"],"picked":"Slimebound:SplitLeeching+1","floor":45},{"not_picked":["Slimebound:RainOfGoop","Slimebound:ComboTackle"],"picked":"Slimebound:SplitAcid+1","floor":46},{"not_picked":["Slimebound:Schlurp","Slimebound:TongueLash"],"picked":"Slimebound:RainOfGoop+1","floor":48},{"not_picked":["Slimebound:BestDefense+1","Slimebound:Recollect+1"],"picked":"Slimebound:SplitMire+1","floor":49},{"not_picked":["Slimebound:Repurpose+1","Slimebound:RejuvenatingLick","Slimebound:SplitAcid"],"picked":"SKIP","floor":52}],"player_experience":636604,"relics_obtained":[{"floor":7,"key":"Old Coin"},{"floor":9,"key":"Gremlin Horn"},{"floor":23,"key":"Happy Flower"},{"floor":23,"key":"Pocketwatch"},{"floor":24,"key":"MawBank"},{"floor":46,"key":"Bottled Flame"},{"floor":46,"key":"Slimebound:MaxSlimesRelic"},{"floor":48,"key":"Slimebound:SlimedTailRelic"},{"floor":48,"key":"Darkstone Periapt"},{"floor":52,"key":"Pantograph"},{"floor":52,"key":"Bottled Tornado"}],"event_choices":[{"damage_healed":0,"gold_gain":0,"player_choice":"Got Potions","damage_taken":0,"max_hp_gain":0,"max_hp_loss":0,"event_name":"Lab","floor":5,"gold_loss":0},{"cards_removed":["Slimebound:Strike_Slimebound"],"damage_healed":0,"gold_gain":0,"player_choice":"Offered Basic","damage_taken":0,"max_hp_gain":0,"max_hp_loss":0,"event_name":"Bonfire Elementals","floor":22,"gold_loss":0},{"damage_healed":0,"gold_gain":0,"player_choice":"Rummage","damage_taken":0,"relics_obtained":["WarpedTongs"],"max_hp_gain":0,"max_hp_loss":0,"event_name":"Accursed Blacksmith","floor":31,"gold_loss":0,"cards_obtained":["Pain"]}],"is_beta":false,"boss_relics":[{"not_picked":["Busted Crown","Coffee Dripper"],"picked":"Black Star"},{"not_picked":["Runic Pyramid","Calling Bell"],"picked":"Fusion Hammer"}],"items_purged_floors":[4,38],"is_endless":false,"potions_floor_spawned":[3,9,10,12,14,21,23,25,33,37,46,48],"killed_by":"downfall:NeowBossFinal","ascension_level":5}}