{"host":"lnt5dzsuhru0aonl","time":1611479376,"event":{"mods":["2.2 Compatiblity","BaseMod","Colored Map","Colored Powertips","DeckTracker","Keyboard Shortcuts","Minty Spire (QoL Compilation)","Permanent Neow","Rare Cards Sparkle","StSLib","SuperFastMode","everything is the same but u backflip on backflip"],"gold_per_floor":[359,434,454,527,131,131,143,143,212,238,3,36,36,50,50,125,125,139,59,59,59,59],"floor_reached":21,"language":"KOR","playtime":491,"items_purged":["Strike_B","Strike_B"],"score":370,"play_id":"85fbb120-7823-4084-8a7e-0cb7bbc9143d","local_time":"20210124180936","is_ascension_mode":true,"campfire_choices":[{"data":"Defragment","floor":6.0,"key":"SMITH"},{"data":"Genetic Algorithm","floor":8.0,"key":"SMITH"},{"data":"Blizzard","floor":15.0,"key":"SMITH"}],"circlet_count":0,"master_deck":["AscendersBane","Strike_B","Defend_B","Defend_B","Defend_B","Defend_B","Zap","Dualcast","Ball Lightning","Storm","Defragment+1","Glacier","Genetic Algorithm+1","Compile Driver","Loop","Conserve Battery","Blizzard+1","Cold Snap","Echo Form","Chill","Coolheaded+1","Leap"],"relics":["Cracked Core","InkBottle","Lee\u0027s Waffle","StrikeDummy","Nunchaku","Prayer Wheel","Philosopher\u0027s Stone"],"acts_visited":["Exordium","TheCity"],"potions_floor_usage":[],"damage_taken":[{"damage":12.0,"enemies":"Small Slimes","floor":1.0,"turns":3.0},{"damage":0.0,"enemies":"Jaw Worm","floor":3.0,"turns":3.0},{"damage":7.0,"enemies":"2 Louse","floor":7.0,"turns":3.0},{"damage":19.0,"enemies":"Gremlin Nob","floor":10.0,"turns":4.0},{"damage":28.0,"enemies":"3 Sentries","floor":12.0,"turns":7.0},{"damage":0.0,"enemies":"Blue Slaver","floor":14.0,"turns":4.0},{"damage":9.0,"enemies":"The Guardian","floor":16.0,"turns":9.0},{"damage":31.0,"enemies":"Chosen","floor":18.0,"turns":6.0},{"damage":9.0,"enemies":"2 Thieves","floor":19.0,"turns":4.0},{"damage":24,"enemies":"Chosen and Byrds","floor":21,"turns":3}],"seed_played":"-7289923521898612818","potions_obtained":[{"floor":12.0,"key":"EssenceOfSteel"},{"floor":14.0,"key":"PowerPotion"}],"is_trial":false,"path_per_floor":["M","?","M","T","$","R","M","R","T","E","$","E","?","M","R","B",null,"M","M","?","M"],"character_chosen":"DEFECT","items_purchased":["Defragment","Glacier","Lee\u0027s Waffle","Loop","Conserve Battery"],"campfire_rested":0,"item_purchase_floors":[5,5,5,11,11],"current_hp_per_floor":[34,23,23,23,78,78,71,71,71,52,52,24,24,24,24,15,62,31,22,22,0,0],"gold":59,"neow_bonus":"TWO_FIFTY_GOLD","is_daily":false,"chose_seed":false,"campfire_upgraded":3,"win_rate":0.0,"timestamp":1611479376,"path_taken":["M","?","M","?","?","R","M","R","T","E","$","E","?","M","R","BOSS","M","M","?","M"],"items_purchased_type":["Card","Card","Relic","Card","Card"],"build_version":"2020-12-22","purchased_purges":2,"victory":false,"max_hp_per_floor":[71,71,71,71,78,78,78,78,78,78,78,78,78,78,78,78,78,78,78,78,78,78],"card_choices":[{"not_picked":["Leap","Steam"],"picked":"Ball Lightning","floor":1.0},{"not_picked":["Recycle","Genetic Algorithm"],"picked":"Storm","floor":3.0},{"not_picked":["Redo","Static Discharge"],"picked":"Genetic Algorithm","floor":7.0},{"not_picked":["Doom and Gloom","Leap"],"picked":"Compile Driver","floor":10.0},{"not_picked":["Glacier","Force Field"],"picked":"Blizzard","floor":12.0},{"not_picked":["Doom and Gloom","Go for the Eyes"],"picked":"Cold Snap","floor":14.0},{"not_picked":["Compile Driver","Steam","Barrage"],"picked":"SKIP","floor":14.0},{"not_picked":["Machine Learning","All For One"],"picked":"Echo Form","floor":16.0},{"not_picked":["Glacier","Consume"],"picked":"Chill","floor":18.0},{"not_picked":["Barrage","Force Field","Streamline"],"picked":"SKIP","floor":18.0},{"not_picked":["Barrage","Consume"],"picked":"Coolheaded+1","floor":19.0},{"not_picked":["Steam","Chill","Steam Power"],"picked":"SKIP","floor":19.0}],"player_experience":746079,"relics_obtained":[{"floor":4.0,"key":"InkBottle"},{"floor":9.0,"key":"StrikeDummy"},{"floor":10.0,"key":"Nunchaku"},{"floor":12.0,"key":"Prayer Wheel"}],"event_choices":[{"damage_healed":0.0,"max_hp_gain":0.0,"max_hp_loss":0.0,"gold_gain":75.0,"event_name":"World of Goop","player_choice":"Gather Gold","floor":2.0,"gold_loss":0.0,"damage_taken":11.0},{"damage_healed":0.0,"max_hp_gain":0.0,"max_hp_loss":0.0,"gold_gain":0.0,"event_name":"Liars Game","player_choice":"Ignored","floor":13.0,"gold_loss":0.0,"damage_taken":0.0},{"damage_healed":0.0,"max_hp_gain":0.0,"max_hp_loss":0.0,"gold_gain":0.0,"cards_transformed":["Strike_B"],"event_name":"Transmorgrifier","player_choice":"Transformed","floor":20.0,"gold_loss":0.0,"damage_taken":0.0,"cards_obtained":["Leap"]}],"is_beta":false,"boss_relics":[{"not_picked":["Calling Bell","Snecko Eye"],"picked":"Philosopher\u0027s Stone"}],"items_purged_floors":[5,11],"is_endless":false,"potions_floor_spawned":[12,14],"killed_by":"Chosen and Byrds","ascension_level":20}}