{"host":"39i3emxub3h8uyq3","time":1611521604,"event":{"mods":["AchievementEnabler","BaseMod","Clockwork Mod","Colored Map","Downfall","Glutton Mod","Gold Saver","Minty Spire (QoL Compilation)","StSLib","TheHeartMod"],"gold_per_floor":[493,503,522,522,538,538,554,570,597,621,103,135,135,88,88,189,189,158,158,134,134,146,146,146],"floor_reached":23,"language":"ENG","playtime":10949,"items_purged":["Regret"],"score":191,"play_id":"c8a8b72d-dbc2-4cdb-9015-128e1cafe0ef","local_time":"20210124155324","is_ascension_mode":false,"campfire_choices":[{"data":"Noxious Fumes","floor":6,"key":"SMITH"},{"floor":15,"key":"REST"}],"circlet_count":0,"master_deck":["Strike_G+1","Strike_G+1","Strike_G+1","Strike_G+1","Strike_G+1","Defend_G+1","Defend_G+1","Defend_G+1","Defend_G+1","Defend_G+1","Survivor","Neutralize","Dagger Spray","Skewer","Well Laid Plans","Noxious Fumes+1","Caltrops","Escape Plan","Poisoned Stab","Terror","Poisoned Stab","Envenom","Infinite Blades","Sucker Punch","Deflect"],"relics":["Ring of the Snake","Bag of Marbles","Oddly Smooth Stone","Strawberry","Toolbox","Meat on the Bone","Centennial Puzzle","Black Star"],"acts_visited":["Exordium","TheCity"],"potions_floor_usage":[16],"damage_taken":[{"damage":0,"enemies":"Cultist","floor":1,"turns":4},{"damage":0,"enemies":"Jaw Worm","floor":2,"turns":3},{"damage":2,"enemies":"Small Slimes","floor":3,"turns":4},{"damage":0,"enemies":"3 Louse","floor":5,"turns":3},{"damage":16,"enemies":"2 Fungi Beasts","floor":7,"turns":4},{"damage":22,"enemies":"Blue Slaver","floor":8,"turns":4},{"damage":22,"enemies":"Lagavulin","floor":12,"turns":4},{"damage":30,"enemies":"Hexaghost","floor":16,"turns":7},{"damage":48,"enemies":"2 Thieves","floor":18,"turns":5},{"damage":24,"enemies":"Spheric Guardian","floor":22,"turns":4},{"damage":67,"enemies":"Slavers","floor":23,"turns":4}],"seed_played":"-1038135067558347013","potions_obtained":[{"floor":2,"key":"champ:CounterPotion"},{"floor":5,"key":"champ:CounterPotion"},{"floor":8,"key":"Fire Potion"},{"floor":18,"key":"DistilledChaos"},{"floor":22,"key":"Fire Potion"}],"is_trial":false,"path_per_floor":["M","M","M","?","M","R","M","M","T","T","$","E","?","$","R","B",null,"M","?","$","?","M","E"],"character_chosen":"THE_SILENT","items_purchased":["Poisoned Stab","Toolbox","Meat on the Bone","Poisoned Stab","Sucker Punch"],"campfire_rested":1,"item_purchase_floors":[11,11,11,14,20],"current_hp_per_floor":[77,77,75,75,75,75,59,37,37,44,44,34,34,34,59,41,84,48,48,48,76,52,0,0],"gold":146,"neow_bonus":"TEN_PERCENT_HP_BONUS","is_daily":false,"chose_seed":false,"campfire_upgraded":1,"win_rate":0.0,"timestamp":1611521604,"path_taken":["M","?","M","?","M","R","M","M","T","?","$","E","?","$","R","BOSS","M","?","$","?","M","E"],"items_purchased_type":["Card","Relic","Relic","Card","Card"],"build_version":"2020-12-22","purchased_purges":1,"victory":false,"max_hp_per_floor":[77,77,77,77,77,77,77,77,77,84,84,84,84,84,84,84,84,84,84,84,84,84,84,84],"card_choices":[{"not_picked":["Blade Dance","Tactician"],"picked":"Dagger Spray","floor":1},{"not_picked":["Dodge and Roll","Blade Dance"],"picked":"Skewer","floor":2},{"not_picked":["Infinite Blades","Flying Knee"],"picked":"Well Laid Plans","floor":3},{"not_picked":["Infinite Blades","Blade Dance"],"picked":"Noxious Fumes","floor":5},{"not_picked":["Backstab","Sucker Punch"],"picked":"Caltrops","floor":7},{"not_picked":["Eviscerate","Night Terror"],"picked":"Escape Plan","floor":8},{"not_picked":["Prepared","Poisoned Stab"],"picked":"Terror","floor":12},{"not_picked":["After Image","Wraith Form v2"],"picked":"Envenom","floor":16},{"not_picked":["Flying Knee","Dagger Spray"],"picked":"Infinite Blades","floor":18},{"not_picked":["Underhanded Strike","Prepared"],"picked":"Deflect","floor":22}],"player_experience":31107,"relics_obtained":[{"floor":9,"key":"Oddly Smooth Stone"},{"floor":10,"key":"Strawberry"},{"floor":12,"key":"Centennial Puzzle"}],"event_choices":[{"damage_healed":0,"gold_gain":0,"player_choice":"Box","damage_taken":0,"relics_obtained":["Bag of Marbles"],"max_hp_gain":0,"max_hp_loss":0,"event_name":"Big Fish","floor":4,"gold_loss":0,"cards_obtained":["Regret"]},{"damage_healed":0,"gold_gain":0,"player_choice":"Ignored","damage_taken":0,"max_hp_gain":0,"max_hp_loss":0,"event_name":"Golden Wing","floor":13,"gold_loss":0},{"damage_healed":0,"gold_gain":0,"player_choice":"Simplicity","damage_taken":0,"max_hp_gain":0,"max_hp_loss":0,"event_name":"Back to Basics","floor":19,"gold_loss":0,"cards_upgraded":["Strike_G","Strike_G","Strike_G","Strike_G","Strike_G","Defend_G","Defend_G","Defend_G","Defend_G","Defend_G"]},{"damage_healed":28,"gold_gain":0,"player_choice":"Heal","damage_taken":0,"max_hp_gain":0,"max_hp_loss":0,"event_name":"The Library","floor":21,"gold_loss":0}],"is_beta":false,"boss_relics":[{"not_picked":["Velvet Choker","SacredBark"],"picked":"Black Star"}],"items_purged_floors":[11],"is_endless":false,"potions_floor_spawned":[2,5,8,18,22],"killed_by":"Slavers","ascension_level":0}}