{"host":"eaiphzh066bwqdh7","time":1611523450,"event":{"mods":["BaseMod","Hubris","Minty Spire (QoL Compilation)","Replay The Spire","StSLib"],"gold_per_floor":[363,134,134,152,163,163,163,163,163,163,173,173,184,184,184,184,184],"floor_reached":16,"language":"ENG","playtime":390,"items_purged":["Defend_P"],"score":99,"play_id":"6dcf911f-2e78-4cf9-8509-fd7b126564f5","local_time":"20210124162410","is_ascension_mode":true,"campfire_choices":[{"data":"Eruption","floor":6,"key":"SMITH"},{"data":"FlurryOfBlows","floor":8,"key":"SMITH"},{"data":"CarveReality","floor":10,"key":"SMITH"},{"data":"Prostrate","floor":12,"key":"SMITH"},{"floor":15,"key":"REST"}],"circlet_count":0,"master_deck":["Strike_P","Strike_P","Strike_P","Strike_P","Defend_P","Defend_P","Defend_P","Eruption+1","Vigilance","Strike_P","Eruption+1","CarveReality+1","FlurryOfBlows+1","Prostrate+1","FollowUp"],"relics":["PureWater","Strange Spoon","Counterbalance"],"acts_visited":["Exordium"],"potions_floor_usage":[16,16],"damage_taken":[{"damage":11,"enemies":"Small Slimes","floor":1,"turns":6},{"damage":0,"enemies":"2 Louse","floor":4,"turns":2},{"damage":0,"enemies":"Cultist","floor":5,"turns":2},{"damage":0,"enemies":"3 Louse","floor":11,"turns":2},{"damage":0,"enemies":"Large Slime","floor":13,"turns":3},{"damage":87,"enemies":"Hexaghost","floor":16,"turns":3}],"seed_played":"8367877161238701497","potions_obtained":[{"floor":4,"key":"Milkshake"},{"floor":13,"key":"DistilledChaos"}],"is_trial":false,"path_per_floor":["M","$","?","M","M","R","?","R","T","R","M","R","M","?","R","B"],"character_chosen":"WATCHER","items_purchased":["Strange Spoon"],"campfire_rested":1,"item_purchase_floors":[2],"current_hp_per_floor":[61,61,66,66,66,66,66,66,66,66,66,66,66,69,80,0,0],"gold":184,"neow_bonus":"TWO_FIFTY_GOLD","is_daily":false,"chose_seed":false,"campfire_upgraded":4,"win_rate":0.0,"timestamp":1611523450,"path_taken":["M","$","?","M","M","R","?","R","T","R","M","R","?","?","R","BOSS"],"items_purchased_type":["Relic"],"build_version":"2020-12-22","purchased_purges":1,"victory":false,"max_hp_per_floor":[72,72,77,77,77,77,77,77,77,77,77,77,77,80,80,80,80],"card_choices":[{"not_picked":["Replay:ManipulateFuture","JustLucky"],"picked":"CarveReality","floor":1},{"not_picked":["ThirdEye","CutThroughFate"],"picked":"FlurryOfBlows","floor":4},{"not_picked":["Protect","EmptyMind","WaveOfTheHand"],"picked":"SKIP","floor":5},{"not_picked":["Tantrum","BowlingBash"],"picked":"Prostrate","floor":11},{"not_picked":["LikeWater","Meditate"],"picked":"FollowUp","floor":13}],"player_experience":187334,"relics_obtained":[{"floor":9,"key":"Counterbalance"}],"event_choices":[{"damage_healed":0,"gold_gain":0,"player_choice":"Donut","damage_taken":0,"max_hp_gain":5,"max_hp_loss":0,"event_name":"Big Fish","floor":3,"gold_loss":0},{"damage_healed":0,"gold_gain":0,"player_choice":"Forge","damage_taken":0,"max_hp_gain":0,"max_hp_loss":0,"event_name":"Accursed Blacksmith","floor":7,"gold_loss":0,"cards_upgraded":["Eruption"]}],"is_beta":false,"boss_relics":[],"items_purged_floors":[2],"is_endless":false,"potions_floor_spawned":[4,13],"killed_by":"Hexaghost","ascension_level":2}}