{"host":"ggy1mjjy92c62u6a","time":1611493275,"event":{"mods":["10 clothes from DAL","ATMod(∞¢Ë™Mod)","Act Like it!","BaseMod","Colored Powertips","Downfall","GifTheSpireLib","Minty Spire (QoL Compilation)","Quick Restart","Relic Stats","Shop Mod","Spicy Shops","StSLib","TestMod","°æπ¶ƒ‹Mod°øªÏ„Á÷Æª∑–ﬁ∏¥≤π∂°","°æ“≈ŒÔMod°øÀ¿¡È∑® ¶NEW","°æ“≈ŒÔø®≈∆°øREMEMod"],"gold_per_floor":[99,115,115,130,230,248,271,371,446,480,499,499,509,534,548,653,653,653,668,683,502,502,517,517,529,526,538,583,595,607,632,657,773,785,797,856,883,907,1249,1294,1379,1411,1423,1423],"floor_reached":43,"language":"ZHS","playtime":2728,"items_purged":["Regret"],"score":763,"play_id":"32f23129-2d47-4152-95a7-3b50eea7116b","local_time":"20210124210115","is_ascension_mode":true,"campfire_choices":[{"floor":1.0,"key":"RECALL"},{"data":"Thousand_Bone_Knives","floor":18,"key":"SMITH"},{"data":"Violent_Necrosis","floor":25,"key":"SMITH"},{"floor":29,"key":"REST"},{"data":"Violent_Necrosis","floor":35,"key":"SMITH"}],"circlet_count":0,"master_deck":["Strike_W+1","Strike_W","Bone_Spikes","Bone_Spikes","Defend_W","Defend_W","Bone_Armor","Bone_Wall","Tools of the Trade+1","AT_TwilightShroud+1","downfall:Malfunctioning","Shackles_Of_Pain","Violent_Necrosis+1","Shackles_Of_Pain","CurseOfTheBell","CurseOfTheBell","Injury","Decay","Grasp_Heart+1","Thousand_Bone_Knives+1","Violent_Necrosis+1","Violent_Necrosis+1","Epidemicm","Parasite"],"relics":["Vampire_Amulet","REME_ComplimentaryCards","AT_ATBox","testmod-TestBox","testmod-ArcanaOfDestiny","White Beast Statue","AT_SunfireAegis","downfall:ExtraCursedBell","Bag of Preparation","testmod-Justice","SumDragon","testmod-CasingShield","Lantern","bronze:MakeshiftBattery","Bird Faced Urn","MawBank","Pear","DALC_TEN","AT_TimeSand"],"acts_visited":["Exordium","TheCity","TheBeyond"],"potions_floor_usage":[10,10,14,21,36,40,40],"damage_taken":[{"damage":0.0,"enemies":"2 Louse","floor":2.0,"turns":3.0},{"damage":6.0,"enemies":"Small Slimes","floor":4.0,"turns":2.0},{"damage":34,"enemies":"downfall:LadyInBlue","floor":5,"turns":10},{"damage":5,"enemies":"Cultist","floor":6,"turns":4},{"damage":6,"enemies":"3 Sentries","floor":10,"turns":5},{"damage":4,"enemies":"Exordium Wildlife","floor":11,"turns":3},{"damage":10,"enemies":"3 Louse","floor":13,"turns":3},{"damage":7,"enemies":"Gremlin Nob","floor":14,"turns":6},{"damage":2,"enemies":"Gremlin Gang","floor":15,"turns":2},{"damage":56,"enemies":"DF_ARCHETYPE_STREAMLINE","floor":16,"turns":9},{"damage":26,"enemies":"Spheric Guardian","floor":19,"turns":7},{"damage":10,"enemies":"Snake Plant","floor":20,"turns":3},{"damage":4,"enemies":"downfall:FleeingMerchant","floor":21,"turns":4},{"damage":1,"enemies":"Snecko","floor":23,"turns":5},{"damage":0,"enemies":"downfall:FleeingMerchant","floor":26,"turns":4},{"damage":12,"enemies":"Slavers","floor":28,"turns":5},{"damage":0,"enemies":"Chosen and Byrds","floor":31,"turns":2},{"damage":13,"enemies":"Shelled Parasite and Fungi","floor":32,"turns":3},{"damage":17,"enemies":"IC_MUSHROOM_ARCHETYPE","floor":33,"turns":4},{"damage":2,"enemies":"3 Darklings","floor":36,"turns":5},{"damage":2,"enemies":"Orb Walker","floor":37,"turns":4},{"damage":14,"enemies":"Sphere and 2 Shapes","floor":38,"turns":6},{"damage":26,"enemies":"downfall:FleeingMerchant","floor":39,"turns":3},{"damage":20,"enemies":"Reptomancer","floor":40,"turns":5},{"damage":14,"enemies":"Writhing Mass","floor":42,"turns":4},{"damage":26,"enemies":"Nemesis","floor":43,"turns":3}],"seed_played":"5477642061596353692","potions_obtained":[{"floor":5,"key":"Regen Potion"},{"floor":5,"key":"EntropicBrew"},{"floor":5,"key":"ColorlessPotion"},{"floor":9,"key":"downfall:CursedFountainPotion"},{"floor":10,"key":"testmod-SpacePotion"},{"floor":11,"key":"Slimebound:ThreeZeroPotion"},{"floor":14,"key":"testmod-SpacePotion"},{"floor":15,"key":"Weak Potion"},{"floor":16,"key":"Explosive Potion"},{"floor":21,"key":"testmod-SpacePotion"},{"floor":23,"key":"Strength Potion"},{"floor":26,"key":"REME_GoldPotion"},{"floor":39,"key":"champ:CounterPotion"}],"is_trial":false,"path_per_floor":["R","M","?","M","?","M","T","?","?","E","M","?","M","E","M","B",null,"R","M","M","$","?","M","T","R","$","?","E","R","?","M","M","B",null,"R","M","M","M","$","E","T","M","E"],"character_chosen":"NECROMANCER","items_purchased":["Bird Faced Urn"],"campfire_rested":1,"item_purchase_floors":[21],"current_hp_per_floor":[82,82,82,76,42,37,37,42,87,81,77,77,67,60,58,2,66,66,40,30,26,26,27,27,27,29,29,29,58,58,58,47,32,81,81,83,85,75,49,33,33,21,0,0],"gold":1423,"neow_bonus":"TEN_PERCENT_HP_BONUS","is_daily":false,"chose_seed":false,"campfire_upgraded":3,"win_rate":0.0,"timestamp":1611493275,"path_taken":["R","M","?","M","?","?","T","?","?","E","?","?","M","E","M","BOSS","R","M","M","$","?","M","T","R","$","?","E","R","?","?","M","BOSS","R","M","M","?","$","E","T","M","E"],"items_purchased_type":["Relic"],"build_version":"2020-12-22","purchased_purges":1,"victory":false,"max_hp_per_floor":[82,82,82,82,82,82,82,87,87,87,87,87,87,87,87,87,87,87,87,87,87,87,87,87,87,87,87,97,97,97,97,97,97,97,97,97,97,97,97,97,97,97,97,97],"relic_stats":{"counters":[26,114],"Bird Faced Urn":[30],"Bag of Preparation":[44],"MawBank":228,"obtain_stats":[{"SumDragon":8,"Lantern":14,"AT_ATBox":0,"testmod-TestBox":0,"Pear":28,"DALC_TEN":34,"Bag of Preparation":8,"AT_TimeSand":40,"testmod-Justice":8,"MawBank":24,"White Beast Statue":5,"testmod-CasingShield":10,"downfall:BrokenWingStatue":12,"Bird Faced Urn":21,"Vampire_Amulet":0,"AT_SunfireAegis":7,"downfall:ExtraCursedBell":8,"testmod-ArcanaOfDestiny":0,"bronze:MakeshiftBattery":17,"REME_ComplimentaryCards":0},{"SumDragon":4,"Lantern":8,"AT_ATBox":0,"testmod-TestBox":0,"Pear":16,"DALC_TEN":19,"Bag of Preparation":4,"AT_TimeSand":24,"testmod-Justice":4,"MawBank":14,"White Beast Statue":3,"testmod-CasingShield":5,"downfall:BrokenWingStatue":6,"Bird Faced Urn":13,"Vampire_Amulet":0,"AT_SunfireAegis":4,"downfall:ExtraCursedBell":4,"testmod-ArcanaOfDestiny":0,"bronze:MakeshiftBattery":10,"REME_ComplimentaryCards":0},{"SumDragon":19,"Lantern":36,"AT_ATBox":0,"testmod-TestBox":0,"Pear":75,"DALC_TEN":84,"Bag of Preparation":19,"AT_TimeSand":107,"testmod-Justice":19,"MawBank":66,"White Beast Statue":15,"testmod-CasingShield":24,"downfall:BrokenWingStatue":27,"Bird Faced Urn":61,"Vampire_Amulet":0,"AT_SunfireAegis":19,"downfall:ExtraCursedBell":19,"testmod-ArcanaOfDestiny":0,"bronze:MakeshiftBattery":47,"REME_ComplimentaryCards":0}]},"card_choices":[{"not_picked":["Bone_Armor","Acid_Javelin","Vampiric_Strike"],"picked":"SKIP","floor":2.0},{"not_picked":["Negative_Energy_Javelin","Stop_Heart"],"picked":"Shackles_Of_Pain","floor":4.0},{"not_picked":["Blood_for_Blood","finger_Of_Death"],"picked":"Violent_Necrosis","floor":5},{"not_picked":["Hellfire","Acid_Javelin"],"picked":"Shackles_Of_Pain","floor":6},{"not_picked":["Summon_Undead_Army","Acid_Javelin"],"picked":"Thousand_Bone_Knives","floor":10},{"not_picked":["Acid_Javelin","Shade_Step"],"picked":"Violent_Necrosis","floor":11},{"not_picked":["finger_Of_Death","Negative_Energy_Sphere","Toxic_Smoke_Screen"],"picked":"SKIP","floor":13},{"not_picked":["Negative_Energy_Sphere","Detonate_Bones","finger_Of_Death"],"picked":"SKIP","floor":14},{"not_picked":["Reap_The_Weak","Toxic_Smoke_Screen","Pandemic"],"picked":"SKIP","floor":15},{"not_picked":["Summon_Undead_Army","Negative_Energy_Sphere","finger_Of_Death"],"picked":"SKIP","floor":19},{"not_picked":["Kotodama","PosionWeak2","PosionWeak"],"picked":"SKIP","floor":20},{"not_picked":["Epidemic","Negative_Energy_Mist","Plague_Bolt"],"picked":"SKIP","floor":21},{"not_picked":["Negative_Energy_Mist","PosionWeak"],"picked":"Violent_Necrosis+1","floor":23},{"not_picked":["Blood_Hammer","ZombiePosion+1","Bone_Spikes+1"],"picked":"SKIP","floor":26},{"not_picked":["PosionWeak2","Blood_Curse","OverdoomLine"],"picked":"SKIP","floor":28},{"not_picked":["Bone_Armor","finger_Of_Death","Negative_Energy_Javelin"],"picked":"SKIP","floor":31},{"not_picked":["Necrotic_Claws","Shade_Step","Negative_Energy_Sphere"],"picked":"SKIP","floor":32},{"not_picked":["Summon_Death_Knight","Time_Jump"],"picked":"Epidemicm","floor":33},{"not_picked":["finger_Of_Death","Bone_Armor+1","PosionWeak2"],"picked":"SKIP","floor":36},{"not_picked":["Summon_Undead_Army","Vampiric_Strike","Siphon_Strength"],"picked":"SKIP","floor":37},{"not_picked":["Kotodama","Summon_Undead+1","Bone_Spikes"],"picked":"SKIP","floor":38},{"not_picked":["PosionArmor+1","Negative_Energy_Javelin","finger_Of_Death+1"],"picked":"SKIP","floor":39},{"not_picked":["Life_Tap","Epidemicn","PosionArmor"],"picked":"SKIP","floor":40},{"not_picked":["Toxic_Smoke_Screen","Negative_Energy_Javelin+1","Blood_Curse+1"],"picked":"SKIP","floor":42}],"player_experience":73080,"relics_obtained":[{"floor":5,"key":"White Beast Statue"},{"floor":7,"key":"AT_SunfireAegis"},{"floor":8,"key":"Bag of Preparation"},{"floor":8,"key":"testmod-Justice"},{"floor":8,"key":"SumDragon"},{"floor":10,"key":"testmod-CasingShield"},{"floor":14,"key":"Lantern"},{"floor":24,"key":"MawBank"},{"floor":28,"key":"Pear"},{"floor":40,"key":"AT_TimeSand"}],"event_choices":[],"is_beta":false,"boss_relics":[{"not_picked":["testmod-DeterminationOfClimber","Runic Pyramid"],"picked":"bronze:MakeshiftBattery"},{"not_picked":["Sozu","testmod-SaigiyounoYou"],"picked":"DALC_TEN"}],"items_purged_floors":[21],"is_endless":false,"potions_floor_spawned":[6,10,11,13,14,15,16,19,20,21,23,26,28,31,32,33,36,37,38,39,40,42],"killed_by":"Nemesis","ascension_level":5}}