{"host":"3hht5vm6iswgqu4y","time":1611459339,"event":{"mods":["BaseMod","Curses Come First","Hermit","Minty Spire (QoL Compilation)","Relic Stats","StSLib"],"gold_per_floor":[114,114,114,129,144,144,174,27,27,27,42,72,87,102,102,202,202,217,232,232,232,247,277,277,307,307,307,51,66,96,111,111,211,211,226,226,266,281,31,61,76,24,24,24,39,69,124,179,179,179],"floor_reached":51,"language":"ENG","playtime":32504,"items_purged":[],"score":1012,"play_id":"8a14ccea-6c81-4d14-b429-dd020a0e7087","local_time":"20210123223539","daily_mods":["Cursed Run","Diverse","DeadlyEvents"],"is_ascension_mode":false,"campfire_choices":[{"data":"hermit:Snapshot","floor":6,"key":"SMITH"},{"floor":15,"key":"REST"},{"floor":24,"key":"REST"},{"floor":27,"key":"REST"},{"data":"hermit:ItchyTrigger","floor":32,"key":"SMITH"},{"floor":44,"key":"REST"},{"data":"Static Discharge","floor":49,"key":"SMITH"}],"circlet_count":0,"master_deck":["hermit:Strike_Hermit","hermit:Strike_Hermit","hermit:Strike_Hermit","hermit:Strike_Hermit","hermit:Defend_Hermit","hermit:Defend_Hermit","hermit:Defend_Hermit","hermit:Defend_Hermit","hermit:Snapshot+1","hermit:Covet","Sucker Punch+1","Crippling Poison","Sucker Punch+1","Wish","Noxious Fumes","Whirlwind","Normality","hermit:ItchyTrigger+1","Self Repair","hermit:Combo","Slice+1","Regret","Corpse Explosion","hermit:Dive+1","Metallicize","Necronomicurse","Hello World","ConjureBlade","Blur","Decay","Metamorphosis","Static Discharge+1","hermit:BodyArmor+1","hermit:Malice","Wallop+1","Parasite","DeusExMachina+1","Pommel Strike+1","Forethought","Discovery","Blind","Evolve+1","Streamline+1","Clothesline+1","FlyingSleeves","Shame","Shockwave+1","Ball Lightning","Sword Boomerang","Sucker Punch","Parasite"],"relics":["Cursed Key","Darkstone Periapt","Du-Vu Doll","Pocketwatch","InkBottle","Bag of Preparation","SlaversCollar","Necronomicon","MutagenicStrength","Bottled Flame","Mango","hermit:Spyglass","Oddly Smooth Stone","Busted Crown","Pen Nib","Toy Ornithopter","War Paint","Incense Burner","Boot","Whetstone","Orichalcum"],"acts_visited":["Exordium","TheCity","TheBeyond"],"potions_floor_usage":[12,25,25,33,33,41,41,50],"damage_taken":[{"damage":1,"enemies":"Jaw Worm","floor":1,"turns":4},{"damage":5,"enemies":"2 Louse","floor":4,"turns":2},{"damage":0,"enemies":"Cultist","floor":5,"turns":3},{"damage":11,"enemies":"Lagavulin","floor":7,"turns":6},{"damage":4,"enemies":"Exordium Thugs","floor":11,"turns":3},{"damage":18,"enemies":"3 Sentries","floor":12,"turns":3},{"damage":22,"enemies":"Exordium Wildlife","floor":13,"turns":3},{"damage":0,"enemies":"3 Louse","floor":14,"turns":2},{"damage":20,"enemies":"Hexaghost","floor":16,"turns":9},{"damage":5,"enemies":"3 Byrds","floor":18,"turns":2},{"damage":26,"enemies":"Spheric Guardian","floor":19,"turns":4},{"damage":0,"enemies":"Snake Plant","floor":22,"turns":2},{"damage":37,"enemies":"Book of Stabbing","floor":23,"turns":4},{"damage":17,"enemies":"Gremlin Leader","floor":25,"turns":4},{"damage":0,"enemies":"Sentry and Sphere","floor":29,"turns":1},{"damage":12,"enemies":"Slavers","floor":30,"turns":3},{"damage":25,"enemies":"Cultist and Chosen","floor":31,"turns":5},{"damage":58,"enemies":"Automaton","floor":33,"turns":6},{"damage":12,"enemies":"3 Darklings","floor":35,"turns":3},{"damage":0,"enemies":"Orb Walker","floor":37,"turns":2},{"damage":12,"enemies":"Writhing Mass","floor":38,"turns":5},{"damage":25,"enemies":"Nemesis","floor":40,"turns":5},{"damage":29,"enemies":"Transient","floor":41,"turns":5},{"damage":9,"enemies":"4 Shapes","floor":45,"turns":1},{"damage":16,"enemies":"Giant Head","floor":46,"turns":6},{"damage":11,"enemies":"Nemesis","floor":47,"turns":3},{"damage":1,"enemies":"Reptomancer","floor":48,"turns":5},{"damage":48,"enemies":"Time Eater","floor":50,"turns":7}],"seed_played":"-4692305807027556167","potions_obtained":[{"floor":5,"key":"hermit:BlackBile"},{"floor":11,"key":"SkillPotion"},{"floor":14,"key":"AttackPotion"},{"floor":22,"key":"Block Potion"},{"floor":25,"key":"GamblersBrew"},{"floor":33,"key":"AttackPotion"},{"floor":40,"key":"Fruit Juice"},{"floor":41,"key":"Explosive Potion"},{"floor":46,"key":"DuplicationPotion"}],"is_trial":false,"path_per_floor":["M","?","?","M","M","R","E","$","T","$","M","E","M","M","R","B",null,"M","M","?","?","M","E","R","E","T","R","$","M","E","M","R","B",null,"M","?","M","M","$","E","M","?","T","R","M","E","E","E","R","B",null],"character_chosen":"HERMIT","items_purchased":["Noxious Fumes","Whirlwind","Metamorphosis","Static Discharge","Pen Nib","FairyPotion"],"campfire_rested":4,"item_purchase_floors":[8,8,28,28,39,39],"current_hp_per_floor":[74,74,74,69,69,69,58,58,64,64,60,42,27,34,58,44,87,82,63,53,53,53,23,50,47,53,86,86,86,81,63,63,11,119,114,104,111,106,106,88,81,81,87,126,117,108,97,103,103,66],"gold":179,"neow_bonus":"","is_daily":true,"chose_seed":false,"campfire_upgraded":3,"win_rate":0.0,"timestamp":1611459339,"path_taken":["M","?","?","M","M","R","E","$","T","$","?","?","M","M","R","BOSS","M","M","?","?","M","?","R","E","T","R","?","?","?","?","R","BOSS","M","?","M","M","$","E","?","?","T","R","M","E","?","E","R","BOSS"],"items_purchased_type":["Card","Card","Card","Card","Relic","Potion"],"build_version":"2020-12-22","purchased_purges":0,"victory":true,"max_hp_per_floor":[75,75,75,75,75,75,75,75,81,81,81,81,81,81,81,87,87,87,87,93,93,93,93,93,107,113,113,113,113,113,113,113,119,119,119,119,119,119,119,119,124,124,130,130,130,130,130,130,130,136],"relic_stats":{"Darkstone Periapt":42,"counters":[28,108],"Pen Nib":[7],"Bag of Preparation":[44],"Whetstone":["Sucker Punch","Slice"],"War Paint":["hermit:BodyArmor","DeusExMachina"],"Orichalcum":[12],"Cursed Key":3,"Boot":[0],"Busted Crown":24,"Necronomicon":[37],"obtain_stats":[{"Darkstone Periapt":0,"Oddly Smooth Stone":30,"Mango":25,"Pen Nib":39,"Bag of Preparation":12,"Incense Burner":43,"Whetstone":47,"War Paint":42,"Orichalcum":48,"Cursed Key":0,"Boot":46,"Du-Vu Doll":0,"SlaversCollar":17,"Bottled Flame":23,"Busted Crown":34,"MutagenicStrength":21,"Necronomicon":20,"InkBottle":9,"hermit:Spyglass":26,"Toy Ornithopter":40,"Pocketwatch":7},{"Darkstone Periapt":0,"Oddly Smooth Stone":16,"Mango":14,"Pen Nib":21,"Bag of Preparation":6,"Incense Burner":23,"Whetstone":26,"War Paint":23,"Orichalcum":27,"Cursed Key":0,"Boot":25,"Du-Vu Doll":0,"SlaversCollar":9,"Bottled Flame":13,"Busted Crown":18,"MutagenicStrength":11,"Necronomicon":11,"InkBottle":4,"hermit:Spyglass":14,"Toy Ornithopter":22,"Pocketwatch":4},{"Darkstone Periapt":0,"Oddly Smooth Stone":55,"Mango":51,"Pen Nib":76,"Bag of Preparation":21,"Incense Burner":86,"Whetstone":96,"War Paint":86,"Orichalcum":101,"Cursed Key":0,"Boot":93,"Du-Vu Doll":0,"SlaversCollar":35,"Bottled Flame":47,"Busted Crown":66,"MutagenicStrength":41,"Necronomicon":41,"InkBottle":15,"hermit:Spyglass":51,"Toy Ornithopter":81,"Pocketwatch":15}],"InkBottle":[35],"Toy Ornithopter":15,"Pocketwatch":[92]},"card_choices":[{"not_picked":["Outmaneuver","EmptyFist"],"picked":"Sucker Punch","floor":1},{"not_picked":["Study","Riddle With Holes"],"picked":"Crippling Poison","floor":4},{"not_picked":["hermit:Combo","Havoc"],"picked":"Sucker Punch","floor":5},{"not_picked":["Meditate","hermit:Cheat"],"picked":"Wish","floor":7},{"not_picked":["BowlingBash","Barrage"],"picked":"hermit:ItchyTrigger","floor":11},{"not_picked":["hermit:Glare","Spot Weakness"],"picked":"Self Repair","floor":12},{"not_picked":["Halt","Streamline"],"picked":"hermit:Combo","floor":13},{"not_picked":["Twin Strike","Reckless Charge"],"picked":"Slice","floor":14},{"not_picked":["Brutality","Grand Finale"],"picked":"Corpse Explosion","floor":16},{"not_picked":["EmptyBody","Scrape+1"],"picked":"hermit:Dive+1","floor":18},{"not_picked":["Shrug It Off","Wish"],"picked":"Metallicize","floor":19},{"not_picked":["hermit:DeadMansHand","CutThroughFate"],"picked":"Hello World","floor":22},{"not_picked":["FlurryOfBlows+1","Thunderclap"],"picked":"ConjureBlade","floor":23},{"not_picked":["hermit:Vantage","hermit:LoneWolf"],"picked":"Blur","floor":25},{"not_picked":["Headbutt","Shrug It Off"],"picked":"hermit:BodyArmor","floor":29},{"not_picked":["Cleave","Sucker Punch+1"],"picked":"hermit:Malice","floor":30},{"not_picked":["Dropkick","Accuracy"],"picked":"Wallop+1","floor":31},{"not_picked":["Electrodynamics","hermit:EternalForm"],"picked":"DeusExMachina","floor":33},{"not_picked":[],"picked":"Pommel Strike+1","floor":35},{"not_picked":[],"picked":"Forethought","floor":36},{"not_picked":[],"picked":"Discovery","floor":36},{"not_picked":[],"picked":"Blind","floor":36},{"not_picked":[],"picked":"Evolve+1","floor":37},{"not_picked":[],"picked":"Streamline+1","floor":38},{"not_picked":[],"picked":"Clothesline+1","floor":40},{"not_picked":[],"picked":"FlyingSleeves","floor":41},{"not_picked":[],"picked":"Shockwave+1","floor":45},{"not_picked":[],"picked":"Ball Lightning","floor":46},{"not_picked":[],"picked":"Sword Boomerang","floor":47},{"not_picked":[],"picked":"Sucker Punch","floor":48}],"player_experience":824054,"relics_obtained":[{"floor":7,"key":"Pocketwatch"},{"floor":9,"key":"InkBottle"},{"floor":12,"key":"Bag of Preparation"},{"floor":20,"key":"Necronomicon"},{"floor":23,"key":"Bottled Flame"},{"floor":25,"key":"Mango"},{"floor":26,"key":"hermit:Spyglass"},{"floor":30,"key":"Oddly Smooth Stone"},{"floor":40,"key":"Toy Ornithopter"},{"floor":43,"key":"Incense Burner"},{"floor":46,"key":"Boot"},{"floor":47,"key":"Whetstone"},{"floor":48,"key":"Orichalcum"}],"event_choices":[{"damage_healed":0,"gold_gain":0,"player_choice":"Grow","damage_taken":0,"max_hp_gain":0,"max_hp_loss":0,"event_name":"Living Wall","floor":2,"gold_loss":0,"cards_upgraded":["Sucker Punch"]},{"damage_healed":0,"gold_gain":0,"player_choice":"Leave","damage_taken":0,"max_hp_gain":0,"max_hp_loss":0,"event_name":"The Cleric","floor":3,"gold_loss":0},{"damage_healed":0,"gold_gain":0,"player_choice":"Obtained Book","damage_taken":16,"max_hp_gain":0,"max_hp_loss":0,"event_name":"Cursed Tome","floor":20,"gold_loss":0},{"damage_healed":0,"gold_gain":0,"player_choice":"Inject Mutagens","damage_taken":0,"relics_obtained":["MutagenicStrength"],"max_hp_gain":0,"max_hp_loss":0,"event_name":"Drug Dealer","floor":21,"gold_loss":0},{"damage_healed":0,"gold_gain":0,"player_choice":"Memory 3","damage_taken":10,"max_hp_gain":0,"max_hp_loss":0,"event_name":"SensoryStone","floor":36,"gold_loss":0},{"damage_healed":0,"gold_gain":0,"player_choice":"Paid Gold","damage_taken":0,"relics_obtained":["War Paint"],"max_hp_gain":0,"max_hp_loss":0,"event_name":"WeMeetAgain","floor":42,"gold_loss":52}],"is_beta":false,"boss_relics":[{"not_picked":["SacredBark","Calling Bell"],"picked":"SlaversCollar"},{"not_picked":["Runic Dome","Velvet Choker"],"picked":"Busted Crown"}],"items_purged_floors":[],"is_endless":false,"potions_floor_spawned":[5,11,14,22,23,25,33,40,41,46,47,48],"ascension_level":0}}