{"host":"d4km6p8r92tm3vpl","time":1611519357,"event":{"mods":["AchievementEnabler","BaseMod","Colored Map","Colored Powertips","DeckTracker","Minty Spire (QoL Compilation)","Relic Stats","StSLib"],"gold_per_floor":[113,113,113,113,164,211,240,281,317,344,367,398,76,94,94,94,94],"floor_reached":16,"language":"ENG","playtime":430,"items_purged":["Strike_G"],"score":219,"play_id":"9e29bb17-156f-40f6-803a-7a9da58f8137","local_time":"20210124151557","is_ascension_mode":true,"campfire_choices":[{"floor":15,"key":"REST"}],"circlet_count":0,"master_deck":["AscendersBane","Strike_G","Strike_G","Strike_G","Strike_G+1","Defend_G+1","Defend_G","Defend_G","Defend_G","Defend_G+1","Survivor+1","Neutralize","Flechettes","All Out Attack","Infinite Blades","Blade Dance","Blur","Blade Dance","Crippling Poison","Dash","Poisoned Stab"],"relics":["Ring of the Snake","NeowsBlessing","Ice Cream","MawBank","Bottled Flame","War Paint","Lantern","Boot"],"acts_visited":["Exordium"],"potions_floor_usage":[8,12,16],"damage_taken":[{"damage":0.0,"enemies":"Jaw Worm","floor":1.0,"turns":1.0},{"damage":0.0,"enemies":"Gremlin Nob","floor":6.0,"turns":1.0},{"damage":0,"enemies":"Small Slimes","floor":7,"turns":1},{"damage":22,"enemies":"Lagavulin","floor":8,"turns":8},{"damage":0,"enemies":"2 Louse","floor":10,"turns":2},{"damage":0,"enemies":"Blue Slaver","floor":11,"turns":4},{"damage":0,"enemies":"Red Slaver","floor":12,"turns":5},{"damage":0,"enemies":"3 Louse","floor":14,"turns":2},{"damage":36,"enemies":"Hexaghost","floor":16,"turns":12}],"seed_played":"-6047936839772827115","potions_obtained":[{"floor":7,"key":"Fire Potion"},{"floor":10,"key":"Energy Potion"},{"floor":11,"key":"Block Potion"},{"floor":12,"key":"Regen Potion"}],"is_trial":false,"path_per_floor":["M","?","?","?","T","E","M","E","T","M","M","M","$","M","R","B"],"character_chosen":"THE_SILENT","items_purchased":["Boot","Crippling Poison","Dash"],"campfire_rested":1,"item_purchase_floors":[13,13,13],"current_hp_per_floor":[63,49,49,31,31,31,31,9,9,9,9,9,9,9,30,0,0],"gold":94,"neow_bonus":"THREE_ENEMY_KILL","is_daily":false,"chose_seed":false,"campfire_upgraded":0,"win_rate":0.0,"timestamp":1611519357,"path_taken":["M","?","?","?","?","E","M","E","T","M","M","M","$","M","R","BOSS"],"items_purchased_type":["Relic","Card","Card"],"build_version":"2020-12-22","purchased_purges":1,"victory":false,"max_hp_per_floor":[70,70,70,70,70,70,70,70,70,70,70,70,70,70,70,70,70],"relic_stats":{"counters":[9,36],"War Paint":["Survivor","Defend_G"],"MawBank":96,"Boot":[29],"obtain_stats":[{"Ice Cream":4,"Bottled Flame":6,"Lantern":9,"NeowsBlessing":0,"War Paint":8,"MawBank":5,"Boot":13,"Ring of the Snake":0},{"Ice Cream":1,"Bottled Flame":2,"Lantern":4,"NeowsBlessing":0,"War Paint":4,"MawBank":1,"Boot":7,"Ring of the Snake":0},{"Ice Cream":1,"Bottled Flame":2,"Lantern":11,"NeowsBlessing":0,"War Paint":11,"MawBank":1,"Boot":22,"Ring of the Snake":0}],"Ring of the Snake":[18]},"card_choices":[{"not_picked":["Bane","Blur"],"picked":"Flechettes","floor":1.0},{"not_picked":["Choke","Backflip"],"picked":"All Out Attack","floor":6},{"not_picked":["PiercingWail","Underhanded Strike"],"picked":"Infinite Blades","floor":7},{"not_picked":["Sucker Punch","Infinite Blades","Catalyst"],"picked":"SKIP","floor":8},{"not_picked":["Burst","Sucker Punch"],"picked":"Blade Dance","floor":10},{"not_picked":["Calculated Gamble","Bane"],"picked":"Blur","floor":11},{"not_picked":["Distraction","Underhanded Strike"],"picked":"Blade Dance","floor":12},{"not_picked":["Tactician","Dagger Throw"],"picked":"Poisoned Stab","floor":14}],"player_experience":824215,"relics_obtained":[{"floor":5.0,"key":"MawBank"},{"floor":6,"key":"Bottled Flame"},{"floor":8,"key":"War Paint"},{"floor":9,"key":"Lantern"}],"event_choices":[{"damage_healed":0.0,"max_hp_gain":0.0,"max_hp_loss":0.0,"gold_gain":0.0,"event_name":"Shining Light","player_choice":"Entered Light","floor":2.0,"gold_loss":0.0,"damage_taken":14.0,"cards_upgraded":["Defend_G","Strike_G"]},{"damage_healed":0.0,"max_hp_gain":0.0,"max_hp_loss":0.0,"gold_gain":0.0,"event_name":"Golden Wing","player_choice":"Ignored","floor":3.0,"gold_loss":0.0,"damage_taken":0.0},{"damage_healed":0.0,"max_hp_gain":0.0,"max_hp_loss":0.0,"gold_gain":0.0,"event_name":"Scrap Ooze","player_choice":"Success","floor":4.0,"gold_loss":0.0,"damage_taken":18.0,"relics_obtained":["Ice Cream"]}],"is_beta":false,"boss_relics":[],"items_purged_floors":[13],"is_endless":false,"potions_floor_spawned":[7,10,11,12],"killed_by":"Hexaghost","ascension_level":12}}