{"host":"yvb207ks1sg3cxef","time":1611484579,"event":{"mods":["2.2 Compatiblity","BaseMod","Bestiary","Colored Powertips","Minty Spire (QoL Compilation)","Permanent Neow","Quick Restart","Relic Stats","StSLib"],"gold_per_floor":[113,129,139,53,67,67,102,119,144,144,144],"floor_reached":10,"language":"ENG","playtime":433,"items_purged":[],"score":133,"play_id":"c13cfbdb-bcd8-42eb-8d32-938b96bd24fc","local_time":"20210124160619","is_ascension_mode":true,"campfire_choices":[{"data":"EmptyFist","floor":6.0,"key":"SMITH"}],"circlet_count":0,"master_deck":["AscendersBane","Strike_P","Strike_P","Strike_P","Strike_P","Defend_P","Defend_P","Defend_P","Defend_P","Eruption","Vigilance","Sanctity","FlyingSleeves","EmptyFist+1","LikeWater","Adaptation","SandsOfTime"],"relics":["PureWater","Regal Pillow","Girya","Potion Belt"],"acts_visited":["Exordium"],"potions_floor_usage":[7,10],"damage_taken":[{"damage":1.0,"enemies":"2 Louse","floor":1.0,"turns":4.0},{"damage":1.0,"enemies":"Small Slimes","floor":2.0,"turns":4.0},{"damage":0.0,"enemies":"Cultist","floor":3.0,"turns":2.0},{"damage":0.0,"enemies":"2 Fungi Beasts","floor":5.0,"turns":2.0},{"damage":10,"enemies":"3 Sentries","floor":7,"turns":11},{"damage":0,"enemies":"Large Slime","floor":8,"turns":4},{"damage":72,"enemies":"Gremlin Nob","floor":10,"turns":3}],"seed_played":"-8433915468656005454","potions_obtained":[{"floor":1.0,"key":"BottledMiracle"},{"floor":2.0,"key":"LiquidMemories"},{"floor":8,"key":"AttackPotion"}],"is_trial":false,"path_per_floor":["M","M","M","$","M","R","E","M","T","E"],"character_chosen":"WATCHER","items_purchased":["LikeWater"],"campfire_rested":0,"item_purchase_floors":[4],"current_hp_per_floor":[60,59,59,59,59,59,49,49,49,0,0],"gold":144,"neow_bonus":"RANDOM_COMMON_RELIC","is_daily":false,"chose_seed":false,"campfire_upgraded":1,"win_rate":0.0,"timestamp":1611484579,"path_taken":["M","M","M","$","M","R","E","M","T","E"],"items_purchased_type":["Card"],"build_version":"2020-12-22","purchased_purges":0,"victory":false,"max_hp_per_floor":[68,68,68,68,68,68,68,68,68,68,68],"relic_stats":{"Regal Pillow":0,"counters":[7,30],"obtain_stats":[{"Potion Belt":9,"Girya":7,"Regal Pillow":0,"PureWater":0},{"Potion Belt":6,"Girya":5,"Regal Pillow":0,"PureWater":0},{"Potion Belt":27,"Girya":23,"Regal Pillow":0,"PureWater":0}]},"card_choices":[{"not_picked":["SandsOfTime","Protect"],"picked":"Sanctity","floor":1.0},{"not_picked":["PathToVictory","FollowUp"],"picked":"FlyingSleeves","floor":2.0},{"not_picked":["ThirdEye","Weave"],"picked":"EmptyFist","floor":3.0},{"not_picked":["WreathOfFlame","PathToVictory","Nirvana"],"picked":"SKIP","floor":5.0},{"not_picked":["Consecrate","Indignation"],"picked":"Adaptation","floor":7},{"not_picked":["Crescendo","ReachHeaven"],"picked":"SandsOfTime","floor":8}],"player_experience":435258,"relics_obtained":[{"floor":7,"key":"Girya"},{"floor":9,"key":"Potion Belt"}],"event_choices":[],"is_beta":false,"boss_relics":[],"items_purged_floors":[],"is_endless":false,"potions_floor_spawned":[1,2,8],"killed_by":"Gremlin Nob","ascension_level":18}}