{"host":"7kgj47jdxgufb548","time":1611505113,"event":{"mods":["Act Like it!","BaseMod","CapriCore","Gensokyo","Marisa¡]Ãú«B¡@Å]²z¨F¡^","Minty Spire (QoL Compilation)","Remilia¡]Á¢¦Ì²ú?¡^","StSLib","The Immortal","Yakumo Yukari mod","Youmu¡]»î¾z§¯?¡^"],"gold_per_floor":[133,133,6,6,18,46,65,65,90,90,110,140,193,220,220,318,318,337,183,195,207,9,41,41,66,66,93,108,122,138,237,237,340,390,410,463,513,536,552,578,588,916,971,971,988,988,1013,390,390,390],"floor_reached":51,"language":"ZHS","playtime":3249,"items_purged":["Writhe"],"score":1029,"play_id":"9ee5c686-e964-45f6-abc4-82ecfed0edd5","local_time":"20210125001832","is_ascension_mode":true,"campfire_choices":[{"floor":8,"key":"REST"},{"data":"OmniscientAndOmnipotent_Monster_purple","floor":10,"key":"SMITH"},{"floor":15,"key":"REST"},{"data":"Observe_purple_2","floor":24,"key":"SMITH"},{"data":"WatchEChange_purple","floor":32,"key":"SMITH"},{"floor":44,"key":"REST"},{"floor":49,"key":"REST"}],"circlet_count":0,"master_deck":["AT_purpleEX","AT_purpleEX","Defend_purpleEX+1","Defend_purpleEX","Defend_purpleEX","Observe_purple_1","Observe_purple_2+1","Yakumo_Ran_purple+1","Charmbait_purple","SharpContractionReality_purple","RuleDissolution_purple+1","OmniscientAndOmnipotent_Monster_purple+1","Anti_communist_purple","Fancifulhole_purple","StateDuplicate_purple","MonsterNeedle_purple","WasteWire_Metro_purple","StateErode_purple","WangLiang_LineAndCurveDreams_purple","BarrageBoundary_PipeDream_purple+1","WasteWire_Metro_purple+1","D_absorption_purple+1","AdvanceAttack_purple+1","WatchEChange_purple+1","OmniscientAndOmnipotent_Monster_purple+1","RuptureOfTimeAndSpace_purple","WorldDissolvedintheRealm_purple+1","Fantasy_PerpetualMotionMachine_purple+1","ExistenceContinue_purple+1","Mirror_FourBoundary_purple","GluttonyofRealm_purpleEX","Bait_Toxicbait_purple+1","MeetDecomposer_purple+1","Boundary_of_Extermination_purpleEX","Mirror_FormAndEmptin_purple+1","OpenedBox_purple+1","MagicEyes_LaplaceDemon_purple+1","DimensionStaggered_purple+1","SfantasyHide_purple+1","Shallow_ocean_purpleEX","StateErode_purple","Anti_communist_purple+1","Realm_recovery_purpleEX+1","Shallow_ocean_purpleEX+1","LoveAcrossDimensions_purple+1","Worldmountain_purple","Mirror_FourBoundary_purple+1","PositiveMatter_Antimatter_Universe_purple+1","RuleDissolution_purple+1","StateErode_purple","AdvanceAttack_purple","Fantasy_PerpetualMotionMachine_purple+1","Magnetism+1","Flash of Steel","Human_Monster_Realm_purple+1"],"relics":["Boundary_crack","Memoryfragments_purpleEX","NeowsBlessing","Dream Catcher","Anchor","Letter Opener","Toy Ornithopter","Strawberry","Astrolabe","Orrery","Membership Card","Centennial Puzzle","Toxic Egg 2","Bronze Scales","Tiny House","CatCart","Ice Cream","Juzu Bracelet","Frozen Egg 2","Old Coin","Bag of Preparation","MealTicket","Ornamental Fan","Nunchaku","Sling"],"acts_visited":["Exordium","TheCity","TheBeyond"],"potions_floor_usage":[11,14,14,23,23,23,23,25,27,30,33,36,36,42,47,50,50],"damage_taken":[{"damage":0,"enemies":"Small Slimes","floor":1,"turns":1},{"damage":0,"enemies":"Jaw Worm","floor":5,"turns":1},{"damage":11,"enemies":"Gremlin Nob","floor":6,"turns":1},{"damage":0,"enemies":"Cultist","floor":7,"turns":2},{"damage":7,"enemies":"Gremlin Gang","floor":11,"turns":4},{"damage":14,"enemies":"3 Sentries","floor":12,"turns":7},{"damage":19,"enemies":"Lagavulin","floor":14,"turns":7},{"damage":47,"enemies":"Slime Boss","floor":16,"turns":12},{"damage":2,"enemies":"3 Byrds","floor":18,"turns":6},{"damage":0,"enemies":"Shell Parasite","floor":20,"turns":3},{"damage":0,"enemies":"Centurion and Healer","floor":21,"turns":4},{"damage":6,"enemies":"Slavers","floor":23,"turns":4},{"damage":12,"enemies":"Book of Stabbing","floor":25,"turns":3},{"damage":16,"enemies":"Gremlin Leader","floor":27,"turns":5},{"damage":7,"enemies":"Snake Plant","floor":28,"turns":3},{"damage":0,"enemies":"Snecko","floor":29,"turns":3},{"damage":19,"enemies":"Centurion and Healer","floor":30,"turns":5},{"damage":6,"enemies":"Automaton","floor":33,"turns":8},{"damage":0,"enemies":"Orb Walker","floor":35,"turns":2},{"damage":23,"enemies":"Orin","floor":36,"turns":10},{"damage":43,"enemies":"Mind Bloom Boss Battle","floor":37,"turns":6},{"damage":0,"enemies":"3 Shapes","floor":39,"turns":3},{"damage":44,"enemies":"Giant Head","floor":40,"turns":8},{"damage":11,"enemies":"Writhing Mass","floor":41,"turns":4},{"damage":14,"enemies":"Nemesis","floor":42,"turns":5},{"damage":14,"enemies":"Transient","floor":45,"turns":5},{"damage":0,"enemies":"Reptomancer","floor":47,"turns":3},{"damage":18,"enemies":"Awakened One","floor":50,"turns":8}],"seed_played":"884975707318798130","potions_obtained":[{"floor":6,"key":"AttackPotion"},{"floor":7,"key":"Explosive Potion"},{"floor":11,"key":"SteroidPotion"},{"floor":18,"key":"LiquidMemories"},{"floor":20,"key":"Fire Potion"},{"floor":27,"key":"Ancient Potion"},{"floor":29,"key":"SneckoOil"},{"floor":33,"key":"DistilledChaos"},{"floor":34,"key":"DistilledChaos"},{"floor":40,"key":"FairyPotion"},{"floor":41,"key":"ColorlessPotion"},{"floor":42,"key":"Strength Potion"},{"floor":45,"key":"Strength Potion"},{"floor":47,"key":"ColorlessPotion"}],"is_trial":false,"path_per_floor":["M","?","$","?","M","E","M","R","T","R","M","E","T","E","R","B",null,"M","$","M","M","$","E","R","E","T","E","M","M","M","?","R","B",null,"M","?","?","T","M","E","M","E","T","R","M","?","E","$","R","B",null],"character_chosen":"Youkari","items_purchased":["Charmbait_purple","SharpContractionReality_purple","RuleDissolution_purple","Orrery","Membership Card","EntropicBrew","Ornamental Fan","Nunchaku","PositiveMatter_Antimatter_Universe_purple+1","RuleDissolution_purple+1","StateErode_purple","Sling","AdvanceAttack_purple","Fantasy_PerpetualMotionMachine_purple+1","Magnetism+1","Flash of Steel","SkillPotion"],"campfire_rested":4,"item_purchase_floors":[3,3,3,19,22,22,48,48,48,48,48,48,48,48,48,48,48],"current_hp_per_floor":[70,49,49,35,38,27,28,49,49,49,45,31,31,31,54,7,77,75,75,77,77,77,77,77,65,65,55,48,51,42,42,42,41,88,88,65,22,22,29,21,10,1,1,28,15,38,47,62,89,73],"gold":390,"neow_bonus":"THREE_ENEMY_KILL","is_daily":false,"chose_seed":false,"campfire_upgraded":3,"win_rate":0.0,"timestamp":1611505112,"path_taken":["M","?","$","?","M","E","?","R","T","R","M","E","?","E","R","BOSS","M","$","M","M","$","E","R","E","T","E","M","M","?","?","R","BOSS","M","?","?","?","M","E","M","E","T","R","M","?","E","$","R","BOSS"],"items_purchased_type":["Card","Card","Card","Relic","Relic","Potion","Relic","Relic","Card","Card","Card","Relic","Card","Card","Card","Card","Potion"],"build_version":"2020-12-22","purchased_purges":1,"victory":true,"max_hp_per_floor":[70,70,70,70,70,70,70,70,70,70,70,70,70,77,77,77,77,77,77,77,77,77,77,77,77,77,77,77,80,83,83,83,83,88,88,88,88,88,91,91,91,91,91,91,91,91,91,91,91,91],"card_choices":[{"not_picked":["SfantasyHide_purple","MeetDecomposer_purple"],"picked":"Yakumo_Ran_purple","floor":1},{"not_picked":["Bait_Toxicbait_purple","PositiveMatter_Antimatter_Universe_purple","Boundary_ObjectiveBoundary_purple"],"picked":"SKIP","floor":5},{"not_picked":["DimensionStaggered_purple","Shallow_ocean_purpleEX"],"picked":"OmniscientAndOmnipotent_Monster_purple","floor":6},{"not_picked":["Shallow_ocean_purpleEX","Boundary_of_Extermination_purpleEX"],"picked":"Anti_communist_purple","floor":7},{"not_picked":["Realm_recovery_purpleEX","Worldmountain_purple"],"picked":"Fancifulhole_purple","floor":8},{"not_picked":["Mirror_Drifter_purple","Boundary_DynamicStaticEquilibrium_purple"],"picked":"StateDuplicate_purple","floor":11},{"not_picked":["Line_surface_state_purple","Bait_HighSpeedFlying_purple"],"picked":"MonsterNeedle_purple","floor":12},{"not_picked":["PurpleNeedle_purple","Realm_recovery_purpleEX"],"picked":"WasteWire_Metro_purple","floor":14},{"not_picked":["Realm_recovery_purpleEX","Boundary_LightAndDark_purple"],"picked":"StateErode_purple","floor":15},{"not_picked":["Fancifulhole_purple","BarrageBoundary_PipeDream_purple"],"picked":"WangLiang_LineAndCurveDreams_purple","floor":16},{"not_picked":["Mirror_FormAndEmptin_purple","Charmbait_purple"],"picked":"AdvanceAttack_purple+1","floor":18},{"not_picked":["Mirror_Drifter_purple","Boundary_of_Extermination_purpleEX"],"picked":"WatchEChange_purple","floor":19},{"not_picked":["StateErode_purple","Mirror_Drifter_purple+1"],"picked":"OmniscientAndOmnipotent_Monster_purple+1","floor":19},{"not_picked":["Shallow_ocean_purpleEX","WatchEChange_purple"],"picked":"RuptureOfTimeAndSpace_purple","floor":19},{"not_picked":["Bait_Toxicbait_purple+1","Mirror_WaveAndshot_purple"],"picked":"WorldDissolvedintheRealm_purple+1","floor":19},{"not_picked":["Nest_LightFlightworm_purple","SfantasyHide_purple"],"picked":"Fantasy_PerpetualMotionMachine_purple+1","floor":19},{"not_picked":["Line_surface_state_purple","WangLiang_LineAndCurveDreams_purple"],"picked":"ExistenceContinue_purple+1","floor":20},{"not_picked":["SfantasyHide_purple","RuleDissolution_purple"],"picked":"Mirror_FourBoundary_purple","floor":21},{"not_picked":["AdvanceAttack_purple","WorldDissolvedintheRealm_purple"],"picked":"GluttonyofRealm_purpleEX","floor":23},{"not_picked":["Boundary_DreamRealityDamnation_purple","StateDuplicate_purple+1"],"picked":"Bait_Toxicbait_purple+1","floor":25},{"not_picked":["ExistenceContinue_purple","OmniscientAndOmnipotent_Monster_purple"],"picked":"MeetDecomposer_purple+1","floor":27},{"not_picked":["OmniscientAndOmnipotent_Monster_purple","MeetDecomposer_purple+1"],"picked":"Boundary_of_Extermination_purpleEX","floor":28},{"not_picked":["MeetDecomposer_purple+1","SharpContractionReality_purple"],"picked":"Mirror_FormAndEmptin_purple+1","floor":29},{"not_picked":["Fantasy_PerpetualMotionMachine_purple","WingOfChimera_purple+1"],"picked":"OpenedBox_purple+1","floor":30},{"not_picked":["Boundary_LifeAndDeath_purple+1","Mirror_TwoAndThreeElementRealm_purple+1"],"picked":"MagicEyes_LaplaceDemon_purple+1","floor":33},{"not_picked":["Worldmountain_purple+1","Nest_LightFlightworm_purple"],"picked":"DimensionStaggered_purple+1","floor":34},{"not_picked":["BarrageBoundary_PipeDream_purple","MeetDecomposer_purple+1"],"picked":"SfantasyHide_purple+1","floor":35},{"not_picked":["Anti_communist_purple+1","DarkRealmRedLine_purple+1"],"picked":"Shallow_ocean_purpleEX","floor":36},{"not_picked":["Worldmountain_purple","Shallow_ocean_purpleEX"],"picked":"StateErode_purple","floor":37},{"not_picked":["MeetDecomposer_purple+1","Boundary_DreamRealityDamnation_purple","OmniscientAndOmnipotent_Monster_purple"],"picked":"SKIP","floor":39},{"not_picked":["WorldDissolvedintheRealm_purple","ExternalForce_HighSpeedFlying_purple"],"picked":"Anti_communist_purple+1","floor":40},{"not_picked":["AdvanceAttack_purple","WorldDissolvedintheRealm_purple+1"],"picked":"Realm_recovery_purpleEX+1","floor":41},{"not_picked":["Boundary_DynamicStaticEquilibrium_purple+1","Anti_communist_purple+1"],"picked":"Shallow_ocean_purpleEX+1","floor":42},{"not_picked":["Yakumo_Ran_purple+1","Umbrella_purple+1"],"picked":"LoveAcrossDimensions_purple+1","floor":44},{"not_picked":["SharpContractionReality_purple","Shallow_ocean_purpleEX"],"picked":"Worldmountain_purple","floor":45},{"not_picked":["Shallow_ocean_purpleEX+1","WorldDissolvedintheRealm_purple+1"],"picked":"Mirror_FourBoundary_purple+1","floor":47},{"not_picked":["PositiveMatter_Antimatter_Universe_purple+1","Realm_recovery_purpleEX+1"],"picked":"Human_Monster_Realm_purple+1","floor":49}],"player_experience":191279,"relics_obtained":[{"floor":6,"key":"Dream Catcher"},{"floor":9,"key":"Anchor"},{"floor":12,"key":"Letter Opener"},{"floor":13,"key":"Toy Ornithopter"},{"floor":14,"key":"Strawberry"},{"floor":23,"key":"Centennial Puzzle"},{"floor":25,"key":"Toxic Egg 2"},{"floor":27,"key":"Bronze Scales"},{"floor":36,"key":"CatCart"},{"floor":37,"key":"Ice Cream"},{"floor":38,"key":"Juzu Bracelet"},{"floor":40,"key":"Frozen Egg 2"},{"floor":42,"key":"Old Coin"},{"floor":43,"key":"Bag of Preparation"},{"floor":47,"key":"MealTicket"}],"event_choices":[{"damage_healed":0,"gold_gain":0,"player_choice":"Entered Light","damage_taken":14,"max_hp_gain":0,"max_hp_loss":0,"event_name":"Shining Light","floor":4,"gold_loss":0,"cards_upgraded":["Yakumo_Ran_purple","RuleDissolution_purple"]},{"damage_healed":0,"gold_gain":99,"player_choice":"Stole From Cult","damage_taken":0,"max_hp_gain":0,"max_hp_loss":0,"event_name":"Nest","floor":31,"gold_loss":0},{"damage_healed":0,"gold_gain":0,"player_choice":"Fight","damage_taken":0,"max_hp_gain":0,"max_hp_loss":0,"event_name":"OrinTheCat","floor":36,"gold_loss":0},{"damage_healed":0,"gold_gain":0,"player_choice":"Fight","damage_taken":0,"max_hp_gain":0,"max_hp_loss":0,"event_name":"MindBloom","floor":37,"gold_loss":0},{"damage_healed":23,"gold_gain":0,"player_choice":"Writhe","damage_taken":0,"max_hp_gain":0,"max_hp_loss":0,"event_name":"Winding Halls","floor":46,"gold_loss":0,"cards_obtained":["Writhe"]}],"is_beta":false,"boss_relics":[{"not_picked":["Velvet Choker","Empty Cage"],"picked":"Astrolabe"},{"not_picked":["Cursed Key","Philosopher\u0027s Stone"],"picked":"Tiny House"}],"items_purged_floors":[48],"is_endless":false,"potions_floor_spawned":[6,7,11,18,20,27,29,33,40,41,42,45,47],"ascension_level":1}}