{"host":"2se5dq1do2gp0x9k","time":1611467024,"event":{"mods":["AchievementEnabler","BaseMod","Block Reminder","Colored Map","Colored Powertips","Minty Spire (QoL Compilation)","Relic Stats","StSLib","SuperFastMode"],"gold_per_floor":[109,119,119,44,60,87,100,100,100,100,131,131,150,162,162,238,238,248,258,173,188,200,231,231,231,231],"floor_reached":25,"language":"ENG","playtime":861,"items_purged":["Pain"],"score":495,"play_id":"d6b367f3-f8bf-4d1d-b669-556669b0b3c4","local_time":"20210123214344","is_ascension_mode":true,"campfire_choices":[{"data":"Dash","floor":8,"key":"SMITH"},{"data":"Dash","floor":10,"key":"SMITH"},{"data":"Deadly Poison","floor":12,"key":"SMITH"},{"data":"Crippling Poison","floor":15,"key":"SMITH"},{"data":"Prepared","floor":24,"key":"SMITH"}],"circlet_count":0,"master_deck":["AscendersBane","Survivor","Neutralize","Dash+1","Dash+1","Distraction","Prepared","Deadly Poison+1","Terror","Crippling Poison+1","Adrenaline","Prepared","Finisher","Choke","Crippling Poison","Riddle With Holes","Prepared","Dagger Throw","Infinite Blades","All Out Attack","Backflip","Prepared+1","Acrobatics+1","Adrenaline","Underhanded Strike","Underhanded Strike"],"relics":["Ring of the Snake","NeowsBlessing","WarpedTongs","Centennial Puzzle","Pantograph","CaptainsWheel","Pandora\u0027s Box","Strawberry","Shuriken"],"acts_visited":["Exordium","TheCity"],"potions_floor_usage":[11,23,25],"damage_taken":[{"damage":0,"enemies":"2 Louse","floor":1,"turns":1},{"damage":0,"enemies":"Cultist","floor":2,"turns":1},{"damage":0,"enemies":"Jaw Worm","floor":5,"turns":1},{"damage":11,"enemies":"3 Sentries","floor":6,"turns":9},{"damage":0,"enemies":"2 Fungi Beasts","floor":7,"turns":3},{"damage":13,"enemies":"Gremlin Nob","floor":11,"turns":4},{"damage":2,"enemies":"Exordium Wildlife","floor":13,"turns":4},{"damage":1,"enemies":"Red Slaver","floor":14,"turns":2},{"damage":24,"enemies":"The Guardian","floor":16,"turns":10},{"damage":9,"enemies":"2 Thieves","floor":18,"turns":5},{"damage":0,"enemies":"Spheric Guardian","floor":19,"turns":4},{"damage":6,"enemies":"Snecko","floor":21,"turns":4},{"damage":0,"enemies":"Cultist and Chosen","floor":22,"turns":4},{"damage":28,"enemies":"Slavers","floor":23,"turns":5},{"damage":40,"enemies":"Gremlin Leader","floor":25,"turns":4}],"seed_played":"6371369587336514181","potions_obtained":[{"floor":1,"key":"GamblersBrew"},{"floor":6,"key":"AttackPotion"},{"floor":11,"key":"SpeedPotion"},{"floor":14,"key":"PowerPotion"},{"floor":21,"key":"Regen Potion"}],"is_trial":false,"path_per_floor":["M","M","?","$","M","E","M","R","T","R","E","R","M","M","R","B",null,"M","M","?","M","M","E","R","E"],"character_chosen":"THE_SILENT","items_purchased":[],"campfire_rested":0,"item_purchase_floors":[],"current_hp_per_floor":[59,59,59,59,59,48,48,48,48,48,35,35,33,32,32,33,58,49,49,56,50,50,36,36,0,0],"gold":231,"neow_bonus":"THREE_ENEMY_KILL","is_daily":false,"chose_seed":false,"campfire_upgraded":5,"win_rate":0.0,"timestamp":1611467024,"path_taken":["M","M","?","$","?","E","M","R","T","R","E","R","M","M","R","BOSS","M","M","?","M","M","E","R","E"],"items_purchased_type":[],"build_version":"2020-12-22","purchased_purges":1,"victory":false,"max_hp_per_floor":[66,66,66,66,66,66,66,66,66,66,66,66,66,66,66,66,66,66,66,73,73,73,73,73,73,73],"relic_stats":{"Centennial Puzzle":[24],"counters":[15,61],"Shuriken":[2],"Pantograph":25,"Pandora\u0027s Box":["Prepared","Finisher","Choke","Crippling Poison","Riddle With Holes","Prepared","Dagger Throw","Infinite Blades","All Out Attack","Backflip"],"obtain_stats":[{"Centennial Puzzle":6,"CaptainsWheel":11,"NeowsBlessing":0,"Shuriken":23,"Pantograph":9,"Strawberry":20,"Pandora\u0027s Box":17,"Ring of the Snake":0,"WarpedTongs":3},{"Centennial Puzzle":4,"CaptainsWheel":6,"NeowsBlessing":0,"Shuriken":14,"Pantograph":5,"Strawberry":11,"Pandora\u0027s Box":9,"Ring of the Snake":0,"WarpedTongs":2},{"Centennial Puzzle":12,"CaptainsWheel":19,"NeowsBlessing":0,"Shuriken":57,"Pantograph":15,"Strawberry":44,"Pandora\u0027s Box":35,"Ring of the Snake":0,"WarpedTongs":2}],"Ring of the Snake":[30],"WarpedTongs":[58]},"card_choices":[{"not_picked":["Bane","Dagger Throw"],"picked":"Dash","floor":1},{"not_picked":["Prepared","Caltrops"],"picked":"Dash","floor":2},{"not_picked":["Endless Agony","Slice"],"picked":"Distraction","floor":5},{"not_picked":["Finisher","Bane","Underhanded Strike"],"picked":"SKIP","floor":6},{"not_picked":["Bouncing Flask","Quick Slash"],"picked":"Prepared","floor":7},{"not_picked":["Calculated Gamble","Endless Agony"],"picked":"Deadly Poison","floor":11},{"not_picked":["Sucker Punch","Backstab"],"picked":"Terror","floor":13},{"not_picked":["Catalyst","Tactician"],"picked":"Crippling Poison","floor":14},{"not_picked":["Doppelganger","Envenom"],"picked":"Adrenaline","floor":16},{"not_picked":["Bane","Expertise"],"picked":"Prepared","floor":18},{"not_picked":["Cloak And Dagger","Expertise"],"picked":"Acrobatics+1","floor":19},{"not_picked":["Dagger Spray","Bouncing Flask"],"picked":"Adrenaline","floor":21},{"not_picked":["Slice","Masterful Stab"],"picked":"Underhanded Strike","floor":22},{"not_picked":["Outmaneuver","Bane"],"picked":"Underhanded Strike","floor":23}],"player_experience":3949077,"relics_obtained":[{"floor":6,"key":"Centennial Puzzle"},{"floor":9,"key":"Pantograph"},{"floor":11,"key":"CaptainsWheel"},{"floor":23,"key":"Shuriken"}],"event_choices":[{"damage_healed":0,"gold_gain":0,"player_choice":"Rummage","damage_taken":0,"relics_obtained":["WarpedTongs"],"max_hp_gain":0,"max_hp_loss":0,"event_name":"Accursed Blacksmith","floor":3,"gold_loss":0,"cards_obtained":["Pain"]},{"damage_healed":0,"gold_gain":0,"player_choice":"Obtained Relic","damage_taken":0,"relics_obtained":["Strawberry"],"max_hp_gain":0,"max_hp_loss":0,"event_name":"Addict","floor":20,"gold_loss":85}],"is_beta":false,"boss_relics":[{"not_picked":["Coffee Dripper","Ring of the Serpent"],"picked":"Pandora\u0027s Box"}],"items_purged_floors":[4],"is_endless":false,"potions_floor_spawned":[1,6,11,14,21,22],"killed_by":"Gremlin Leader","ascension_level":20}}