{"host":"h51tltv0izczgxti","time":1611458861,"event":{"mods":["2.2 Compatiblity","AchievementEnabler","Act Like it!","Aspiration","BaseMod","Beaked The Cultist","Better Altar","Better Match","Better Note","Better Sensory Stone","Better Skull","Better Third Choice","Better Vampires","BetterRewards","Clockwork Mod","Gensokyo","Halation","Hallownest","Hermit","HololiveMod","Hubris","Infinite Spire","Koishi","Mad Scientist","Magitek Elite","Marisa????????","Melee Mod","Minty Spire (QoL Compilation)","Pale of the Ancients","Poor People Problems","Prisma Mod","Random Character Button","Remilia??????","Replay The Spire","Retaliation","Robot Space Explorer","Shade Mod","Spicy Shops","Spire Arcade","StS++","StSLib","Strawberry Spire","The Animator","The Bug Knight","The Gatherer","The Kombatant","The Poker Player","The Servant 0.9.4","The Wild Card","TheBandit","WarShipGirlsR/????R mod","Yuyuko"],"gold_per_floor":[116,20,40,0,310,310,323,350,374,600,397,428,50,63,63,165,165,175,13,28,28,28,28,28,28,28,38,38,38,38],"floor_reached":29,"language":"ENG","playtime":2158,"items_purged":["Strike_S","Defend_S","Strike_S"],"score":254,"play_id":"e961c50a-f5a5-4a74-935d-7e3891318c1a","local_time":"20210123212741","is_ascension_mode":true,"campfire_choices":[{"data":"TheWorld","floor":6,"key":"SMITH"},{"floor":15,"key":"REST"},{"floor":23,"key":"REST"},{"data":"KidneyShot","floor":26,"key":"SMITH"}],"circlet_count":0,"master_deck":["Strike_S","Strike_S","Defend_S","Defend_S","Defend_S","KidneyShot+1","Exchange","Initiator","TimeTheft","Snipe","TheWorld+1","SurpressingFire","Luminosity","Deny","Rearm","RealityMarble","Violence","Chrysalis","Dark Shackles","BottledTime","Sunlight","ShatteredReality","Gensokyo:Shovel","Gensokyo:TarnishedGold","Gensokyo:ScrapIron","SurpressingFire+1","ShiftingGears","Rearm+1"],"relics":["Uniform","ReplayTheSpireMod:TigerMarble","Bag of Marbles","hubris:Reverence","halation:Thesaurus","halation:AfternoonTea","ReplayTheSpireMod:ShopPack","Replay:Kaleidoscope","Gensokyo:RedStar","Frozen Eye"],"acts_visited":["Gensokyo:Gensokyo","Gensokyo:Gensokyoer"],"potions_floor_usage":[8,27,27],"damage_taken":[{"damage":1,"enemies":"Gensokyo:3_Fairies","floor":1,"turns":4},{"damage":29,"enemies":"Gensokyo:Gryphon","floor":3,"turns":8},{"damage":3,"enemies":"Gensokyo:Python","floor":5,"turns":4},{"damage":21,"enemies":"Gensokyo:LivingMonolith","floor":7,"turns":4},{"damage":6,"enemies":"Gensokyo:Cirno","floor":8,"turns":6},{"damage":13,"enemies":"Gensokyo:Mamizou","floor":10,"turns":7},{"damage":0,"enemies":"Gensokyo:3_Kodama","floor":12,"turns":3},{"damage":7,"enemies":"Gensokyo:2_Rabbits","floor":14,"turns":3},{"damage":41,"enemies":"Gensokyo:Yukari","floor":16,"turns":8},{"damage":27,"enemies":"Gensokyo:CosmicMonolith","floor":18,"turns":3},{"damage":16,"enemies":"Gensokyo:Chomper","floor":20,"turns":3},{"damage":39,"enemies":"Gensokyo:Mirror_and_Dog","floor":27,"turns":6},{"damage":21,"enemies":"Gensokyo:Koishi","floor":29,"turns":4}],"seed_played":"-4962701212083707536","potions_obtained":[{"floor":7,"key":"AttackPotion"},{"floor":8,"key":"GamblersBrew"},{"floor":16,"key":"Swift Potion"},{"floor":27,"key":"Reflective Coating"}],"is_trial":false,"path_per_floor":["M","COS","M","?","M","R","M","E","T","E","$","M","$","M","R","B",null,"M","COS","M","AVR","?","R","PTL","PTL","R","M","T","E"],"character_chosen":"THE_SERVANT","items_purchased":["hubris:Reverence","halation:Thesaurus","ReplayTheSpireMod:ShopPack"],"campfire_rested":2,"item_purchase_floors":[11,13,13],"current_hp_per_floor":[64,64,35,55,52,52,31,25,25,17,17,17,17,10,29,3,65,38,38,22,22,22,41,41,41,41,17,17,0,0],"gold":38,"neow_bonus":"ONE_RANDOM_RARE_CARD","is_daily":false,"chose_seed":false,"campfire_upgraded":2,"win_rate":0.0,"timestamp":1611458861,"path_taken":["M","COS","M","?","M","R","M","E","T","E","$","M","$","M","R","BOSS","M","COS","M","AVR","?","R","PTL","PTL","R","M","T","E"],"items_purchased_type":["Relic","Relic","Relic"],"build_version":"2020-12-22","purchased_purges":3,"victory":false,"max_hp_per_floor":[65,65,65,65,65,65,65,65,65,65,65,65,65,65,65,65,65,65,65,65,65,65,65,65,65,65,65,65,65,65],"card_choices":[{"not_picked":["Spin","FastForward"],"picked":"TimeTheft","floor":1},{"not_picked":["Gouge","Foresight"],"picked":"Snipe","floor":3},{"not_picked":["ForgedInTime","Solidify"],"picked":"TheWorld","floor":5},{"not_picked":["Replace","Starlight"],"picked":"SurpressingFire","floor":5},{"not_picked":["Alleviate","Potential"],"picked":"Luminosity","floor":7},{"not_picked":["FastForward","Alleviate"],"picked":"Deny","floor":8},{"not_picked":["TimeWarp","Gouge"],"picked":"Rearm","floor":10},{"not_picked":["Comet","Revamp"],"picked":"RealityMarble","floor":12},{"not_picked":["Magnetism","StSpp:MakeshiftWeapon"],"picked":"Violence","floor":13},{"not_picked":["PanicButton","Dramatic Entrance"],"picked":"Chrysalis","floor":13},{"not_picked":["Chrysalis","Impatience"],"picked":"Dark Shackles","floor":13},{"not_picked":["Spin","Manipulate"],"picked":"BottledTime","floor":14},{"not_picked":["LightFlow","Initiator"],"picked":"Sunlight","floor":16},{"not_picked":["Replace","WasteNot"],"picked":"ShatteredReality","floor":18},{"not_picked":["Spin+1","Replace+1"],"picked":"SurpressingFire+1","floor":20},{"not_picked":["Potential+1","Rewind"],"picked":"ShiftingGears","floor":27},{"not_picked":["Reset+1","Spin+1"],"picked":"Rearm+1","floor":27}],"player_experience":917539,"relics_obtained":[{"floor":8,"key":"ReplayTheSpireMod:TigerMarble"},{"floor":9,"key":"Bag of Marbles"},{"floor":10,"key":"Replay:Bandana"}],"event_choices":[],"is_beta":false,"boss_relics":[{"not_picked":["Ring of Chaos","beaked:MawFillet","Busted Crown"]}],"items_purged_floors":[11,13,21],"is_endless":false,"potions_floor_spawned":[7,8,16,27],"killed_by":"Gensokyo:Koishi","ascension_level":2}}