{"host":"rj1j8apb2x4vafcu","time":1611486452,"event":{"mods":["AchievementEnabler","Act Like it!","BaseMod","Colored Map","Colored Powertips","Minty Spire (QoL Compilation)","Rare Cards Sparkle","StSLib"],"gold_per_floor":[112,287,303,323,27,59,69,104,104,115,115,115,115,115,115,214,214,224,224,52,68,83,110,110,185,260,260,270,288,1,1,1,100,100,117,137,137,154,154,189,189,224,276,276,276,293,310,326,326,326],"floor_reached":51,"language":"ENG","playtime":2923,"items_purged":["Strike_G","Defend_G","Defend_G"],"score":929,"play_id":"1986b230-2867-436f-8625-f3d959b5ed82","local_time":"20210124090732","is_ascension_mode":true,"campfire_choices":[{"floor":11,"key":"DIG"},{"floor":13,"key":"DIG"},{"data":"Catalyst","floor":15,"key":"SMITH"},{"data":"Catalyst","floor":24,"key":"SMITH"},{"data":"Strike_G","floor":27,"key":"PURGE"},{"floor":32,"key":"DIG"},{"data":"Defend_G","floor":41,"key":"PURGE"},{"data":"Doubt","floor":45,"key":"PURGE"},{"floor":49,"key":"DIG"}],"circlet_count":0,"master_deck":["Strike_G","Defend_G","Survivor","Neutralize","Cloak And Dagger","Bouncing Flask","Deadly Poison","Adrenaline","Deflect","Crippling Poison","Catalyst+1","Catalyst+1","Phantasmal Killer+1","Deflect+1","Backstab+1","Blade Dance+1","Backflip+1","Terror+1","Adrenaline+1","Corpse Explosion+1","Backflip+1","Backstab+1","A Thousand Cuts","Outmaneuver+1","Blade Dance+1","Escape Plan+1","Blade Dance+1","Discovery+1","Catalyst+1","Footwork+1","Cloak And Dagger+1","Escape Plan+1","Well Laid Plans+1","Crippling Poison+1"],"relics":["Coffee Dripper","Membership Card","Snake Skull","Peace Pipe","Shovel","InkBottle","Toxic Egg 2","Ancient Tea Set","SlaversCollar","HornCleat","Potion Belt","Darkstone Periapt","Unceasing Top","Prayer Wheel","Sozu","Matryoshka","Mercury Hourglass","Frozen Egg 2","Dream Catcher","Centennial Puzzle"],"acts_visited":["Exordium","TheCity","TheBeyond"],"potions_floor_usage":[8,8,16,22,29],"damage_taken":[{"damage":0,"enemies":"Small Slimes","floor":1,"turns":5},{"damage":0,"enemies":"2 Louse","floor":3,"turns":3},{"damage":0,"enemies":"Cultist","floor":4,"turns":4},{"damage":12,"enemies":"3 Sentries","floor":6,"turns":14},{"damage":0,"enemies":"Red Slaver","floor":7,"turns":3},{"damage":1,"enemies":"Gremlin Nob","floor":8,"turns":3},{"damage":7,"enemies":"3 Louse","floor":10,"turns":3},{"damage":12,"enemies":"The Guardian","floor":16,"turns":5},{"damage":0,"enemies":"Spheric Guardian","floor":18,"turns":2},{"damage":16,"enemies":"2 Thieves","floor":21,"turns":4},{"damage":0,"enemies":"Centurion and Healer","floor":22,"turns":5},{"damage":18,"enemies":"Slavers","floor":23,"turns":3},{"damage":3,"enemies":"Snecko","floor":28,"turns":5},{"damage":0,"enemies":"Sentry and Sphere","floor":29,"turns":4},{"damage":0,"enemies":"Champ","floor":33,"turns":5},{"damage":0,"enemies":"3 Darklings","floor":35,"turns":3},{"damage":0,"enemies":"3 Shapes","floor":36,"turns":2},{"damage":0,"enemies":"3 Darklings","floor":38,"turns":3},{"damage":0,"enemies":"Nemesis","floor":40,"turns":3},{"damage":0,"enemies":"Giant Head","floor":42,"turns":3},{"damage":0,"enemies":"Transient","floor":46,"turns":5},{"damage":0,"enemies":"Jaw Worm Horde","floor":47,"turns":1},{"damage":0,"enemies":"3 Darklings","floor":48,"turns":2},{"damage":15,"enemies":"Time Eater","floor":50,"turns":4}],"seed_played":"-7049610818420858354","potions_obtained":[{"floor":3,"key":"Fire Potion"},{"floor":4,"key":"DistilledChaos"},{"floor":8,"key":"SpeedPotion"},{"floor":10,"key":"Fire Potion"},{"floor":22,"key":"Fruit Juice"},{"floor":28,"key":"DistilledChaos"}],"is_trial":false,"path_per_floor":["M","?","M","M","$","E","M","E","T","M","R","?","R","?","R","B",null,"M","?","$","M","M","E","R","?","T","R","M","M","$","?","R","B",null,"M","M","?","M","?","E","R","E","T","?","R","M","M","M","R","B",null],"character_chosen":"THE_SILENT","items_purchased":["Membership Card","Snake Skull","Adrenaline","HornCleat","Adrenaline+1","Unceasing Top"],"campfire_rested":0,"item_purchase_floors":[5,5,5,20,30,30],"current_hp_per_floor":[70,70,70,70,70,58,58,57,57,50,50,50,50,55,55,43,75,75,75,75,59,64,46,46,38,38,38,35,35,35,35,35,35,80,80,80,80,80,80,80,80,80,80,80,80,80,80,80,80,65],"gold":326,"neow_bonus":"BOSS_RELIC","is_daily":false,"chose_seed":false,"campfire_upgraded":2,"win_rate":0.0,"timestamp":1611486452,"path_taken":["M","?","M","M","$","E","M","E","T","M","R","?","R","?","R","BOSS","M","?","$","M","M","E","R","?","T","R","M","?","?","?","R","BOSS","M","M","?","?","?","E","R","E","T","?","R","M","?","M","R","BOSS"],"items_purchased_type":["Relic","Relic","Card","Relic","Card","Relic"],"build_version":"2020-12-22","purchased_purges":3,"victory":true,"max_hp_per_floor":[70,70,70,70,70,70,70,70,70,70,70,70,70,75,75,75,75,75,75,75,75,80,80,80,80,80,80,80,80,80,80,80,80,80,80,80,80,80,80,80,80,80,80,80,80,80,80,80,80,80],"card_choices":[{"not_picked":["Flechettes","Distraction"],"picked":"Cloak And Dagger","floor":1},{"not_picked":["Flying Knee","Dodge and Roll"],"picked":"Bouncing Flask","floor":3},{"not_picked":["Well Laid Plans","Masterful Stab"],"picked":"Deadly Poison","floor":4},{"not_picked":["Outmaneuver","Unload"],"picked":"Deflect","floor":6},{"not_picked":["Tactician","Underhanded Strike"],"picked":"Crippling Poison","floor":7},{"not_picked":["Noxious Fumes","Dagger Throw"],"picked":"Catalyst","floor":8},{"not_picked":["Cloak And Dagger","Quick Slash"],"picked":"Catalyst","floor":10},{"not_picked":["Malaise+1","Doppelganger+1"],"picked":"Phantasmal Killer+1","floor":16},{"not_picked":["Underhanded Strike","Quick Slash+1"],"picked":"Deflect+1","floor":18},{"not_picked":["Well Laid Plans","Dagger Spray"],"picked":"Backstab+1","floor":21},{"not_picked":["Finisher+1","Outmaneuver+1"],"picked":"Blade Dance+1","floor":22},{"not_picked":["Backstab","Dash"],"picked":"Backflip+1","floor":23},{"not_picked":["Blade Dance+1","Backflip+1"],"picked":"Terror+1","floor":28},{"not_picked":["Well Laid Plans","Endless Agony","Dagger Throw+1"],"picked":"SKIP","floor":29},{"not_picked":["Die Die Die","Bullet Time+1"],"picked":"Corpse Explosion+1","floor":33},{"not_picked":["Sucker Punch","Dodge and Roll+1"],"picked":"Backflip+1","floor":35},{"not_picked":["Bane+1","Backflip+1","Poisoned Stab+1"],"picked":"SKIP","floor":35},{"not_picked":["Choke","Slice"],"picked":"Backstab+1","floor":36},{"not_picked":["Flying Knee+1","Slice+1","Underhanded Strike+1"],"picked":"SKIP","floor":36},{"not_picked":["Flying Knee+1","Sucker Punch+1"],"picked":"Blade Dance+1","floor":38},{"not_picked":["Quick Slash+1","Flying Knee+1","Finisher"],"picked":"SKIP","floor":38},{"not_picked":["Storm of Steel+1","Skewer"],"picked":"Escape Plan+1","floor":40},{"not_picked":["Well Laid Plans+1","Outmaneuver+1"],"picked":"Blade Dance+1","floor":42},{"not_picked":["The Bomb+1","Secret Weapon+1"],"picked":"Discovery+1","floor":44},{"not_picked":["Finisher","Predator"],"picked":"Catalyst+1","floor":46},{"not_picked":["PiercingWail+1","Expertise+1"],"picked":"Footwork+1","floor":46},{"not_picked":["Backflip+1","Flying Knee"],"picked":"Cloak And Dagger+1","floor":47},{"not_picked":["Poisoned Stab","Backstab+1"],"picked":"Escape Plan+1","floor":47},{"not_picked":["Sucker Punch","Wraith Form v2+1"],"picked":"Well Laid Plans+1","floor":48},{"not_picked":["Dagger Throw+1","Acrobatics+1"],"picked":"Crippling Poison+1","floor":48}],"player_experience":102512,"relics_obtained":[{"floor":6,"key":"Peace Pipe"},{"floor":8,"key":"Shovel"},{"floor":9,"key":"InkBottle"},{"floor":11,"key":"Toxic Egg 2"},{"floor":13,"key":"Ancient Tea Set"},{"floor":23,"key":"Potion Belt"},{"floor":26,"key":"Darkstone Periapt"},{"floor":32,"key":"Prayer Wheel"},{"floor":40,"key":"Matryoshka"},{"floor":42,"key":"Mercury Hourglass"},{"floor":43,"key":"Frozen Egg 2"},{"floor":43,"key":"Dream Catcher"},{"floor":49,"key":"Centennial Puzzle"}],"event_choices":[{"damage_healed":0,"gold_gain":175,"player_choice":"AGREE","damage_taken":0,"max_hp_gain":0,"max_hp_loss":0,"event_name":"Liars Game","floor":2,"gold_loss":0,"cards_obtained":["Doubt"]},{"cards_removed":["Defend_G"],"damage_healed":0,"gold_gain":0,"player_choice":"Forget","damage_taken":0,"max_hp_gain":0,"max_hp_loss":0,"event_name":"Living Wall","floor":12,"gold_loss":0},{"damage_healed":0,"gold_gain":0,"player_choice":"Donut","damage_taken":0,"max_hp_gain":5,"max_hp_loss":0,"event_name":"Big Fish","floor":14,"gold_loss":0},{"cards_removed":["Strike_G"],"damage_healed":0,"gold_gain":0,"player_choice":"Elegance","damage_taken":0,"max_hp_gain":0,"max_hp_loss":0,"event_name":"Back to Basics","floor":19,"gold_loss":0},{"damage_healed":0,"gold_gain":75,"player_choice":"Touch","damage_taken":8,"max_hp_gain":0,"max_hp_loss":0,"event_name":"FaceTrader","floor":25,"gold_loss":0},{"damage_healed":0,"gold_gain":0,"player_choice":"2 cards matched","damage_taken":0,"max_hp_gain":0,"max_hp_loss":0,"event_name":"Match and Keep!","floor":37,"gold_loss":0,"cards_obtained":["A Thousand Cuts","Outmaneuver"]},{"cards_removed":["Strike_G"],"damage_healed":0,"gold_gain":0,"player_choice":"Removed Attack","damage_taken":0,"max_hp_gain":0,"max_hp_loss":0,"event_name":"Falling","floor":39,"gold_loss":0},{"damage_healed":0,"gold_gain":0,"player_choice":"Memory 1","damage_taken":0,"max_hp_gain":0,"max_hp_loss":0,"event_name":"SensoryStone","floor":44,"gold_loss":0}],"is_beta":false,"boss_relics":[{"not_picked":["Runic Dome","Calling Bell"],"picked":"SlaversCollar"},{"not_picked":["Cursed Key","WristBlade"],"picked":"Sozu"}],"items_purged_floors":[5,20,30],"is_endless":false,"potions_floor_spawned":[3,4,8,10,22,28,35,36],"ascension_level":1}}