{"host":"kexkhla8w40hzbr7","time":1611450827,"event":{"mods":["BaseMod","Colored Map","Highlight Path","Minty Spire (QoL Compilation)","Remove Card Discount Mod"],"gold_per_floor":[219,233,154,177,99,116,116,128,182,199,199,115,128,148,148,250,250,262,177,192,192,115,115,129,129,129,140,140,140,140,150,150,252,252,267,367,382,79,99,134,132,150,197,214,231,229,229,276,276,276],"floor_reached":51,"language":"ENG","playtime":1973,"items_purged":["Strike_R","Defend_R","Strike_R","Strike_R","Strike_R","Strike_R","Bash","Defend_R","Defend_R","Defend_R","Flex","Parasite"],"score":721,"play_id":"37399ccb-58d1-4fe8-9bbb-6f0b5920a9d9","local_time":"20210123191347","is_ascension_mode":false,"campfire_choices":[{"data":"Inflame","floor":7,"key":"SMITH"},{"data":"Inflame","floor":11,"key":"SMITH"},{"floor":15,"key":"REST"},{"data":"Rage","floor":23,"key":"SMITH"},{"floor":25,"key":"REST"},{"data":"Rampage","floor":30,"key":"SMITH"},{"floor":32,"key":"REST"},{"data":"Shrug It Off","floor":47,"key":"SMITH"},{"floor":49,"key":"REST"}],"circlet_count":0,"master_deck":["Inflame+1","Rampage+1","Inflame+1","Anger","Shrug It Off+1","Inflame+1","Shrug It Off","Anger","Rage+1","Flex+1","Flex+1"],"relics":["Black Blood","Potion Belt","Blood Vial","Philosopher\u0027s Stone","Juzu Bracelet","CaptainsWheel","Ice Cream","Mercury Hourglass","Bag of Preparation","Centennial Puzzle"],"acts_visited":["Exordium","TheCity","TheBeyond"],"potions_floor_usage":[20,24,24,31,40,50,50],"damage_taken":[{"damage":6,"enemies":"Cultist","floor":1,"turns":3},{"damage":0,"enemies":"Small Slimes","floor":2,"turns":3},{"damage":5,"enemies":"2 Louse","floor":6,"turns":3},{"damage":45,"enemies":"Exordium Thugs","floor":8,"turns":5},{"damage":6,"enemies":"Large Slime","floor":10,"turns":5},{"damage":11,"enemies":"Blue Slaver","floor":13,"turns":3},{"damage":24,"enemies":"Gremlin Gang","floor":14,"turns":4},{"damage":38,"enemies":"Slime Boss","floor":16,"turns":7},{"damage":10,"enemies":"Spheric Guardian","floor":18,"turns":4},{"damage":55,"enemies":"3 Byrds","floor":20,"turns":5},{"damage":41,"enemies":"Snecko","floor":24,"turns":5},{"damage":15,"enemies":"Centurion and Healer","floor":27,"turns":4},{"damage":0,"enemies":"3 Cultists","floor":31,"turns":4},{"damage":20,"enemies":"Automaton","floor":33,"turns":6},{"damage":19,"enemies":"Orb Walker","floor":35,"turns":4},{"damage":32,"enemies":"3 Darklings","floor":37,"turns":4},{"damage":9,"enemies":"Spire Growth","floor":39,"turns":4},{"damage":28,"enemies":"Giant Head","floor":40,"turns":7},{"damage":0,"enemies":"Writhing Mass","floor":42,"turns":4},{"damage":15,"enemies":"3 Darklings","floor":44,"turns":4},{"damage":15,"enemies":"Jaw Worm Horde","floor":45,"turns":4},{"damage":66,"enemies":"Donu and Deca","floor":50,"turns":9}],"seed_played":"1649238052192999557","potions_obtained":[{"floor":1,"key":"DuplicationPotion"},{"floor":2,"key":"BlessingOfTheForge"},{"floor":10,"key":"Swift Potion"},{"floor":18,"key":"DistilledChaos"},{"floor":20,"key":"FearPotion"},{"floor":33,"key":"GamblersBrew"},{"floor":39,"key":"ElixirPotion"},{"floor":42,"key":"Block Potion"},{"floor":45,"key":"FearPotion"}],"is_trial":false,"path_per_floor":["M","M","$","T","$","M","R","M","T","M","R","$","M","M","R","B",null,"M","?","M","?","$","R","M","R","T","M","$","?","R","M","R","B",null,"M","?","M","$","M","E","$","M","T","M","M","$","R","T","R","B",null],"character_chosen":"IRONCLAD","items_purchased":["Rampage","Inflame","Inflame","Rage","Ice Cream"],"campfire_rested":4,"item_purchase_floors":[3,5,12,22,38],"current_hp_per_floor":[80,80,80,80,80,80,80,41,41,43,43,43,40,24,48,18,80,76,76,29,55,55,55,22,46,46,39,39,39,39,47,71,59,80,73,73,55,55,60,46,46,60,60,59,58,58,58,58,77,23],"gold":276,"neow_bonus":"HUNDRED_GOLD","is_daily":false,"chose_seed":false,"campfire_upgraded":5,"win_rate":0.0,"timestamp":1611450827,"path_taken":["M","M","$","?","$","M","R","M","T","M","R","$","M","M","R","BOSS","M","?","M","?","$","R","M","R","T","M","$","?","R","M","R","BOSS","M","?","M","$","M","E","$","M","T","M","M","$","R","?","R","BOSS"],"items_purchased_type":["Card","Card","Card","Card","Relic"],"build_version":"2020-12-22","purchased_purges":12,"victory":true,"max_hp_per_floor":[80,80,80,80,80,80,80,80,80,80,80,80,80,80,80,80,80,80,80,80,80,80,80,80,80,80,80,80,80,80,80,80,80,80,80,80,80,80,80,80,80,80,80,80,80,77,77,77,77,77],"card_choices":[{"not_picked":["Power Through","Second Wind"],"picked":"Flex","floor":1},{"not_picked":["Sword Boomerang","Thunderclap"],"picked":"Inflame","floor":2},{"not_picked":["Twin Strike","Headbutt"],"picked":"Anger","floor":6},{"not_picked":["Flame Barrier","Double Tap"],"picked":"Shrug It Off","floor":8},{"not_picked":["True Grit","Clothesline","Fire Breathing"],"picked":"SKIP","floor":10},{"not_picked":["Warcry","Iron Wave","Thunderclap"],"picked":"SKIP","floor":13},{"not_picked":["Twin Strike","Thunderclap"],"picked":"Shrug It Off","floor":14},{"not_picked":["Combust","Cleave"],"picked":"Anger","floor":18},{"not_picked":["Entrench","Fire Breathing","Armaments"],"picked":"SKIP","floor":20},{"not_picked":["Heavy Blade","Clash+1","Infernal Blade"],"picked":"SKIP","floor":24},{"not_picked":["Pummel+1","Berserk","Body Slam"],"picked":"SKIP","floor":27},{"not_picked":["Clash","Sword Boomerang+1","Cleave"],"picked":"SKIP","floor":31},{"not_picked":["Anger","Power Through+1"],"picked":"Flex+1","floor":35},{"not_picked":["Warcry+1","Disarm+1","Second Wind"],"picked":"SKIP","floor":37},{"not_picked":["Clothesline+1","Fire Breathing+1","Flex"],"picked":"SKIP","floor":39},{"not_picked":["Iron Wave+1","Thunderclap+1"],"picked":"Flex+1","floor":40},{"not_picked":["Twin Strike+1","Clash","Dual Wield"],"picked":"SKIP","floor":42},{"not_picked":["Flame Barrier+1","Dual Wield","Clash"],"picked":"SKIP","floor":44},{"not_picked":["Cleave","Headbutt","Perfected Strike+1"],"picked":"SKIP","floor":45}],"player_experience":26248,"relics_obtained":[{"floor":4,"key":"Potion Belt"},{"floor":9,"key":"Blood Vial"},{"floor":26,"key":"CaptainsWheel"},{"floor":40,"key":"Mercury Hourglass"},{"floor":43,"key":"Bag of Preparation"},{"floor":48,"key":"Centennial Puzzle"}],"event_choices":[{"damage_healed":0,"gold_gain":0,"player_choice":"Obtained Relic","damage_taken":0,"relics_obtained":["Juzu Bracelet"],"max_hp_gain":0,"max_hp_loss":0,"event_name":"Addict","floor":19,"gold_loss":85},{"damage_healed":26,"gold_gain":0,"player_choice":"Heal","damage_taken":0,"max_hp_gain":0,"max_hp_loss":0,"event_name":"The Library","floor":21,"gold_loss":0},{"damage_healed":0,"gold_gain":0,"player_choice":"Forge","damage_taken":0,"max_hp_gain":0,"max_hp_loss":0,"event_name":"Accursed Blacksmith","floor":29,"gold_loss":0,"cards_upgraded":["Inflame"]},{"damage_healed":0,"gold_gain":100,"player_choice":"Pray","damage_taken":0,"max_hp_gain":0,"max_hp_loss":0,"event_name":"Golden Shrine","floor":36,"gold_loss":0}],"is_beta":false,"boss_relics":[{"not_picked":["Runic Cube","Busted Crown"],"picked":"Philosopher\u0027s Stone"},{"not_picked":["SlaversCollar","Runic Dome"],"picked":"Black Blood"}],"items_purged_floors":[5,5,12,12,12,12,22,22,22,22,41,46],"is_endless":false,"potions_floor_spawned":[1,2,10,18,20,33,39,42,45],"ascension_level":0}}