{"host":"2tgyrzvaa7l04o2e","time":1611506035,"event":{"mods":["BaseMod","Highlight Path","Minty Spire (QoL Compilation)","Permanent Neow","Relic Stats"],"gold_per_floor":[115,131,131,43,56,85,99,99,99,99,99],"floor_reached":10,"language":"ENG","playtime":415,"items_purged":[],"score":116,"play_id":"5ba41e66-51d0-474e-8d83-c8b5f71fa00e","local_time":"20210124173355","is_ascension_mode":true,"campfire_choices":[{"data":"Barrage","floor":8,"key":"SMITH"}],"circlet_count":0,"master_deck":["AscendersBane","Strike_B","Strike_B","Strike_B","Defend_B","Defend_B","Defend_B","Zap","Dualcast","Ball Lightning+1","Capacitor","Conserve Battery","Glacier","Hologram","Barrage+1"],"relics":["Empty Cage","Pear","Bird Faced Urn"],"acts_visited":["Exordium"],"potions_floor_usage":[6,10],"damage_taken":[{"damage":11,"enemies":"Jaw Worm","floor":1,"turns":4},{"damage":1,"enemies":"Cultist","floor":2,"turns":3},{"damage":5,"enemies":"2 Louse","floor":5,"turns":3},{"damage":21,"enemies":"3 Sentries","floor":6,"turns":8},{"damage":13,"enemies":"Exordium Wildlife","floor":7,"turns":6},{"damage":25,"enemies":"Lagavulin","floor":10,"turns":5}],"seed_played":"-515694734970574549","potions_obtained":[{"floor":2,"key":"ColorlessPotion"},{"floor":7,"key":"EntropicBrew"}],"is_trial":false,"path_per_floor":["M","M","?","$","M","E","M","R","T","E"],"character_chosen":"DEFECT","items_purchased":["Capacitor","Conserve Battery"],"campfire_rested":0,"item_purchase_floors":[4,4],"current_hp_per_floor":[53,52,52,52,47,36,23,23,23,0,0],"gold":99,"neow_bonus":"BOSS_RELIC","is_daily":false,"chose_seed":false,"campfire_upgraded":1,"win_rate":0.0,"timestamp":1611506035,"path_taken":["M","M","?","?","M","E","M","R","T","E"],"items_purchased_type":["Card","Card"],"build_version":"2020-12-22","purchased_purges":0,"victory":false,"max_hp_per_floor":[71,71,71,71,71,81,81,81,81,81,81],"relic_stats":{"counters":[6,29],"Bird Faced Urn":[0],"obtain_stats":[{"Pear":6,"Bird Faced Urn":9,"Cracked Core":0,"Empty Cage":0},{"Pear":4,"Bird Faced Urn":5,"Cracked Core":0,"Empty Cage":0},{"Pear":18,"Bird Faced Urn":24,"Cracked Core":0,"Empty Cage":0}]},"card_choices":[{"not_picked":["Conserve Battery","Stack"],"picked":"Ball Lightning","floor":1},{"not_picked":["Stack","Leap","Steam"],"picked":"SKIP","floor":2},{"not_picked":["Cold Snap","Rebound"],"picked":"Glacier","floor":5},{"not_picked":["Gash","Buffer"],"picked":"Hologram","floor":6},{"not_picked":["Rebound","Sweeping Beam"],"picked":"Barrage","floor":7}],"player_experience":657921,"relics_obtained":[{"floor":6,"key":"Pear"},{"floor":9,"key":"Bird Faced Urn"}],"event_choices":[{"damage_healed":0,"gold_gain":0,"player_choice":"Forge","damage_taken":0,"max_hp_gain":0,"max_hp_loss":0,"event_name":"Accursed Blacksmith","floor":3,"gold_loss":0,"cards_upgraded":["Ball Lightning"]}],"is_beta":false,"boss_relics":[],"items_purged_floors":[],"is_endless":false,"potions_floor_spawned":[2,7],"killed_by":"Lagavulin","ascension_level":14}}