{"host":"rj1j8apb2x4vafcu","time":1611483512,"event":{"mods":["AchievementEnabler","Act Like it!","BaseMod","Colored Map","Colored Powertips","Minty Spire (QoL Compilation)","Rare Cards Sparkle","StSLib"],"gold_per_floor":[115,115,131,30,40,66,79,104,130,130,148,223,69,84,84,189,189,207,222,233,233,60,60,92,11,11,30,30,30],"floor_reached":28,"language":"ENG","playtime":1430,"items_purged":["Defend_G","Defend_G"],"score":242,"play_id":"9b9e5ca1-58fd-4b19-9384-b2182587f3cb","local_time":"20210124081832","is_ascension_mode":true,"campfire_choices":[{"data":"Terror","floor":10,"key":"SMITH"},{"data":"Blade Dance","floor":15,"key":"SMITH"},{"data":"Catalyst","floor":23,"key":"SMITH"}],"circlet_count":0,"master_deck":["Strike_G","Defend_G","Survivor","Neutralize","Accuracy+1","Skewer+1","Cloak And Dagger+1","Blade Dance","Noxious Fumes","Blade Dance+1","Prepared","Terror+1","Cloak And Dagger","Slice","Backflip","Envenom","Backstab","Finisher","Deflect","Catalyst+1","Accuracy","Infinite Blades","Deflect","Escape Plan"],"relics":["Astrolabe","Snake Skull","Ancient Tea Set","Bronze Scales","Lee\u0027s Waffle","Nloth\u0027s Gift","Oddly Smooth Stone","Darkstone Periapt"],"acts_visited":["Exordium","TheCity"],"potions_floor_usage":[8,16,18,24,28,28],"damage_taken":[{"damage":0,"enemies":"Small Slimes","floor":1,"turns":2},{"damage":0,"enemies":"2 Louse","floor":3,"turns":3},{"damage":0,"enemies":"Cultist","floor":5,"turns":2},{"damage":8,"enemies":"Lagavulin","floor":6,"turns":3},{"damage":15,"enemies":"Exordium Thugs","floor":7,"turns":3},{"damage":18,"enemies":"Gremlin Nob","floor":8,"turns":3},{"damage":1,"enemies":"Exordium Wildlife","floor":11,"turns":3},{"damage":3,"enemies":"Lots of Slimes","floor":14,"turns":3},{"damage":18,"enemies":"Hexaghost","floor":16,"turns":5},{"damage":21,"enemies":"2 Thieves","floor":18,"turns":4},{"damage":0,"enemies":"3 Byrds","floor":19,"turns":4},{"damage":11,"enemies":"Snake Plant","floor":20,"turns":4},{"damage":17,"enemies":"Book of Stabbing","floor":24,"turns":3},{"damage":8,"enemies":"Centurion and Healer","floor":27,"turns":2},{"damage":27,"enemies":"Sentry and Sphere","floor":28,"turns":5}],"seed_played":"3930107444414995308","potions_obtained":[{"floor":3,"key":"Poison Potion"},{"floor":5,"key":"FearPotion"},{"floor":14,"key":"BlessingOfTheForge"},{"floor":16,"key":"FearPotion"},{"floor":20,"key":"Swift Potion"},{"floor":24,"key":"SkillPotion"}],"is_trial":false,"path_per_floor":["M","?","M","$","M","E","M","E","T","R","M","?","$","M","R","B",null,"M","M","M","?","$","R","E","$","T","M","M"],"character_chosen":"THE_SILENT","items_purchased":["Blade Dance","Lee\u0027s Waffle","Catalyst","Infinite Blades","Deflect"],"campfire_rested":0,"item_purchase_floors":[4,13,22,25,25],"current_hp_per_floor":[70,63,63,63,63,55,40,22,22,22,21,10,77,74,74,56,77,56,56,45,45,45,45,28,28,28,20,0,0],"gold":30,"neow_bonus":"BOSS_RELIC","is_daily":false,"chose_seed":false,"campfire_upgraded":3,"win_rate":0.0,"timestamp":1611483512,"path_taken":["M","?","M","$","M","E","M","E","T","R","M","?","$","M","R","BOSS","M","M","M","?","$","R","E","?","T","M","M"],"items_purchased_type":["Card","Relic","Card","Card","Card"],"build_version":"2020-12-22","purchased_purges":2,"victory":false,"max_hp_per_floor":[70,70,70,70,70,70,70,70,70,70,70,70,77,77,77,77,77,77,77,77,77,77,77,77,77,77,77,77,77],"card_choices":[{"not_picked":["Prepared","Footwork"],"picked":"Blade Dance","floor":1},{"not_picked":["Bane","Underhanded Strike"],"picked":"Noxious Fumes","floor":3},{"not_picked":["Eviscerate","Quick Slash"],"picked":"Prepared","floor":5},{"not_picked":["Dagger Throw","Bane"],"picked":"Terror","floor":6},{"not_picked":["PiercingWail","Skewer"],"picked":"Cloak And Dagger","floor":7},{"not_picked":["Dodge and Roll","Doppelganger"],"picked":"Slice","floor":8},{"not_picked":["Bane","Dagger Spray","Dodge and Roll"],"picked":"SKIP","floor":11},{"not_picked":["Deadly Poison","Acrobatics"],"picked":"Backflip","floor":14},{"not_picked":["Malaise","Glass Knife"],"picked":"Envenom","floor":16},{"not_picked":["Dodge and Roll","Quick Slash+1"],"picked":"Backstab","floor":18},{"not_picked":["Predator","All Out Attack"],"picked":"Finisher","floor":19},{"not_picked":["Bane","Poisoned Stab"],"picked":"Deflect","floor":20},{"not_picked":["Expertise","Eviscerate"],"picked":"Accuracy","floor":24},{"not_picked":["Outmaneuver","Quick Slash"],"picked":"Escape Plan","floor":27}],"player_experience":101082,"relics_obtained":[{"floor":6,"key":"Snake Skull"},{"floor":8,"key":"Ancient Tea Set"},{"floor":9,"key":"Bronze Scales"},{"floor":24,"key":"Oddly Smooth Stone"},{"floor":26,"key":"Darkstone Periapt"}],"event_choices":[{"cards_removed":["Strike_G"],"damage_healed":0,"gold_gain":0,"player_choice":"Card Removal","damage_taken":7,"max_hp_gain":0,"max_hp_loss":0,"event_name":"Golden Wing","floor":2,"gold_loss":0},{"damage_healed":0,"gold_gain":75,"player_choice":"Gather Gold","damage_taken":11,"max_hp_gain":0,"max_hp_loss":0,"event_name":"World of Goop","floor":12,"gold_loss":0},{"damage_healed":0,"gold_gain":0,"player_choice":"Traded Relic","damage_taken":0,"relics_obtained":["Nloth\u0027s Gift"],"max_hp_gain":0,"max_hp_loss":0,"event_name":"N\u0027loth","floor":21,"relics_lost":["Empty Cage"],"gold_loss":0}],"is_beta":false,"boss_relics":[{"not_picked":["SacredBark","Ectoplasm"],"picked":"Empty Cage"}],"items_purged_floors":[4,22],"is_endless":false,"potions_floor_spawned":[3,5,14,16,20,24],"killed_by":"Sentry and Sphere","ascension_level":1}}