{"host":"Ringo","time":1611493419,"event":{"mods":["BaseMod","Colored Map","Conspire","Dota2Spire","Minty Spire (QoL Compilation)","Replay The Spire","StSLib","[IsaacMod]ÒÔÈö¼âËþ","¡¾ÒÅÎï¿¨ÅÆ¡¿REMEMod"],"gold_per_floor":[112,132,151,165,181,209,236,269,292,319,330,362,395,425,425,500,500,516,275,286,24,44,69,69,104,104,135,164,195,223,239,239,318,318,334,347,359,381,194,222,254,283,283,283,309,342,373,405,405,405,405],"floor_reached":52,"language":"ZHS","playtime":1540,"items_purged":[],"score":4301,"play_id":"0d04ab6d-05c1-4917-a94c-e151d6f0227a","local_time":"20210124210339","daily_mods":["SealedDeck","Vintage","Heirloom","Time Dilation","Flight","DeadlyEvents","Elite Swarm","Lethality","Binary"],"is_ascension_mode":true,"campfire_choices":[{"data":"Sword Boomerang","floor":24,"key":"SMITH"},{"data":"ReplayUltimateDefense","floor":24,"key":"SMITH"},{"data":"Shrug It Off","floor":32,"key":"SMITH"},{"data":"Replay:Undeath\u0027s Touch","floor":32,"key":"SMITH"},{"data":"Pommel Strike","floor":44,"key":"SMITH"},{"data":"Anger","floor":44,"key":"SMITH"},{"floor":49,"key":"DIG"}],"circlet_count":0,"master_deck":["AscendersBane","ReplayTheSpireMod:Strike From Hell+1","Headbutt","Pommel Strike+1","Clash","Thunderclap","Uppercut","Twin Strike","Anger+1","Sword Boomerang+1","Shrug It Off+1","REME_TheLastStrike","ReplayUltimateDefense+1","Shrug It Off","Seeing Red+1","Replay:Undeath\u0027s Touch+1","Replay:Undeath\u0027s Touch+1","Flex","Flex"],"relics":["Burning Blood","Busted Crown","HushsDoor","Void","PillsDrop","Dota2Spire:LotusOrb","Champion Belt","Replay:Arrowhead","Bag of Preparation","Mirror","Pen Nib","InkBottle","Replay:Multitool","Lizard Tail","MagicMushroom","GuppysHead","GuppysCollar","Replay:WaspNest","Blue Doll","PrismaticShard","TungstenRod","Dota2Spire:PhaseBoots","CeramicFish","Dota2Spire:OrchidMalevolence","Kunai","Omamori","Paper Frog","Dream Catcher","Dota2Spire:DrumOfEndurance","Dota2Spire:OctarineCore","Dota2Spire:UrnOfShadows","REME_PuzzleBoxRelic","REME_DuelDisc","GuppysPaw","Incubus","Nunchaku","ReplayTheSpireMod:TigerMarble","Dota2Spire:Vanguard","Art of War","MawBank","Garlic","Dota2Spire:MaskOfMadness","Lantern","Akabeko","ReplayTheSpireMod:Lightbulb","ReplayTheSpireMod:Spearhead","Peace Pipe","Orichalcum","Gremlin Horn","Snack Pack","Vajra","Dota2Spire:LinkenSphere","Dota2Spire:ArmletOfMordiggian","Blood Vial","Dota2Spire:CrimsonGuard","REME_LimitBreaker","HornCleat","SharpPlug","Dota2Spire:ShadowBlade"],"acts_visited":["Exordium","TheCity","TheBeyond"],"potions_floor_usage":[16,16,23,28,33,35,36,36,51,51],"damage_taken":[{"damage":0,"enemies":"Small Slimes","floor":1,"turns":1},{"damage":0,"enemies":"Cultist","floor":2,"turns":2},{"damage":0,"enemies":"2 Louse","floor":3,"turns":1},{"damage":0,"enemies":"Looter","floor":4,"turns":1},{"damage":9,"enemies":"conspire:2 RoseBushes","floor":5,"turns":2},{"damage":0,"enemies":"Lagavulin","floor":6,"turns":2},{"damage":0,"enemies":"3 Sentries","floor":7,"turns":2},{"damage":0,"enemies":"Lagavulin","floor":8,"turns":2},{"damage":10,"enemies":"Replay:BlueRogue","floor":10,"turns":2},{"damage":0,"enemies":"3 Louse","floor":11,"turns":1},{"damage":0,"enemies":"3 Sentries","floor":12,"turns":1},{"damage":0,"enemies":"Gremlin Nob","floor":13,"turns":1},{"damage":0,"enemies":"Lagavulin","floor":14,"turns":2},{"damage":33,"enemies":"The Guardian","floor":16,"turns":3},{"damage":0,"enemies":"Shell Parasite","floor":18,"turns":1},{"damage":0,"enemies":"Chosen","floor":20,"turns":2},{"damage":0,"enemies":"Shelled Parasite and Fungi","floor":22,"turns":1},{"damage":6,"enemies":"Slavers","floor":23,"turns":2},{"damage":0,"enemies":"Book of Stabbing","floor":25,"turns":1},{"damage":0,"enemies":"Gremlin Leader","floor":27,"turns":2},{"damage":0,"enemies":"Replay:Snechameleon","floor":28,"turns":2},{"damage":0,"enemies":"conspire:Head Lice","floor":29,"turns":2},{"damage":4,"enemies":"Book of Stabbing","floor":30,"turns":2},{"damage":0,"enemies":"3 Cultists","floor":31,"turns":1},{"damage":0,"enemies":"Pondfish","floor":33,"turns":5},{"damage":17,"enemies":"3 Shapes","floor":35,"turns":1},{"damage":0,"enemies":"Orb Walker","floor":36,"turns":1},{"damage":0,"enemies":"Transient","floor":37,"turns":2},{"damage":0,"enemies":"Jaw Worm Horde","floor":38,"turns":1},{"damage":0,"enemies":"R_Hoarder","floor":40,"turns":1},{"damage":0,"enemies":"Nemesis","floor":41,"turns":1},{"damage":0,"enemies":"R_Hoarder","floor":42,"turns":1},{"damage":0,"enemies":"Giant Head","floor":45,"turns":1},{"damage":0,"enemies":"Nemesis","floor":46,"turns":1},{"damage":0,"enemies":"R_Hoarder","floor":47,"turns":1},{"damage":0,"enemies":"Giant Head","floor":48,"turns":1},{"damage":0,"enemies":"conspire:OrnateMirror","floor":50,"turns":1},{"damage":0,"enemies":"Time Eater","floor":51,"turns":1}],"seed_played":"-6378163242043145094","potions_obtained":[{"floor":3,"key":"GamblersBrew"},{"floor":5,"key":"Venom Potion"},{"floor":16,"key":"Elixir"},{"floor":20,"key":"SteroidPotion"},{"floor":27,"key":"FearPotion"},{"floor":28,"key":"BloodPotion"},{"floor":33,"key":"Explosive Potion"},{"floor":35,"key":"Dota2Spire:HealingSalve"},{"floor":36,"key":"SteroidPotion"},{"floor":37,"key":"Elixir"}],"is_trial":true,"path_per_floor":["M","M","M","M","M","E","E","E","T","E","M","E","E","E","R","B",null,"M","$","M","$","M","E","R","E","T","E","E","E","E","M","R","B",null,"M","M","M","M","$","E","E","E","T","R","E","E","E","E","R","B","B",null],"character_chosen":"IRONCLAD","items_purchased":["GuppysHead","GuppysCollar","ReplayUltimateDefense","Shrug It Off","PrismaticShard","Seeing Red+1","Replay:Undeath\u0027s Touch","GuppysPaw","Incubus","Lee\u0027s Waffle","Replay:Undeath\u0027s Touch+1","Flex"],"campfire_rested":0,"item_purchase_floors":[17,17,19,19,21,21,21,34,34,39,39,39],"current_hp_per_floor":[74,75,75,75,86,89,89,89,89,85,89,89,89,89,89,62,72,73,73,73,73,73,73,73,73,73,76,76,76,76,76,76,76,46,35,46,46,46,53,53,53,53,53,53,53,53,53,53,53,53,53],"gold":405,"neow_bonus":"","is_daily":false,"chose_seed":false,"campfire_upgraded":6,"win_rate":0.0,"timestamp":1611493419,"path_taken":["M","M","M","M","M","E","E","E","T","E","M","E","E","E","R","BOSS","M","$","M","$","M","E","R","E","T","E","E","E","E","M","R","BOSS","M","M","M","M","$","E","E","E","T","R","E","E","E","E","R","BOSS","BOSS"],"items_purchased_type":["Relic","Relic","Card","Card","Relic","Card","Card","Relic","Relic","Relic","Card","Card"],"build_version":"2020-12-18","purchased_purges":0,"victory":true,"max_hp_per_floor":[75,75,75,75,89,89,89,89,89,89,89,89,89,89,89,89,73,73,73,73,73,73,73,73,73,73,76,76,76,76,76,76,76,46,46,46,46,46,53,53,53,53,53,53,53,53,53,53,53,53,53],"card_choices":[],"player_experience":559121,"relics_obtained":[{"floor":1,"key":"REME_HourglassOfDeath"},{"floor":2,"key":"PillsDrop"},{"floor":3,"key":"Dota2Spire:LotusOrb"},{"floor":4,"key":"Champion Belt"},{"floor":5,"key":"Mango"},{"floor":6,"key":"Replay:Arrowhead"},{"floor":7,"key":"Bag of Preparation"},{"floor":8,"key":"Mirror"},{"floor":9,"key":"Pen Nib"},{"floor":10,"key":"InkBottle"},{"floor":11,"key":"Replay:Multitool"},{"floor":12,"key":"TheBean"},{"floor":13,"key":"Lizard Tail"},{"floor":14,"key":"conspire:Flyswatter"},{"floor":18,"key":"Replay:WaspNest"},{"floor":20,"key":"Blue Doll"},{"floor":22,"key":"TungstenRod"},{"floor":23,"key":"Dota2Spire:PhaseBoots"},{"floor":25,"key":"CeramicFish"},{"floor":26,"key":"Dota2Spire:OrchidMalevolence"},{"floor":27,"key":"Damocles"},{"floor":28,"key":"Kunai"},{"floor":28,"key":"Omamori"},{"floor":29,"key":"Paper Frog"},{"floor":29,"key":"Dream Catcher"},{"floor":30,"key":"Dota2Spire:DrumOfEndurance"},{"floor":30,"key":"Dota2Spire:OctarineCore"},{"floor":31,"key":"Dota2Spire:UrnOfShadows"},{"floor":31,"key":"REME_PuzzleBoxRelic"},{"floor":35,"key":"Nunchaku"},{"floor":35,"key":"ReplayTheSpireMod:TigerMarble"},{"floor":36,"key":"Dota2Spire:Vanguard"},{"floor":36,"key":"Art of War"},{"floor":37,"key":"MawBank"},{"floor":37,"key":"Garlic"},{"floor":38,"key":"Dota2Spire:MaskOfMadness"},{"floor":38,"key":"Lantern"},{"floor":40,"key":"Akabeko"},{"floor":40,"key":"ReplayTheSpireMod:Lightbulb"},{"floor":41,"key":"ReplayTheSpireMod:Spearhead"},{"floor":41,"key":"Peace Pipe"},{"floor":42,"key":"Orichalcum"},{"floor":42,"key":"Gremlin Horn"},{"floor":43,"key":"Snack Pack"},{"floor":45,"key":"Vajra"},{"floor":45,"key":"Dota2Spire:LinkenSphere"},{"floor":46,"key":"Dota2Spire:ArmletOfMordiggian"},{"floor":46,"key":"Blood Vial"},{"floor":47,"key":"Dota2Spire:CrimsonGuard"},{"floor":47,"key":"REME_LimitBreaker"},{"floor":48,"key":"HornCleat"},{"floor":48,"key":"SharpPlug"},{"floor":49,"key":"Dota2Spire:ShadowBlade"}],"event_choices":[],"is_beta":true,"boss_relics":[{"not_picked":["Calling Bell","Sozu"],"picked":"MagicMushroom"},{"not_picked":[]},{"not_picked":["SacredBark","Runic Dome"],"picked":"REME_DuelDisc"},{"not_picked":[]}],"items_purged_floors":[],"is_endless":false,"potions_floor_spawned":[3,5,6,10,12,16,20,22,27,28,29,33,35,36,37,42,46,47],"ascension_level":20}}