{"host":"5tzvto3beate6p8b","time":1611531579,"event":{"mods":["Act Like it!","BaseMod","Colored Map","Gensokyo","Minty Spire (QoL Compilation)","StSLib","SuperFastMode"],"gold_per_floor":[110,35,35,51,51,51,64,64,87,22,34,46,88,112,124,234,246,271,300,192,204,232,270,282,314,326,358,370,396,358,399,411,423,423],"floor_reached":33,"language":"JPN","playtime":2234,"items_purged":["Injury"],"score":285,"play_id":"52b1f6e1-8e4e-46dc-983d-203120bc422b","local_time":"20210125083939","is_ascension_mode":false,"campfire_choices":[{"data":"Gensokyo:CrescentMoonSlash","floor":6.0,"key":"SMITH"},{"data":"Armaments","floor":8.0,"key":"SMITH"},{"data":"Bash","floor":11.0,"key":"SMITH"},{"data":"Anger","floor":15.0,"key":"SMITH"},{"data":"Searing Blow+1","floor":24.0,"key":"SMITH"},{"floor":28.0,"key":"REST"},{"floor":32.0,"key":"REST"}],"circlet_count":0,"master_deck":["Defend_R+1","Defend_R","Defend_R","Bash+1","Brutality","Sword Boomerang","Armaments+1","Cleave","Gensokyo:CrescentMoonSlash+1","Havoc","Iron Wave","Anger+1","Offering+1","Searing Blow+2","Flame Barrier+1","Hemokinesis","Feed","Wild Strike","Wild Strike"],"relics":["Burning Blood","MawBank","Art of War","Ginger","Empty Cage","Gensokyo:FoxMask","Bottled Tornado","White Beast Statue","War Paint"],"acts_visited":["Exordium","Gensokyo:Gensokyo"],"potions_floor_usage":[],"damage_taken":[{"damage":4.0,"enemies":"Gensokyo:Python","floor":1.0,"turns":4.0},{"damage":10.0,"enemies":"Gensokyo:Gryphon","floor":4.0,"turns":4.0},{"damage":0.0,"enemies":"Gensokyo:2_Kodama","floor":7.0,"turns":2.0},{"damage":6.0,"enemies":"Gensokyo:Aya","floor":13.0,"turns":3.0},{"damage":9.0,"enemies":"Gensokyo:Gryphon_and_Rabbit","floor":14.0,"turns":3.0},{"damage":40.0,"enemies":"Gensokyo:Yukari","floor":16.0,"turns":9.0},{"damage":7.0,"enemies":"Gensokyo:CosmicMonolith","floor":18.0,"turns":3.0},{"damage":15.0,"enemies":"Gensokyo:AngelMirror","floor":19.0,"turns":2.0},{"damage":36.0,"enemies":"Gensokyo:Slime_Group","floor":22.0,"turns":6.0},{"damage":24.0,"enemies":"Gensokyo:Tenshi","floor":23.0,"turns":4.0},{"damage":25.0,"enemies":"Gensokyo:Swordslinger","floor":25.0,"turns":4.0},{"damage":9.0,"enemies":"Gensokyo:Wraith","floor":27.0,"turns":4.0},{"damage":35.0,"enemies":"Gensokyo:Slime_Group","floor":29.0,"turns":5.0},{"damage":16.0,"enemies":"Gensokyo:Reisen","floor":31.0,"turns":4.0},{"damage":34,"enemies":"Gensokyo:Eiki","floor":33,"turns":6}],"seed_played":"8568782114077625834","potions_obtained":[{"floor":4.0,"key":"PowerPotion"},{"floor":13.0,"key":"Regen Potion"},{"floor":14.0,"key":"SneckoOil"},{"floor":23.0,"key":"BloodPotion"},{"floor":27.0,"key":"Dexterity Potion"},{"floor":29.0,"key":"HeartOfIron"},{"floor":31.0,"key":"BlessingOfTheForge"}],"is_trial":false,"path_per_floor":["M","$","?","M","?","R","M","R","T","COS","R","T","E","M","R","B",null,"M","M","?","$","M","E","R","M","T","M","R","M","?","E","R","B"],"character_chosen":"IRONCLAD","items_purchased":[],"campfire_rested":2,"item_purchase_floors":[],"current_hp_per_floor":[80,80,64,60,48,48,54,54,54,54,54,54,54,51,51,32,80,79,70,70,70,40,22,22,19,19,16,40,11,18,8,34,0,0],"gold":423,"neow_bonus":"TRANSFORM_TWO_CARDS","is_daily":false,"chose_seed":false,"campfire_upgraded":5,"win_rate":0.0,"timestamp":1611531579,"path_taken":["M","$","?","M","?","R","M","R","T","COS","R","?","E","M","R","BOSS","M","M","?","?","M","E","R","M","T","?","R","M","?","E","R","BOSS"],"items_purchased_type":[],"build_version":"2020-12-22","purchased_purges":1,"victory":false,"max_hp_per_floor":[80,80,80,80,80,80,80,80,80,80,80,80,80,80,80,80,80,80,80,80,80,80,80,80,80,80,80,80,80,87,87,87,87,87],"card_choices":[{"not_picked":["Dual Wield","Sword Boomerang"],"picked":"Armaments","floor":1.0},{"not_picked":["Body Slam","Havoc"],"picked":"Cleave","floor":4.0},{"not_picked":["Anger","Sever Soul"],"picked":"Havoc","floor":7.0},{"not_picked":["Anger","Intimidate"],"picked":"Iron Wave","floor":13.0},{"not_picked":["Thunderclap","Second Wind"],"picked":"Anger","floor":14.0},{"not_picked":["Limit Break","Double Tap"],"picked":"Offering","floor":16.0},{"not_picked":["Dual Wield","Hemokinesis"],"picked":"Searing Blow+1","floor":18.0},{"not_picked":["Flex","Flame Barrier+1","Clash"],"picked":"SKIP","floor":19.0},{"not_picked":["Flex","Clash"],"picked":"Flame Barrier+1","floor":19.0},{"not_picked":["Pommel Strike","Twin Strike","Heavy Blade"],"picked":"SKIP","floor":22.0},{"not_picked":["Heavy Blade","Thunderclap"],"picked":"Hemokinesis","floor":23.0},{"not_picked":["Seeing Red","Havoc+1"],"picked":"Feed","floor":25.0},{"not_picked":["Anger","Flex","Dropkick"],"picked":"SKIP","floor":27.0},{"not_picked":["Perfected Strike","Metallicize"],"picked":"Wild Strike","floor":29.0},{"not_picked":["Twin Strike","Cleave"],"picked":"Wild Strike","floor":31.0}],"player_experience":635436,"relics_obtained":[{"floor":9.0,"key":"MawBank"},{"floor":12.0,"key":"Art of War"},{"floor":13.0,"key":"Ginger"},{"floor":23.0,"key":"Bottled Tornado"},{"floor":26.0,"key":"White Beast Statue"},{"floor":31.0,"key":"War Paint"}],"event_choices":[],"is_beta":false,"boss_relics":[{"not_picked":["Calling Bell","Runic Dome"],"picked":"Empty Cage"}],"items_purged_floors":[2],"is_endless":false,"potions_floor_spawned":[4,13,14,23,27,29,31],"killed_by":"Gensokyo:Eiki","ascension_level":0}}