{"host":"Naix","time":1611463903,"event":{"mods":["Act Like it!","Aspiration","BaseMod","Energized Spire","Friendly Minions","Gensokyo","HornydragonMod","Kiyohime£®«Âºß£©","Koishi","Minty Spire (QoL Compilation)","Prisma Mod","Reimu£®≤©¿ˆ¡È√Œ£©","Replay The Spire","StSLib","The Alterego","The Animator","The Jungle","TheSwordswoman","Waifu the Spire","Wide Potions","Yakumo Yukari mod","Youmu£®ªÍ∆«—˝√Œ£©","°æ“≈ŒÔø®≈∆°øREMEMod"],"gold_per_floor":[117,117,117,132,14,25,128,128,180,180,180,30,64,82,82,82,82],"floor_reached":16,"language":"ZHS","playtime":1104,"items_purged":["Pain"],"score":98,"play_id":"8e8b5ab1-1a2f-4f70-bf4a-58218a766b8b","local_time":"20210124125143","is_ascension_mode":false,"campfire_choices":[{"data":"alterego_mod:Rip","floor":10,"key":"SMITH"},{"data":"alterego_mod:Belts","floor":15,"key":"SMITH"}],"circlet_count":0,"master_deck":["alterego_mod:Strike","alterego_mod:Strike","alterego_mod:Defend","alterego_mod:Defend","alterego_mod:Defend","alterego_mod:BigMeatyClaws","alterego_mod:BrynhildrsRune","Omniscience","alterego_mod:Belts+1","REME_GrazeFinale","Sucker Punch","Corpse Explosion","alterego_mod:Valentines","Gensokyo:TarnishedGold","Gensokyo:BlemishedSteel","alterego_mod:Pet","alterego_mod:Birthday","alterego_mod:Rip+1","alterego_mod:Cooking","alterego_mod:Support","alterego_mod:Vow","alterego_mod:Lingerie+1"],"relics":["alterego_mod:MasochisticConstitution","REME_ComplimentaryCards","NeowsBlessing","Gensokyo:LunaticRedEyes","Happy Flower","REME_HandOfSuture","Strawberry","Molten Egg 2"],"acts_visited":["Exordium"],"potions_floor_usage":[13,14],"damage_taken":[{"damage":0,"enemies":"Gensokyo:3_Fairies","floor":1,"turns":1},{"damage":1,"enemies":"Gensokyo:Gryphon","floor":4,"turns":1},{"damage":0,"enemies":"Gensokyo:Python","floor":6,"turns":1},{"damage":20,"enemies":"Gensokyo:Mamizou","floor":13,"turns":9},{"damage":20,"enemies":"Gensokyo:VengefulSpirit","floor":14,"turns":8},{"damage":27,"enemies":"Gensokyo:Yukari","floor":16,"turns":3}],"seed_played":"4028547323481443009","potions_obtained":[{"floor":1,"key":"SkillPotion"},{"floor":13,"key":"Adrenaline Potion"},{"floor":14,"key":"Fire Potion"}],"is_trial":false,"path_per_floor":["M","?","?","M","COS","M","?","?","T","R","?","$","E","M","R","B"],"character_chosen":"The_Alterego","items_purchased":["alterego_mod:Support"],"campfire_rested":0,"item_purchase_floors":[12],"current_hp_per_floor":[70,70,70,71,71,71,43,43,43,43,40,40,36,22,22,0,0],"gold":82,"neow_bonus":"THREE_ENEMY_KILL","is_daily":false,"chose_seed":false,"campfire_upgraded":2,"win_rate":0.0,"timestamp":1611463903,"path_taken":["M","?","?","?","COS","M","?","?","T","R","?","?","E","M","R","BOSS"],"items_purchased_type":["Card"],"build_version":"2020-12-18","purchased_purges":1,"victory":false,"max_hp_per_floor":[70,70,70,71,71,71,71,71,71,71,78,78,79,80,80,80,80],"card_choices":[{"not_picked":["alterego_mod:Maid","alterego_mod:Bounce"],"picked":"alterego_mod:Belts","floor":1},{"not_picked":["alterego_mod:MaintainEyeContact","alterego_mod:Bounce"],"picked":"alterego_mod:Valentines","floor":4},{"not_picked":["alterego_mod:DustData","alterego_mod:HighServant"],"picked":"alterego_mod:Pet","floor":6},{"not_picked":["alterego_mod:Bounce","alterego_mod:BiFurious"],"picked":"alterego_mod:Birthday","floor":7},{"not_picked":["alterego_mod:SakuraPetals","alterego_mod:Bounce"],"picked":"alterego_mod:Rip","floor":7},{"not_picked":["alterego_mod:Valentines","alterego_mod:DiscoLights"],"picked":"alterego_mod:Cooking","floor":7},{"not_picked":["alterego_mod:Punishment","alterego_mod:Bloomers"],"picked":"alterego_mod:Vow","floor":13},{"not_picked":["alterego_mod:BreastValley","alterego_mod:Cycle"],"picked":"alterego_mod:Lingerie+1","floor":14}],"player_experience":776793,"relics_obtained":[{"floor":9,"key":"REME_HandOfSuture"},{"floor":13,"key":"Molten Egg 2"}],"event_choices":[],"is_beta":true,"boss_relics":[],"items_purged_floors":[12],"is_endless":false,"potions_floor_spawned":[1,13,14],"killed_by":"Gensokyo:Yukari","ascension_level":0}}