{"host":"hszimsrtxxc2k25w","time":1611512594,"event":{"mods":["AchievementEnabler","BaseMod","Colored Map","DeckTracker","Minty Spire (QoL Compilation)","Rare Cards Sparkle","SuperFastMode"],"gold_per_floor":[117,267,267,280,166,166,192,192,270,308,208,233,249,283,283,283,283],"floor_reached":16,"language":"KOR","playtime":209,"items_purged":["Strike_R","Strike_R"],"score":286,"play_id":"76d2886f-4a77-4fe8-9568-2cb8e0b76c7b","local_time":"20210125032314","is_ascension_mode":true,"campfire_choices":[{"data":"Blood for Blood","floor":6,"key":"SMITH"},{"data":"Immolate","floor":15,"key":"SMITH"}],"circlet_count":0,"master_deck":["AscendersBane","Strike_R","Strike_R","Strike_R","Defend_R","Defend_R","Defend_R","Defend_R","Bash","Battle Trance","Shockwave","Blood for Blood+1","Pommel Strike","Immolate+1","Burning Pact"],"relics":["Burning Blood","NeowsBlessing","Letter Opener","Golden Idol","Blue Candle","Juzu Bracelet","Frozen Egg 2"],"acts_visited":["Exordium"],"potions_floor_usage":[10,16],"damage_taken":[{"damage":0,"enemies":"Cultist","floor":1,"turns":1},{"damage":0,"enemies":"Jaw Worm","floor":4,"turns":1},{"damage":0,"enemies":"Gremlin Nob","floor":7,"turns":1},{"damage":18,"enemies":"Lagavulin","floor":10,"turns":6},{"damage":14,"enemies":"Small Slimes","floor":12,"turns":3},{"damage":10,"enemies":"Blue Slaver","floor":13,"turns":3},{"damage":29,"enemies":"Gremlin Nob","floor":14,"turns":4},{"damage":12,"enemies":"The Guardian","floor":16,"turns":3}],"seed_played":"-4613380023402265293","potions_obtained":[{"floor":1,"key":"EssenceOfSteel"},{"floor":12,"key":"PowerPotion"},{"floor":13,"key":"SmokeBomb"}],"is_trial":false,"path_per_floor":["M","?","?","M","$","R","E","?","T","E","$","M","M","E","R","B"],"character_chosen":"IRONCLAD","items_purchased":["Blood for Blood"],"campfire_rested":0,"item_purchase_floors":[5],"current_hp_per_floor":[74,74,67,73,73,73,75,68,68,56,56,48,44,21,21,9,9],"gold":283,"neow_bonus":"THREE_ENEMY_KILL","is_daily":false,"chose_seed":false,"campfire_upgraded":2,"win_rate":0.0,"timestamp":1611512594,"path_taken":["M","?","?","M","$","R","E","?","T","E","?","M","M","E","R","BOSS"],"items_purchased_type":["Card"],"build_version":"2020-12-22","purchased_purges":2,"victory":false,"max_hp_per_floor":[75,75,75,75,75,75,75,68,68,68,68,68,68,68,68,68,68],"card_choices":[{"not_picked":["Flex","Intimidate"],"picked":"Battle Trance","floor":1},{"not_picked":["Seeing Red","Thunderclap"],"picked":"Shockwave","floor":4},{"not_picked":["Headbutt","Havoc","Anger"],"picked":"SKIP","floor":7},{"not_picked":["Sword Boomerang","Inflame"],"picked":"Pommel Strike","floor":10},{"not_picked":["Sword Boomerang","Fire Breathing","Iron Wave"],"picked":"SKIP","floor":12},{"not_picked":["Twin Strike","Entrench"],"picked":"Immolate","floor":13},{"not_picked":["Immolate","Flex"],"picked":"Burning Pact","floor":14}],"player_experience":639741,"relics_obtained":[{"floor":7,"key":"Letter Opener"},{"floor":9,"key":"Blue Candle"},{"floor":10,"key":"Juzu Bracelet"},{"floor":14,"key":"Frozen Egg 2"}],"event_choices":[{"damage_healed":0,"gold_gain":150,"player_choice":"AGREE","damage_taken":0,"max_hp_gain":0,"max_hp_loss":0,"event_name":"Liars Game","floor":2,"gold_loss":0,"cards_obtained":["Doubt"]},{"cards_removed":["Doubt"],"damage_healed":0,"gold_gain":0,"player_choice":"Card Removal","damage_taken":7,"max_hp_gain":0,"max_hp_loss":0,"event_name":"Golden Wing","floor":3,"gold_loss":0},{"damage_healed":0,"gold_gain":0,"player_choice":"Lose Max HP","damage_taken":0,"relics_obtained":["Golden Idol"],"max_hp_gain":0,"max_hp_loss":7,"event_name":"Golden Idol","floor":8,"gold_loss":0}],"is_beta":false,"boss_relics":[],"items_purged_floors":[5,11],"is_endless":false,"potions_floor_spawned":[1,12,13],"killed_by":"The Guardian","ascension_level":20}}