{"host":"j4g6ia6asvpyu2b0","time":1611526404,"event":{"mods":["BaseMod","Colored Map","Minty Spire (QoL Compilation)","Permanent Neow","Quick Restart","Relic Stats","StSLib","Unceasing Turn Reminder"],"gold_per_floor":[115,127,127,127,147,147,173,190,190,190,203,223,256,256,256,256,256],"floor_reached":16,"language":"ENG","playtime":382,"items_purged":[],"score":218,"play_id":"55f6eacb-b96f-4c91-af4f-aec091455f5e","local_time":"20210124151324","is_ascension_mode":true,"campfire_choices":[{"data":"Barricade","floor":6,"key":"SMITH"},{"floor":10,"key":"REST"},{"data":"Offering","floor":15,"key":"SMITH"}],"circlet_count":0,"master_deck":["AscendersBane","Strike_R","Strike_R","Strike_R","Strike_R","Strike_R","Defend_R","Defend_R","Defend_R","Defend_R","Bash","Offering+1","Uppercut","Pommel Strike","Barricade+1","Rampage","Anger","Corruption+1","Whirlwind","Shrug It Off"],"relics":["Burning Blood","Pen Nib","Gambling Chip","Meat on the Bone","Mango"],"acts_visited":["Exordium"],"potions_floor_usage":[7,16],"damage_taken":[{"damage":7,"enemies":"Cultist","floor":1,"turns":3},{"damage":22,"enemies":"Small Slimes","floor":2,"turns":4},{"damage":7,"enemies":"2 Louse","floor":5,"turns":3},{"damage":31,"enemies":"3 Sentries","floor":7,"turns":7},{"damage":24,"enemies":"Exordium Thugs","floor":8,"turns":4},{"damage":13,"enemies":"Blue Slaver","floor":11,"turns":3},{"damage":14,"enemies":"3 Louse","floor":12,"turns":2},{"damage":36,"enemies":"Gremlin Nob","floor":13,"turns":4},{"damage":36,"enemies":"Slime Boss","floor":16,"turns":6}],"seed_played":"2354999881071656367","potions_obtained":[{"floor":2,"key":"Fire Potion"},{"floor":5,"key":"LiquidBronze"},{"floor":8,"key":"ElixirPotion"},{"floor":13,"key":"AttackPotion"}],"is_trial":false,"path_per_floor":["M","M","?","?","M","R","E","M","T","R","M","M","E","?","R","B"],"character_chosen":"IRONCLAD","items_purchased":[],"campfire_rested":1,"item_purchase_floors":[],"current_hp_per_floor":[67,51,56,51,50,50,25,7,7,31,36,40,36,36,36,0,0],"gold":256,"neow_bonus":"ONE_RANDOM_RARE_CARD","is_daily":false,"chose_seed":false,"campfire_upgraded":2,"win_rate":0.0,"timestamp":1611526404,"path_taken":["M","M","?","?","M","R","E","M","T","R","M","M","E","?","R","BOSS"],"items_purchased_type":[],"build_version":"2020-12-22","purchased_purges":0,"victory":false,"max_hp_per_floor":[75,75,80,80,80,80,80,80,80,80,80,80,94,94,94,94,94],"relic_stats":{"counters":[9,36],"Gambling Chip":[6],"Pen Nib":[6],"obtain_stats":[{"Gambling Chip":7,"Mango":13,"Pen Nib":4,"Burning Blood":0,"Meat on the Bone":9},{"Gambling Chip":4,"Mango":8,"Pen Nib":2,"Burning Blood":0,"Meat on the Bone":5},{"Gambling Chip":17,"Mango":30,"Pen Nib":7,"Burning Blood":0,"Meat on the Bone":21}],"Burning Blood":48,"Meat on the Bone":36},"card_choices":[{"not_picked":["Warcry","Armaments"],"picked":"Uppercut","floor":1},{"not_picked":["Clothesline","Sword Boomerang"],"picked":"Pommel Strike","floor":2},{"not_picked":["Cleave","Pommel Strike"],"picked":"Barricade","floor":5},{"not_picked":["Dual Wield","Flex"],"picked":"Rampage","floor":7},{"not_picked":["Cleave","Clothesline"],"picked":"Anger","floor":8},{"not_picked":["Pummel","Shrug It Off"],"picked":"Corruption","floor":11},{"not_picked":["Cleave","True Grit"],"picked":"Whirlwind","floor":12},{"not_picked":["Exhume","Headbutt"],"picked":"Shrug It Off","floor":13}],"player_experience":992524,"relics_obtained":[{"floor":7,"key":"Gambling Chip"},{"floor":9,"key":"Meat on the Bone"},{"floor":13,"key":"Mango"}],"event_choices":[{"damage_healed":0,"gold_gain":0,"player_choice":"Donut","damage_taken":0,"max_hp_gain":5,"max_hp_loss":0,"event_name":"Big Fish","floor":3,"gold_loss":0},{"damage_healed":0,"gold_gain":0,"player_choice":"Success","damage_taken":5,"relics_obtained":["Pen Nib"],"max_hp_gain":0,"max_hp_loss":0,"event_name":"Scrap Ooze","floor":4,"gold_loss":0},{"damage_healed":0,"gold_gain":0,"player_choice":"Upgraded","damage_taken":0,"max_hp_gain":0,"max_hp_loss":0,"event_name":"Upgrade Shrine","floor":14,"gold_loss":0,"cards_upgraded":["Corruption"]}],"is_beta":false,"boss_relics":[],"items_purged_floors":[],"is_endless":false,"potions_floor_spawned":[2,5,8,13],"killed_by":"Slime Boss","ascension_level":19}}