{"host":"iy0764csshny54kk","time":1611517079,"event":{"mods":["100% Spire Juice","Arknights The Spire","BaseMod","Bestiary","Better Altar","Better Sensory Stone","Better Skull","Better Third Choice","Block Reminder","Colored Powertips","Downfall","Highlight Path","Minty Spire (QoL Compilation)","Relic Sorter","StS++","StSLib","The Alterego","The Hierophant","The Marked"],"gold_per_floor":[99,114,131,141,158,189,216,234,234,19,19,169,79,99,113,113,113,113],"floor_reached":16,"language":"ENG","playtime":2234,"items_purged":["Guardian:Strike_Guardian"],"score":104,"play_id":"1b787dba-b413-4ff9-b692-29d7fa7a4c88","local_time":"20210124123759","is_ascension_mode":false,"campfire_choices":[{"floor":1.0,"key":"RECALL"}],"circlet_count":0,"master_deck":["Guardian:Strike_Guardian","Guardian:Strike_Guardian","Guardian:Strike_Guardian","Guardian:Defend_Guardian","Guardian:Defend_Guardian","Guardian:Defend_Guardian","Guardian:CurlUp","Guardian:TwinSlam","Guardian:PiercingHide","Guardian:Planning","Guardian:Clone","Guardian:Incinerate","Guardian:TimeBomb","Guardian:TimeSifter","Guardian:BodySlam","Guardian:RevengeProtocol","Guardian:Recover","Parasite","downfall:Icky","Guardian:DecasProtection","Guardian:ShieldSpikes","Guardian:PiercingHide"],"relics":["Guardian:ModeShifter","Centennial Puzzle","Blood Vial"],"acts_visited":["Exordium"],"potions_floor_usage":[6,14,15,16,16],"damage_taken":[{"damage":5,"enemies":"2 Louse","floor":2,"turns":4},{"damage":4,"enemies":"Cultist","floor":3,"turns":4},{"damage":2,"enemies":"Jaw Worm","floor":4,"turns":4},{"damage":4,"enemies":"3 Louse","floor":5,"turns":4},{"damage":35,"enemies":"3 Sentries","floor":6,"turns":13},{"damage":17,"enemies":"Large Slime","floor":8,"turns":4},{"damage":10,"enemies":"downfall:FleeingMerchant","floor":10,"turns":4},{"damage":8,"enemies":"downfall:FleeingMerchant","floor":13,"turns":4},{"damage":8,"enemies":"2 Fungi Beasts","floor":14,"turns":4},{"damage":1,"enemies":"3 Louse","floor":15,"turns":2},{"damage":43,"enemies":"IC_STATUS_ARCHETYPE","floor":16,"turns":13}],"seed_played":"451974400926424800","potions_obtained":[{"floor":2,"key":"PowerPotion"},{"floor":4,"key":"Guardian:AcceleratePotion"},{"floor":6,"key":"Guardian:DefensiveModePotion"},{"floor":14,"key":"champ:CounterPotion"},{"floor":15,"key":"StSpp:InhibitionPotion"}],"is_trial":false,"path_per_floor":["R","M","M","M","M","E","T","M","?","$","?","?","$","M","M","B"],"character_chosen":"GUARDIAN","items_purchased":["Blood Vial","Guardian:Recover"],"campfire_rested":0,"item_purchase_floors":[10,10],"current_hp_per_floor":[88,83,79,77,73,38,38,21,21,11,33,33,27,21,22,0,0,0],"gold":113,"neow_bonus":"TEN_PERCENT_HP_BONUS","is_daily":false,"chose_seed":false,"campfire_upgraded":0,"win_rate":0.0,"timestamp":1611517079,"path_taken":["R","M","M","M","M","E","T","M","?","?","?","?","$","M","M","BOSS"],"items_purchased_type":["Relic","Card"],"build_version":"2020-12-22","purchased_purges":1,"victory":false,"max_hp_per_floor":[88,88,88,88,88,88,88,88,88,88,88,88,88,88,88,88,88,88],"card_choices":[{"not_picked":["Guardian:BronzeArmor","Guardian:TimeBomb"],"picked":"Guardian:PiercingHide","floor":2},{"not_picked":["Guardian:Repulse","Guardian:Emergency"],"picked":"Guardian:Planning","floor":3},{"not_picked":["Guardian:VentSteam","Guardian:RollAttack"],"picked":"Guardian:Clone","floor":4},{"not_picked":["Guardian:ChargeCore","Guardian:PrismaticBeam"],"picked":"Guardian:Incinerate","floor":5},{"not_picked":["Guardian:ShieldCharger","Guardian:SpikerProtocol"],"picked":"Guardian:TimeBomb","floor":6},{"not_picked":["Guardian:ShieldCharger","Guardian:Gem_Red"],"picked":"Guardian:TimeSifter","floor":8},{"not_picked":["Guardian:Gem_Purple","Guardian:DecasProtection"],"picked":"Guardian:RevengeProtocol","floor":10},{"not_picked":["Guardian:RefractedBeam","Guardian:RollAttack"],"picked":"Guardian:DecasProtection","floor":13},{"not_picked":["Guardian:SpikerProtocol","Guardian:MultiBeam"],"picked":"Guardian:ShieldSpikes","floor":14},{"not_picked":["Guardian:Clone","Guardian:Gem_Green"],"picked":"Guardian:PiercingHide","floor":15}],"player_experience":204743,"relics_obtained":[{"floor":6,"key":"Centennial Puzzle"}],"event_choices":[{"damage_healed":22,"gold_gain":0,"player_choice":"Healed and dodged fight","damage_taken":0,"max_hp_gain":0,"max_hp_loss":0,"event_name":"Mushrooms","floor":11,"gold_loss":0,"cards_obtained":["Parasite"]}],"is_beta":false,"boss_relics":[],"items_purged_floors":[13],"is_endless":false,"potions_floor_spawned":[2,4,6,14,15],"killed_by":"IC_STATUS_ARCHETYPE","ascension_level":0}}