{"host":"c2bue2hyafvtxka5","time":1611502547,"event":{"mods":["BaseMod","Hermit","Minty Spire (QoL Compilation)","StSLib","The Cursed","The Disciple","The Necromancer","The Servant 0.9.4"],"gold_per_floor":[115,115,128,145,165,165,90,118,143,143,172,189,189,212,212,308,308,318,308,325,325,325,350,64,163,186,211,222,238,41,53,53,154,154,170,182,198,48,48,48,80,99,123,123,123,173,173,192,192,192],"floor_reached":51,"language":"ENG","playtime":2245,"items_purged":["Regret","Strike_W","Strike_W","Strike_W"],"score":820,"play_id":"6bcdb01b-691d-4096-90ae-3ad1d3e4addc","local_time":"20210124103547","is_ascension_mode":true,"campfire_choices":[{"data":"Negative_Energy_Arrows","floor":6,"key":"SMITH"},{"floor":15,"key":"REST"},{"floor":32,"key":"REST"},{"data":"Summon_Lich","floor":47,"key":"SMITH"},{"data":"Skeleton_Dragon","floor":49,"key":"SMITH"}],"circlet_count":0,"master_deck":["Defend_W+1","Defend_W","Defend_W","Defend_W","Negative_Energy_Arrows+1","Bone_Wall+1","Stop_Heart","Spectral_Armor","Negative_Energy_Shield","Summon_Vampire_Lady","Bone_Armor","Summon_Lich","Summon_Vampire_Lady","Summon_Lich+1","Skeleton_Dragon+1","Summon_Lich","Summon_Lich","Summon_Death_Knight"],"relics":["Vampire_Amulet","NeowsBlessing","Juzu Bracelet","Potion Belt","Boot","War Paint","Snecko Eye","Nloth\u0027s Gift","White Beast Statue","Lee\u0027s Waffle","Dream Catcher","Pantograph","Coffee Dripper","MealTicket","Happy Flower","Du-Vu Doll"],"acts_visited":["Exordium","TheCity","TheBeyond"],"potions_floor_usage":[16,33,41,46],"damage_taken":[{"damage":0,"enemies":"2 Louse","floor":1,"turns":1},{"damage":0,"enemies":"Small Slimes","floor":3,"turns":1},{"damage":0,"enemies":"Cultist","floor":4,"turns":1},{"damage":10,"enemies":"Exordium Thugs","floor":5,"turns":4},{"damage":25,"enemies":"Gremlin Nob","floor":8,"turns":4},{"damage":16,"enemies":"3 Sentries","floor":11,"turns":9},{"damage":3,"enemies":"Looter","floor":12,"turns":3},{"damage":53,"enemies":"Slime Boss","floor":16,"turns":15},{"damage":1,"enemies":"Chosen","floor":18,"turns":5},{"damage":13,"enemies":"2 Thieves","floor":19,"turns":4},{"damage":20,"enemies":"Chosen and Byrds","floor":20,"turns":6},{"damage":48,"enemies":"Book of Stabbing","floor":23,"turns":7},{"damage":15,"enemies":"Gremlin Leader","floor":27,"turns":7},{"damage":0,"enemies":"Centurion and Healer","floor":28,"turns":7},{"damage":18,"enemies":"Cultist and Chosen","floor":29,"turns":6},{"damage":34,"enemies":"Sentry and Sphere","floor":31,"turns":6},{"damage":34,"enemies":"Collector","floor":33,"turns":8},{"damage":0,"enemies":"3 Shapes","floor":35,"turns":4},{"damage":7,"enemies":"Orb Walker","floor":36,"turns":3},{"damage":17,"enemies":"3 Darklings","floor":37,"turns":4},{"damage":41,"enemies":"Nemesis","floor":41,"turns":7},{"damage":13,"enemies":"Spire Growth","floor":42,"turns":5},{"damage":23,"enemies":"Mind Bloom Boss Battle","floor":46,"turns":6},{"damage":26,"enemies":"Transient","floor":48,"turns":5},{"damage":42,"enemies":"Awakened One","floor":50,"turns":14}],"seed_played":"-5362242652225979195","potions_obtained":[{"floor":1,"key":"Swift Potion"},{"floor":4,"key":"SkillPotion"},{"floor":8,"key":"SneckoOil"},{"floor":10,"key":"SmokeBomb"},{"floor":10,"key":"BlessingOfTheForge"},{"floor":10,"key":"FearPotion"},{"floor":11,"key":"Regen Potion"},{"floor":16,"key":"Block Potion"},{"floor":19,"key":"Explosive Potion"},{"floor":33,"key":"FairyPotion"},{"floor":41,"key":"Energy Potion"},{"floor":46,"key":"SkillPotion"}],"is_trial":false,"path_per_floor":["M","?","M","M","M","R","$","E","T","?","E","M","?","T","R","B",null,"M","M","M","?","?","E","$","?","T","E","M","M","$","M","R","B",null,"M","M","M","$","?","$","E","M","T","?","?","?","R","M","R","B",null],"character_chosen":"NECROMANCER","items_purchased":["Summon_Lich","Lee\u0027s Waffle","Summon_Lich"],"campfire_rested":2,"item_purchase_floors":[24,24,30],"current_hp_per_floor":[75,75,75,75,67,67,67,44,44,44,34,33,33,33,55,10,75,75,70,63,63,63,32,82,82,82,82,82,78,78,66,82,75,82,82,82,67,67,72,72,45,52,52,52,52,75,75,75,75,78],"gold":192,"neow_bonus":"THREE_ENEMY_KILL","is_daily":false,"chose_seed":false,"campfire_upgraded":3,"win_rate":0.0,"timestamp":1611502547,"path_taken":["M","?","M","M","M","R","$","E","T","?","E","M","?","?","R","BOSS","M","M","M","?","?","E","$","?","T","E","M","M","$","M","R","BOSS","M","M","M","$","?","$","E","M","T","?","?","?","R","M","R","BOSS"],"items_purchased_type":["Card","Relic","Card"],"build_version":"2020-12-22","purchased_purges":4,"victory":true,"max_hp_per_floor":[75,75,75,75,75,75,75,75,75,75,75,75,75,75,75,75,75,75,75,75,75,75,75,82,82,82,82,82,82,82,82,82,82,82,82,82,82,82,82,82,82,82,82,82,78,78,78,78,78,78],"card_choices":[{"not_picked":["Life_Drain","Vampiric_Strike"],"picked":"Stop_Heart","floor":1},{"not_picked":["Death_March_Dance","Negative_Energy_Burst"],"picked":"Spectral_Armor","floor":3},{"not_picked":["Necrotic_Claws","Bone_Spikes"],"picked":"Negative_Energy_Javelin","floor":4},{"not_picked":["Blood_for_Blood","Shackles_Of_Pain"],"picked":"Negative_Energy_Shield","floor":5},{"not_picked":["Acid_Javelin","Shackles_Of_Pain","Negative_Energy_Javelin"],"picked":"SKIP","floor":8},{"not_picked":["Pandemic","Stop_Heart","Plague_Bolt"],"picked":"SKIP","floor":11},{"not_picked":["Blood_Shield","Finger_Of_Death","Deaths_Shadow"],"picked":"SKIP","floor":12},{"not_picked":["Requiem","Cloudkill"],"picked":"Summon_Vampire_Lady","floor":16},{"not_picked":["Toxic_Smoke_Screen","Vampiric_Strike+1","Blood_Curse"],"picked":"SKIP","floor":18},{"not_picked":["Scare+1","Toxic_Smoke_Screen","Blood_Is_Power"],"picked":"SKIP","floor":19},{"not_picked":["Negative_Energy_Sphere","Epidemic"],"picked":"Bone_Armor","floor":20},{"not_picked":["Spectral_Walk+1","Detonate_Bones","Necromantic_Selection"],"picked":"SKIP","floor":23},{"not_picked":["Toxic_Smoke_Screen","Corrupt"],"picked":"Summon_Vampire_Lady","floor":27},{"not_picked":["Blood_Curse+1","Strike_from_Beyond","Hellfire"],"picked":"SKIP","floor":28},{"not_picked":["Blood_Shield","Epidemic+1","Shackles_Of_Pain"],"picked":"SKIP","floor":29},{"not_picked":["Toxic_Smoke_Screen","Negative_Energy_Javelin","Negative_Energy_Shield"],"picked":"SKIP","floor":31},{"not_picked":["Summon_Vampire_Lady","Cloudkill"],"picked":"Skeleton_Dragon","floor":33},{"not_picked":["Thousand_Bone_Knives+1","Blood_Whip"],"picked":"Summon_Lich","floor":35},{"not_picked":["Strike_from_Beyond+1","Vampiric_Strike","Necrotic_Claws+1"],"picked":"SKIP","floor":36},{"not_picked":["Death_March_Dance","Negative_Energy_Bomb"],"picked":"Summon_Lich","floor":37},{"not_picked":["Consume_Illness","Epidemic"],"picked":"Summon_Death_Knight","floor":41},{"not_picked":["Uncharnel+1","Stop_Heart","Bones_to_Steel"],"picked":"SKIP","floor":42},{"not_picked":["Vampiric_Strike","Consume_Illness","Thousand_Bone_Knives"],"picked":"SKIP","floor":48}],"player_experience":92334,"relics_obtained":[{"floor":8,"key":"Potion Belt"},{"floor":9,"key":"Boot"},{"floor":11,"key":"Gremlin Horn"},{"floor":14,"key":"War Paint"},{"floor":23,"key":"White Beast Statue"},{"floor":26,"key":"Dream Catcher"},{"floor":27,"key":"Pantograph"},{"floor":41,"key":"MealTicket"},{"floor":43,"key":"Happy Flower"},{"floor":46,"key":"Du-Vu Doll"}],"event_choices":[{"damage_healed":0,"gold_gain":0,"player_choice":"Box","damage_taken":0,"relics_obtained":["Juzu Bracelet"],"max_hp_gain":0,"max_hp_loss":0,"event_name":"Big Fish","floor":2,"gold_loss":0,"cards_obtained":["Regret"]},{"damage_healed":0,"gold_gain":0,"player_choice":"Got Potions","damage_taken":0,"max_hp_gain":0,"max_hp_loss":0,"event_name":"Lab","floor":10,"gold_loss":0},{"cards_removed":["Strike_W"],"damage_healed":0,"gold_gain":0,"player_choice":"Purged","damage_taken":0,"max_hp_gain":0,"max_hp_loss":0,"event_name":"Purifier","floor":13,"gold_loss":0},{"damage_healed":0,"gold_gain":0,"player_choice":"Ignored","damage_taken":0,"max_hp_gain":0,"max_hp_loss":0,"event_name":"Vampires","floor":21,"gold_loss":0},{"damage_healed":0,"gold_gain":0,"player_choice":"Traded Relic","damage_taken":0,"relics_obtained":["Nloth\u0027s Gift"],"max_hp_gain":0,"max_hp_loss":0,"event_name":"N\u0027loth","floor":22,"relics_lost":["Gremlin Horn"],"gold_loss":0},{"damage_healed":0,"gold_gain":99,"player_choice":"Stole From Cult","damage_taken":0,"max_hp_gain":0,"max_hp_loss":0,"event_name":"Nest","floor":25,"gold_loss":0},{"cards_removed":["Negative_Energy_Javelin"],"damage_healed":5,"gold_gain":0,"player_choice":"Offered Common","damage_taken":0,"max_hp_gain":0,"max_hp_loss":0,"event_name":"Bonfire Elementals","floor":39,"gold_loss":0},{"cards_removed":["Negative_Energy_Javelin"],"damage_healed":5,"gold_gain":0,"player_choice":"Offered Special","damage_taken":0,"max_hp_gain":0,"max_hp_loss":0,"event_name":"Bonfire Elementals","floor":39,"gold_loss":0},{"damage_healed":0,"gold_gain":0,"player_choice":"Ignored","damage_taken":0,"max_hp_gain":0,"max_hp_loss":0,"event_name":"Mysterious Sphere","floor":44,"gold_loss":0},{"damage_healed":0,"gold_gain":0,"player_choice":"Max HP","damage_taken":0,"max_hp_gain":0,"max_hp_loss":4,"event_name":"Winding Halls","floor":45,"gold_loss":0},{"damage_healed":0,"gold_gain":0,"player_choice":"Fight","damage_taken":0,"max_hp_gain":0,"max_hp_loss":0,"event_name":"MindBloom","floor":46,"gold_loss":0}],"is_beta":false,"boss_relics":[{"not_picked":["Runic Dome","Black Star"],"picked":"Snecko Eye"},{"not_picked":["Tiny House","Empty Cage"],"picked":"Coffee Dripper"}],"items_purged_floors":[7,24,30,38],"is_endless":false,"potions_floor_spawned":[1,4,8,11,16,19,27,28,29,31,33,35,36,37,41,42,46,48],"ascension_level":2}}