{"host":"n0aqkby80ppfgdru","time":1611506350,"event":{"mods":["BaseMod","Block Reminder","Minty Spire (QoL Compilation)","Permanent Neow","Quick Restart"],"gold_per_floor":[114,129,129,144,159,159,189,189,264,264,294,309,339,414,414,514,514,529,729,744,759,774,774,804,819,819,849,389,389,404,419,419,519,519,534,549,549,549,564,594,594,355,355,370,400,415,445,460,460,460],"floor_reached":51,"language":"ENG","playtime":3292,"items_purged":["Cloak And Dagger","Parasite"],"score":1026,"play_id":"677a2bcd-eb3a-4181-acff-634f6c140fe3","local_time":"20210124113910","daily_mods":["Draft","Colorless Cards","Terminal"],"is_ascension_mode":false,"campfire_choices":[{"data":"Catalyst","floor":6.0,"key":"SMITH"},{"data":"Crippling Poison","floor":8.0,"key":"SMITH"},{"data":"Panacea","floor":10.0,"key":"SMITH"},{"data":"Noxious Fumes","floor":15.0,"key":"SMITH"},{"data":"Bouncing Flask","floor":23.0,"key":"SMITH"},{"data":"Secret Technique","floor":29.0,"key":"SMITH"},{"data":"Footwork","floor":32.0,"key":"SMITH"},{"data":"Dodge and Roll","floor":41,"key":"SMITH"},{"data":"Footwork","floor":49,"key":"SMITH"}],"circlet_count":0,"master_deck":["Backflip","Cloak And Dagger","PanicButton","Trip","Catalyst+1","PiercingWail","Dagger Spray","Deadly Poison","Cloak And Dagger","Backflip","Dodge and Roll+1","Dodge and Roll+1","Predator+1","Caltrops","Poisoned Stab","Bandage Up","Panacea+1","Backstab","Crippling Poison+1","Dagger Throw+1","Noxious Fumes+1","Master of Strategy","Bouncing Flask+1","Quick Slash+1","Deadly Poison+1","Poisoned Stab+1","PiercingWail","Crippling Poison+1","Footwork+1","Finesse","Secret Technique+1","Catalyst+1","Panache","Dramatic Entrance","Deep Breath+1","Dash+1","Footwork+1","Clumsy","Noxious Fumes+1","Tools of the Trade","Backflip+1","Dash","Parasite","Underhanded Strike"],"relics":["Ring of the Snake","Mercury Hourglass","Oddly Smooth Stone","Bag of Marbles","Philosopher\u0027s Stone","Boot","Darkstone Periapt","Blue Candle","Membership Card","War Paint","Cursed Key","Nunchaku","Pear","Pantograph","Bag of Preparation","Whetstone"],"acts_visited":["Exordium","TheCity","TheBeyond"],"potions_floor_usage":[45,50,50],"damage_taken":[{"damage":0.0,"enemies":"Small Slimes","floor":1.0,"turns":3.0},{"damage":0.0,"enemies":"2 Louse","floor":2.0,"turns":3.0},{"damage":0.0,"enemies":"Jaw Worm","floor":4.0,"turns":4.0},{"damage":0.0,"enemies":"Lots of Slimes","floor":5.0,"turns":2.0},{"damage":3.0,"enemies":"Lagavulin","floor":7.0,"turns":7.0},{"damage":0.0,"enemies":"3 Sentries","floor":11.0,"turns":6.0},{"damage":0.0,"enemies":"Gremlin Gang","floor":12.0,"turns":1.0},{"damage":0.0,"enemies":"Gremlin Nob","floor":13.0,"turns":4.0},{"damage":0.0,"enemies":"The Guardian","floor":16.0,"turns":6.0},{"damage":0.0,"enemies":"3 Byrds","floor":18.0,"turns":2.0},{"damage":0.0,"enemies":"Spheric Guardian","floor":20.0,"turns":2.0},{"damage":0.0,"enemies":"Centurion and Healer","floor":21.0,"turns":4.0},{"damage":0.0,"enemies":"Snake Plant","floor":22.0,"turns":2.0},{"damage":4.0,"enemies":"Book of Stabbing","floor":24.0,"turns":4.0},{"damage":2.0,"enemies":"3 Cultists","floor":25.0,"turns":3.0},{"damage":0.0,"enemies":"Gremlin Leader","floor":27.0,"turns":4.0},{"damage":0.0,"enemies":"Snecko","floor":30.0,"turns":3.0},{"damage":0.0,"enemies":"Shelled Parasite and Fungi","floor":31.0,"turns":3.0},{"damage":5.0,"enemies":"Collector","floor":33.0,"turns":4.0},{"damage":3.0,"enemies":"3 Shapes","floor":35.0,"turns":3.0},{"damage":0,"enemies":"3 Darklings","floor":36,"turns":3},{"damage":0,"enemies":"Writhing Mass","floor":39,"turns":3},{"damage":1,"enemies":"Reptomancer","floor":40,"turns":4},{"damage":0,"enemies":"4 Shapes","floor":44,"turns":2},{"damage":0,"enemies":"Giant Head","floor":45,"turns":5},{"damage":0,"enemies":"Transient","floor":46,"turns":5},{"damage":0,"enemies":"Nemesis","floor":47,"turns":5},{"damage":0,"enemies":"Writhing Mass","floor":48,"turns":4},{"damage":26,"enemies":"Awakened One","floor":50,"turns":14}],"seed_played":"-992185634128019100","potions_obtained":[{"floor":2.0,"key":"GamblersBrew"},{"floor":4.0,"key":"LiquidMemories"},{"floor":13.0,"key":"Swift Potion"},{"floor":16.0,"key":"Energy Potion"},{"floor":24.0,"key":"PowerPotion"},{"floor":25.0,"key":"PowerPotion"},{"floor":36,"key":"Strength Potion"},{"floor":45,"key":"Fire Potion"}],"is_trial":false,"path_per_floor":["M","M","?","M","M","R","E","R","T","R","E","M","E","?","R","B",null,"M","?","M","M","M","R","E","M","T","E","$","R","M","M","R","B",null,"M","M","?","?","M","E","R","$","T","M","E","M","E","M","R","B",null],"character_chosen":"THE_SILENT","items_purchased":["Membership Card","Footwork","Finesse","War Paint","Secret Technique","Poison Potion","Pear","Swift Potion","Footwork"],"campfire_rested":0,"item_purchase_floors":[28,28,28,28,28,28,42,42,42],"current_hp_per_floor":[68,67,66,65,64,63,62,61,60,59,58,57,56,45,45,49,52,51,50,49,48,47,46,42,43,43,42,41,40,39,38,37,32,35,34,33,32,31,36,35,34,40,45,44,43,42,41,46,45,19],"gold":460,"neow_bonus":"","is_daily":true,"chose_seed":false,"campfire_upgraded":9,"win_rate":0.0,"timestamp":1611506350,"path_taken":["M","M","?","M","M","R","E","R","T","R","E","M","E","?","R","BOSS","M","?","M","?","M","R","E","M","T","E","$","R","?","M","R","BOSS","M","M","?","?","M","E","R","$","T","?","E","M","E","M","R","BOSS"],"items_purchased_type":["Relic","Card","Card","Relic","Card","Potion","Relic","Potion","Card"],"build_version":"2020-12-22","purchased_purges":2,"victory":true,"max_hp_per_floor":[68,67,66,65,64,63,62,61,60,59,58,57,56,55,54,53,52,51,50,49,48,47,46,45,44,43,42,41,40,39,38,37,36,35,34,33,32,31,36,35,34,40,45,44,43,42,41,46,45,44],"card_choices":[{"not_picked":["Acrobatics","Slice"],"picked":"Backflip","floor":0.0},{"not_picked":["Quick Slash","Prepared"],"picked":"Cloak And Dagger","floor":0.0},{"not_picked":["Enlightenment","Underhanded Strike"],"picked":"PanicButton","floor":0.0},{"not_picked":["Flying Knee","Impatience"],"picked":"Trip","floor":0.0},{"not_picked":["Endless Agony","Finesse"],"picked":"Catalyst","floor":0.0},{"not_picked":["Finisher","Acrobatics"],"picked":"PiercingWail","floor":0.0},{"not_picked":["PiercingWail","Bane"],"picked":"Dagger Spray","floor":0.0},{"not_picked":["Prepared","PiercingWail"],"picked":"Deadly Poison","floor":0.0},{"not_picked":["Quick Slash","Expertise"],"picked":"Cloak And Dagger","floor":0.0},{"not_picked":["Quick Slash","Mind Blast"],"picked":"Cloak And Dagger","floor":0.0},{"not_picked":["Deadly Poison","Poisoned Stab"],"picked":"Backflip","floor":0.0},{"not_picked":["Flying Knee","Cloak And Dagger"],"picked":"Dodge and Roll","floor":0.0},{"not_picked":["Underhanded Strike","Acrobatics"],"picked":"Dodge and Roll","floor":0.0},{"not_picked":["Mind Blast","Escape Plan"],"picked":"Predator","floor":0.0},{"not_picked":["Cloak And Dagger","Flying Knee"],"picked":"Caltrops","floor":0.0},{"not_picked":["Bane","Dark Shackles"],"picked":"Poisoned Stab","floor":1.0},{"not_picked":["Sucker Punch","Outmaneuver"],"picked":"Bandage Up","floor":2.0},{"not_picked":["PiercingWail","Underhanded Strike"],"picked":"Panacea","floor":4.0},{"not_picked":["Dagger Throw","Acrobatics"],"picked":"Backstab","floor":5.0},{"not_picked":["Expertise","Doppelganger"],"picked":"Crippling Poison","floor":7.0},{"not_picked":["Finisher","Prepared"],"picked":"Dagger Throw","floor":11.0},{"not_picked":["Prepared","Deflect","Deep Breath"],"picked":"SKIP","floor":12.0},{"not_picked":["Blade Dance","Secret Technique"],"picked":"Noxious Fumes","floor":13.0},{"not_picked":["Unload","Secret Technique"],"picked":"Master of Strategy","floor":16.0},{"not_picked":["Deflect","Escape Plan+1"],"picked":"Bouncing Flask","floor":18.0},{"not_picked":["Sucker Punch","Distraction"],"picked":"Quick Slash+1","floor":20.0},{"not_picked":["Deflect","Skewer"],"picked":"Deadly Poison+1","floor":21.0},{"not_picked":["Dagger Spray","Sucker Punch+1"],"picked":"Poisoned Stab+1","floor":22.0},{"not_picked":["Eviscerate+1","Bullet Time","Expertise"],"picked":"SKIP","floor":24.0},{"not_picked":["Setup","Slice"],"picked":"PiercingWail","floor":25.0},{"not_picked":["Storm of Steel","Blind"],"picked":"Crippling Poison","floor":27.0},{"not_picked":["Prepared+1","Cloak And Dagger"],"picked":"Catalyst+1","floor":30.0},{"not_picked":["Prepared","Predator","Flying Knee"],"picked":"SKIP","floor":31.0},{"not_picked":["Apotheosis","Master of Strategy"],"picked":"Panache","floor":33.0},{"not_picked":["Caltrops","Underhanded Strike"],"picked":"Dramatic Entrance","floor":35.0},{"not_picked":["Poisoned Stab","Caltrops"],"picked":"Deep Breath+1","floor":36},{"not_picked":["Poisoned Stab","Dagger Throw","Heel Hook"],"picked":"SKIP","floor":39},{"not_picked":["Flechettes+1","Cloak And Dagger+1"],"picked":"Dash+1","floor":40},{"not_picked":["Flechettes","Flying Knee+1"],"picked":"Noxious Fumes+1","floor":44},{"not_picked":["Finisher","Endless Agony"],"picked":"Tools of the Trade","floor":45},{"not_picked":["Accuracy","Dagger Throw+1"],"picked":"Backflip+1","floor":46},{"not_picked":["Acrobatics","Forethought"],"picked":"Dash","floor":47},{"not_picked":["Expertise","Slice+1"],"picked":"Underhanded Strike","floor":48}],"player_experience":1262273,"relics_obtained":[{"floor":9.0,"key":"Mercury Hourglass"},{"floor":11.0,"key":"Oddly Smooth Stone"},{"floor":13.0,"key":"Bag of Marbles"},{"floor":24.0,"key":"Boot"},{"floor":26.0,"key":"Darkstone Periapt"},{"floor":27.0,"key":"Blue Candle"},{"floor":40,"key":"Nunchaku"},{"floor":43,"key":"Pantograph"},{"floor":45,"key":"Bag of Preparation"},{"floor":47,"key":"Whetstone"}],"event_choices":[{"damage_healed":0.0,"max_hp_gain":0.0,"max_hp_loss":0.0,"gold_gain":0.0,"event_name":"Liars Game","player_choice":"Ignored","floor":3.0,"gold_loss":0.0,"damage_taken":0.0},{"damage_healed":0.0,"max_hp_gain":0.0,"max_hp_loss":0.0,"gold_gain":75.0,"event_name":"World of Goop","player_choice":"Gather Gold","floor":14.0,"gold_loss":0.0,"damage_taken":11.0},{"damage_healed":0.0,"max_hp_gain":0.0,"max_hp_loss":0.0,"gold_gain":250.0,"event_name":"The Joust","player_choice":"Bet on Owner","floor":19.0,"gold_loss":50.0,"damage_taken":0.0},{"damage_healed":0,"gold_gain":0,"player_choice":"Ignored","damage_taken":0,"max_hp_gain":0,"max_hp_loss":0,"event_name":"Tomb of Lord Red Mask","floor":37,"gold_loss":0},{"damage_healed":0,"gold_gain":0,"player_choice":"Full Heal","damage_taken":0,"max_hp_gain":0,"max_hp_loss":0,"event_name":"Wheel of Change","floor":38,"gold_loss":0}],"is_beta":false,"boss_relics":[{"not_picked":["Ring of the Serpent","Tiny House"],"picked":"Philosopher\u0027s Stone"},{"not_picked":["WristBlade","Busted Crown"],"picked":"Cursed Key"}],"items_purged_floors":[28,42],"is_endless":false,"potions_floor_spawned":[2,4,13,16,20,24,25,31,36,45,46],"ascension_level":0}}