{"host":"xc18ixkpjvqrt8st","time":1611472442,"event":{"mods":["Act Like it!","BaseMod","Better Match","Better Third Choice","Conspire","Hallownest","Hermit","Hubris","Infinite Spire","Minty Spire (QoL Compilation)","Robot Space Explorer","Shop Mod","Spicy Shops","StSLib","The Animator","The Jungle","The Marked","The Sage"],"gold_per_floor":[124,152,165,191,225,256,256,256,281,11,11,17,38,66,66,181,181,207,10,38,38,138,138,165,185,231,259,259,279,333,333,333,448,448,474,474,474,488,506,563,64,64,134,134,158,179,195,217,217,225,225,225,417,479,491,491],"floor_reached":55,"language":"ENG","playtime":3377,"items_purged":[],"score":777,"play_id":"57d99016-a188-47d7-98da-4bac589d838f","local_time":"20210124011402","is_ascension_mode":false,"campfire_choices":[{"floor":7,"key":"RECALL"},{"data":"animator:Layla","floor":11,"key":"SMITH"},{"floor":15,"key":"REST"},{"data":"animator:Darkness","floor":23,"key":"SMITH"},{"floor":28,"key":"REST"},{"floor":32,"key":"REST"},{"floor":42,"key":"REST"},{"floor":44,"key":"REST"},{"floor":49,"key":"REST"},{"data":"animator:Chris","floor":52,"key":"SMITH"}],"circlet_count":0,"master_deck":["animator:Strike_Konosuba","animator:Defend_Konosuba","animator:Strike","animator:Strike","animator:Strike","animator:Defend","animator:Defend","animator:Defend","animator:Kazuma","animator:Aqua","animator:Vanir","animator:Layla","animator:YunYun","animator:Chris","animator:Entoma","animator:Darkness","animator:Chris","animator:Mitsurugi","animator:ElricEdward","animator:AcuraShin","animator:Darkness","animator:Benimaru","animator:Emilia","animator:Shalltear","animator:EmiyaShirou","animator:Aqua","animator:Archer","animator:Mitsurugi","animator:PandorasActor","animator:Albedo","animator:AcuraTooru","Machine Learning","animator:Caster","animator:Archer","animator:Mitsurugi","animator:Benimaru","animator:Archer","animator:RoyMustang","animator:Kazuma+1","animator:Shalltear+1","animator:Tatsumaki"],"relics":["animator:TheWolleyCore"],"acts_visited":["Exordium","TheCity","TheBeyond","TheEnding","EYB:TheUnnamedReign"],"potions_floor_usage":[16,20,24,29,33,38,45,50,55],"damage_taken":[{"damage":0,"enemies":"2 Louse","floor":1,"turns":1},{"damage":0,"enemies":"Cultist","floor":2,"turns":1},{"damage":0,"enemies":"Jaw Worm","floor":3,"turns":1},{"damage":0,"enemies":"Large Slime","floor":4,"turns":3},{"damage":2,"enemies":"Exordium Thugs","floor":5,"turns":5},{"damage":12,"enemies":"Gremlin Nob","floor":6,"turns":4},{"damage":2,"enemies":"Blue Slaver","floor":13,"turns":3},{"damage":14,"enemies":"Gremlin Gang","floor":14,"turns":3},{"damage":36,"enemies":"Hexaghost","floor":16,"turns":7},{"damage":0,"enemies":"3 Byrds","floor":18,"turns":6},{"damage":2,"enemies":"2 Thieves","floor":20,"turns":4},{"damage":19,"enemies":"3 Cultists","floor":24,"turns":6},{"damage":11,"enemies":"Snake Plant","floor":25,"turns":4},{"damage":0,"enemies":"conspire:HollyBat","floor":27,"turns":7},{"damage":16,"enemies":"Shelled Parasite and Fungi","floor":29,"turns":4},{"damage":5,"enemies":"Book of Stabbing","floor":30,"turns":6},{"damage":44,"enemies":"hubris:MusketHawk","floor":33,"turns":8},{"damage":25,"enemies":"3 Darklings","floor":35,"turns":5},{"damage":3,"enemies":"3 Shapes","floor":38,"turns":4},{"damage":3,"enemies":"Transient","floor":39,"turns":5},{"damage":37,"enemies":"Giant Head","floor":40,"turns":9},{"damage":0,"enemies":"Jaw Worm Horde","floor":45,"turns":5},{"damage":14,"enemies":"Sphere and 2 Shapes","floor":46,"turns":6},{"damage":10,"enemies":"3 Darklings","floor":47,"turns":4},{"damage":3,"enemies":"Writhing Mass","floor":48,"turns":6},{"damage":88,"enemies":"infinitespire:MassOfShapes","floor":50,"turns":11},{"damage":90,"enemies":"animator:UNNAMED_HAT","floor":54,"turns":11},{"damage":24,"enemies":"animator:UNNAMED_CULTIST_1","floor":55,"turns":6}],"seed_played":"4306216073810180178","potions_obtained":[{"floor":3,"key":"SmokeBomb"},{"floor":4,"key":"Regen Potion"},{"floor":6,"key":"animator:FalseLifePotion"},{"floor":16,"key":"sagemod:Wine"},{"floor":20,"key":"DuplicationPotion"},{"floor":25,"key":"ColorlessPotion"},{"floor":30,"key":"EssenceOfSteel"},{"floor":33,"key":"Regen Potion"},{"floor":39,"key":"GamblersBrew"},{"floor":40,"key":"BlessingOfTheForge"},{"floor":47,"key":"sagemod:Wine"},{"floor":54,"key":"animator:FalseLifePotion"}],"is_trial":false,"path_per_floor":["M","M","M","M","M","E","R","?","T","$","R","$","M","M","R","B",null,"M","$","M","?","?","R","M","M","T","M","R","M","E","?","R","B",null,"M","?","?","M","M","E","$","R","T","R","M","M","M","M","R","B",null,"R","??","M","M"],"character_chosen":"THE_ANIMATOR","items_purchased":["MerchantsRug","animator:Chris","animator:Mitsurugi","animator:ElricEdward","animator:Emilia","Oddly Smooth Stone","Ginger","animator:Archer"],"campfire_rested":6,"item_purchase_floors":[10,10,10,12,19,41,41,41],"current_hp_per_floor":[66,66,67,67,67,56,56,61,61,61,61,61,62,52,74,70,76,78,78,79,64,64,64,47,38,38,42,67,53,52,52,77,38,85,62,42,42,66,68,35,35,61,61,87,88,74,68,69,88,6,90,90,98,12,0,0],"gold":491,"neow_bonus":"THREE_ENEMY_KILL","is_daily":false,"chose_seed":false,"campfire_upgraded":3,"win_rate":0.0,"timestamp":1611472442,"path_taken":["M","M","M","M","M","E","R","?","T","$","R","$","M","M","R","BOSS","M","$","M","?","?","R","M","M","T","?","R","M","E","?","R","BOSS","M","?","?","M","M","E","$","R","T","R","?","M","M","M","R","BOSS","R","??","M","M"],"items_purchased_type":["Relic","Card","Card","Card","Card","Relic","Relic","Card"],"build_version":"2020-12-22","purchased_purges":0,"victory":false,"max_hp_per_floor":[66,66,67,67,67,68,68,73,73,73,73,73,74,76,76,76,76,78,78,79,84,84,84,84,84,84,84,84,84,84,84,84,85,85,85,85,85,87,88,88,88,88,88,88,88,88,88,88,88,90,90,90,98,98,98,98],"card_choices":[{"not_picked":["animator:SilverFang","animator:Kazuma"],"picked":"animator:Vanir","floor":1},{"not_picked":["animator:Benimaru","animator:Demiurge"],"picked":"animator:Layla","floor":2},{"not_picked":["animator:MetalKnight","animator:Alexander"],"picked":"animator:YunYun","floor":3},{"not_picked":["animator:Megumin","animator:Vanir"],"picked":"animator:Chris","floor":4},{"not_picked":["animator:Gluttony","animator:Layla"],"picked":"animator:Entoma","floor":5},{"not_picked":["animator:WinryRockbell","animator:Rider"],"picked":"animator:Darkness","floor":6},{"not_picked":["animator:Illya","animator:SakuraMatou"],"picked":"animator:AcuraShin","floor":13},{"not_picked":["animator:Megumin","animator:Verdia"],"picked":"animator:Darkness","floor":14},{"not_picked":["animator:Boros","animator:Rimuru"],"picked":"animator:Saitama","floor":16},{"not_picked":["animator:Illya","animator:Demiurge"],"picked":"animator:Benimaru","floor":18},{"not_picked":["animator:Gillette","animator:Lancer"],"picked":"animator:Shalltear","floor":20},{"not_picked":["animator:Fredrika","animator:RoyMustang"],"picked":"animator:EmiyaShirou+1","floor":24},{"not_picked":["animator:Mitsurugi","animator:Kazuma"],"picked":"animator:Aqua","floor":25},{"not_picked":["animator:SilverFang","animator:Hakurou"],"picked":"animator:Archer+1","floor":27},{"not_picked":["animator:Viivi","animator:YunYun+1"],"picked":"animator:Mitsurugi+1","floor":29},{"not_picked":["animator:Vesta","animator:Demiurge+1"],"picked":"animator:PandorasActor","floor":30},{"not_picked":["animator:Boros","animator:AcuraShin"],"picked":"animator:Albedo","floor":33},{"not_picked":["animator:Layla","animator:Guy"],"picked":"animator:AcuraTooru","floor":35},{"not_picked":["infinitespire:SealOfDarkness+","infinitespire:TheBestDefense"],"picked":"infinitespire:NeuralNetwork","floor":36},{"not_picked":["animator:AcuraTooru","animator:PandorasActor"],"picked":"animator:Caster","floor":38},{"not_picked":["animator:Rider","animator:SilverFang"],"picked":"animator:ChaikaBohdan","floor":39},{"not_picked":["animator:Souei","animator:SilverFang+1","animator:Guy"],"picked":"SKIP","floor":40},{"not_picked":["animator:Aqua","animator:YunYun"],"picked":"animator:Mitsurugi","floor":45},{"not_picked":["animator:ChaikaBohdan+1","animator:MaesHughes"],"picked":"animator:Benimaru+1","floor":46},{"not_picked":["animator:Verdia","animator:Aqua+1"],"picked":"animator:Archer","floor":47},{"not_picked":["animator:Aqua+1","animator:Assassin"],"picked":"animator:RoyMustang","floor":48},{"not_picked":["animator:Chris","animator:Vesta+1"],"picked":"animator:Tatsumaki","floor":54}],"player_experience":591313,"relics_obtained":[{"floor":6,"key":"animator:ShionDessert"},{"floor":26,"key":"Lantern"},{"floor":30,"key":"Orichalcum"},{"floor":40,"key":"Calipers"},{"floor":43,"key":"HornCleat"},{"floor":53,"key":"animator:TheWolleyCore"}],"event_choices":[{"damage_healed":0,"gold_gain":0,"player_choice":"Donut","damage_taken":0,"max_hp_gain":5,"max_hp_loss":0,"event_name":"Big Fish","floor":8,"gold_loss":0},{"damage_healed":0,"gold_gain":0,"player_choice":"Shed Blood","damage_taken":20,"max_hp_gain":5,"max_hp_loss":0,"event_name":"Forgotten Altar","floor":21,"gold_loss":0},{"damage_healed":0,"gold_gain":100,"player_choice":"Pray","damage_taken":0,"max_hp_gain":0,"max_hp_loss":0,"event_name":"Golden Shrine","floor":22,"gold_loss":0},{"damage_healed":0,"gold_gain":0,"player_choice":"Ignored","damage_taken":0,"max_hp_gain":0,"max_hp_loss":0,"event_name":"Vampires","floor":31,"gold_loss":0},{"damage_healed":0,"gold_gain":0,"player_choice":"Ignored","damage_taken":0,"max_hp_gain":0,"max_hp_loss":0,"event_name":"NoteForYourself","floor":37,"gold_loss":0}],"is_beta":false,"boss_relics":[{"not_picked":["Sozu","Fusion Hammer"],"picked":"conspire:SpecialSausage"},{"not_picked":["Pandora\u0027s Box","hubris:TerracottaHorce"],"picked":"animator:VividPicture"}],"items_purged_floors":[],"is_endless":false,"potions_floor_spawned":[3,4,6,16,20,25,30,33,39,40,47,48,54],"killed_by":"animator:UNNAMED_CULTIST_1","ascension_level":0}}