{"host":"exhp4inpfmbngj23","time":1611472685,"event":{"mods":["Abigail Mod","BaseMod","Beaked The Cultist","Downfall","Friendly Minions","Kiyohime????","Minty Spire (QoL Compilation)","StSLib","The Alterego"],"gold_per_floor":[99,110,110,125,138,38,86,536,553,587,487,487,487,132,144,242,242,242,242,242,254,86,86,86,62,62,76,87,117,117,117,117],"floor_reached":30,"language":"ENG","playtime":1918,"items_purged":["downfall:Icky"],"score":296,"play_id":"42b1f334-5e96-4f3b-883b-c53e13e6cab0","local_time":"20210123231805","is_ascension_mode":false,"campfire_choices":[{"floor":1,"key":"RECALL"},{"floor":6,"key":"REST"},{"floor":11,"key":"REST"},{"data":"bronze:OilSpill","floor":13,"key":"SMITH"},{"data":"bronze:Mutator","floor":18,"key":"SMITH"},{"floor":23,"key":"REST"},{"floor":26,"key":"REST"}],"circlet_count":0,"master_deck":["bronze:Strike","bronze:Strike","bronze:Strike","bronze:Strike","bronze:Defend","bronze:Defend","bronze:Defend","bronze:Defend","bronze:Replicate","bronze:Goto","bronze:OilSpill+1","bronze:WhirlingStrike","bronze:Spike","bronze:DelayedSlice","bronze:InfiniteBeams","bronze:Iterate","downfall:Icky","bronze:Optimize","bronze:Constructor","bronze:Overheat","bronze:Fortify","bronze:Separator","bronze:Branch","bronze:Mutator+1","bronze:Verify","Pain","bronze:Goto","bronze:DelayedSlice+1","bronze:DarkDash","bronze:Branch","bronze:DelayedSlice","bronze:DelayedGuard","bronze:Iterate+1","bronze:DelayedGuard","bronze:WhirlingStrike+1"],"relics":["bronze:BronzeCore","downfall:HeartBlessingRed","Bronze Scales","Boot","downfall:HeartBlessingGreen","Lantern","beaked:SacredDeck","Regal Pillow","Omamori","Dream Catcher","Molten Egg 2"],"acts_visited":["Exordium","TheCity"],"potions_floor_usage":[14,25,25,28,28,30],"damage_taken":[{"damage":0,"enemies":"2 Louse","floor":2,"turns":3},{"damage":16,"enemies":"2 Louse","floor":3,"turns":4},{"damage":0,"enemies":"Small Slimes","floor":4,"turns":3},{"damage":1,"enemies":"Cultist","floor":5,"turns":3},{"damage":21,"enemies":"Exordium Wildlife","floor":9,"turns":3},{"damage":14,"enemies":"Gremlin Nob","floor":10,"turns":3},{"damage":4,"enemies":"downfall:FleeingMerchant","floor":14,"turns":4},{"damage":11,"enemies":"Exordium Thugs","floor":15,"turns":2},{"damage":34,"enemies":"IC_STATUS_ARCHETYPE","floor":16,"turns":6},{"damage":21,"enemies":"Spheric Guardian","floor":21,"turns":4},{"damage":0,"enemies":"downfall:FleeingMerchant","floor":22,"turns":4},{"damage":21,"enemies":"downfall:FleeingMerchant","floor":25,"turns":4},{"damage":12,"enemies":"Shell Parasite","floor":27,"turns":3},{"damage":33,"enemies":"Sentry and Sphere","floor":28,"turns":4},{"damage":15,"enemies":"Book of Stabbing","floor":29,"turns":3},{"damage":10,"enemies":"Snake Plant","floor":30,"turns":3}],"seed_played":"-3813787444746949591","potions_obtained":[{"floor":3,"key":"LiquidBronze"},{"floor":4,"key":"FearPotion"},{"floor":9,"key":"Energy Potion"},{"floor":15,"key":"Energy Potion"},{"floor":27,"key":"Dexterity Potion"},{"floor":28,"key":"EssenceOfSteel"}],"is_trial":false,"path_per_floor":["R","M","?","M","M","R","T","?","M","E","R","?","R","$","M","B",null,"R","?","?","M","$","R","T","$","R","M","M","E","M"],"character_chosen":"THE_AUTOMATON","items_purchased":["bronze:Fortify","Lantern","bronze:Separator","Regal Pillow","Omamori","bronze:DelayedSlice","Dream Catcher"],"campfire_rested":4,"item_purchase_floors":[14,14,14,22,25,25,25],"current_hp_per_floor":[70,70,54,54,53,70,70,70,49,35,56,56,56,52,41,7,70,70,70,70,49,49,70,70,49,70,58,25,10,0,0,0],"gold":117,"neow_bonus":"THREE_CARDS","is_daily":false,"chose_seed":false,"campfire_upgraded":2,"win_rate":0.0,"timestamp":1611472685,"path_taken":["R","M","?","M","M","R","T","?","M","E","R","?","R","?","M","BOSS","R","?","?","?","$","R","T","?","R","?","M","E","M"],"items_purchased_type":["Card","Relic","Card","Relic","Relic","Card","Relic"],"build_version":"2020-12-22","purchased_purges":1,"victory":false,"max_hp_per_floor":[70,70,70,70,70,70,70,70,70,70,70,70,70,70,70,70,70,70,70,70,70,70,70,70,70,70,70,70,70,70,70,70],"card_choices":[{"not_picked":["bronze:GetLatest","bronze:Overload"],"picked":"bronze:OilSpill","floor":0},{"not_picked":["bronze:Turbo","bronze:ChosenStrike"],"picked":"bronze:WhirlingStrike","floor":2},{"not_picked":[],"picked":"bronze:Spike","floor":3},{"not_picked":["bronze:CutThrough","bronze:BitShift"],"picked":"bronze:DelayedSlice","floor":3},{"not_picked":["bronze:Separator","bronze:CloningBeam"],"picked":"bronze:InfiniteBeams","floor":4},{"not_picked":["bronze:Overheat","bronze:Backtrace"],"picked":"bronze:Iterate","floor":5},{"not_picked":["bronze:Turbo","bronze:BugBarrage"],"picked":"bronze:Optimize","floor":9},{"not_picked":["bronze:Shield","bronze:Frontload"],"picked":"bronze:Constructor","floor":10},{"not_picked":["bronze:Hardcode","bronze:BitShift"],"picked":"bronze:Overheat","floor":14},{"not_picked":["bronze:Safeguard","bronze:Overheat"],"picked":"bronze:Branch","floor":15},{"not_picked":["bronze:ShipIt","bronze:InfiniteLoop"],"picked":"bronze:Mutator","floor":16},{"not_picked":["bronze:Shell","bronze:Invalidate"],"picked":"bronze:DelayedSlice+1","floor":21},{"not_picked":["bronze:BronzeOrb","bronze:Backtrace"],"picked":"bronze:DarkDash","floor":22},{"not_picked":["bronze:BuggyMess","bronze:WildBeam"],"picked":"bronze:Branch","floor":25},{"not_picked":["bronze:CloningBeam","bronze:Overload"],"picked":"bronze:DelayedGuard","floor":26},{"not_picked":["bronze:BitShift","bronze:WhirlingStrike"],"picked":"bronze:Iterate+1","floor":27},{"not_picked":["bronze:Hardcode","bronze:CutThrough"],"picked":"bronze:DelayedGuard","floor":28},{"not_picked":["bronze:ClassDefault","bronze:ForLoop+1"],"picked":"bronze:WhirlingStrike+1","floor":29}],"player_experience":2033885,"relics_obtained":[{"floor":7,"key":"Bronze Scales"},{"floor":10,"key":"Boot"},{"floor":29,"key":"Molten Egg 2"}],"event_choices":[],"is_beta":false,"boss_relics":[{"not_picked":["Runic Pyramid","Coffee Dripper"],"picked":"beaked:SacredDeck"}],"items_purged_floors":[14],"is_endless":false,"potions_floor_spawned":[3,4,9,10,15,27,28],"killed_by":"Snake Plant","ascension_level":0}}