{"host":"y76clbnovzmw9ubx","time":1611527546,"event":{"mods":["AchievementEnabler","BaseMod","Minty Spire (QoL Compilation)","Permanent Neow","Relic Stats"],"gold_per_floor":[116,4,15,0,11,41,41,70,139,139,166,184,184,209,209,209,209],"floor_reached":16,"language":"ENG","playtime":696,"items_purged":[],"score":240,"play_id":"bcf2da57-7234-4271-a20e-3fd98bb92c3a","local_time":"20210124173226","is_ascension_mode":true,"campfire_choices":[{"data":"All Out Attack","floor":7,"key":"SMITH"},{"data":"Leg Sweep","floor":10,"key":"SMITH"},{"floor":15,"key":"REST"}],"circlet_count":0,"master_deck":["AscendersBane","Strike_G","Strike_G","Strike_G","Strike_G","Strike_G","Defend_G","Defend_G","Defend_G","Defend_G","Defend_G","Survivor","Neutralize","All Out Attack+1","Sucker Punch","Endless Agony","Leg Sweep+1","Cloak And Dagger","Backstab","Cloak And Dagger","Deflect","Dash"],"relics":["Ring of the Snake","Incense Burner","Bronze Scales","The Courier","Kunai","Golden Idol"],"acts_visited":["Exordium"],"potions_floor_usage":[6,6,8,12],"damage_taken":[{"damage":0,"enemies":"2 Louse","floor":1,"turns":4},{"damage":2,"enemies":"Jaw Worm","floor":3,"turns":4},{"damage":0,"enemies":"Small Slimes","floor":5,"turns":2},{"damage":6,"enemies":"Gremlin Nob","floor":6,"turns":3},{"damage":12,"enemies":"3 Sentries","floor":8,"turns":6},{"damage":36,"enemies":"Lagavulin","floor":11,"turns":8},{"damage":0,"enemies":"3 Louse","floor":12,"turns":1},{"damage":0,"enemies":"Lots of Slimes","floor":14,"turns":3},{"damage":29,"enemies":"Hexaghost","floor":16,"turns":14}],"seed_played":"-13237414793243247","potions_obtained":[{"floor":0,"key":"BlessingOfTheForge"},{"floor":0,"key":"EssenceOfSteel"},{"floor":3,"key":"SteroidPotion"},{"floor":6,"key":"ColorlessPotion"},{"floor":11,"key":"Explosive Potion"}],"is_trial":false,"path_per_floor":["M","$","M","?","M","E","R","E","T","R","E","M","?","M","R","B"],"character_chosen":"THE_SILENT","items_purchased":["Sucker Punch","Endless Agony"],"campfire_rested":1,"item_purchase_floors":[2,2],"current_hp_per_floor":[59,59,57,57,57,51,51,39,39,39,3,3,3,3,21,0,0],"gold":209,"neow_bonus":"THREE_SMALL_POTIONS","is_daily":false,"chose_seed":false,"campfire_upgraded":2,"win_rate":0.0,"timestamp":1611527546,"path_taken":["M","$","M","?","M","E","R","E","T","R","E","M","?","M","R","BOSS"],"items_purchased_type":["Card","Card"],"build_version":"2020-12-22","purchased_purges":0,"victory":false,"max_hp_per_floor":[66,66,66,66,66,66,66,66,66,66,66,66,60,60,60,60,60],"relic_stats":{"counters":[9,45],"Golden Idol":5,"Bronze Scales":[96],"Kunai":[8],"obtain_stats":[{"Golden Idol":13,"Bronze Scales":8,"The Courier":9,"Incense Burner":6,"Kunai":11,"Ring of the Snake":0},{"Golden Idol":7,"Bronze Scales":5,"The Courier":5,"Incense Burner":4,"Kunai":6,"Ring of the Snake":0},{"Golden Idol":28,"Bronze Scales":19,"The Courier":19,"Incense Burner":13,"Kunai":27,"Ring of the Snake":0}],"Ring of the Snake":[19]},"card_choices":[{"not_picked":["Cloak And Dagger","Expertise"],"picked":"All Out Attack","floor":1},{"not_picked":["Underhanded Strike","Tactician","Dodge and Roll"],"picked":"SKIP","floor":3},{"not_picked":["Outmaneuver","Prepared"],"picked":"Leg Sweep","floor":5},{"not_picked":["Accuracy","Prepared"],"picked":"Cloak And Dagger","floor":6},{"not_picked":["Well Laid Plans","Cloak And Dagger"],"picked":"Backstab","floor":8},{"not_picked":["Slice","Quick Slash"],"picked":"Cloak And Dagger","floor":11},{"not_picked":["Dagger Throw","Corpse Explosion"],"picked":"Deflect","floor":12},{"not_picked":["Bane","All Out Attack"],"picked":"Dash","floor":14}],"player_experience":3119835,"relics_obtained":[{"floor":6,"key":"Incense Burner"},{"floor":8,"key":"Bronze Scales"},{"floor":9,"key":"The Courier"},{"floor":11,"key":"Kunai"}],"event_choices":[{"damage_healed":0,"gold_gain":0,"player_choice":"Left Gold","damage_taken":0,"max_hp_gain":0,"max_hp_loss":0,"event_name":"World of Goop","floor":4,"gold_loss":15},{"damage_healed":0,"gold_gain":0,"player_choice":"Lose Max HP","damage_taken":0,"relics_obtained":["Golden Idol"],"max_hp_gain":0,"max_hp_loss":6,"event_name":"Golden Idol","floor":13,"gold_loss":0}],"is_beta":false,"boss_relics":[],"items_purged_floors":[],"is_endless":false,"potions_floor_spawned":[3,6,11],"killed_by":"Hexaghost","ascension_level":20}}