{"host":"7f01flv6y0vhl3vt","time":1611525532,"event":{"mods":["Act Like it!","BaseMod","Downfall","Minty Spire (QoL Compilation)","StSLib"],"gold_per_floor":[99,117,132,132,150,325,376,411,411,6,67,67,93,105,118,118,118,118],"floor_reached":16,"language":"ENG","playtime":3946,"items_purged":["downfall:Malfunctioning"],"score":112,"play_id":"c6f90f17-95bf-48a7-b841-a0eaf99904f8","local_time":"20210124165852","is_ascension_mode":false,"campfire_choices":[{"floor":1,"key":"RECALL"},{"floor":12,"key":"REST"}],"circlet_count":0,"master_deck":["Guardian:Strike_Guardian","Guardian:Strike_Guardian","Guardian:Strike_Guardian","Guardian:Strike_Guardian","Guardian:Defend_Guardian","Guardian:Defend_Guardian","Guardian:Defend_Guardian","Guardian:Defend_Guardian+1","Guardian:CurlUp+1","Guardian:TwinSlam","Guardian:SpikerProtocol+1","Guardian:TimeCapacitor","Guardian:Clone","Doubt","Guardian:DonusPower","Guardian:GuardianWhirl","Guardian:Gem_Green","Guardian:Gem_Crimson","Guardian:Gem_White","Guardian:StasisField","Guardian:Gem_Cyan","Guardian:TimeSifter","Guardian:GuardianWhirl"],"relics":["Guardian:ModeShifter","Blood Vial","Blue Candle","SsserpentHead","Guardian:SackOfGems","InkBottle"],"acts_visited":["Exordium"],"potions_floor_usage":[8,13,16],"damage_taken":[{"damage":11,"enemies":"2 Louse","floor":2,"turns":2},{"damage":5,"enemies":"Small Slimes","floor":3,"turns":4},{"damage":6,"enemies":"Cultist","floor":5,"turns":4},{"damage":41,"enemies":"3 Sentries","floor":8,"turns":12},{"damage":2,"enemies":"downfall:FleeingMerchant","floor":10,"turns":4},{"damage":7,"enemies":"Exordium Wildlife","floor":11,"turns":5},{"damage":14,"enemies":"Lagavulin","floor":13,"turns":11},{"damage":10,"enemies":"2 Fungi Beasts","floor":14,"turns":6},{"damage":10,"enemies":"Exordium Wildlife","floor":15,"turns":7},{"damage":16,"enemies":"DF_ARCHETYPE_STREAMLINE","floor":16,"turns":9}],"seed_played":"-1287184710898508631","potions_obtained":[{"floor":2,"key":"Explosive Potion"},{"floor":11,"key":"LiquidMemories"},{"floor":15,"key":"ColorlessPotion"}],"is_trial":false,"path_per_floor":["R","M","M","?","M","?","T","E","?","$","M","R","E","M","M","B"],"character_chosen":"GUARDIAN","items_purchased":["Guardian:SackOfGems"],"campfire_rested":1,"item_purchase_floors":[10],"current_hp_per_floor":[80,69,66,66,62,62,62,23,23,23,18,42,30,22,14,0,0,0],"gold":118,"neow_bonus":"RANDOM_COMMON_RELIC","is_daily":false,"chose_seed":false,"campfire_upgraded":0,"win_rate":0.0,"timestamp":1611525532,"path_taken":["R","M","M","?","M","?","T","E","?","$","?","R","E","M","M","BOSS"],"items_purchased_type":["Relic"],"build_version":"2020-12-22","purchased_purges":1,"victory":false,"max_hp_per_floor":[80,80,80,80,80,80,80,80,80,80,80,80,80,80,80,80,80,80],"card_choices":[{"not_picked":["Guardian:Gem_Lightblue","Guardian:Clone"],"picked":"Guardian:SpikerProtocol","floor":2},{"not_picked":["Guardian:Gem_Cyan","Guardian:TemporalShield"],"picked":"Guardian:TimeCapacitor","floor":3},{"not_picked":["Guardian:Incinerate","Guardian:CrystalBeam"],"picked":"Guardian:Clone","floor":5},{"not_picked":["Guardian:Gem_Cyan","Guardian:WalkerClaw"],"picked":"Guardian:DonusPower","floor":8},{"not_picked":["Guardian:Gem_Fragmented","Guardian:DecasProtection"],"picked":"Guardian:GuardianWhirl","floor":10},{"not_picked":["Guardian:Planning","Guardian:EvasiveProtocol"],"picked":"Guardian:StasisField","floor":11},{"not_picked":["Guardian:TemporalShield","Guardian:PiercingHide"],"picked":"Guardian:Gem_Cyan","floor":13},{"not_picked":["Guardian:Suspension","Guardian:Gem_Red"],"picked":"Guardian:TimeSifter","floor":14},{"not_picked":["Guardian:Gem_Cyan","Guardian:Recover"],"picked":"Guardian:GuardianWhirl","floor":15}],"player_experience":1381363,"relics_obtained":[{"floor":8,"key":"Blue Candle"},{"floor":13,"key":"InkBottle"}],"event_choices":[{"damage_healed":0,"gold_gain":0,"player_choice":"Trade","damage_taken":0,"relics_obtained":["SsserpentHead"],"max_hp_gain":0,"max_hp_loss":0,"event_name":"FaceTrader","floor":9,"gold_loss":0}],"is_beta":false,"boss_relics":[],"items_purged_floors":[10],"is_endless":false,"potions_floor_spawned":[2,11,15],"killed_by":"DF_ARCHETYPE_STREAMLINE","ascension_level":0}}