{"host":"usdj552hvd2ulznm","time":1611532706,"event":{"mods":["Act Like it!","Aspiration","BaseMod","Better Third Choice","Colored Powertips","Conjunction","Conspire","DeckTracker","Downfall","Emptier Cage","Energized Spire","Gensokyo","GifTheSpireLib","GungeonMod","Halation","Hallownest","Hermit","Hubris","Infinite Spire","Key Reminder","Lobotomy","LobotomyExtend","Minty Spire (QoL Compilation)","Quick Restart","RNG Fix","Railgun Mod","Random Character Mod","Relic Stats","Replay The Spire","Reworked Bosses","Small Relic Pack","StSLib","Stuff the Spire","The Animator","The Blue Laboratory","The IronCluck","The Jungle","Uncapped","WarShipGirlsR/????R mod","vexMod"],"gold_per_floor":[112,127,60,80,90,90,90],"floor_reached":6,"language":"ENG","playtime":250,"items_purged":[],"score":38,"play_id":"8414df84-bd4d-405d-92af-2b810cc99bf0","local_time":"20210124165826","is_ascension_mode":false,"campfire_choices":[],"circlet_count":0,"master_deck":["hermit:Strike_Hermit","hermit:Strike_Hermit","hermit:Strike_Hermit","hermit:Strike_Hermit","hermit:Defend_Hermit","hermit:Defend_Hermit","hermit:Defend_Hermit","hermit:Defend_Hermit","hermit:Snapshot","hermit:Covet","VoidDream","hermit:Enervate","Scorched","hermit:Deadeye","hermit:Enervate","hermit:Showdown","hermit:TrackingShot"],"relics":["hermit:Momento","CogitoBucket","LetterFromLob"],"acts_visited":["Exordium"],"potions_floor_usage":[6],"damage_taken":[{"damage":1,"enemies":"Jaw Worm","floor":1,"turns":3},{"damage":1,"enemies":"Cultist","floor":2,"turns":3},{"damage":10,"enemies":"2 Louse","floor":4,"turns":3},{"damage":13,"enemies":"2 Fungi Beasts","floor":5,"turns":3},{"damage":68,"enemies":"Gremlin Nob","floor":6,"turns":3}],"seed_played":"-730069978500450076","potions_obtained":[{"floor":2,"key":"blueLaboratory:BottledHope"},{"floor":5,"key":"blueLaboratory:ImpenetrablePotion"}],"is_trial":false,"path_per_floor":["M","M","$","M","M","E"],"character_chosen":"HERMIT","items_purchased":["hermit:Enervate"],"campfire_rested":0,"item_purchase_floors":[3],"current_hp_per_floor":[74,73,73,63,50,0,0],"gold":90,"neow_bonus":"","is_daily":false,"chose_seed":false,"campfire_upgraded":0,"win_rate":0.0,"timestamp":1611532706,"path_taken":["M","?","?","M","?","E"],"items_purchased_type":["Card"],"build_version":"2020-12-22","purchased_purges":0,"victory":false,"max_hp_per_floor":[75,75,75,75,75,75,75],"relic_stats":{"counters":[5,15],"obtain_stats":[{"CogitoBucket":0,"LetterFromLob":1,"hermit:Momento":0},{"CogitoBucket":0,"LetterFromLob":1,"hermit:Momento":0},{"CogitoBucket":0,"LetterFromLob":3,"hermit:Momento":0}]},"card_choices":[{"not_picked":["MHz","QueenBee"],"picked":"VoidDream","floor":1},{"not_picked":["hermit:Grudge","hermit:Dive"],"picked":"hermit:Enervate","floor":1},{"not_picked":["CherryBlossoms","BigBadWolf"],"picked":"Scorched","floor":2},{"not_picked":["hermit:Determination","hermit:TakeCover"],"picked":"hermit:Deadeye","floor":2},{"not_picked":["Murderer","Bloodbath","OldLady"],"picked":"Singing Bowl","floor":4},{"not_picked":["hermit:HeroicBravado","hermit:LowProfile"],"picked":"hermit:Showdown","floor":4},{"not_picked":["hermit:Vantage","hermit:LoneWolf"],"picked":"hermit:TrackingShot","floor":5}],"player_experience":470331,"relics_obtained":[{"floor":1,"key":"LetterFromLob"}],"event_choices":[],"is_beta":false,"boss_relics":[],"items_purged_floors":[],"is_endless":false,"potions_floor_spawned":[2,5],"killed_by":"Gremlin Nob","ascension_level":0}}