{"host":"2se5dq1do2gp0x9k","time":1611467733,"event":{"mods":["AchievementEnabler","BaseMod","Block Reminder","Colored Map","Colored Powertips","Minty Spire (QoL Compilation)","Relic Stats","StSLib","SuperFastMode"],"gold_per_floor":[111,33,33,192,192,233,233,277,304,304,373,395,395,395],"floor_reached":13,"language":"ENG","playtime":223,"items_purged":[],"score":278,"play_id":"48fbc82d-a2cb-4369-820f-216aef66f020","local_time":"20210123215533","is_ascension_mode":true,"campfire_choices":[{"data":"Deadly Poison","floor":7,"key":"SMITH"},{"data":"Dash","floor":10,"key":"SMITH"}],"circlet_count":0,"master_deck":["AscendersBane","Strike_G","Strike_G+1","Strike_G","Strike_G","Strike_G","Defend_G","Defend_G","Defend_G","Defend_G+1","Defend_G","Survivor","Neutralize","Deadly Poison+1","Dash+1","Doubt","Flying Knee","Escape Plan","Leg Sweep","Glass Knife"],"relics":["Ring of the Snake","NeowsBlessing","CeramicFish","Regal Pillow","Dream Catcher","Ancient Tea Set","MealTicket"],"acts_visited":["Exordium"],"potions_floor_usage":[11],"damage_taken":[{"damage":0,"enemies":"Jaw Worm","floor":1,"turns":1},{"damage":0,"enemies":"3 Sentries","floor":6,"turns":1},{"damage":0,"enemies":"Gremlin Nob","floor":8,"turns":1},{"damage":15,"enemies":"3 Sentries","floor":11,"turns":9},{"damage":0,"enemies":"Small Slimes","floor":12,"turns":3},{"damage":20,"enemies":"Lagavulin","floor":13,"turns":4}],"seed_played":"6735722353295108405","potions_obtained":[{"floor":6,"key":"AttackPotion"},{"floor":8,"key":"Ancient Potion"}],"is_trial":false,"path_per_floor":["M","$","?","?","?","E","R","E","T","R","?","M","E"],"character_chosen":"THE_SILENT","items_purchased":["Dash"],"campfire_rested":0,"item_purchase_floors":[2],"current_hp_per_floor":[59,59,41,41,21,21,21,21,21,21,6,6,0,0],"gold":395,"neow_bonus":"THREE_ENEMY_KILL","is_daily":false,"chose_seed":false,"campfire_upgraded":2,"win_rate":0.0,"timestamp":1611467733,"path_taken":["M","$","?","?","?","E","R","E","T","R","?","M","E"],"items_purchased_type":["Card"],"build_version":"2020-12-22","purchased_purges":0,"victory":false,"max_hp_per_floor":[66,66,66,66,66,66,66,66,66,66,66,66,66,66],"relic_stats":{"Regal Pillow":0,"Dream Catcher":0,"counters":[6,19],"CeramicFish":45,"MealTicket":0,"obtain_stats":[{"Regal Pillow":6,"Dream Catcher":8,"NeowsBlessing":0,"CeramicFish":3,"MealTicket":11,"Ancient Tea Set":9,"Ring of the Snake":0},{"Regal Pillow":2,"Dream Catcher":3,"NeowsBlessing":0,"CeramicFish":1,"MealTicket":4,"Ancient Tea Set":3,"Ring of the Snake":0},{"Regal Pillow":2,"Dream Catcher":3,"NeowsBlessing":0,"CeramicFish":1,"MealTicket":12,"Ancient Tea Set":3,"Ring of the Snake":0}],"Ring of the Snake":[12]},"card_choices":[{"not_picked":["Backflip","Deflect"],"picked":"Deadly Poison","floor":1},{"not_picked":["Caltrops","Masterful Stab"],"picked":"Flying Knee","floor":6},{"not_picked":["Slice","Outmaneuver"],"picked":"Escape Plan","floor":8},{"not_picked":["Underhanded Strike","Poisoned Stab"],"picked":"Leg Sweep","floor":11},{"not_picked":["Choke","Dagger Throw"],"picked":"Glass Knife","floor":12}],"player_experience":3950384,"relics_obtained":[{"floor":6,"key":"Regal Pillow"},{"floor":8,"key":"Dream Catcher"},{"floor":9,"key":"Ancient Tea Set"},{"floor":11,"key":"MealTicket"}],"event_choices":[{"damage_healed":0,"gold_gain":0,"player_choice":"Success","damage_taken":18,"relics_obtained":["CeramicFish"],"max_hp_gain":0,"max_hp_loss":0,"event_name":"Scrap Ooze","floor":3,"gold_loss":0},{"damage_healed":0,"gold_gain":150,"player_choice":"AGREE","damage_taken":0,"max_hp_gain":0,"max_hp_loss":0,"event_name":"Liars Game","floor":4,"gold_loss":0,"cards_obtained":["Doubt"]},{"damage_healed":0,"gold_gain":0,"player_choice":"Entered Light","damage_taken":20,"max_hp_gain":0,"max_hp_loss":0,"event_name":"Shining Light","floor":5,"gold_loss":0,"cards_upgraded":["Defend_G","Strike_G"]},{"damage_healed":0,"gold_gain":0,"player_choice":"Searched \u00272\u0027 times","damage_taken":0,"max_hp_gain":0,"max_hp_loss":0,"event_name":"Dead Adventurer","floor":11,"gold_loss":0}],"is_beta":false,"boss_relics":[],"items_purged_floors":[],"is_endless":false,"potions_floor_spawned":[6,8],"killed_by":"Lagavulin","ascension_level":20}}