{"host":"kiczkwpc36uxnkg8","time":1611523380,"event":{"mods":["AchievementEnabler","Act Like it!","Aspiration","BaseMod","Colored Powertips","Energized Spire","GifTheSpireLib","Hubris","Infinite Spire","Koishi","Minty Spire (QoL Compilation)","Pale of the Ancients","Permanent Neow","Quick Restart","Relic Filter","Remilia??????","Replay The Spire","Spicy Shops","StSLib","Stuff the Spire","The Bug Knight","The Servant 0.9.4","Wandering Minibosses"],"gold_per_floor":[115,115,115,115,127,127,143,43,43,63,73,73,73,89,89,89,89],"floor_reached":16,"language":"ENG","playtime":1156,"items_purged":[],"score":101,"play_id":"9d407dc7-e98f-451c-b945-f0673c8dbe84","local_time":"20210124212300","is_ascension_mode":true,"campfire_choices":[{"data":"KidneyShot","floor":6,"key":"SMITH"},{"floor":12,"key":"REST"},{"data":"TimeWarp","floor":15,"key":"SMITH"}],"circlet_count":0,"master_deck":["Strike_S","Strike_S","Strike_S","Strike_S","Defend_S","Defend_S","KidneyShot+1","Exchange","Ricochet","Pain","Replace","Rearm","PendulumOfEternity+1","Alleviate","Foresight","TimeWarp+1"],"relics":["Uniform","WarpedTongs","HollowMod:StagPassRelic"],"acts_visited":["Exordium"],"potions_floor_usage":[2],"damage_taken":[{"damage":7,"enemies":"Small Slimes","floor":1,"turns":3},{"damage":6,"enemies":"Cultist","floor":5,"turns":4},{"damage":4,"enemies":"2 Louse","floor":7,"turns":2},{"damage":14,"enemies":"Looter","floor":10,"turns":4},{"damage":11,"enemies":"Exordium Thugs","floor":11,"turns":2},{"damage":9,"enemies":"2 Fungi Beasts","floor":14,"turns":3},{"damage":55,"enemies":"Slime Boss","floor":16,"turns":9}],"seed_played":"-8483700501712506442","potions_obtained":[{"floor":1,"key":"DuplicationPotion"},{"floor":2,"key":"Fruit Juice"},{"floor":2,"key":"Dexterity Potion"},{"floor":2,"key":"Languid Potion"}],"is_trial":false,"path_per_floor":["M","?","$","?","M","R","M","$","T","M","M","R","?","M","R","B"],"character_chosen":"THE_SERVANT","items_purchased":["PendulumOfEternity+1"],"campfire_rested":1,"item_purchase_floors":[8],"current_hp_per_floor":[52,57,57,57,51,51,47,47,47,33,22,41,56,47,47,0,0],"gold":89,"neow_bonus":"REMOVE_TWO","is_daily":false,"chose_seed":false,"campfire_upgraded":2,"win_rate":0.0,"timestamp":1611523380,"path_taken":["M","?","?","?","M","R","M","$","T","M","?","R","?","M","R","BOSS"],"items_purchased_type":["Card"],"build_version":"2020-12-22","purchased_purges":0,"victory":false,"max_hp_per_floor":[59,64,64,64,64,64,64,64,64,64,64,64,64,64,64,64,64],"card_choices":[{"not_picked":["FastForward","Revamp"],"picked":"Ricochet","floor":1},{"not_picked":["Potential","Gouge"],"picked":"Replace","floor":5},{"not_picked":["Defy","SpecialFormula"],"picked":"Rearm","floor":7},{"not_picked":["GearUp","ShatteredReality"],"picked":"Alleviate","floor":10},{"not_picked":["ShatteredReality","Starlight"],"picked":"Foresight","floor":11},{"not_picked":["Hightail","DancingSilver"],"picked":"TimeWarp","floor":14}],"player_experience":635842,"relics_obtained":[{"floor":9,"key":"HollowMod:StagPassRelic"}],"event_choices":[{"damage_healed":0,"gold_gain":0,"player_choice":"Got Potions","damage_taken":0,"max_hp_gain":0,"max_hp_loss":0,"event_name":"Lab","floor":2,"gold_loss":0},{"damage_healed":0,"gold_gain":0,"player_choice":"Rummage","damage_taken":0,"relics_obtained":["WarpedTongs"],"max_hp_gain":0,"max_hp_loss":0,"event_name":"Accursed Blacksmith","floor":4,"gold_loss":0,"cards_obtained":["Pain"]}],"is_beta":false,"boss_relics":[],"items_purged_floors":[],"is_endless":false,"potions_floor_spawned":[1,10,11],"killed_by":"Slime Boss","ascension_level":2}}