{"host":"3imo7wsdyu7efakj","time":1611479327,"event":{"mods":["ATMod(°¢èªMod)","BaseMod","Downfall","Minty Spire (QoL Compilation)","StSLib"],"gold_per_floor":[99,99,99,99,119,139,164,179,79,79,97,97,114,142,153,248,248,48,62,162,179,198,273,328,54,54,54,68,83,83,115,134,231,231,231,251,266,266,283,283,328,356,447,505,505,634,266,318,353,353,353,353],"floor_reached":50,"language":"ZHS","playtime":2992,"items_purged":["Parasite"],"score":704,"play_id":"3fc7428b-086d-4f99-9648-48f1becc0c55","local_time":"20210124170847","is_ascension_mode":false,"campfire_choices":[{"data":"AT_ShadowStep","floor":1.0,"key":"SMITH"},{"data":"bronze:InfiniteLoop","floor":9.0,"key":"SMITH"},{"floor":12.0,"key":"RECALL"},{"data":"AT_EmpoweredMortalDraw","floor":18.0,"key":"SMITH"},{"data":"bronze:SpaghettiCode","floor":27.0,"key":"SMITH"},{"data":"bronze:Terminator","floor":30,"key":"SMITH"},{"data":"bronze:TinkerersToolbox","floor":35,"key":"SMITH"},{"data":"bronze:FineTuning","floor":40,"key":"SMITH"}],"circlet_count":0,"master_deck":["bronze:Strike","bronze:Strike","bronze:Defend","bronze:Defend","bronze:Defend","bronze:Defend","bronze:Replicate","bronze:Goto","AT_ShadowStep+1","bronze:Flail","bronze:InfiniteLoop+1","bronze:DelayedSlice","bronze:Branch","bronze:Backtrace","bronze:FineTuning+1","bronze:Turbo","bronze:SpaghettiCode+1","AT_EmpoweredMortalDraw+1","bronze:Backtrace","bronze:ClassDefault+1","bronze:Backtrace+1","bronze:Overload","bronze:Terminator+1","bronze:Verify+1","bronze:TinkerersToolbox+1","bronze:Repulsor+1"],"relics":["bronze:BronzeCore","AT_ATBox","downfall:HeartsMalice","downfall:HeartBlessingBlue","bronze:CableSpool","AT_MortalBlade","downfall:HeartBlessingRed","downfall:HeartBlessingGreen","downfall:GremlinWheel","Singing Bowl","Anchor","Frozen Egg 2","Pear","Busted Crown","Happy Flower","AT_MibuBalloonWealth","Blood Vial","AT_BladeRuinedKing","Ice Cream","bronze:DecasWashers","hexamod:BolsterEngine"],"acts_visited":["Exordium","TheCity","TheBeyond"],"potions_floor_usage":[33,33,33,42,46,50,50],"damage_taken":[{"damage":0.0,"enemies":"Jaw Worm","floor":2.0,"turns":1.0},{"damage":0.0,"enemies":"Cultist","floor":3.0,"turns":1.0},{"damage":0.0,"enemies":"2 Louse","floor":4.0,"turns":1.0},{"damage":11.0,"enemies":"Exordium Wildlife","floor":5.0,"turns":2.0},{"damage":0.0,"enemies":"Lots of Slimes","floor":6.0,"turns":1.0},{"damage":0.0,"enemies":"Exordium Thugs","floor":8.0,"turns":3.0},{"damage":0.0,"enemies":"Large Slime","floor":11.0,"turns":3.0},{"damage":0.0,"enemies":"Exordium Wildlife","floor":13.0,"turns":3.0},{"damage":13.0,"enemies":"3 Sentries","floor":14.0,"turns":4.0},{"damage":0.0,"enemies":"2 Fungi Beasts","floor":15.0,"turns":2.0},{"damage":21.0,"enemies":"SI_SHIV_ARCHETYPE","floor":16.0,"turns":5.0},{"damage":0.0,"enemies":"Spheric Guardian","floor":19.0,"turns":1.0},{"damage":0.0,"enemies":"Spheric Guardian","floor":20.0,"turns":1.0},{"damage":0.0,"enemies":"Shelled Parasite and Fungi","floor":21.0,"turns":2.0},{"damage":0.0,"enemies":"Sentry and Sphere","floor":22.0,"turns":1.0},{"damage":10.0,"enemies":"downfall:FleeingMerchant","floor":25.0,"turns":4.0},{"damage":0.0,"enemies":"Centurion and Healer","floor":28.0,"turns":2.0},{"damage":0.0,"enemies":"3 Cultists","floor":29.0,"turns":3.0},{"damage":0,"enemies":"Slavers","floor":31,"turns":2},{"damage":0,"enemies":"Snecko","floor":32,"turns":1},{"damage":15,"enemies":"DF_ARCHETYPE_CLAW","floor":33,"turns":5},{"damage":0,"enemies":"3 Shapes","floor":36,"turns":2},{"damage":0,"enemies":"Orb Walker","floor":37,"turns":1},{"damage":0,"enemies":"Writhing Mass","floor":39,"turns":3},{"damage":14,"enemies":"Giant Head","floor":42,"turns":5},{"damage":15,"enemies":"Sphere and 2 Shapes","floor":43,"turns":3},{"damage":0,"enemies":"Nemesis","floor":44,"turns":2},{"damage":0,"enemies":"Reptomancer","floor":46,"turns":2},{"damage":0,"enemies":"downfall:FleeingMerchant","floor":47,"turns":1},{"damage":0,"enemies":"Spire Growth","floor":49,"turns":2},{"damage":93,"enemies":"IC_BLOCK_ARCHETYPE","floor":50,"turns":4}],"seed_played":"-5675637883194591688","potions_obtained":[{"floor":5.0,"key":"Fire Potion"},{"floor":6.0,"key":"Guardian:BlockOnCardUsePotion"},{"floor":11.0,"key":"Ancient Potion"},{"floor":14.0,"key":"bronze:FreeFunctionsPotion"},{"floor":19.0,"key":"SneckoOil"},{"floor":20.0,"key":"PowerPotion"},{"floor":28.0,"key":"DistilledChaos"},{"floor":32,"key":"ColorlessPotion"},{"floor":37,"key":"Explosive Potion"},{"floor":38,"key":"PowerPotion"},{"floor":38,"key":"PowerPotion"},{"floor":38,"key":"Swift Potion"},{"floor":42,"key":"FearPotion"}],"is_trial":false,"path_per_floor":["R","M","M","M","M","M","T","M","R","?","M","R","M","E","M","B",null,"R","M","?","M","M","T","T","$","?","R","M","M","R","E","M","B",null,"R","M","M","?","M","R","T","E","M","E","?","E","?","T","M","B"],"character_chosen":"THE_AUTOMATON","items_purchased":["Frozen Egg 2","Ice Cream","bronze:DecasWashers","bronze:Repulsor+1"],"campfire_rested":0,"item_purchase_floors":[25,47,47,47],"current_hp_per_floor":[70,70,70,70,59,59,59,59,69,69,69,69,69,56,56,35,80,80,80,80,80,80,80,80,70,70,70,72,72,72,82,84,69,94,94,96,98,98,100,100,100,88,75,77,77,81,85,85,89,0,0,0],"gold":353,"neow_bonus":"THREE_ENEMY_KILL","is_daily":false,"chose_seed":false,"campfire_upgraded":7,"win_rate":0.0,"timestamp":1611479327,"path_taken":["R","M","M","M","M","M","T","M","R","?","M","R","M","E","M","BOSS","R","M","?","?","M","?","T","$","?","R","M","M","R","E","M","BOSS","R","M","?","?","M","R","T","E","?","E","?","E","?","?","M","BOSS"],"items_purchased_type":["Relic","Relic","Relic","Card"],"build_version":"2020-12-22","purchased_purges":1,"victory":false,"max_hp_per_floor":[70,70,70,70,70,70,70,70,80,80,80,80,80,80,80,80,80,80,80,80,80,80,80,80,80,80,80,82,82,82,92,94,94,94,94,96,98,98,100,100,100,102,104,106,106,108,107,107,109,109,109,109],"card_choices":[{"not_picked":["bronze:Frontload","bronze:FollowUp"],"picked":"bronze:Flail","floor":2.0},{"not_picked":["bronze:Flail","bronze:Shell","bronze:Separator"],"picked":"SKIP","floor":3.0},{"not_picked":["bronze:Frontload","bronze:Shield","bronze:ForceShield"],"picked":"SKIP","floor":4.0},{"not_picked":["bronze:Philosophize","bronze:ItsAFeature"],"picked":"bronze:InfiniteLoop","floor":5.0},{"not_picked":["bronze:WildBeam","bronze:Deprecate"],"picked":"bronze:DelayedSlice","floor":6.0},{"not_picked":["bronze:ForLoop","bronze:Overheat"],"picked":"bronze:Branch","floor":8.0},{"not_picked":["bronze:Shell","bronze:Safeguard"],"picked":"bronze:Backtrace","floor":11.0},{"not_picked":["bronze:Separator","bronze:Overheat"],"picked":"bronze:FineTuning","floor":13.0},{"not_picked":["bronze:Shell","bronze:Invalidate"],"picked":"bronze:Turbo","floor":14.0},{"not_picked":["bronze:ForceShield","bronze:Branch","bronze:BuggyMess"],"picked":"SKIP","floor":15.0},{"not_picked":["bronze:HardenedForm","bronze:Break"],"picked":"bronze:SpaghettiCode","floor":16.0},{"not_picked":["bronze:Overheat","bronze:Turbo"],"picked":"bronze:Backtrace","floor":19.0},{"not_picked":["bronze:Invalidate+1","bronze:WildBeam+1"],"picked":"bronze:ClassDefault+1","floor":21.0},{"not_picked":["bronze:Deprecate","bronze:Branch","bronze:Overheat+1"],"picked":"SKIP","floor":22.0},{"not_picked":["bronze:ItsAFeature","bronze:Iterate"],"picked":"bronze:Backtrace+1","floor":25.0},{"not_picked":["bronze:BuggyMess","bronze:OilSpill","bronze:Philosophize"],"picked":"Singing Bowl","floor":28.0},{"not_picked":["bronze:Shield","bronze:DelayedGuard+1"],"picked":"bronze:Terminator","floor":29.0},{"not_picked":["bronze:OilSpill","bronze:CleanCode+1"],"picked":"bronze:Verify+1","floor":31},{"not_picked":["bronze:DelayedSlice","bronze:OilSpill","bronze:Separator"],"picked":"Singing Bowl","floor":32},{"not_picked":["bronze:Format","bronze:Hardcode+1"],"picked":"bronze:TinkerersToolbox","floor":33},{"not_picked":["bronze:BugBarrage+1"],"picked":"Singing Bowl","floor":36},{"not_picked":["bronze:WildBeam"],"picked":"Singing Bowl","floor":37},{"not_picked":["bronze:WildBeam"],"picked":"Singing Bowl","floor":39},{"not_picked":["bronze:Constructor"],"picked":"Singing Bowl","floor":42},{"not_picked":["bronze:BugBarrage"],"picked":"Singing Bowl","floor":43},{"not_picked":["bronze:ForLoop"],"picked":"Singing Bowl","floor":44},{"not_picked":["bronze:Philosophize+1"],"picked":"Singing Bowl","floor":46},{"not_picked":["bronze:Shield+1"],"picked":"Singing Bowl","floor":47},{"not_picked":["bronze:ClassDefault+1"],"picked":"Singing Bowl","floor":49}],"player_experience":286546,"relics_obtained":[{"floor":14.0,"key":"bronze:CableSpool"},{"floor":20.0,"key":"downfall:GremlinWheel"},{"floor":23.0,"key":"Singing Bowl"},{"floor":24.0,"key":"Anchor"},{"floor":31,"key":"Pear"},{"floor":41,"key":"Happy Flower"},{"floor":42,"key":"AT_MibuBalloonWealth"},{"floor":44,"key":"Blood Vial"},{"floor":46,"key":"AT_BladeRuinedKing"},{"floor":48,"key":"hexamod:BolsterEngine"}],"event_choices":[{"cards_removed":["bronze:Strike"],"damage_healed":0.0,"max_hp_gain":0.0,"max_hp_loss":0.0,"gold_gain":0.0,"event_name":"The Cleric","player_choice":"Card Removal","floor":10.0,"gold_loss":0.0,"damage_taken":0.0},{"damage_healed":0,"gold_gain":0,"player_choice":"Got Potions","damage_taken":0,"max_hp_gain":0,"max_hp_loss":0,"event_name":"Lab","floor":38,"gold_loss":0}],"is_beta":false,"boss_relics":[{"not_picked":["Pandora\u0027s Box","bronze:ElectromagneticCoil"],"picked":"AT_MortalBlade"},{"not_picked":["bronze:MakeshiftBattery","Fusion Hammer"],"picked":"Busted Crown"}],"items_purged_floors":[47],"is_endless":false,"potions_floor_spawned":[5,6,11,14,19,20,28,32,37,42,43,44],"killed_by":"IC_BLOCK_ARCHETYPE","ascension_level":0}}