{"host":"928gv66myv2vlnsd","time":1611511174,"event":{"mods":["BaseMod","Minty Spire (QoL Compilation)","StSLib"],"gold_per_floor":[110,110,110,124,199,226,226,256,327,62,93,93,10,41,41,41,41],"floor_reached":16,"language":"ENG","playtime":589,"items_purged":["Strike_R"],"score":291,"play_id":"7541905d-c105-4e56-ba8f-fa14682116bf","local_time":"20210124125934","is_ascension_mode":true,"campfire_choices":[{"floor":7,"key":"REST"},{"floor":12,"key":"REST"},{"floor":15,"key":"REST"}],"circlet_count":0,"master_deck":["AscendersBane","Strike_R","Strike_R","Strike_R","Strike_R","Defend_R+1","Defend_R+1","Defend_R","Defend_R","Bash","Hemokinesis+1","Pommel Strike","Blood for Blood","Evolve","Inflame","Headbutt","Burning Pact","Sword Boomerang"],"relics":["Burning Blood","NeowsBlessing","Nunchaku","Potion Belt","War Paint","Bottled Flame","Eternal Feather","Du-Vu Doll"],"acts_visited":["Exordium"],"potions_floor_usage":[11,16,16,16,16,16,16,16],"damage_taken":[{"damage":0,"enemies":"Jaw Worm","floor":1,"turns":1},{"damage":0,"enemies":"2 Louse","floor":4,"turns":2},{"damage":0,"enemies":"Gremlin Nob","floor":6,"turns":1},{"damage":34,"enemies":"3 Sentries","floor":8,"turns":7},{"damage":31,"enemies":"Lagavulin","floor":11,"turns":4},{"damage":34,"enemies":"Gremlin Nob","floor":14,"turns":4},{"damage":47,"enemies":"The Guardian","floor":16,"turns":10}],"seed_played":"-1820125918040119575","potions_obtained":[{"floor":1,"key":"SkillPotion"},{"floor":8,"key":"SpeedPotion"},{"floor":11,"key":"SpeedPotion"},{"floor":14,"key":"Block Potion"}],"is_trial":false,"path_per_floor":["M","?","?","M","?","E","R","E","T","$","E","R","$","E","R","B"],"character_chosen":"IRONCLAD","items_purchased":["Inflame","EntropicBrew","Burning Pact"],"campfire_rested":3,"item_purchase_floors":[10,10,13],"current_hp_per_floor":[74,39,39,45,34,40,62,34,34,34,9,40,40,12,43,0,0],"gold":41,"neow_bonus":"THREE_ENEMY_KILL","is_daily":false,"chose_seed":false,"campfire_upgraded":0,"win_rate":0.0,"timestamp":1611511174,"path_taken":["M","?","?","M","?","E","R","E","T","$","E","R","?","E","R","BOSS"],"items_purchased_type":["Card","Potion","Card"],"build_version":"2020-12-22","purchased_purges":1,"victory":false,"max_hp_per_floor":[75,75,75,75,75,75,75,75,75,75,75,75,75,75,75,75,75],"card_choices":[{"not_picked":["Rampage","Twin Strike"],"picked":"Hemokinesis","floor":1},{"not_picked":["Flex","Perfected Strike"],"picked":"Pommel Strike","floor":4},{"not_picked":["Iron Wave","True Grit"],"picked":"Blood for Blood","floor":6},{"not_picked":["Clash","Wild Strike"],"picked":"Evolve","floor":8},{"not_picked":["Wild Strike","Twin Strike"],"picked":"Headbutt","floor":11},{"not_picked":["Dual Wield","Carnage"],"picked":"Sword Boomerang","floor":14}],"player_experience":1312136,"relics_obtained":[{"floor":6,"key":"Potion Belt"},{"floor":8,"key":"War Paint"},{"floor":9,"key":"Bottled Flame"},{"floor":11,"key":"Eternal Feather"},{"floor":14,"key":"Du-Vu Doll"}],"event_choices":[{"damage_healed":0,"gold_gain":0,"player_choice":"Success","damage_taken":35,"relics_obtained":["Nunchaku"],"max_hp_gain":0,"max_hp_loss":0,"event_name":"Scrap Ooze","floor":2,"gold_loss":0},{"damage_healed":0,"gold_gain":0,"player_choice":"Grow","damage_taken":0,"max_hp_gain":0,"max_hp_loss":0,"event_name":"Living Wall","floor":3,"gold_loss":0,"cards_upgraded":["Hemokinesis"]},{"damage_healed":0,"gold_gain":75,"player_choice":"Gather Gold","damage_taken":11,"max_hp_gain":0,"max_hp_loss":0,"event_name":"World of Goop","floor":5,"gold_loss":0}],"is_beta":false,"boss_relics":[],"items_purged_floors":[10],"is_endless":false,"potions_floor_spawned":[1,8,11,14],"killed_by":"The Guardian","ascension_level":19}}