{"host":"sav7uxregyirlf69","time":1611471499,"event":{"mods":["AchievementEnabler","BaseMod","Colored Map","DeckTracker","Keyboard Shortcuts","Minty Spire (QoL Compilation)","READ ME - Guardian Mod","StSLib","SuperFastMode"],"gold_per_floor":[115,132,132,52,52,52,95,116,116,136,60,60,103,117,117,215,215,240,259,174,174,198,198,36,36,107,107,121,137,155,173,173,267,267,280,280,280,135,159,159,179,219,219,219,219],"floor_reached":44,"language":"KOR","playtime":998,"items_purged":["Strike_G","Strike_G"],"score":950,"play_id":"af7192be-cca2-45c4-891a-7fb89c58cc98","local_time":"20210124155819","is_ascension_mode":true,"campfire_choices":[{"data":"Accuracy","floor":6,"key":"SMITH"},{"floor":12,"key":"REST"},{"data":"Cloak And Dagger","floor":15,"key":"SMITH"},{"data":"Blade Dance","floor":23,"key":"SMITH"},{"data":"Storm of Steel","floor":25,"key":"SMITH"},{"data":"Neutralize","floor":27,"key":"SMITH"},{"data":"Blur","floor":32,"key":"SMITH"},{"data":"Malaise","floor":40,"key":"SMITH"}],"circlet_count":0,"master_deck":["AscendersBane","Strike_G","Defend_G","Defend_G","Defend_G","Defend_G","Defend_G","Survivor","Neutralize+1","Storm of Steel+1","Blur+1","Infinite Blades","Accuracy+1","Neutralize","Cloak And Dagger+1","Tools of the Trade+1","Dagger Spray","Well Laid Plans+1","Footwork+1","Blade Dance+1","Wraith Form v2+1","Escape Plan","Noxious Fumes+1","Accuracy+1","Malaise+1","Infinite Blades+1","After Image+1","PiercingWail","Footwork+1"],"relics":["Ring of the Snake","Golden Idol","Frozen Egg 2","InkBottle","Akabeko","SacredBark","Lantern","Ninja Scroll","Busted Crown","Oddly Smooth Stone","Singing Bowl"],"acts_visited":["Exordium","TheCity","TheBeyond"],"potions_floor_usage":[7,13,18,30],"damage_taken":[{"damage":2,"enemies":"Cultist","floor":1,"turns":5},{"damage":0,"enemies":"Jaw Worm","floor":2,"turns":6},{"damage":18,"enemies":"3 Sentries","floor":7,"turns":10},{"damage":0,"enemies":"2 Louse","floor":8,"turns":3},{"damage":5,"enemies":"Blue Slaver","floor":10,"turns":4},{"damage":6,"enemies":"Lagavulin","floor":13,"turns":7},{"damage":4,"enemies":"Exordium Thugs","floor":14,"turns":4},{"damage":4,"enemies":"Hexaghost","floor":16,"turns":8},{"damage":3,"enemies":"Spheric Guardian","floor":18,"turns":5},{"damage":10,"enemies":"3 Byrds","floor":19,"turns":5},{"damage":0,"enemies":"Centurion and Healer","floor":22,"turns":6},{"damage":3,"enemies":"3 Cultists","floor":28,"turns":4},{"damage":0,"enemies":"Snake Plant","floor":29,"turns":1},{"damage":4,"enemies":"Centurion and Healer","floor":30,"turns":3},{"damage":12,"enemies":"Chosen and Byrds","floor":31,"turns":5},{"damage":18,"enemies":"Automaton","floor":33,"turns":7},{"damage":0,"enemies":"3 Darklings","floor":35,"turns":5},{"damage":0,"enemies":"Orb Walker","floor":39,"turns":3},{"damage":36,"enemies":"3 Darklings","floor":41,"turns":6},{"damage":0,"enemies":"Giant Head","floor":42,"turns":8},{"damage":0,"enemies":"Writhing Mass","floor":44,"turns":1}],"seed_played":"2584822001890921559","potions_obtained":[{"floor":1,"key":"BlessingOfTheForge"},{"floor":7,"key":"Explosive Potion"},{"floor":10,"key":"Fruit Juice"},{"floor":13,"key":"Weak Potion"},{"floor":19,"key":"CunningPotion"},{"floor":22,"key":"Explosive Potion"},{"floor":31,"key":"SpeedPotion"},{"floor":39,"key":"FairyPotion"}],"is_trial":false,"path_per_floor":["M","M","?","$","?","R","E","M","T","M","$","R","E","M","R","B",null,"M","M","?","?","M","R","$","R","T","R","M","M","M","M","R","B",null,"M","?","?","$","M","R","M","E","T","M"],"character_chosen":"THE_SILENT","items_purchased":["Accuracy","Well Laid Plans+1","Accuracy+1","Footwork+1"],"campfire_rested":1,"item_purchase_floors":[4,11,24,38],"current_hp_per_floor":[57,57,34,34,34,34,16,16,16,11,11,30,29,25,25,21,59,56,46,46,46,46,46,46,46,46,46,43,43,39,27,27,9,56,56,56,56,56,56,56,20,20,20,20,20],"gold":219,"neow_bonus":"TRANSFORM_CARD","is_daily":false,"chose_seed":false,"campfire_upgraded":7,"win_rate":0.0,"timestamp":1611471499,"path_taken":["M","M","?","$","?","R","E","M","T","?","$","R","E","M","R","BOSS","M","M","?","?","M","R","$","R","T","R","M","M","M","M","R","BOSS","M","?","?","$","M","R","M","E","T","M"],"items_purchased_type":["Card","Card","Card","Card"],"build_version":"2020-12-22","purchased_purges":2,"victory":false,"max_hp_per_floor":[66,66,66,66,66,66,66,66,66,66,66,66,71,71,71,71,71,71,71,71,71,71,71,71,71,71,71,71,71,71,71,71,71,71,71,67,67,67,67,67,67,67,67,67,67],"card_choices":[{"not_picked":["Dodge and Roll","Deadly Poison"],"picked":"Blur","floor":1},{"not_picked":["Prepared","Leg Sweep"],"picked":"Infinite Blades","floor":2},{"not_picked":["Concentrate","Finisher"],"picked":"Tools of the Trade+1","floor":7},{"not_picked":["Deflect","PiercingWail","Slice"],"picked":"SKIP","floor":8},{"not_picked":["Concentrate","Outmaneuver"],"picked":"Dagger Spray","floor":10},{"not_picked":["Underhanded Strike","Predator"],"picked":"Footwork+1","floor":13},{"not_picked":["Heel Hook","Prepared"],"picked":"Blade Dance","floor":14},{"not_picked":["Night Terror","Venomology"],"picked":"Wraith Form v2+1","floor":16},{"not_picked":["Dodge and Roll","Outmaneuver+1"],"picked":"Escape Plan","floor":18},{"not_picked":["Escape Plan","Blur","Slice"],"picked":"SKIP","floor":19},{"not_picked":["PiercingWail","Flying Knee"],"picked":"Noxious Fumes+1","floor":22},{"not_picked":["Dagger Spray","Concentrate+1","Heel Hook"],"picked":"SKIP","floor":28},{"not_picked":["Slice","Masterful Stab"],"picked":"Malaise","floor":29},{"not_picked":["Noxious Fumes+1","Underhanded Strike","Dagger Throw"],"picked":"SKIP","floor":30},{"not_picked":["Noxious Fumes+1","Dodge and Roll"],"picked":"Infinite Blades+1","floor":31},{"not_picked":["Doppelganger","Tools of the Trade+1"],"picked":"After Image+1","floor":33},{"not_picked":["Sucker Punch"],"picked":"SKIP","floor":35},{"not_picked":["Sucker Punch"],"picked":"SKIP","floor":35},{"not_picked":["Flying Knee+1"],"picked":"SKIP","floor":39},{"not_picked":["Sucker Punch"],"picked":"SKIP","floor":41},{"not_picked":["Riddle With Holes"],"picked":"SKIP","floor":42}],"player_experience":1369597,"relics_obtained":[{"floor":7,"key":"Frozen Egg 2"},{"floor":9,"key":"InkBottle"},{"floor":13,"key":"Akabeko"},{"floor":26,"key":"Ninja Scroll"},{"floor":42,"key":"Oddly Smooth Stone"},{"floor":43,"key":"Singing Bowl"}],"event_choices":[{"damage_healed":0,"gold_gain":0,"player_choice":"Take Damage","damage_taken":23,"relics_obtained":["Golden Idol"],"max_hp_gain":0,"max_hp_loss":0,"event_name":"Golden Idol","floor":3,"gold_loss":0},{"damage_healed":0,"gold_gain":0,"player_choice":"2 cards matched","damage_taken":0,"max_hp_gain":0,"max_hp_loss":0,"event_name":"Match and Keep!","floor":5,"gold_loss":0,"cards_obtained":["Neutralize","Cloak And Dagger"]},{"damage_healed":0,"gold_gain":0,"player_choice":"Obtained Relic","damage_taken":0,"relics_obtained":["Lantern"],"max_hp_gain":0,"max_hp_loss":0,"event_name":"Addict","floor":20,"gold_loss":85},{"damage_healed":0,"gold_gain":0,"player_choice":"Ignored","damage_taken":0,"max_hp_gain":0,"max_hp_loss":0,"event_name":"N\u0027loth","floor":21,"gold_loss":0},{"damage_healed":0,"gold_gain":0,"player_choice":"Max HP","damage_taken":0,"max_hp_gain":0,"max_hp_loss":4,"event_name":"Winding Halls","floor":36,"gold_loss":0},{"damage_healed":0,"gold_gain":0,"cards_transformed":["Strike_G"],"player_choice":"Transformed","damage_taken":0,"max_hp_gain":0,"max_hp_loss":0,"event_name":"Transmorgrifier","floor":37,"gold_loss":0,"cards_obtained":["PiercingWail"]}],"is_beta":false,"boss_relics":[{"not_picked":["Snecko Eye","Velvet Choker"],"picked":"SacredBark"},{"not_picked":["Pandora\u0027s Box","Coffee Dripper"],"picked":"Busted Crown"}],"items_purged_floors":[24,38],"is_endless":false,"potions_floor_spawned":[1,7,10,13,16,19,22,28,31,35,39],"killed_by":"Writhing Mass","ascension_level":20}}