{"host":"10b2ljh1rg6srmxa","time":1611520798,"event":{"mods":["AchievementEnabler","BaseMod","Colored Powertips","Conspire","Downfall","Googly Eyes","Hubris","Infinite Spire","Minty Spire (QoL Compilation)","Replay The Spire","StSLib"],"gold_per_floor":[114,114,130,145,320,320,26,42,69,88,88,105,134,147,147,247,247,264,264,264,264,189,220,230,266,319,20,33,0,0,19,19,19,19],"floor_reached":33,"language":"ENG","playtime":2850,"items_purged":["Doubt"],"score":404,"play_id":"7f778a68-45c8-4253-a108-721f6e787fc7","local_time":"20210124213958","is_ascension_mode":true,"campfire_choices":[{"data":"Cloak And Dagger","floor":6,"key":"SMITH"},{"data":"Footwork","floor":15,"key":"SMITH"},{"data":"Noxious Fumes","floor":32,"key":"SMITH"}],"circlet_count":0,"master_deck":["Strike_G","Strike_G","Strike_G","Strike_G","Strike_G","Defend_G","Defend_G","Defend_G","Defend_G","Defend_G","Survivor","Neutralize","Cloak And Dagger+1","PiercingWail","Backflip","Slice","Noxious Fumes+1","Dodge and Roll","Blade Dance","PiercingWail","Footwork+1","Quick Slash","After Image+1","hubris:InfiniteBlow","Acrobatics","Leg Sweep","Reflex","Poisoned Stab"],"relics":["WristBlade","CultistMask","Membership Card","hubris:Icosahedron","Ice Cream","bronze:MakeshiftBattery","Eternal Feather","sneckomod:BabySnecko","Mirror","conspire:Boomerang","Smiling Mask","Replay:Accelerometer","Strawberry"],"acts_visited":["Exordium","TheCity"],"potions_floor_usage":[16,23,25,25,25,31,31,33],"damage_taken":[{"damage":1,"enemies":"Small Slimes","floor":1,"turns":4},{"damage":0,"enemies":"Cultist","floor":3,"turns":4},{"damage":0,"enemies":"Jaw Worm","floor":4,"turns":5},{"damage":0,"enemies":"3 Louse","floor":8,"turns":4},{"damage":4,"enemies":"2 Fungi Beasts","floor":10,"turns":4},{"damage":0,"enemies":"Looter","floor":12,"turns":3},{"damage":2,"enemies":"3 Sentries","floor":13,"turns":6},{"damage":0,"enemies":"Large Slime","floor":14,"turns":4},{"damage":0,"enemies":"Slime Boss","floor":16,"turns":13},{"damage":6,"enemies":"3 Byrds","floor":18,"turns":6},{"damage":33,"enemies":"Gremlin Leader","floor":23,"turns":8},{"damage":0,"enemies":"Shell Parasite","floor":24,"turns":4},{"damage":29,"enemies":"conspire:Head Lice","floor":25,"turns":13},{"damage":0,"enemies":"Snecko","floor":28,"turns":3},{"damage":0,"enemies":"Cultist and Chosen","floor":31,"turns":5},{"damage":32,"enemies":"Automaton","floor":33,"turns":8}],"seed_played":"6572653516513129873","potions_obtained":[{"floor":1,"key":"LifebloodPotion"},{"floor":3,"key":"Adrenaline Potion"},{"floor":13,"key":"sneckomod:MuddlingPotion"},{"floor":16,"key":"CunningPotion"},{"floor":24,"key":"Weak Potion"},{"floor":28,"key":"AttackPotion"},{"floor":31,"key":"Strength Potion"}],"is_trial":false,"path_per_floor":["M","?","M","M","?","R","$","M","T","M","?","M","E","M","R","B",null,"M","?","AVR","?","?","E","M","E","T","$","M","?","$","M","R","B"],"character_chosen":"THE_SILENT","items_purchased":["Membership Card","Slice","Noxious Fumes","DistilledChaos","AttackPotion","Replay:Accelerometer","Strawberry","Leg Sweep"],"campfire_rested":0,"item_purchase_floors":[7,7,7,27,27,27,27,27],"current_hp_per_floor":[69,69,69,69,69,69,69,69,69,65,65,65,63,63,63,63,70,64,64,64,64,64,31,31,2,2,9,9,9,9,9,24,0,0],"gold":19,"neow_bonus":"BOSS_RELIC","is_daily":false,"chose_seed":false,"campfire_upgraded":3,"win_rate":0.0,"timestamp":1611520798,"path_taken":["M","?","M","?","?","R","$","M","T","M","?","M","E","M","R","BOSS","M","?","AVR","?","?","E","M","E","T","$","M","?","?","M","R","BOSS"],"items_purchased_type":["Relic","Card","Card","Potion","Potion","Relic","Relic","Card"],"build_version":"2020-12-22","purchased_purges":1,"victory":false,"max_hp_per_floor":[70,70,70,70,70,70,70,70,70,70,70,70,70,70,70,70,70,70,70,70,70,70,70,70,70,70,77,77,77,77,77,77,77,77],"card_choices":[{"not_picked":["Outmaneuver","Dodge and Roll"],"picked":"Cloak And Dagger","floor":1},{"not_picked":["Flying Knee","ReplayTheSpireMod:Shiv Toss"],"picked":"PiercingWail","floor":3},{"not_picked":["Expertise","Heel Hook"],"picked":"Backflip","floor":4},{"not_picked":["Dash","Backflip"],"picked":"Dodge and Roll","floor":8},{"not_picked":["Heel Hook","Dagger Throw"],"picked":"Blade Dance","floor":10},{"not_picked":["Bane","Blade Dance"],"picked":"PiercingWail","floor":12},{"not_picked":["Die Die Die","Cloak And Dagger"],"picked":"Footwork","floor":13},{"not_picked":["Dodge and Roll","Deflect"],"picked":"Quick Slash","floor":14},{"not_picked":["Venomology","Phantasmal Killer"],"picked":"After Image","floor":16},{"not_picked":["hubris:SlightOfHand","Quick Slash+1","Outmaneuver"],"picked":"SKIP","floor":18},{"not_picked":["Sucker Punch","PiercingWail","Wraith Form v2"],"picked":"SKIP","floor":23},{"not_picked":["Bane","Underhanded Strike"],"picked":"Acrobatics","floor":24},{"not_picked":["Slice","Outmaneuver","Riddle With Holes+1"],"picked":"SKIP","floor":25},{"not_picked":["ReplayTheSpireMod:The Works","Poisoned Stab"],"picked":"Reflex","floor":28},{"not_picked":["Blade Dance","Setup"],"picked":"Poisoned Stab","floor":31}],"player_experience":347070,"relics_obtained":[{"floor":13,"key":"Ice Cream"},{"floor":23,"key":"Mirror"},{"floor":25,"key":"conspire:Boomerang"},{"floor":26,"key":"Smiling Mask"}],"event_choices":[{"damage_healed":0,"gold_gain":0,"player_choice":"Trade","damage_taken":0,"relics_obtained":["CultistMask"],"max_hp_gain":0,"max_hp_loss":0,"event_name":"FaceTrader","floor":2,"gold_loss":0},{"damage_healed":0,"gold_gain":175,"player_choice":"AGREE","damage_taken":0,"max_hp_gain":0,"max_hp_loss":0,"event_name":"Liars Game","floor":5,"gold_loss":0,"cards_obtained":["Doubt"]},{"cards_removed":["downfall:Bewildered"],"damage_healed":0,"gold_gain":0,"player_choice":"Gave Gold","damage_taken":0,"max_hp_gain":0,"max_hp_loss":0,"event_name":"Beggar","floor":22,"gold_loss":75},{"damage_healed":0,"gold_gain":0,"player_choice":"Paid Fearfully","damage_taken":0,"max_hp_gain":0,"max_hp_loss":0,"event_name":"Masked Bandits","floor":29,"gold_loss":33}],"is_beta":false,"boss_relics":[{"not_picked":["Abe\u0027s Treasure","ChewingGum"],"picked":"bronze:MakeshiftBattery"}],"items_purged_floors":[7],"is_endless":false,"potions_floor_spawned":[1,3,13,16,24,28,31],"killed_by":"Automaton","ascension_level":4}}