{"host":"po71uejz0lbfxcew","time":1611452191,"event":{"mods":["ATMod(°¢èªMod)","Arknights The Spire","BaseMod","CapriCore","Friendly Minions","Koishi","Lobotomy","LobotomyExtend","Marisa£¨ìFÓê¡¡Ä§ÀíÉ³£©","Minty Spire (QoL Compilation)","MostiFishMod","Prisma Mod","Quick Restart","Reimu£¨²©ÀöÁéÃÎ£©","RumiaBox-Â¶Ã×æ«µÄÉñÃØºÐ×Ó","StSLib","SuperFastMode","The Animator","The Immortal","TheSwordswoman","Waifu the Spire","WarShipGirlsR/Õ½½¢ÉÙÅ®R mod","Yakumo Yukari mod","Yohane!","Youmu£¨»êÆÇÑýÃÎ£©","Yuyuko"],"gold_per_floor":[211,211,223,5,15,42,42,58,58,58,74,90,121,141,141,245,245,261,261,261,37,57,57,85,85,85,116,136,150,150,175,175,276,276,295,309,2,14,31,59,76,76,100,100,119,131,131,143,143,143],"floor_reached":51,"language":"ZHS","playtime":2185,"items_purged":["Writhe","ats:Defend"],"score":878,"play_id":"1336046c-27c6-4026-a4a7-89a9035b946c","local_time":"20210124093631","is_ascension_mode":false,"campfire_choices":[{"data":"ats:Ignite","floor":10,"key":"SMITH"},{"data":"ats:Ignite","floor":15,"key":"SMITH"},{"data":"ats:Emotion Absorption","floor":23,"key":"SMITH"},{"floor":25,"key":"RECALL"},{"data":"ats:Revitalization","floor":30,"key":"SMITH"},{"data":"ats:Sashimi Platter","floor":32,"key":"SMITH"},{"data":"ats:Apocalypse","floor":42,"key":"SMITH"},{"data":"ats:Volcano","floor":49,"key":"SMITH"}],"circlet_count":0,"master_deck":["ats:Strike C","ats:Strike G","ats:Strike S","ats:Strike V","ats:Armor Crushing Shot","ats:Defend","ats:Defend","ats:Defend+1","ats:Emotion Absorption+1","ats:Revitalization+1","ats:Very Hot Blade","ats:Sashimi Platter+1","ats:Ignite+1","ats:Revitalization+1","ats:Sunburst","ats:Sashimi Platter+1","ats:Ignite+1","ats:Roar Of Ursus+1","ats:Very Hot Blade","ats:Volcano+1","ats:Flame Of Heaven","ats:Composite Medical Shells+1","ats:Counter Healing Mode+1","ats:Apocalypse+1","ats:Soul Absorption+1","ats:Revitalization+1","ats:Thorns+1","ats:Calcification","ats:Composite Medical Shells+1","ats:Apocalypse+1","Sadistic Nature+1","ats:Thorns+1","ats:Part Time Job+1","ats:Thorns+1","ats:Revitalization+1"],"relics":["ats:Sanity","DaveBox","AT_ATBox","SynthV:TestCard","AT_BellDemon","ats:Originium","HornCleat","Frozen Egg 2","AT_SilvercatRing","RedMistMask","JellyFishMachine","MagicDraw3","MutagenicStrength","Bronze Scales","Anchor","Mummified Hand","War Paint","ats:Berate","Thread and Needle","PatriotShield","Ancient Tea Set","Smiling Mask","Meat on the Bone"],"acts_visited":["Exordium","TheCity","TheBeyond"],"potions_floor_usage":[13,27,27,36,36,41,51],"damage_taken":[{"damage":12,"enemies":"Jaw Worm","floor":1,"turns":5},{"damage":12,"enemies":"Cultist","floor":3,"turns":5},{"damage":6,"enemies":"Small Slimes","floor":5,"turns":4},{"damage":103,"enemies":"Lagavulin","floor":6,"turns":13},{"damage":26,"enemies":"Exordium Wildlife","floor":8,"turns":7},{"damage":18,"enemies":"Gremlin Gang","floor":11,"turns":5},{"damage":26,"enemies":"Large Slime","floor":12,"turns":7},{"damage":21,"enemies":"Gremlin Nob","floor":13,"turns":4},{"damage":2,"enemies":"Blue Slaver","floor":14,"turns":3},{"damage":128,"enemies":"Slime Boss","floor":16,"turns":14},{"damage":10,"enemies":"Chosen","floor":18,"turns":3},{"damage":14,"enemies":"Spheric Guardian","floor":22,"turns":4},{"damage":18,"enemies":"Gremlin Leader","floor":24,"turns":4},{"damage":7,"enemies":"Slavers","floor":27,"turns":4},{"damage":1,"enemies":"Snecko","floor":28,"turns":3},{"damage":28,"enemies":"Centurion and Healer","floor":29,"turns":3},{"damage":35,"enemies":"Gremlin Leader","floor":31,"turns":3},{"damage":9,"enemies":"Collector","floor":33,"turns":7},{"damage":0,"enemies":"3 Darklings","floor":35,"turns":3},{"damage":0,"enemies":"Orb Walker","floor":36,"turns":1},{"damage":0,"enemies":"3 Darklings","floor":38,"turns":2},{"damage":0,"enemies":"Jaw Worm Horde","floor":39,"turns":2},{"damage":0,"enemies":"Nemesis","floor":40,"turns":3},{"damage":0,"enemies":"Sphere and 2 Shapes","floor":41,"turns":2},{"damage":1,"enemies":"Transient","floor":45,"turns":5},{"damage":0,"enemies":"3 Darklings","floor":46,"turns":3},{"damage":0,"enemies":"4 Shapes","floor":48,"turns":2},{"damage":2,"enemies":"Donu and Deca","floor":50,"turns":5},{"damage":3,"enemies":"Malkuth","floor":51,"turns":8},{"damage":2,"enemies":"Netzach","floor":51,"turns":6}],"seed_played":"-5122909548569536564","potions_obtained":[{"floor":1,"key":"EssenceOfSteel"},{"floor":5,"key":"SkillPotion"},{"floor":13,"key":"AttackPotion"},{"floor":16,"key":"EssenceOfSteel"},{"floor":29,"key":"Block Potion"},{"floor":39,"key":"LiquidMemories"},{"floor":40,"key":"BlessingOfTheForge"},{"floor":41,"key":"Fruit Juice"},{"floor":45,"key":"EssenceOfSteel"}],"is_trial":false,"path_per_floor":["M","?","M","$","M","E","?","M","T","R","M","M","E","M","R","B",null,"M","?","?","$","M","R","E","R","T","E","M","M","R","E","R","B",null,"M","M","$","M","M","E","M","R","T","?","M","M","?","M","R","B",null],"character_chosen":"DOCTOR_CLASS","items_purchased":["AT_BellDemon","ats:Sashimi Platter","Bronze Scales","ats:Apocalypse","Sadistic Nature+1"],"campfire_rested":0,"item_purchase_floors":[4,4,21,37,37],"current_hp_per_floor":[60,60,58,58,62,59,45,64,64,64,65,70,60,71,71,44,72,68,68,68,68,58,58,68,68,68,61,71,70,70,40,40,72,72,72,72,72,72,72,72,77,77,77,77,77,77,77,77,77,77],"gold":143,"neow_bonus":"HUNDRED_GOLD","is_daily":false,"chose_seed":false,"campfire_upgraded":7,"win_rate":0.0,"timestamp":1611452191,"path_taken":["M","?","?","?","M","E","?","M","T","R","?","M","E","?","R","BOSS","M","?","?","$","M","R","E","R","T","E","M","M","R","E","R","BOSS","M","M","$","M","M","E","M","R","T","?","?","M","?","M","R","BOSS"],"items_purchased_type":["Relic","Card","Relic","Card","Card"],"build_version":"2020-12-22","purchased_purges":2,"victory":true,"max_hp_per_floor":[72,72,72,72,72,72,72,72,72,72,72,72,72,72,72,72,72,72,72,72,72,72,72,72,72,72,72,72,72,72,72,72,72,72,72,72,72,72,72,72,77,77,77,77,77,77,77,77,77,77],"card_choices":[{"not_picked":["ats:LN2 Cannon","ats:Chain Hook"],"picked":"ats:Revitalization","floor":1},{"not_picked":["ats:Ignite","ats:Hammer On","ats:Assault Order","ats:Blood Oath"],"picked":"ats:Very Hot Blade","floor":3},{"not_picked":["ats:Flexible Camouflage","ats:Blood Oath","ats:Guardian Obelisk","ats:Disruption Kick"],"picked":"ats:Ignite","floor":5},{"not_picked":["ats:Flexible Camouflage","ats:Blood Oath","ats:Consecutive Shot Auto","ats:Childhood Dance"],"picked":"ats:Revitalization","floor":6},{"not_picked":["ats:Shell Defense","ats:Shadow Raid","ats:Leaping Hammer","ats:Revitalization"],"picked":"ats:Sunburst","floor":8},{"not_picked":["ats:Charging Defense","ats:Apocalypse","ats:Red Shift","ats:Powerful Strike"],"picked":"ats:Sashimi Platter","floor":11},{"not_picked":["ats:Encircling Forest","ats:Flexible Camouflage","ats:Beaten Up","ats:Very Hot Blade"],"picked":"ats:Ignite","floor":12},{"not_picked":["ats:Consecutive Shot Auto","ats:Very Hot Blade","ats:Flexible Camouflage","ats:Blood Oath"],"picked":"ats:Roar Of Ursus+1","floor":13},{"not_picked":["ats:Shell Defense","ats:Leaping Hammer","ats:Childhood Dance","ats:Spore Proliferation"],"picked":"ats:Very Hot Blade","floor":14},{"not_picked":["ats:Calcification","ats:True Silver Slash","ats:Echo Reverb","ats:Disruption Kick"],"picked":"ats:Volcano","floor":16},{"not_picked":["ats:Overload","ats:Apocalypse+1","ats:LN2 Cannon","ats:Explosion Area Strengthen+1"],"picked":"ats:Flame Of Heaven","floor":18},{"not_picked":["ats:Consecutive Shot Auto","ats:Curse Doll","ats:Song Of Battle+1","ats:Revitalization"],"picked":"ats:Composite Medical Shells+1","floor":22},{"not_picked":["ats:Powerful Strike+1","ats:Collapsing Strike","ats:Sashimi Platter","ats:Flame Of Heaven+1"],"picked":"ats:Counter Healing Mode+1","floor":24},{"not_picked":["ats:Poison Spread","ats:Volcano","ats:Consecutive Shot Auto+1","ats:Explosion Area Strengthen"],"picked":"ats:Apocalypse","floor":27},{"not_picked":["ats:Closed Bolt Burst Fire","ats:Very Hot Blade","ats:Shell Defense+1","ats:Magnetic Hammer"],"picked":"ats:Soul Absorption","floor":28},{"not_picked":["ats:Powerful Strike","ats:Assault Order","ats:Shadow Raid","ats:Mental Burst"],"picked":"ats:Revitalization+1","floor":29},{"not_picked":["ats:Explosion Area Strengthen","ats:Automatic Cover","ats:Spore Proliferation","ats:Phantom+1"],"picked":"ats:Thorns+1","floor":31},{"not_picked":["ats:Shadow Assault","ats:Nebulous Foxfire","ats:Disruption Kick","ats:Volcano"],"picked":"ats:Calcification","floor":33},{"not_picked":["ats:Part Time Job+1","ats:Serious Mode+1","ats:Flexible Camouflage+1","ats:Flame Of Heaven+1"],"picked":"ats:Composite Medical Shells+1","floor":35},{"not_picked":["ats:Flexible Camouflage+1","ats:Curse Doll","ats:Consecutive Shot Auto+1","ats:Closed Bolt Burst Fire","ats:Leaping Hammer"],"picked":"SKIP","floor":36},{"not_picked":["ats:Hammer On","ats:Blood Oath+1","ats:Cat Scratch+1","ats:Poison Spread","ats:Support Order+1"],"picked":"SKIP","floor":38},{"not_picked":["ats:Cat Scratch","ats:Directed Diagnosis+1","ats:Shadow Assault","ats:Curse Doll+1","ats:Defend Order+1"],"picked":"SKIP","floor":39},{"not_picked":["ats:Curse Doll+1","ats:Leaping Hammer","ats:Sword Rain","ats:Ignite"],"picked":"ats:Thorns+1","floor":40},{"not_picked":["ats:Apocalypse","ats:Curse Doll+1","ats:Leaping Hammer+1","ats:Closed Bolt Burst Fire+1","ats:Red Shift+1"],"picked":"SKIP","floor":41},{"not_picked":["ats:Curse Doll","ats:Sunburst","ats:Thermite Blade+1","ats:Leaping Hammer+1"],"picked":"ats:Part Time Job+1","floor":45},{"not_picked":["ats:Childhood Dance+1","ats:Revitalization","ats:Shadow Raid","ats:Volcano"],"picked":"ats:Thorns+1","floor":46},{"not_picked":["ats:Assault Order","ats:Spore Proliferation+1","ats:Shell Defense","ats:Powerful Strike+1","ats:Blood Oath"],"picked":"SKIP","floor":48}],"player_experience":239359,"relics_obtained":[{"floor":1,"key":"SynthV:TestCard"},{"floor":6,"key":"ats:Originium"},{"floor":6,"key":"HornCleat"},{"floor":9,"key":"Frozen Egg 2"},{"floor":13,"key":"ats:Originium"},{"floor":13,"key":"AT_SilvercatRing"},{"floor":16,"key":"RedMistMask"},{"floor":24,"key":"ats:Originium"},{"floor":24,"key":"Anchor"},{"floor":27,"key":"ats:Originium"},{"floor":27,"key":"Mummified Hand"},{"floor":29,"key":"War Paint"},{"floor":31,"key":"ats:Berate"},{"floor":31,"key":"Thread and Needle"},{"floor":40,"key":"Ancient Tea Set"},{"floor":43,"key":"Smiling Mask"}],"event_choices":[{"damage_healed":0,"gold_gain":0,"player_choice":"Upgraded","damage_taken":0,"max_hp_gain":0,"max_hp_loss":0,"event_name":"Upgrade Shrine","floor":2,"gold_loss":0,"cards_upgraded":["ats:Revitalization"]},{"damage_healed":0,"gold_gain":0,"player_choice":"Entered Light","damage_taken":14,"max_hp_gain":0,"max_hp_loss":0,"event_name":"Shining Light","floor":7,"gold_loss":0,"cards_upgraded":["ats:Defend","ats:Sashimi Platter"]},{"damage_healed":0,"gold_gain":0,"player_choice":"Opened","damage_taken":0,"relics_obtained":["MagicDraw3"],"max_hp_gain":0,"max_hp_loss":0,"event_name":"The Mausoleum","floor":19,"gold_loss":0,"cards_obtained":["Writhe"]},{"damage_healed":0,"gold_gain":0,"player_choice":"Inject Mutagens","damage_taken":0,"relics_obtained":["MutagenicStrength"],"max_hp_gain":0,"max_hp_loss":0,"event_name":"Drug Dealer","floor":20,"gold_loss":0},{"damage_healed":0,"gold_gain":0,"player_choice":"Gave Potion","damage_taken":0,"relics_obtained":["Meat on the Bone"],"max_hp_gain":0,"max_hp_loss":0,"event_name":"WeMeetAgain","floor":44,"gold_loss":0},{"damage_healed":0,"gold_gain":0,"player_choice":"Copied","damage_taken":0,"max_hp_gain":0,"max_hp_loss":0,"event_name":"Duplicator","floor":47,"gold_loss":0,"cards_obtained":["ats:Revitalization"]}],"is_beta":false,"boss_relics":[{"not_picked":["ats:Sanity Plus","Cursed Key"],"picked":"JellyFishMachine"},{"not_picked":["ExusiaiGun","TakeMeEscape"],"picked":"PatriotShield"}],"items_purged_floors":[21,37],"is_endless":false,"potions_floor_spawned":[1,5,6,13,16,24,29,33,38,39,40,41,45],"ascension_level":0}}