{"host":"srk2drlvga69hbot","time":1611482264,"event":{"mods":["BaseMod","Bestiary","Block Reminder","Colored Map","Colored Powertips","Dark Map","DeckTracker","Highlight Path","Minty Spire (QoL Compilation)","Quick Restart","Rare Cards Sparkle","Relic Stats","SuperFastMode","Unceasing Turn Reminder"],"gold_per_floor":[118,43,43,43,43,43,43,63,63,98,98,115,143,162,162,162,162],"floor_reached":16,"language":"ZHS","playtime":644,"items_purged":["Strike_G"],"score":130,"play_id":"6004425f-0afa-44dd-9e5d-cc958e3d906d","local_time":"20210124175744","is_ascension_mode":true,"campfire_choices":[{"data":"Neutralize","floor":6.0,"key":"SMITH"},{"floor":15,"key":"REST"}],"circlet_count":0,"master_deck":["Strike_G","Strike_G","Strike_G","Defend_G","Defend_G","Defend_G","Defend_G","Defend_G","Survivor","Neutralize+1","Storm of Steel","Cloak And Dagger+1","Escape Plan","Concentrate"],"relics":["Ring of the Snake","HornCleat","InkBottle","Anchor","MealTicket"],"acts_visited":["Exordium"],"potions_floor_usage":[13,13],"damage_taken":[{"damage":0.0,"enemies":"Jaw Worm","floor":1.0,"turns":5.0},{"damage":0.0,"enemies":"Small Slimes","floor":8.0,"turns":4.0},{"damage":47.0,"enemies":"Lagavulin","floor":10.0,"turns":8.0},{"damage":0,"enemies":"2 Louse","floor":12,"turns":2},{"damage":10,"enemies":"Gremlin Nob","floor":13,"turns":4},{"damage":0,"enemies":"Looter","floor":14,"turns":3},{"damage":22,"enemies":"Slime Boss","floor":16,"turns":8}],"seed_played":"379898719618228278","potions_obtained":[{"floor":8.0,"key":"Ancient Potion"},{"floor":10.0,"key":"SkillPotion"},{"floor":12,"key":"AttackPotion"}],"is_trial":false,"path_per_floor":["M","$","?","?","?","R","T","M","T","E","?","M","E","M","R","B"],"character_chosen":"THE_SILENT","items_purchased":[],"campfire_rested":1,"item_purchase_floors":[],"current_hp_per_floor":[70,70,70,70,63,63,63,63,63,16,16,16,6,6,27,5,5],"gold":162,"neow_bonus":"ONE_RANDOM_RARE_CARD","is_daily":false,"chose_seed":false,"campfire_upgraded":1,"win_rate":0.0,"timestamp":1611482264,"path_taken":["M","$","?","?","?","R","?","M","T","E","?","M","E","M","R","BOSS"],"items_purchased_type":[],"build_version":"2020-12-22","purchased_purges":1,"victory":false,"max_hp_per_floor":[70,70,70,70,70,70,70,70,70,70,70,70,70,70,70,70,70],"relic_stats":{"counters":[7,34],"MealTicket":0,"obtain_stats":[{"Anchor":10,"HornCleat":7,"MealTicket":13,"InkBottle":9,"Ring of the Snake":0},{"Anchor":3,"HornCleat":1,"MealTicket":5,"InkBottle":2,"Ring of the Snake":0},{"Anchor":17,"HornCleat":5,"MealTicket":23,"InkBottle":9,"Ring of the Snake":0}],"InkBottle":[12],"Ring of the Snake":[14]},"card_choices":[{"not_picked":["Outmaneuver","Dagger Spray"],"picked":"Cloak And Dagger","floor":1.0},{"not_picked":["Backflip","Poisoned Stab","Prepared"],"picked":"SKIP","floor":8.0},{"not_picked":["Malaise","Noxious Fumes"],"picked":"Escape Plan","floor":10.0},{"not_picked":["Dodge and Roll","Dagger Spray","Sucker Punch"],"picked":"SKIP","floor":12},{"not_picked":["Dagger Throw","Dodge and Roll"],"picked":"Concentrate","floor":13},{"not_picked":["Well Laid Plans","PiercingWail","Slice"],"picked":"SKIP","floor":14}],"player_experience":200573,"relics_obtained":[{"floor":7.0,"key":"HornCleat"},{"floor":9.0,"key":"InkBottle"},{"floor":10.0,"key":"Anchor"},{"floor":13,"key":"MealTicket"}],"event_choices":[{"damage_healed":0.0,"max_hp_gain":0.0,"max_hp_loss":0.0,"gold_gain":0.0,"event_name":"Living Wall","player_choice":"Grow","floor":3.0,"gold_loss":0.0,"damage_taken":0.0,"cards_upgraded":["Cloak And Dagger"]},{"damage_healed":0.0,"max_hp_gain":0.0,"max_hp_loss":0.0,"gold_gain":0.0,"event_name":"The Cleric","player_choice":"Leave","floor":4.0,"gold_loss":0.0,"damage_taken":0.0},{"cards_removed":["Strike_G"],"damage_healed":0.0,"max_hp_gain":0.0,"max_hp_loss":0.0,"gold_gain":0.0,"event_name":"Golden Wing","player_choice":"Card Removal","floor":5.0,"gold_loss":0.0,"damage_taken":7.0},{"damage_healed":0,"gold_gain":0,"player_choice":"Searched \u00270\u0027 times","damage_taken":0,"max_hp_gain":0,"max_hp_loss":0,"event_name":"Dead Adventurer","floor":11,"gold_loss":0}],"is_beta":false,"boss_relics":[],"items_purged_floors":[2],"is_endless":false,"potions_floor_spawned":[8,10,12],"killed_by":"Slime Boss","ascension_level":4}}