{"host":"Jedit","time":1611449538,"event":{"mods":["BaseMod","Downfall","Minty Spire (QoL Compilation)","Relic Stats","StSLib"],"gold_per_floor":[109,120,120,130,145,145,164,194,194,220,240,256,256,270,270,374,374,393,16,35,35,35,53,4,37,37,37,37,64,64,98,98,194,194,209,209,209,228,278,278,553,553,553,553,553,553,553],"floor_reached":45,"language":"ENG","playtime":1976,"items_purged":["bronze:Strike"],"score":607,"play_id":"71ba8290-070d-4e91-8793-c84f79596c5f","local_time":"20210124005218","is_ascension_mode":true,"campfire_choices":[{"data":"bronze:ChosenStrike","floor":6,"key":"SMITH"},{"data":"bronze:Fortify","floor":13,"key":"SMITH"},{"floor":15,"key":"REST"},{"floor":27,"key":"REST"},{"floor":32,"key":"REST"},{"floor":40,"key":"RECALL"}],"circlet_count":0,"master_deck":["bronze:Defend","bronze:Defend","bronze:Defend","bronze:Defend","bronze:Replicate","bronze:Goto","bronze:Fortify+1","bronze:Return","bronze:ChosenStrike+1","bronze:Library","bronze:DelayedGuard","bronze:Optimize","bronze:Constructor","bronze:WhirlingStrike","bronze:Branch","bronze:InfiniteLoop","bronze:Branch+1","bronze:TinkerersToolbox","bronze:WhirlingStrike","bronze:FineTuning","bronze:InfiniteLoop","Shame","bronze:Refactor+1","bronze:HyperBeam","bronze:GetLatest+1","bronze:FindAndReplace+1","bronze:FineTuning+1","bronze:Safeguard+1","bronze:DelayedGuard+1","bronze:Verify","Regret"],"relics":["bronze:BronzeCore","Centennial Puzzle","Bag of Marbles","bronze:MakeshiftBattery","Guardian:BottledAnomaly","hexamod:BolsterEngine","Slimebound:PreparedRelic","Akabeko","Toxic Egg 2","sneckomod:BlankCard","Juzu Bracelet","Boot","expansioncontent:StudyCardRelic","Prayer Wheel","Strawberry"],"acts_visited":["Exordium","TheCity","TheBeyond"],"potions_floor_usage":[7,8,18,23,31,33,35,45],"damage_taken":[{"damage":0,"enemies":"Small Slimes","floor":1,"turns":3},{"damage":0,"enemies":"2 Louse","floor":2,"turns":3},{"damage":0,"enemies":"Cultist","floor":4,"turns":3},{"damage":6,"enemies":"Blue Slaver","floor":5,"turns":5},{"damage":10,"enemies":"Lots of Slimes","floor":7,"turns":4},{"damage":0,"enemies":"Lagavulin","floor":8,"turns":5},{"damage":10,"enemies":"3 Sentries","floor":10,"turns":7},{"damage":0,"enemies":"Exordium Wildlife","floor":11,"turns":6},{"damage":9,"enemies":"Red Slaver","floor":12,"turns":2},{"damage":12,"enemies":"2 Fungi Beasts","floor":14,"turns":3},{"damage":14,"enemies":"Slime Boss","floor":16,"turns":8},{"damage":12,"enemies":"2 Thieves","floor":18,"turns":3},{"damage":0,"enemies":"Chosen","floor":20,"turns":3},{"damage":13,"enemies":"Centurion and Healer","floor":23,"turns":3},{"damage":13,"enemies":"Gremlin Leader","floor":25,"turns":5},{"damage":15,"enemies":"Book of Stabbing","floor":29,"turns":3},{"damage":23,"enemies":"Slavers","floor":31,"turns":2},{"damage":5,"enemies":"Collector","floor":33,"turns":6},{"damage":3,"enemies":"3 Shapes","floor":35,"turns":2},{"damage":7,"enemies":"3 Darklings","floor":38,"turns":2},{"damage":0,"enemies":"Mind Bloom Boss Battle","floor":39,"turns":1},{"damage":51,"enemies":"Giant Head","floor":45,"turns":7}],"seed_played":"-9111227518049189046","potions_obtained":[{"floor":1,"key":"ColorlessPotion"},{"floor":2,"key":"bronze:CleanCodePotion"},{"floor":5,"key":"bronze:FreeFunctionsPotion"},{"floor":12,"key":"hexamod:SoulburnPotion"},{"floor":16,"key":"Weak Potion"},{"floor":20,"key":"CultistPotion"},{"floor":29,"key":"SteroidPotion"},{"floor":31,"key":"bronze:FreeFunctionsPotion"},{"floor":38,"key":"AttackPotion"}],"is_trial":false,"path_per_floor":["M","M","?","M","M","R","M","E","T","E","M","M","R","M","R","B",null,"M","$","M","?","?","M","$","E","T","R","?","E","?","E","R","B",null,"M","?","?","M","?","R","?","?","T","?","E"],"character_chosen":"THE_AUTOMATON","items_purchased":["Guardian:BottledAnomaly","hexamod:BolsterEngine","bronze:FineTuning"],"campfire_rested":3,"item_purchase_floors":[19,19,24],"current_hp_per_floor":[70,70,75,75,69,69,59,59,59,49,49,40,40,28,50,36,75,63,63,63,63,63,50,50,37,37,59,59,44,44,21,43,38,75,72,72,72,65,65,65,65,65,72,72,21,21,21],"gold":553,"neow_bonus":"TRANSFORM_CARD","is_daily":false,"chose_seed":false,"campfire_upgraded":2,"win_rate":0.0,"timestamp":1611449538,"path_taken":["M","M","?","M","M","R","M","E","T","E","M","M","R","M","R","BOSS","M","$","M","?","?","M","$","E","T","R","?","E","?","E","R","BOSS","M","?","?","M","?","R","?","?","T","?","E"],"items_purchased_type":["Relic","Relic","Card"],"build_version":"2020-12-18","purchased_purges":1,"victory":false,"max_hp_per_floor":[70,70,75,75,75,75,75,75,75,75,75,75,75,75,75,75,75,75,75,75,75,75,75,75,75,75,75,75,75,75,75,75,75,75,75,75,75,75,75,75,75,75,82,82,82,82,82],"relic_stats":{"Centennial Puzzle":[36],"counters":[22,86],"Prayer Wheel":0,"Juzu Bracelet":2,"Boot":[3],"obtain_stats":[{"bronze:BronzeCore":0,"sneckomod:BlankCard":28,"Juzu Bracelet":29,"expansioncontent:StudyCardRelic":34,"Boot":31,"Akabeko":25,"Centennial Puzzle":8,"Strawberry":43,"Prayer Wheel":39,"Slimebound:PreparedRelic":21,"Bag of Marbles":10,"Guardian:BottledAnomaly":19,"hexamod:BolsterEngine":19,"Toxic Egg 2":26,"bronze:MakeshiftBattery":17},{"bronze:BronzeCore":0,"sneckomod:BlankCard":15,"Juzu Bracelet":16,"expansioncontent:StudyCardRelic":18,"Boot":17,"Akabeko":15,"Centennial Puzzle":6,"Strawberry":21,"Prayer Wheel":21,"Slimebound:PreparedRelic":13,"Bag of Marbles":7,"Guardian:BottledAnomaly":12,"hexamod:BolsterEngine":12,"Toxic Egg 2":15,"bronze:MakeshiftBattery":11},{"bronze:BronzeCore":0,"sneckomod:BlankCard":63,"Juzu Bracelet":66,"expansioncontent:StudyCardRelic":74,"Boot":68,"Akabeko":63,"Centennial Puzzle":23,"Strawberry":79,"Prayer Wheel":79,"Slimebound:PreparedRelic":55,"Bag of Marbles":30,"Guardian:BottledAnomaly":52,"hexamod:BolsterEngine":52,"Toxic Egg 2":63,"bronze:MakeshiftBattery":49}]},"card_choices":[{"not_picked":["bronze:Turbo","bronze:Invalidate"],"picked":"bronze:Return","floor":1},{"not_picked":["bronze:Return","bronze:Shell","bronze:Deprecate"],"picked":"SKIP","floor":2},{"not_picked":["bronze:BuggyMess","bronze:DelayedGuard"],"picked":"bronze:ChosenStrike","floor":4},{"not_picked":["bronze:Iterate","bronze:Fortify"],"picked":"bronze:Library","floor":5},{"not_picked":["bronze:Deprecate","bronze:Iterate"],"picked":"bronze:DelayedGuard","floor":7},{"not_picked":["bronze:Library","bronze:ForceShield"],"picked":"bronze:Optimize","floor":8},{"not_picked":["bronze:Iterate","bronze:Boost"],"picked":"bronze:Constructor","floor":10},{"not_picked":["bronze:BugBarrage","bronze:Frontload","bronze:DelayedGuard"],"picked":"SKIP","floor":11},{"not_picked":["bronze:WildBeam","bronze:DigitalCarnage"],"picked":"bronze:WhirlingStrike","floor":12},{"not_picked":["bronze:ChosenStrike","bronze:Iterate"],"picked":"bronze:Branch","floor":14},{"not_picked":["bronze:Virus","bronze:AlphaBuild"],"picked":"bronze:InfiniteLoop","floor":16},{"not_picked":["bronze:Invalidate","bronze:Turbo"],"picked":"bronze:Branch+1","floor":18},{"not_picked":["bronze:DelayedSlice","bronze:Fortify+1"],"picked":"bronze:TinkerersToolbox","floor":20},{"not_picked":["bronze:InfiniteBeams+1","bronze:Safeguard"],"picked":"bronze:MaxOutput","floor":23},{"not_picked":["bronze:Frontload","bronze:ClassDefault"],"picked":"bronze:InfiniteLoop","floor":25},{"not_picked":["bronze:WhirlingStrike","bronze:Overheat"],"picked":"bronze:Refactor+1","floor":29},{"not_picked":["bronze:Deprecate+1","bronze:Invalidate+1"],"picked":"bronze:GetLatest+1","floor":31},{"not_picked":["bronze:Virus","bronze:HyperBeam"],"picked":"bronze:FindAndReplace+1","floor":33},{"not_picked":["bronze:DelayedGuard+1","bronze:BitShift+1"],"picked":"bronze:FineTuning+1","floor":35},{"not_picked":["bronze:OilSpill","bronze:Philosophize+1"],"picked":"bronze:DelayedGuard+1","floor":38},{"not_picked":["bronze:Frontload+1","bronze:WhirlingStrike+1"],"picked":"bronze:Verify","floor":39}],"player_experience":3692205,"relics_obtained":[{"floor":8,"key":"Centennial Puzzle"},{"floor":10,"key":"Bag of Marbles"},{"floor":25,"key":"Akabeko"},{"floor":26,"key":"Toxic Egg 2"},{"floor":29,"key":"Juzu Bracelet"},{"floor":31,"key":"Boot"},{"floor":39,"key":"Prayer Wheel"},{"floor":43,"key":"Strawberry"}],"event_choices":[{"damage_healed":0,"gold_gain":0,"player_choice":"Donut","damage_taken":0,"max_hp_gain":5,"max_hp_loss":0,"event_name":"Big Fish","floor":3,"gold_loss":0},{"damage_healed":0,"gold_gain":0,"player_choice":"Opened","damage_taken":0,"relics_obtained":["Slimebound:PreparedRelic"],"max_hp_gain":0,"max_hp_loss":0,"event_name":"The Mausoleum","floor":21,"gold_loss":0,"cards_obtained":["Writhe"]},{"damage_healed":0,"gold_gain":0,"player_choice":"Stole Relic","damage_taken":0,"relics_obtained":["sneckomod:BlankCard"],"max_hp_gain":0,"max_hp_loss":0,"event_name":"Addict","floor":28,"gold_loss":0,"cards_obtained":["Shame"]},{"damage_healed":0,"gold_gain":0,"cards_transformed":["bronze:Strike"],"player_choice":"Transformed","damage_taken":0,"max_hp_gain":0,"max_hp_loss":0,"event_name":"Transmorgrifier","floor":30,"gold_loss":0,"cards_obtained":["bronze:HyperBeam"]},{"damage_healed":0,"gold_gain":0,"player_choice":"Ignored","damage_taken":0,"max_hp_gain":0,"max_hp_loss":0,"event_name":"Tomb of Lord Red Mask","floor":36,"gold_loss":0},{"damage_healed":0,"gold_gain":0,"cards_transformed":["bronze:Strike"],"player_choice":"Transformed","damage_taken":0,"max_hp_gain":0,"max_hp_loss":0,"event_name":"Transmorgrifier","floor":37,"gold_loss":0,"cards_obtained":["bronze:Safeguard"]},{"damage_healed":0,"gold_gain":0,"player_choice":"Fight","damage_taken":0,"max_hp_gain":0,"max_hp_loss":0,"event_name":"MindBloom","floor":39,"gold_loss":0},{"damage_healed":0,"gold_gain":275,"player_choice":"Desecrate","damage_taken":0,"max_hp_gain":0,"max_hp_loss":0,"event_name":"Golden Shrine","floor":41,"gold_loss":0,"cards_obtained":["Regret"]},{"damage_healed":0,"gold_gain":0,"player_choice":"Ignored","damage_taken":0,"max_hp_gain":0,"max_hp_loss":0,"event_name":"Mysterious Sphere","floor":42,"gold_loss":0},{"cards_removed":["bronze:MaxOutput"],"damage_healed":0,"gold_gain":0,"player_choice":"Removed Power","damage_taken":0,"max_hp_gain":0,"max_hp_loss":0,"event_name":"Falling","floor":44,"gold_loss":0}],"is_beta":true,"boss_relics":[{"not_picked":["Busted Crown","Velvet Choker"],"picked":"bronze:MakeshiftBattery"},{"not_picked":["Cursed Key","SacredBark"],"picked":"expansioncontent:StudyCardRelic"}],"items_purged_floors":[19],"is_endless":false,"potions_floor_spawned":[1,2,5,12,16,20,29,31,38],"killed_by":"Giant Head","ascension_level":4}}