{"host":"08t08ld674si40tv","time":1611459745,"event":{"mods":["AchievementEnabler","BaseMod","Colored Map","Minty Spire (QoL Compilation)","StSLib","SuperFastMode"],"gold_per_floor":[109,34,34,47,60,60,70,97,97,131,151,151,51,85,85,190,190,210,85,85,100,15,15,15,25,25,39,39,70,80,113,113,218,218,230,230,241,289,306,306,325,355,408,439,439,467,482,499,499,499,499,499,47,76,76],"floor_reached":56,"language":"KOR","playtime":2005,"items_purged":["Defend_G","Strike_G","Strike_G","Strike_G"],"score":1547,"play_id":"f5691585-9a94-4b62-94e4-8aa053b9fd88","local_time":"20210124124225","is_ascension_mode":false,"campfire_choices":[{"data":"Apotheosis","floor":6,"key":"SMITH"},{"floor":12,"key":"REST"},{"data":"Acrobatics","floor":15,"key":"SMITH"},{"data":"Accuracy","floor":24,"key":"SMITH"},{"floor":28,"key":"REST"},{"data":"Terror","floor":32,"key":"SMITH"},{"floor":40,"key":"RECALL"},{"data":"Burst","floor":49,"key":"SMITH"},{"data":"Neutralize","floor":52,"key":"SMITH"}],"circlet_count":0,"master_deck":["Strike_G","Defend_G","Defend_G","Defend_G","Survivor","Neutralize+1","Apotheosis+1","Acrobatics+1","All Out Attack","Blade Dance","Burst+1","Cloak And Dagger","Accuracy+1","Footwork+1","Escape Plan","Terror+1","Blur","Prepared+1"],"relics":["Ring of the Snake","Gremlin Horn","Darkstone Periapt","Akabeko","Thread and Needle","Black Star","Art of War","Mercury Hourglass","Vajra","Du-Vu Doll","The Specimen","Frozen Egg 2","Coffee Dripper","TungstenRod","Potion Belt","Torii","Mummified Hand","Ornamental Fan","Bottled Flame","Molten Egg 2","Orrery","Bronze Scales","Bag of Marbles","Toy Ornithopter"],"acts_visited":["Exordium","TheCity","TheBeyond","TheEnding"],"potions_floor_usage":[11,16,29,29,33,38,46,48,48,55,55,55],"damage_taken":[{"damage":0,"enemies":"Cultist","floor":1,"turns":1},{"damage":0,"enemies":"Jaw Worm","floor":4,"turns":1},{"damage":0,"enemies":"2 Louse","floor":5,"turns":1},{"damage":9,"enemies":"Lots of Slimes","floor":7,"turns":3},{"damage":10,"enemies":"Gremlin Nob","floor":8,"turns":3},{"damage":1,"enemies":"3 Sentries","floor":10,"turns":7},{"damage":0,"enemies":"Exordium Wildlife","floor":11,"turns":1},{"damage":4,"enemies":"Gremlin Nob","floor":14,"turns":3},{"damage":5,"enemies":"Slime Boss","floor":16,"turns":11},{"damage":4,"enemies":"Spheric Guardian","floor":18,"turns":4},{"damage":2,"enemies":"Chosen","floor":21,"turns":3},{"damage":11,"enemies":"Snecko","floor":25,"turns":4},{"damage":0,"enemies":"Shelled Parasite and Fungi","floor":27,"turns":5},{"damage":1,"enemies":"Slavers","floor":29,"turns":4},{"damage":0,"enemies":"3 Cultists","floor":30,"turns":4},{"damage":0,"enemies":"Gremlin Leader","floor":31,"turns":3},{"damage":10,"enemies":"Automaton","floor":33,"turns":8},{"damage":0,"enemies":"3 Darklings","floor":35,"turns":4},{"damage":0,"enemies":"Orb Walker","floor":37,"turns":3},{"damage":35,"enemies":"2 Orb Walkers","floor":38,"turns":6},{"damage":0,"enemies":"Spire Growth","floor":39,"turns":4},{"damage":5,"enemies":"Writhing Mass","floor":41,"turns":7},{"damage":0,"enemies":"Nemesis","floor":42,"turns":7},{"damage":0,"enemies":"Giant Head","floor":44,"turns":8},{"damage":0,"enemies":"Reptomancer","floor":46,"turns":4},{"damage":0,"enemies":"Maw","floor":47,"turns":5},{"damage":0,"enemies":"Transient","floor":48,"turns":5},{"damage":10,"enemies":"Awakened One","floor":50,"turns":15},{"damage":0,"enemies":"Shield and Spear","floor":54,"turns":5},{"damage":53,"enemies":"The Heart","floor":55,"turns":12}],"seed_played":"-2530672426030327169","potions_obtained":[{"floor":1,"key":"SmokeBomb"},{"floor":10,"key":"BlessingOfTheForge"},{"floor":11,"key":"Fruit Juice"},{"floor":18,"key":"BlessingOfTheForge"},{"floor":25,"key":"Block Potion"},{"floor":30,"key":"LiquidMemories"},{"floor":31,"key":"GamblersBrew"},{"floor":35,"key":"FairyPotion"},{"floor":39,"key":"Strength Potion"},{"floor":42,"key":"CunningPotion"},{"floor":44,"key":"Block Potion"},{"floor":47,"key":"Regen Potion"},{"floor":48,"key":"Fruit Juice"},{"floor":54,"key":"Explosive Potion"}],"is_trial":false,"path_per_floor":["M","$","?","M","M","R","M","E","T","E","M","R","$","E","R","B",null,"M","$","?","M","?","?","R","M","T","M","R","E","M","E","R","B",null,"M","?","M","?","M","R","M","E","T","E","?","E","M","M","R","B",null,"R","$","E","B",null],"character_chosen":"THE_SILENT","items_purchased":["Orrery","Bronze Scales"],"campfire_rested":2,"item_purchase_floors":[53,53],"current_hp_per_floor":[49,49,49,49,49,49,40,30,30,29,34,56,56,52,52,47,75,71,71,71,69,69,55,55,44,44,44,68,67,67,67,67,57,80,80,80,80,45,45,45,40,40,40,40,70,70,70,75,75,65,75,75,75,75,42],"gold":76,"neow_bonus":"RANDOM_COLORLESS_2","is_daily":false,"chose_seed":false,"campfire_upgraded":6,"win_rate":0.0,"timestamp":1611459745,"path_taken":["M","?","?","?","M","R","M","E","T","E","?","R","$","E","R","BOSS","M","?","?","?","?","?","R","M","T","M","R","E","M","E","R","BOSS","M","?","M","?","M","R","M","E","T","E","?","E","M","M","R","BOSS","R","$","E","BOSS"],"items_purchased_type":["Relic","Relic"],"build_version":"2020-12-22","purchased_purges":4,"victory":true,"max_hp_per_floor":[70,70,70,70,70,70,70,70,70,70,75,75,75,75,75,75,75,75,75,75,75,75,80,80,80,80,80,80,80,80,80,80,80,80,80,80,80,80,80,80,80,80,80,80,70,70,70,75,75,75,75,75,75,75,75],"card_choices":[{"not_picked":["Magnetism","Secret Weapon"],"picked":"Apotheosis","floor":0},{"not_picked":["Underhanded Strike","Blade Dance"],"picked":"Acrobatics","floor":1},{"not_picked":["Accuracy","Underhanded Strike"],"picked":"Blade Dance","floor":4},{"not_picked":["Skewer","Deflect","Underhanded Strike"],"picked":"SKIP","floor":5},{"not_picked":["Leg Sweep","Blade Dance","Underhanded Strike"],"picked":"SKIP","floor":7},{"not_picked":["Setup","Bane","Infinite Blades"],"picked":"SKIP","floor":8},{"not_picked":["Concentrate","Doppelganger"],"picked":"Burst","floor":10},{"not_picked":["Eviscerate","Blade Dance","Cloak And Dagger"],"picked":"SKIP","floor":11},{"not_picked":["Slice","Calculated Gamble"],"picked":"Cloak And Dagger","floor":14},{"not_picked":["Bane","Dodge and Roll"],"picked":"Accuracy","floor":18},{"not_picked":["Deflect","Noxious Fumes"],"picked":"Footwork+1","floor":21},{"not_picked":["Outmaneuver","Riddle With Holes"],"picked":"Escape Plan","floor":25},{"not_picked":["Dagger Throw","PiercingWail","Predator"],"picked":"SKIP","floor":27},{"not_picked":["Distraction+1","Blade Dance+1","Leg Sweep"],"picked":"SKIP","floor":29},{"not_picked":["Deadly Poison+1","Crippling Poison"],"picked":"Terror","floor":30},{"not_picked":["Caltrops+1","Unload"],"picked":"Blur","floor":31},{"not_picked":["Quick Slash+1","Sucker Punch+1","Backflip+1"],"picked":"SKIP","floor":35},{"not_picked":["Dagger Spray","Poisoned Stab+1","Underhanded Strike+1"],"picked":"SKIP","floor":37},{"not_picked":["Quick Slash","Outmaneuver+1"],"picked":"Prepared+1","floor":39},{"not_picked":["Reflex+1","Slice","Deflect+1"],"picked":"SKIP","floor":41},{"not_picked":["Eviscerate","Backflip","Caltrops+1"],"picked":"SKIP","floor":42},{"not_picked":["Flying Knee","Grand Finale","Deflect+1"],"picked":"SKIP","floor":44},{"not_picked":["Prepared+1","Backflip+1","Bouncing Flask+1"],"picked":"SKIP","floor":46},{"not_picked":["Poisoned Stab+1","Acrobatics","Flying Knee+1"],"picked":"SKIP","floor":47},{"not_picked":["Deadly Poison","Glass Knife+1","Slice+1"],"picked":"SKIP","floor":48},{"not_picked":["Deadly Poison+1","Bane+1","Prepared+1"],"picked":"SKIP","floor":54}],"player_experience":262567,"relics_obtained":[{"floor":8,"key":"Gremlin Horn"},{"floor":9,"key":"Darkstone Periapt"},{"floor":10,"key":"Akabeko"},{"floor":14,"key":"Thread and Needle"},{"floor":26,"key":"Mercury Hourglass"},{"floor":29,"key":"Vajra"},{"floor":29,"key":"Du-Vu Doll"},{"floor":31,"key":"The Specimen"},{"floor":31,"key":"Frozen Egg 2"},{"floor":38,"key":"TungstenRod"},{"floor":42,"key":"Potion Belt"},{"floor":42,"key":"Torii"},{"floor":44,"key":"Mummified Hand"},{"floor":44,"key":"Ornamental Fan"},{"floor":46,"key":"Bottled Flame"},{"floor":46,"key":"Molten Egg 2"},{"floor":54,"key":"Bag of Marbles"},{"floor":54,"key":"Toy Ornithopter"}],"event_choices":[{"damage_healed":0,"gold_gain":0,"cards_transformed":["Strike_G"],"player_choice":"Transformed","damage_taken":0,"max_hp_gain":0,"max_hp_loss":0,"event_name":"Transmorgrifier","floor":3,"gold_loss":0,"cards_obtained":["All Out Attack"]},{"cards_removed":["Defend_G"],"damage_healed":0,"gold_gain":0,"player_choice":"Purged","damage_taken":0,"max_hp_gain":0,"max_hp_loss":0,"event_name":"Purifier","floor":20,"gold_loss":0},{"damage_healed":0,"gold_gain":0,"player_choice":"Obtained Relic","damage_taken":0,"relics_obtained":["Art of War"],"max_hp_gain":0,"max_hp_loss":0,"event_name":"Addict","floor":22,"gold_loss":85},{"damage_healed":0,"gold_gain":0,"player_choice":"Shed Blood","damage_taken":19,"max_hp_gain":5,"max_hp_loss":0,"event_name":"Forgotten Altar","floor":23,"gold_loss":0},{"damage_healed":0,"gold_gain":0,"player_choice":"Ignored","damage_taken":0,"max_hp_gain":0,"max_hp_loss":0,"event_name":"Tomb of Lord Red Mask","floor":36,"gold_loss":0},{"damage_healed":0,"gold_gain":0,"player_choice":"Fight","damage_taken":0,"max_hp_gain":0,"max_hp_loss":0,"event_name":"Mysterious Sphere","floor":38,"gold_loss":0},{"damage_healed":70,"gold_gain":0,"player_choice":"Heal","damage_taken":0,"max_hp_gain":0,"max_hp_loss":10,"event_name":"The Moai Head","floor":45,"gold_loss":0}],"is_beta":false,"boss_relics":[{"not_picked":["SacredBark","Empty Cage"],"picked":"Black Star"},{"not_picked":["WristBlade","SlaversCollar"],"picked":"Coffee Dripper"}],"items_purged_floors":[2,13,19,53],"is_endless":false,"potions_floor_spawned":[1,10,11,18,25,30,31,35,39,42,44,47,48,54],"ascension_level":0}}