{"host":"nz11ypxva4e39b7q","time":1611525651,"event":{"mods":["BaseMod","Better Note","Better Third Choice","Better Vampires","Colored Map","Minty Spire (QoL Compilation)","Quick Restart","StSLib"],"gold_per_floor":[116,116,61,61,61,89,89,123,123,48,48,73,86,121,133,219,231,263,275,287,313,335,347,370,416,428,474,486,498,510,542,554,639,651,674,686,709,739,11,46,46,76,76,107,125,143,157,175,175,175,175,175,175,15,47,47],"floor_reached":57,"language":"ENG","playtime":3800,"items_purged":["Strike_R","Parasite","Strike_R"],"score":3316,"play_id":"3291b10c-0ae8-40b9-b4c4-aff9de1e1f36","local_time":"20210124230051","is_ascension_mode":true,"campfire_choices":[{"data":"Twin Strike","floor":7.0,"key":"SMITH"},{"data":"Pommel Strike","floor":11.0,"key":"SMITH"},{"data":"Inflame","floor":15.0,"key":"SMITH"},{"data":"Body Slam","floor":23.0,"key":"SMITH"},{"data":"Barricade","floor":28.0,"key":"SMITH"},{"data":"Flex","floor":32.0,"key":"SMITH"},{"data":"True Grit","floor":41.0,"key":"SMITH"},{"floor":49.0,"key":"RECALL"},{"data":"Disarm","floor":53.0,"key":"SMITH"}],"circlet_count":0,"master_deck":["AscendersBane","Defend_R","Defend_R+1","Defend_R","Bash","Shrug It Off+1","Thunderclap","Twin Strike+1","Pommel Strike+1","Inflame+1","Body Slam+1","Reaper","Barricade+1","Entrench+1","Infernal Blade+1","Flex+1","Impervious","Disarm+1","Iron Wave","Berserk","Uppercut+1","True Grit+1","Offering"],"relics":["Burning Blood","NeowsBlessing","Dream Catcher","Red Skull","Matryoshka","Sundial","MawBank","Runic Pyramid","Oddly Smooth Stone","Lantern","The Courier","Enchiridion","Runic Dome","Mango","Ice Cream","Anchor","FossilizedHelix","Akabeko","Bird Faced Urn","Toy Ornithopter","StrikeDummy","Girya","Blue Candle"],"acts_visited":["Exordium","TheCity","TheBeyond","TheEnding"],"potions_floor_usage":[55,56,56],"damage_taken":[{"damage":0.0,"enemies":"Small Slimes","floor":1.0,"turns":1.0},{"damage":0.0,"enemies":"Gremlin Nob","floor":6.0,"turns":1.0},{"damage":0.0,"enemies":"3 Sentries","floor":8.0,"turns":1.0},{"damage":0.0,"enemies":"Gremlin Nob","floor":12.0,"turns":3.0},{"damage":0.0,"enemies":"2 Louse","floor":13.0,"turns":2.0},{"damage":25.0,"enemies":"3 Sentries","floor":14.0,"turns":7.0},{"damage":25.0,"enemies":"Slime Boss","floor":16.0,"turns":6.0},{"damage":15.0,"enemies":"3 Byrds","floor":18.0,"turns":7.0},{"damage":28.0,"enemies":"Chosen","floor":21.0,"turns":7.0},{"damage":8.0,"enemies":"Snake Plant","floor":22.0,"turns":4.0},{"damage":2.0,"enemies":"Sentry and Sphere","floor":24.0,"turns":8.0},{"damage":12.0,"enemies":"Gremlin Leader","floor":25.0,"turns":8.0},{"damage":33.0,"enemies":"Book of Stabbing","floor":27.0,"turns":6.0},{"damage":11.0,"enemies":"Cultist and Chosen","floor":31.0,"turns":6.0},{"damage":0.0,"enemies":"Automaton","floor":33.0,"turns":8.0},{"damage":26.0,"enemies":"3 Darklings","floor":35.0,"turns":4.0},{"damage":10.0,"enemies":"Orb Walker","floor":37.0,"turns":2.0},{"damage":4.0,"enemies":"Writhing Mass","floor":38.0,"turns":5.0},{"damage":0.0,"enemies":"Nemesis","floor":40.0,"turns":7.0},{"damage":0.0,"enemies":"Giant Head","floor":42.0,"turns":5.0},{"damage":20.0,"enemies":"Nemesis","floor":44.0,"turns":7.0},{"damage":27.0,"enemies":"Jaw Worm Horde","floor":45.0,"turns":5.0},{"damage":37.0,"enemies":"3 Darklings","floor":46.0,"turns":5.0},{"damage":7.0,"enemies":"Writhing Mass","floor":47.0,"turns":5.0},{"damage":0.0,"enemies":"Sphere and 2 Shapes","floor":48.0,"turns":13.0},{"damage":53.0,"enemies":"Awakened One","floor":50.0,"turns":17.0},{"damage":38.0,"enemies":"Donu and Deca","floor":51.0,"turns":15.0},{"damage":53,"enemies":"Shield and Spear","floor":55,"turns":6},{"damage":6,"enemies":"The Heart","floor":56,"turns":9}],"seed_played":"-8315060724744463809","potions_obtained":[{"floor":1.0,"key":"Swift Potion"},{"floor":8.0,"key":"EssenceOfSteel"},{"floor":13.0,"key":"Weak Potion"},{"floor":18.0,"key":"Swift Potion"},{"floor":25.0,"key":"ColorlessPotion"},{"floor":33.0,"key":"CultistPotion"},{"floor":35.0,"key":"SpeedPotion"},{"floor":44.0,"key":"PowerPotion"},{"floor":47.0,"key":"LiquidMemories"},{"floor":55,"key":"ColorlessPotion"}],"is_trial":false,"path_per_floor":["M","?","$","?","?","E","R","E","T","$","R","E","M","E","R","B",null,"M","?","?","M","M","R","M","E","T","E","R","?","?","M","R","B",null,"M","?","M","M","$","E","R","E","T","E","M","M","M","M","R","B","B",null,"R","$","E","B",null],"character_chosen":"IRONCLAD","items_purchased":["Thunderclap","Ice Cream","Anchor","FossilizedHelix","True Grit","Offering"],"campfire_rested":0,"item_purchase_floors":[3,39,39,39,39,54],"current_hp_per_floor":[74,74,74,51,44,50,50,56,56,56,56,62,68,49,49,37,66,63,63,63,52,56,56,63,69,69,52,52,52,31,51,51,75,75,70,84,80,82,82,86,86,86,86,82,84,82,86,86,86,52,26,71,71,71,51,80],"gold":47,"neow_bonus":"THREE_ENEMY_KILL","is_daily":false,"chose_seed":false,"campfire_upgraded":8,"win_rate":0.0,"timestamp":1611525651,"path_taken":["M","?","$","?","?","E","R","E","T","$","R","E","M","E","R","BOSS","M","?","?","M","M","R","M","E","T","E","R","?","?","M","R","BOSS","M","?","M","?","$","E","R","E","T","E","M","M","M","M","R","BOSS","BOSS","R","$","E","BOSS"],"items_purchased_type":["Card","Relic","Relic","Relic","Card","Card"],"build_version":"2020-12-22","purchased_purges":3,"victory":true,"max_hp_per_floor":[75,75,75,75,75,75,75,75,75,75,75,75,75,75,75,75,75,75,75,75,75,75,75,75,75,75,75,75,75,75,75,75,75,75,75,89,89,89,86,86,86,86,86,86,86,86,86,86,86,86,86,86,86,86,86,86],"card_choices":[{"not_picked":["Flex","Twin Strike"],"picked":"Shrug It Off","floor":1.0},{"not_picked":["Flex","Second Wind"],"picked":"Twin Strike","floor":6.0},{"not_picked":["Dual Wield","Flex"],"picked":"Pommel Strike","floor":8.0},{"not_picked":["Wild Strike","Uppercut"],"picked":"Inflame","floor":12.0},{"not_picked":["Clash","Cleave"],"picked":"Body Slam","floor":13.0},{"not_picked":["Iron Wave","Inflame"],"picked":"Reaper","floor":14.0},{"not_picked":["Bludgeon","Feed"],"picked":"Barricade","floor":16.0},{"not_picked":["Pummel","Heavy Blade"],"picked":"Entrench","floor":18.0},{"not_picked":["Headbutt","Anger"],"picked":"Infernal Blade+1","floor":21.0},{"not_picked":["Iron Wave","Warcry"],"picked":"Flex","floor":22.0},{"not_picked":["Pommel Strike+1","Combust"],"picked":"Impervious","floor":24.0},{"not_picked":["Pommel Strike","Sever Soul"],"picked":"Disarm","floor":25.0},{"not_picked":["Pommel Strike","Havoc","Thunderclap"],"picked":"SKIP","floor":27.0},{"not_picked":["Whirlwind","Havoc","Shrug It Off"],"picked":"SKIP","floor":31.0},{"not_picked":["Whirlwind","Havoc","Shrug It Off"],"picked":"SKIP","floor":31.0},{"not_picked":["Brutality","Immolate"],"picked":"Berserk","floor":33.0},{"not_picked":["Intimidate+1","Clash"],"picked":"Disarm+1","floor":35.0},{"not_picked":["Shockwave","Havoc+1"],"picked":"Uppercut+1","floor":37.0},{"not_picked":["Perfected Strike","Thunderclap","Brutality"],"picked":"SKIP","floor":38.0},{"not_picked":["Cleave+1","Carnage+1","Headbutt+1"],"picked":"SKIP","floor":40.0},{"not_picked":["Armaments","Flex","Hemokinesis"],"picked":"SKIP","floor":42.0},{"not_picked":["Pummel","Warcry","Heavy Blade"],"picked":"SKIP","floor":44.0},{"not_picked":["Dual Wield","Combust","Disarm"],"picked":"SKIP","floor":45.0},{"not_picked":["Clothesline","Entrench","Warcry"],"picked":"SKIP","floor":46.0},{"not_picked":["Sentinel","Sword Boomerang+1","Clash"],"picked":"SKIP","floor":47.0},{"not_picked":["Perfected Strike","Wild Strike","Shockwave"],"picked":"SKIP","floor":48.0},{"not_picked":["Headbutt","Searing Blow","Heavy Blade"],"picked":"SKIP","floor":55}],"player_experience":984627,"relics_obtained":[{"floor":6.0,"key":"Dream Catcher"},{"floor":8.0,"key":"Red Skull"},{"floor":9.0,"key":"Matryoshka"},{"floor":12.0,"key":"Sundial"},{"floor":14.0,"key":"MawBank"},{"floor":25.0,"key":"Oddly Smooth Stone"},{"floor":26.0,"key":"Lantern"},{"floor":27.0,"key":"The Courier"},{"floor":30.0,"key":"Enchiridion"},{"floor":40.0,"key":"Akabeko"},{"floor":42.0,"key":"Bird Faced Urn"},{"floor":43.0,"key":"Toy Ornithopter"},{"floor":43.0,"key":"StrikeDummy"},{"floor":44.0,"key":"Girya"},{"floor":55,"key":"Blue Candle"}],"event_choices":[{"cards_removed":["Defend_R"],"damage_healed":0.0,"max_hp_gain":0.0,"max_hp_loss":0.0,"gold_gain":0.0,"event_name":"Living Wall","player_choice":"Forget","floor":2.0,"gold_loss":0.0,"damage_taken":0.0},{"damage_healed":74.0,"max_hp_gain":0.0,"max_hp_loss":75.0,"gold_gain":0.0,"event_name":"betterThird:BetterShining","player_choice":"Upgrade","floor":4.0,"gold_loss":0.0,"damage_taken":23.0,"cards_upgraded":["Defend_R","Shrug It Off"]},{"cards_removed":["Strike_R"],"damage_healed":0.0,"max_hp_gain":0.0,"max_hp_loss":0.0,"gold_gain":0.0,"event_name":"Golden Wing","player_choice":"Card Removal","floor":5.0,"gold_loss":0.0,"damage_taken":7.0},{"cards_removed":["Strike_R"],"damage_healed":0.0,"max_hp_gain":0.0,"max_hp_loss":0.0,"gold_gain":0.0,"event_name":"Bonfire Elementals","player_choice":"Offered Basic","floor":19.0,"gold_loss":0.0,"damage_taken":0.0},{"damage_healed":0.0,"max_hp_gain":0.0,"max_hp_loss":0.0,"gold_gain":0.0,"event_name":"Accursed Blacksmith","player_choice":"Forge","floor":20.0,"gold_loss":0.0,"damage_taken":0.0,"cards_upgraded":["Entrench"]},{"damage_healed":0.0,"max_hp_gain":0.0,"max_hp_loss":0.0,"gold_gain":0.0,"cards_transformed":["Strike_R"],"event_name":"Transmorgrifier","player_choice":"Transformed","floor":29.0,"gold_loss":0.0,"damage_taken":0.0,"cards_obtained":["Iron Wave"]},{"damage_healed":0.0,"max_hp_gain":0.0,"max_hp_loss":0.0,"gold_gain":0.0,"event_name":"Cursed Tome","player_choice":"Obtained Book","floor":30.0,"gold_loss":0.0,"damage_taken":21.0},{"cards_removed":["Disarm"],"damage_healed":0.0,"max_hp_gain":0.0,"max_hp_loss":0.0,"gold_gain":0.0,"event_name":"WeMeetAgain","player_choice":"Gave Card","floor":36.0,"gold_loss":0.0,"damage_taken":0.0,"relics_obtained":["Mango"]}],"is_beta":false,"boss_relics":[{"not_picked":["Fusion Hammer","SacredBark"],"picked":"Runic Pyramid"},{"not_picked":["Black Star","Pandora\u0027s Box"],"picked":"Runic Dome"}],"items_purged_floors":[10,39,54],"is_endless":false,"potions_floor_spawned":[1,8,13,18,25,33,35,37,44,45,47,48,55],"ascension_level":20}}