{"host":"d61fcf2p3sjwe6yo","time":1611499043,"event":{"mods":["AchievementEnabler","BaseMod","Colored Map","Downfall","Minty Spire (QoL Compilation)","StSLib","SuperFastMode"],"gold_per_floor":[99,109,119,130,144,179,179,199,215,232,232,232,232],"floor_reached":11,"language":"ENG","playtime":563,"items_purged":[],"score":126,"play_id":"0ab92423-3ae3-485b-8a71-88e6e21bbe48","local_time":"20210124173723","is_ascension_mode":true,"campfire_choices":[],"circlet_count":0,"master_deck":["AscendersBane","sneckomod:Strike","sneckomod:Strike","sneckomod:Strike","sneckomod:Defend","sneckomod:Defend","sneckomod:Defend","sneckomod:TailWhip","sneckomod:SnekBite","sneckomod:Unknown","Guardian:Preprogram","sneckomod:QuickMove","sneckomod:DiceBlock","sneckomod:UnknownCommonAttack","sneckomod:UnknownDraw","sneckomod:Unknown3Cost+1","sneckomod:UnknownStrength+1","sneckomod:QuickBite","sneckomod:UnknownDexterity+1"],"relics":["sneckomod:SneckoSoul","Toy Ornithopter","Toxic Egg 2","Slimebound:PreparedRelic"],"acts_visited":["Exordium"],"potions_floor_usage":[5,11],"damage_taken":[{"damage":8,"enemies":"Cultist","floor":2,"turns":4},{"damage":0,"enemies":"Jaw Worm","floor":3,"turns":4},{"damage":0,"enemies":"Small Slimes","floor":4,"turns":3},{"damage":12,"enemies":"Exordium Wildlife","floor":5,"turns":5},{"damage":27,"enemies":"3 Sentries","floor":6,"turns":8},{"damage":13,"enemies":"Red Slaver","floor":8,"turns":4},{"damage":4,"enemies":"2 Fungi Beasts","floor":9,"turns":4},{"damage":2,"enemies":"3 Louse","floor":10,"turns":5},{"damage":28,"enemies":"Gremlin Nob","floor":11,"turns":3}],"seed_played":"4764583678459001631","potions_obtained":[{"floor":4,"key":"AttackPotion"},{"floor":9,"key":"SneckoOil"},{"floor":10,"key":"Fire Potion"}],"is_trial":false,"path_per_floor":["R","M","M","M","M","E","T","M","M","M","E"],"character_chosen":"THE_SNECKO","items_purchased":[],"campfire_rested":0,"item_purchase_floors":[],"current_hp_per_floor":[81,73,73,73,66,39,39,26,22,20,0,0,0],"gold":232,"neow_bonus":"RANDOM_COMMON_RELIC","is_daily":false,"chose_seed":false,"campfire_upgraded":0,"win_rate":0.0,"timestamp":1611499043,"path_taken":["R","M","M","M","M","E","T","M","M","M","E"],"items_purchased_type":[],"build_version":"2020-12-22","purchased_purges":0,"victory":false,"max_hp_per_floor":[90,90,90,90,90,90,90,90,90,90,90,90,90],"card_choices":[{"not_picked":["sneckomod:IronFang","sneckomod:SoulDraw"],"picked":"sneckomod:QuickMove","floor":2},{"not_picked":["sneckomod:Nope","sneckomod:Mudshield"],"picked":"sneckomod:DiceBlock","floor":3},{"not_picked":["sneckomod:SoulRoll","sneckomod:IronFang"],"picked":"sneckomod:UnknownCommonAttack","floor":4},{"not_picked":["sneckomod:DefensiveFlair","sneckomod:Cheat"],"picked":"sneckomod:UnknownDraw","floor":5},{"not_picked":["sneckomod:QuickBite","sneckomod:IronFang"],"picked":"sneckomod:Unknown3Cost+1","floor":6},{"not_picked":["sneckomod:UnknownDraw+1","sneckomod:IronFang"],"picked":"sneckomod:UnknownStrength+1","floor":8},{"not_picked":["sneckomod:UnknownStrike","sneckomod:IronFang"],"picked":"sneckomod:QuickBite","floor":9},{"not_picked":["sneckomod:UnendingSupply","sneckomod:UnknownUncommonAttack"],"picked":"sneckomod:UnknownDexterity+1","floor":10}],"player_experience":687062,"relics_obtained":[{"floor":6,"key":"Toxic Egg 2"},{"floor":7,"key":"Slimebound:PreparedRelic"}],"event_choices":[],"is_beta":false,"boss_relics":[],"items_purged_floors":[],"is_endless":false,"potions_floor_spawned":[4,9,10],"killed_by":"Gremlin Nob","ascension_level":12}}