{"host":"nu52txkaz0lj0p7m","time":1611488647,"event":{"mods":["2.2 Compatiblity","AchievementEnabler","Arknights The Spire","BaseMod","Beaked The Cultist","BetterRewards","Colored Map","Colored Powertips","Conjunction","Custom Start","Duelist Mod","Evolution","GifTheSpireLib","GungeonMod","Infinite Spire","Lobotomy","LobotomyExtend","Minty Spire (QoL Compilation)","Permanent Neow","Relic Filter","SIMod","Shade Mod","Small Relic Pack","StSLib","SuperFastMode","The Fake Hero"],"gold_per_floor":[119,139,139,150,150,150,150,160,160,220,248,248,298,311,311,407,407,418,456,497,532,682,737,737,772,772,772,782,846,859,904,918,918,918,1018,1018,1034,1074,1144,1144,1194,1194,1229,1279,1279,1354,955,1016,1066,1066,1066,1066,1066,1066,1066,685,720,720],"floor_reached":59,"language":"ENG","playtime":4593,"items_purged":["Wingbeat","SpecialBullet"],"score":1616,"play_id":"ebe7a7f5-492e-4153-8cf1-ebf9abd0012f","local_time":"20210124194407","is_ascension_mode":true,"campfire_choices":[{"floor":51,"key":"RECALL"}],"circlet_count":0,"master_deck":["WhiteNight","BlueStar","SpecialBullet","SpecialBullet","SpecialBullet","SpecialBullet","HereticApostle","InformationCode","SecurityCode","Moonlight","UniverseFragment","OSAHOGD","SpiderBud","DaCapo","GreenStem","RedEyes","Wingbeat","BlackSwan_ego","MHz","DaCapo+1","CENSORED_ego+1","BlackSwan_ego+1","Hypocrisy+1","Hypocrisy+1","Regret_ego+1","BlackSwan","Regret_ego+1","DisciplinaryCode","Moonlight+1","Ecstasy+1"],"relics":["CogitoBucket","RabbitCall","EVO:Axolotl","OrangePellets","DemoMod:PartiallyEatenCheese","Boot","LetterFromLob","SsserpentHead","Art of War","DemoMod:BlueGuonStone","relicPack:DSword","TreeSap","Philosopher\u0027s Stone","ResearcherNote","Pear","Unceasing Top","SkinProphecy","RedMistMask","DemoMod:RatBoots","DemoMod:ResourcefulSack","Pantograph","Fusion Hammer","infinitespire:ShieldingShard","relicPack:OneForAll","PreservedInsect","infinitespire:Eraser","Membership Card","infinitespire:Joker Card","Bottled Tornado","SoundOfStar_r","DeathAngel","White Beast Statue","FossilizedHelix","Cauldron","Oddly Smooth Stone"],"acts_visited":["Exordium","TheCity","TheCity","TheBeyond","TheEnding"],"potions_floor_usage":[14,14,25,50,58,58,58],"damage_taken":[{"damage":6,"enemies":"Cultist","floor":1,"turns":3},{"damage":12,"enemies":"Jaw Worm","floor":2,"turns":3},{"damage":6,"enemies":"2 Louse","floor":4,"turns":3},{"damage":7,"enemies":"Red Slaver","floor":8,"turns":3},{"damage":13,"enemies":"Blue Slaver","floor":10,"turns":3},{"damage":12,"enemies":"3 Sentries","floor":11,"turns":4},{"damage":3,"enemies":"Exordium Wildlife","floor":14,"turns":3},{"damage":8,"enemies":"Hexaghost","floor":16,"turns":8},{"damage":5,"enemies":"Chosen","floor":18,"turns":4},{"damage":6,"enemies":"3 Byrds","floor":19,"turns":5},{"damage":4,"enemies":"3 Cultists","floor":20,"turns":3},{"damage":10,"enemies":"Sentry and Sphere","floor":21,"turns":8},{"damage":21,"enemies":"Book of Stabbing","floor":23,"turns":5},{"damage":2,"enemies":"Slavers","floor":25,"turns":3},{"damage":0,"enemies":"DemoMod:4_Bullet_Kins","floor":28,"turns":2},{"damage":2,"enemies":"DemoMod:2_Veteran_bullet_kins_and_red_shotgun_kin","floor":29,"turns":3},{"damage":16,"enemies":"DemoMod:Veteran_shot_gun_kin_and_blue_shotgun_kin_with_gunsinger","floor":30,"turns":3},{"damage":0,"enemies":"DemoMod:Red_and_blue_shotgun_kin_with_gunsinger","floor":31,"turns":2},{"damage":2,"enemies":"DemoMod:Veteran_shot_gun_kin_and_blue_shotgun_kin","floor":32,"turns":2},{"damage":5,"enemies":"DemoMod:ResourcefulRat","floor":35,"turns":12},{"damage":0,"enemies":"3 Darklings","floor":37,"turns":2},{"damage":0,"enemies":"Orb Walker","floor":38,"turns":1},{"damage":4,"enemies":"4 Shapes","floor":39,"turns":1},{"damage":16,"enemies":"Nemesis","floor":43,"turns":9},{"damage":0,"enemies":"Reptomancer","floor":46,"turns":3},{"damage":13,"enemies":"Spire Growth","floor":48,"turns":4},{"damage":0,"enemies":"Maw","floor":50,"turns":9},{"damage":24,"enemies":"FixerMidnight","floor":52,"turns":5},{"damage":48,"enemies":"Shield and Spear","floor":57,"turns":3},{"damage":27,"enemies":"The Heart","floor":58,"turns":6}],"seed_played":"-2805252996233391518","potions_obtained":[{"floor":4,"key":"Dexterity Potion"},{"floor":8,"key":"Explosive Potion"},{"floor":10,"key":"FearPotion"},{"floor":14,"key":"SteroidPotion"},{"floor":16,"key":"SkillPotion"},{"floor":25,"key":"Fire Potion"},{"floor":32,"key":"Regen Potion"},{"floor":50,"key":"SteroidPotion"},{"floor":56,"key":"CultistPotion"},{"floor":56,"key":"EssenceOfSteel"},{"floor":56,"key":"Dexterity Potion"}],"is_trial":false,"path_per_floor":["M","M","$","M","?","R","E","M","T","M","E","R","?","M","R","B",null,"M","M","M","M","?","E","R","E","T","R","M","M","M","M","M","R","B","B",null,"M","M","M","AVR","?","R","E","?","T","E","$","M","?","M","R","B",null,null,"R","$","E","B",null],"character_chosen":"Angela","items_purchased":["Moonlight","OrangePellets","Boot","DemoMod:GnawedKey","Membership Card","infinitespire:Joker Card","Bottled Tornado","White Beast Statue","FossilizedHelix","Cauldron"],"campfire_rested":0,"item_purchase_floors":[0,0,0,0,47,47,47,56,56,56],"current_hp_per_floor":[51,47,47,49,49,49,49,50,50,48,50,50,15,28,28,52,54,55,55,55,55,55,58,58,65,65,65,65,69,69,71,73,73,64,73,76,79,81,87,87,87,87,85,89,89,91,91,96,96,101,101,91,91,91,91,91,64,107],"gold":720,"neow_bonus":"","is_daily":false,"chose_seed":false,"campfire_upgraded":0,"win_rate":0.0,"timestamp":1611488647,"path_taken":["M","M","?","M","?","R","E","M","T","?","E","R","?","M","R","BOSS","M","M","M","M","?","E","R","E","T","R","M","M","M","M","M","R","BOSS","BOSS","M","M","M","AVR","?","R","E","?","T","E","?","M","?","M","R","BOSS","R","$","E","BOSS"],"items_purchased_type":["Card","Relic","Relic","Relic","Relic","Relic","Relic","Relic","Relic","Relic"],"build_version":"2020-12-22","purchased_purges":2,"victory":true,"max_hp_per_floor":[70,70,70,70,70,70,70,70,70,70,70,70,70,70,70,55,55,55,55,55,55,55,65,65,65,65,65,65,69,69,71,73,73,75,77,77,79,81,87,87,87,87,89,89,89,91,91,97,97,101,101,103,103,103,103,103,105,107],"card_choices":[{"not_picked":["CrumblingArmor","FairyFestival"],"picked":"UniverseFragment","floor":1},{"not_picked":["Wingbeat","SomewhereSpear"],"picked":"SKIP","floor":1},{"not_picked":["WristCuter","SomewhereSpear"],"picked":"SKIP","floor":1},{"not_picked":["Wellcheers","Bloodbath"],"picked":"OSAHOGD","floor":2},{"not_picked":["SomewhereSpear","Soda"],"picked":"SKIP","floor":2},{"not_picked":["Wingbeat","CUTE"],"picked":"SKIP","floor":2},{"not_picked":["Lamp"],"picked":"Wingbeat","floor":4},{"not_picked":["Noise","TodaysExpression"],"picked":"SKIP","floor":4},{"not_picked":["Heaven","Laetitia_ego","FourthMatchFlame"],"picked":"SKIP","floor":8},{"not_picked":["FrostShard","Hornet","BearPaw"],"picked":"SKIP","floor":8},{"not_picked":["Porccubus","SnowQueen"],"picked":"SpiderBud","floor":10},{"not_picked":["Penitence","Beak"],"picked":"DaCapo","floor":10},{"not_picked":["MagicBullet","Horn","Discord"],"picked":"SKIP","floor":10},{"not_picked":["SwordSharpenedByTears","RedEyes"],"picked":"GreenStem","floor":11},{"not_picked":["Penitence","Regret_ego"],"picked":"RedEyes","floor":11},{"not_picked":["Noise","Harmony"],"picked":"Wingbeat","floor":14},{"not_picked":["SomewhereSpear","SwordSharpenedByTears"],"picked":"BlackSwan_ego","floor":14},{"not_picked":["Woodsman","HappyTeddy","Alriune"],"picked":"Singing Bowl","floor":14},{"not_picked":["Diffraction","Soda","Penitence"],"picked":"SKIP","floor":14},{"not_picked":["Bloodbath","CherryBlossoms"],"picked":"MHz","floor":16},{"not_picked":["SoundOfStar+1","Pinks+1"],"picked":"DaCapo+1","floor":16},{"not_picked":["DaCapo+1","ParadiseLost+1"],"picked":"CENSORED_ego+1","floor":16},{"not_picked":["SnowQueen","Bloodbath","Rudolta"],"picked":"Singing Bowl","floor":18},{"not_picked":["Beak+1","TodaysExpression+1","Noise+1"],"picked":"SKIP","floor":18},{"not_picked":["Lantern+1","Noise+1","SoundOfStar+1"],"picked":"SKIP","floor":18},{"not_picked":["Gaze+1","Loneliness+1"],"picked":"BlackSwan_ego+1","floor":19},{"not_picked":["LaLuna","WhitesApple","QueenBee"],"picked":"Singing Bowl","floor":19},{"not_picked":["Laetitia_ego+1","Noise+1","Penitence+1"],"picked":"SKIP","floor":19},{"not_picked":["GrinderMk4+1","FourthMatchFlame+1"],"picked":"Hypocrisy+1","floor":20},{"not_picked":["OldLady","Freischutz","BeautyBeast"],"picked":"Singing Bowl","floor":20},{"not_picked":["WristCuter+1","BearPaw+1","Gaze+1"],"picked":"SKIP","floor":20},{"not_picked":["BloodyDesire+1","DaCapo+1"],"picked":"Hypocrisy+1","floor":21},{"not_picked":["Scorched","ShyLook","Porccubus"],"picked":"Singing Bowl","floor":21},{"not_picked":["RapturousDream+1","Horn+1","Beak+1"],"picked":"SKIP","floor":21},{"not_picked":["Penitence+1","Hypocrisy+1"],"picked":"Regret_ego+1","floor":23},{"not_picked":["BodiesMountain","Murderer","QueenBee"],"picked":"Singing Bowl","floor":23},{"not_picked":["Hornet+1","TodaysExpression+1","Soda+1"],"picked":"SKIP","floor":23},{"not_picked":["PunishingBird","OldLady","Funeral"],"picked":"Singing Bowl","floor":25},{"not_picked":["Horn+1","InTheNameOfLoveAndHate+1","Hornet+1"],"picked":"SKIP","floor":25},{"not_picked":["TodaysExpression+1","Penitence+1","Pinks+1"],"picked":"SKIP","floor":25},{"not_picked":["Porccubus","Murderer","FieryBird"],"picked":"Singing Bowl","floor":28},{"not_picked":["Mimicry+1","Tough+1","Christmas+1"],"picked":"SKIP","floor":28},{"not_picked":["Scarecrow","LittleHelper"],"picked":"BlackSwan","floor":29},{"not_picked":["Discord+1","Penitence+1"],"picked":"Regret_ego+1","floor":29},{"not_picked":["Murderer","NakedNest","FairyFestival"],"picked":"Singing Bowl","floor":30},{"not_picked":["CrimsonScar+1","Harmony+1","LifeForTheDareDevil+1"],"picked":"SKIP","floor":30},{"not_picked":["NakedNest","Scarecrow","NothingThere"],"picked":"Singing Bowl","floor":31},{"not_picked":["Lantern+1","Justitia+1","Loneliness+1"],"picked":"SKIP","floor":31},{"not_picked":["Lantern+1","BlueScar+1","Harvest+1"],"picked":"SKIP","floor":31},{"not_picked":["GreenStem+1","ShedSkin+1","Regret_ego+1"],"picked":"SKIP","floor":31},{"not_picked":["VoidDream","Wellcheers","Freischutz"],"picked":"Singing Bowl","floor":32},{"not_picked":["Harvest+1","DaCapo+1","ShedSkin+1"],"picked":"SKIP","floor":32},{"not_picked":["DespairKnight","MeltingLove","FairyFestival"],"picked":"Singing Bowl","floor":35},{"not_picked":["SilentOrchestra","WallGazer","Scarecrow"],"picked":"Singing Bowl","floor":37},{"not_picked":["Laetitia_ego+1","CherryBlossom+1","Hornet+1"],"picked":"SKIP","floor":37},{"not_picked":["Woodsman","QueenOfHatred","LongBird"],"picked":"Singing Bowl","floor":38},{"not_picked":["SoundOfStar+1","Tough+1","SomewhereSpear+1"],"picked":"SKIP","floor":38},{"not_picked":["BeautyBeast","BlackArmy","LittleHelper"],"picked":"Singing Bowl","floor":39},{"not_picked":["SilentOrchestra","BlackArmy"],"picked":"BlueStar","floor":39},{"not_picked":["BloodyDesire+1","CrimsonScar+1","Gaze+1"],"picked":"SKIP","floor":39},{"not_picked":["Yin","BigBadWolf","GalaxyChild"],"picked":"Singing Bowl","floor":43},{"not_picked":["Gaze+1","Hornet+1","Spore+1"],"picked":"SKIP","floor":43},{"not_picked":["CUTE+1","SwordSharpenedByTears+1","Gaze+1"],"picked":"SKIP","floor":43},{"not_picked":["Regret_ego+1","Noise+1"],"picked":"Moonlight+1","floor":46},{"not_picked":["Murderer","BodiesMountain","NakedNest"],"picked":"Singing Bowl","floor":46},{"not_picked":["Soda+1","Noise+1"],"picked":"Ecstasy+1","floor":48},{"not_picked":["NothingThere","Freischutz"],"picked":"WhiteNight","floor":48},{"not_picked":["Christmas+1","FourthMatchFlame+1","FeatherOfHonor+1"],"picked":"SKIP","floor":48},{"not_picked":["Heaven+1","Amita+1","RedEyes+1"],"picked":"SKIP","floor":48},{"not_picked":["Wellcheers","HeroicMonk","LongBird"],"picked":"Singing Bowl","floor":50},{"not_picked":["MeltingLove","Laetitia","BigBird"],"picked":"Singing Bowl","floor":57},{"not_picked":["Pleasure+1","Loneliness+1","DaCapo+1"],"picked":"SKIP","floor":57}],"player_experience":322211,"relics_obtained":[{"floor":1,"key":"LetterFromLob"},{"floor":9,"key":"Art of War"},{"floor":11,"key":"DemoMod:BlueGuonStone"},{"floor":23,"key":"Pear"},{"floor":25,"key":"Unceasing Top"},{"floor":32,"key":"RedMistMask"},{"floor":36,"key":"DemoMod:RatBoots"},{"floor":36,"key":"DemoMod:ResourcefulSack"},{"floor":36,"key":"Pantograph"},{"floor":36,"key":"Fusion Hammer"},{"floor":43,"key":"PreservedInsect"},{"floor":46,"key":"infinitespire:Eraser"},{"floor":50,"key":"DeathAngel"},{"floor":57,"key":"Oddly Smooth Stone"}],"event_choices":[{"damage_healed":0,"gold_gain":0,"player_choice":"Trade","damage_taken":0,"relics_obtained":["SsserpentHead"],"max_hp_gain":0,"max_hp_loss":0,"event_name":"FaceTrader","floor":5,"gold_loss":0},{"damage_healed":0,"gold_gain":100,"player_choice":"Pray","damage_taken":0,"max_hp_gain":0,"max_hp_loss":0,"event_name":"Golden Shrine","floor":22,"gold_loss":0}],"is_beta":false,"boss_relics":[{"not_picked":["Runic Pyramid","beaked:SacredDeck"],"picked":"Philosopher\u0027s Stone"},{"not_picked":[]}],"items_purged_floors":[47,56],"is_endless":false,"potions_floor_spawned":[4,8,10,11,14,16,19,25,28,32,39,46,50,57],"ascension_level":5}}