{"host":"1445u9fdo06cpl2a","time":1611501021,"event":{"mods":["AchievementEnabler","Aspiration","Astrologer","Bard","BaseMod","Better Skull","BetterRewards","Colored Map","Colored Powertips","Conspire","Curses Come First","DeckTracker","Duelist Mod","GifTheSpireLib","GungeonMod","Halation","Hermit","Highlight Path","Hubris","Infinite Spire","Minty Spire (QoL Compilation)","Permanent Neow","Random Character Button","Rare Cards Sparkle","Replay The Spire","Shop Mod","Spire Arcade","StSLib","Stuff the Spire","Td1madao Mod","The Blackbeard","The Bladedancer","The Construct","The Cursed","The Forsaken","The Gatherer","The Hierophant","The Marked","The Mystic","The Necromancer","The Poker Player","The Runesmith","The Saiyan","vexMod"],"gold_per_floor":[119,167,187,187,206,206,206,220,220,220,252,267,293,309,309,410,410,426,444,282,292,292,292,318,417,417,417,417,441,441,482,516,551,551,672,672,706,747,785,785,812,812,864,888,965,965,998,998,998,998,998,1020,1020],"floor_reached":52,"language":"ENG","playtime":4497,"items_purged":["Entrench"],"score":561,"play_id":"8b98c400-8aa8-43dc-8fb1-af8ac96f5631","local_time":"20210124151021","is_ascension_mode":false,"campfire_choices":[{"data":"vexMod:StairwayStrike","floor":6.0,"key":"SMITH"},{"data":"Infernal Blade","floor":10.0,"key":"SMITH"},{"data":"Strike_R","floor":15.0,"key":"PURGE"},{"data":"Double Tap","floor":23.0,"key":"SMITH"},{"data":"Strike_R","floor":34.0,"key":"PURGE"},{"data":"StuffTheSpire:BrainWave","floor":42,"key":"SMITH"},{"data":"Armaments","floor":42,"key":"SMITH"},{"data":"Iron Wave","floor":46,"key":"SMITH"},{"data":"Iron Wave","floor":46,"key":"SMITH"},{"floor":49,"key":"REST"},{"data":"Flame Barrier","floor":51,"key":"SMITH"}],"circlet_count":0,"master_deck":["Strike_R","Strike_R","Defend_R","Defend_R","Defend_R","Defend_R","Bash","vexMod:StairwayStrike+1","Twin Strike","Infernal Blade+1","Run Through","Flex","Clothesline","Warcry","Pot Of Greed","Pot Of Greed","Thunderclap","Metallicize","Double Tap+1","Twin Strike+1","Iron Wave+1","Iron Wave+1","Pot Of Greed","Disarm","StuffTheSpire:RagingBull+1","Dual Wield","Sword Boomerang","Armaments+1","Flame Barrier+1","Demonic Infusion","Anger+1","StuffTheSpire:BrainWave+1","Parasite","Iron Wave+1","Iron Wave+1"],"relics":["Burning Blood","Meat on the Bone","hubris:Icosahedron","Chameleon Ring","Tiny Chest","conspire:SlowCooker","DemoMod:Metronome","halation:PenCase","Replay:Bandana","hubris:Towel","Runic Pyramid","ReplayTheSpireMod:TigerMarble","Replay:Bottled Snecko"],"acts_visited":["Exordium","TheCity","TheBeyond"],"potions_floor_usage":[41,44,44,52],"damage_taken":[{"damage":4.0,"enemies":"2 Louse","floor":1.0,"turns":4.0},{"damage":11.0,"enemies":"Jaw Worm","floor":3.0,"turns":2.0},{"damage":10.0,"enemies":"conspire:RoseBush","floor":5.0,"turns":2.0},{"damage":15.0,"enemies":"Large Slime","floor":8.0,"turns":2.0},{"damage":26.0,"enemies":"3 Sentries","floor":11.0,"turns":7.0},{"damage":10.0,"enemies":"Exordium Wildlife","floor":12.0,"turns":2.0},{"damage":10.0,"enemies":"Gremlin Nob","floor":13.0,"turns":3.0},{"damage":2.0,"enemies":"Blue Slaver","floor":14.0,"turns":2.0},{"damage":3.0,"enemies":"Hexaghost","floor":16.0,"turns":8.0},{"damage":1.0,"enemies":"Spheric Guardian","floor":18.0,"turns":3.0},{"damage":7.0,"enemies":"Chosen","floor":19.0,"turns":4.0},{"damage":18.0,"enemies":"Snake Plant","floor":21.0,"turns":3.0},{"damage":13.0,"enemies":"Replay:Snechameleon","floor":24.0,"turns":8.0},{"damage":22.0,"enemies":"Centurion and Healer","floor":31.0,"turns":4.0},{"damage":12.0,"enemies":"3 Cultists","floor":32.0,"turns":5.0},{"damage":23.0,"enemies":"Snake Plant","floor":33.0,"turns":5.0},{"damage":6.0,"enemies":"conspire:MysteriousRune","floor":35.0,"turns":8.0},{"damage":11,"enemies":"Orb Walker","floor":37,"turns":4},{"damage":11,"enemies":"3 Shapes","floor":38,"turns":4},{"damage":41,"enemies":"Sphere and 2 Shapes","floor":39,"turns":4},{"damage":30,"enemies":"Writhing Mass","floor":41,"turns":6},{"damage":42,"enemies":"4 Shapes","floor":44,"turns":5},{"damage":20,"enemies":"Spire Growth","floor":47,"turns":3},{"damage":74,"enemies":"conspire:OrnateMirror","floor":52,"turns":8}],"seed_played":"1103733511722910452","potions_obtained":[{"floor":2.0,"key":"LifebloodPotion"},{"floor":3.0,"key":"Elixir"},{"floor":11.0,"key":"HeartOfIron"},{"floor":18.0,"key":"Explosive Potion"},{"floor":19.0,"key":"BlessingOfTheForge"},{"floor":35.0,"key":"SkillPotion"},{"floor":38,"key":"Dexterity Potion"},{"floor":39,"key":"Regen Potion"},{"floor":51,"key":"SmokeBomb"},{"floor":51,"key":"GamblersBrew"}],"is_trial":false,"path_per_floor":["M","?","M","?","M","R","?","M","T","R","E","M","E","M","R_BF","B",null,"M","M","$","M","?","R","E","?","PTL","PTL","T","T","?","M","M","M","R_BF","B",null,"M","M","M","?","M","R","T","M","T","R","M","?","R","AVR","R","B"],"character_chosen":"IRONCLAD","items_purchased":["Iron Wave","Disarm"],"campfire_rested":1,"item_purchase_floors":[20,20],"current_hp_per_floor":[72,44,51,51,47,47,47,50,50,50,42,50,46,50,50,53,72,72,71,71,59,59,59,52,52,52,52,52,52,52,48,54,49,49,49,72,67,62,39,39,52,52,52,28,28,28,26,26,47,47,47,0,0],"gold":1020,"neow_bonus":"RANDOM_COLORLESS_2","is_daily":false,"chose_seed":false,"campfire_upgraded":8,"win_rate":0.0,"timestamp":1611501021,"path_taken":["M","?","M","?","M","R","?","M","T","R","E","M","E","?","R_BF","BOSS","M","M","$","M","?","R","E","?","PTL","PTL","T","?","?","?","M","M","R_BF","BOSS","M","M","M","?","M","R","?","M","T","R","M","?","R","AVR","R","BOSS"],"items_purchased_type":["Card","Card"],"build_version":"2020-12-22","purchased_purges":1,"victory":false,"max_hp_per_floor":[72,72,72,72,72,72,72,72,72,72,72,72,72,72,72,72,72,72,72,72,72,72,72,72,72,72,72,72,72,72,72,72,72,72,72,72,72,72,72,72,72,72,72,72,72,72,72,72,72,72,72,72,72],"card_choices":[{"not_picked":["Magnetism","Transmutation"],"picked":"vexMod:StairwayStrike","floor":0.0},{"not_picked":["Shockwave","Whirlwind"],"picked":"Twin Strike","floor":1.0},{"not_picked":["ReplayTheSpireMod:Muscle Training","Replay:Undeath\u0027s Touch"],"picked":"Entrench","floor":2.0},{"not_picked":["hubris:ReadiedAction","Replay:Undeath\u0027s Touch"],"picked":"Infernal Blade","floor":3.0},{"not_picked":["Carnage","Abandon"],"picked":"Run Through","floor":5.0},{"not_picked":["Abandon","Corruption"],"picked":"Flex","floor":8.0},{"not_picked":["Flex","Evolve"],"picked":"Clothesline","floor":11.0},{"not_picked":["Heavy Blade","Dropkick"],"picked":"Warcry","floor":12.0},{"not_picked":["Fiend Fire","Defy Death"],"picked":"Thunderclap","floor":13.0},{"not_picked":["hubris:ReadiedAction","Wild Strike"],"picked":"Metallicize","floor":14.0},{"not_picked":["Impervious","Replay:Many Hands"],"picked":"Double Tap","floor":16.0},{"not_picked":["hubris:ReadiedAction","Abandon+1"],"picked":"Twin Strike+1","floor":18.0},{"not_picked":["StuffTheSpire:RagingBull+1","ReplayTheSpireMod:LeadingStrike+1"],"picked":"Iron Wave+1","floor":19.0},{"not_picked":["Infernal Blade","True Grit"],"picked":"StuffTheSpire:RagingBull+1","floor":21.0},{"not_picked":["Abandon","Perfected Strike"],"picked":"Sword Boomerang","floor":24.0},{"not_picked":["StuffTheSpire:Slingshot+1","StuffTheSpire:Incineration"],"picked":"Armaments","floor":31.0},{"not_picked":["Disarm","StuffTheSpire:RockThrow+1"],"picked":"Flame Barrier","floor":32.0},{"not_picked":["Fire Breathing","StuffTheSpire:RockThrow","Replay:Undeath\u0027s Touch"],"picked":"SKIP","floor":33.0},{"not_picked":["StuffTheSpire:TitanForm","Offering"],"picked":"Demonic Infusion","floor":35.0},{"not_picked":["Bloodletting+1","Twin Strike+1"],"picked":"Anger+1","floor":37},{"not_picked":["ReplayTheSpireMod:Limb From Limb+1","DemoMod:BlackBlade","StuffTheSpire:Pyroclast+1"],"picked":"SKIP","floor":38},{"not_picked":["StuffTheSpire:RockThrow+1","infinitespire:OneForAll","Body Slam+1"],"picked":"SKIP","floor":39},{"not_picked":["StuffTheSpire:Harmony","StuffTheSpire:Vigor"],"picked":"StuffTheSpire:BrainWave","floor":40},{"not_picked":["True Grit","Clash","ReplayTheSpireMod:Strike From Hell+1"],"picked":"SKIP","floor":41},{"not_picked":["Pommel Strike+1","Evolve"],"picked":"Iron Wave","floor":44},{"not_picked":["Sword Boomerang+1","Body Slam+1"],"picked":"Iron Wave+1","floor":47}],"player_experience":90879,"relics_obtained":[{"floor":2.0,"key":"Meat on the Bone"},{"floor":9.0,"key":"Chameleon Ring"},{"floor":11.0,"key":"Tiny Chest"},{"floor":13.0,"key":"Grinning Jar"},{"floor":24.0,"key":"DemoMod:Metronome"},{"floor":28.0,"key":"halation:PenCase"},{"floor":29.0,"key":"Replay:Bandana"},{"floor":43,"key":"ReplayTheSpireMod:TigerMarble"},{"floor":45,"key":"Replay:Bottled Snecko"}],"event_choices":[{"damage_healed":0.0,"max_hp_gain":0.0,"max_hp_loss":0.0,"gold_gain":0.0,"event_name":"conspire:Investor","player_choice":"Leave","floor":7.0,"gold_loss":0.0,"damage_taken":0.0},{"damage_healed":0.0,"max_hp_gain":0.0,"max_hp_loss":0.0,"gold_gain":0.0,"event_name":"The Library","player_choice":"Read","floor":22.0,"gold_loss":0.0,"damage_taken":0.0,"cards_obtained":["Dual Wield"]},{"damage_healed":0.0,"max_hp_gain":0.0,"max_hp_loss":0.0,"gold_gain":99.0,"event_name":"Nest","player_choice":"Stole From Cult","floor":25.0,"gold_loss":0.0,"damage_taken":0.0}],"is_beta":false,"boss_relics":[{"not_picked":["Kintsugi","halation:MonkeysPaw"],"picked":"conspire:SlowCooker"},{"not_picked":["theForsaken:PaleLantern","StuffTheSpire:RunicConfusion"],"picked":"Runic Pyramid"}],"items_purged_floors":[20],"is_endless":false,"potions_floor_spawned":[3,11,12,13,18,19,35,38,39],"killed_by":"conspire:OrnateMirror","ascension_level":0}}