{"host":"1vzdexsn8vtq5lt7","time":1611503655,"event":{"mods":["Act Like it!","BaseMod","Colored Map","Colored Powertips","Conspire","Easy Mod","Energized Spire","Minty Spire (QoL Compilation)","Quick Restart","Relic Filter Mod","Relic Stats","Replay The Spire","StSLib","SuperFastMode","TestMod","The Marked","[IsaacMod]以撒尖塔","【功能Mod】Neow奖励","【功能Mod】混沌之环修复补丁","【功能Mod】精心准备","【遗物卡牌】REMEMod","没有小屋子和绿帽子啦"],"gold_per_floor":[99,99],"floor_reached":1,"language":"ZHS","playtime":295,"items_purged":[],"score":10,"play_id":"2d133fc6-cb96-46dc-b3e1-42507d5eeeb4","local_time":"20210124235415","is_ascension_mode":true,"campfire_choices":[],"circlet_count":0,"master_deck":["EasyMod:card_1","AscendersBane","theMarked:Strike","theMarked:Strike","theMarked:Strike","theMarked:Strike","theMarked:Strike","theMarked:Defend","theMarked:Defend","theMarked:Defend","theMarked:Defend","theMarked:SoldierOfQuellstein","theMarked:TurnInvisible"],"relics":["HushsDoor","REME_ComplimentaryCards","BookofShadows","testmod-IntensifyImprint","ChampionBelt","conspire:SlowCooker"],"acts_visited":["Exordium"],"potions_floor_usage":[],"damage_taken":[{"damage":70,"enemies":"3 Sentries","floor":1,"turns":13}],"seed_played":"4044748893517130703","potions_obtained":[],"is_trial":false,"path_per_floor":["M"],"character_chosen":"THE_DEFAULT","items_purchased":[],"campfire_rested":0,"item_purchase_floors":[],"current_hp_per_floor":[0,0],"gold":99,"neow_bonus":"BOSS_RELIC","is_daily":false,"chose_seed":false,"campfire_upgraded":0,"win_rate":0.0,"timestamp":1611503655,"path_taken":["M"],"items_purchased_type":[],"build_version":"2020-12-22","purchased_purges":0,"victory":false,"max_hp_per_floor":[66,66],"relic_stats":{"counters":[1,13],"obtain_stats":[{"KeepersGift":0,"theMarked:ArtifactOfAir":0,"testmod-IntensifyImprint":0,"BookofShadows":0,"testmod-TestBox":0,"ChampionBelt":0,"conspire:SlowCooker":0,"HushsDoor":0,"REME_ComplimentaryCards":0},{"KeepersGift":0,"theMarked:ArtifactOfAir":0,"testmod-IntensifyImprint":0,"BookofShadows":0,"testmod-TestBox":0,"ChampionBelt":0,"conspire:SlowCooker":0,"HushsDoor":0,"REME_ComplimentaryCards":0},{"KeepersGift":0,"theMarked:ArtifactOfAir":0,"testmod-IntensifyImprint":0,"BookofShadows":0,"testmod-TestBox":0,"ChampionBelt":0,"conspire:SlowCooker":0,"HushsDoor":0,"REME_ComplimentaryCards":0}]},"card_choices":[],"player_experience":214646,"relics_obtained":[],"event_choices":[],"is_beta":false,"boss_relics":[],"items_purged_floors":[],"is_endless":false,"potions_floor_spawned":[],"killed_by":"3 Sentries","ascension_level":20}}