{"host":"ci7ivtocgfxh0ueo","time":1611460819,"event":{"mods":["BaseMod","GifTheSpireLib","Minty Spire (QoL Compilation)","StSLib"],"gold_per_floor":[113,183,183,18,28,28,28,28,54,86,86,112,162,173,173,251,251,264,277,327,327,327],"floor_reached":21,"language":"ZHT","playtime":379,"items_purged":[],"score":352,"play_id":"42092110-efaa-4730-b860-03278b0b4436","local_time":"20210124120019","is_ascension_mode":true,"campfire_choices":[{"data":"Carnage","floor":6,"key":"SMITH"},{"floor":8,"key":"REST"},{"floor":15,"key":"REST"}],"circlet_count":0,"master_deck":["AscendersBane","Strike_R","Strike_R","Strike_R","Strike_R","Defend_R","Defend_R","Defend_R+1","Defend_R","Bash+1","Carnage+1","Clash","Combust","Hemokinesis+1","Rupture","Carnage+1","Offering","Combust"],"relics":["Black Blood","Regal Pillow","ClockworkSouvenir","Ancient Tea Set","Molten Egg 2","Art of War"],"acts_visited":["Exordium","TheCity"],"potions_floor_usage":[16,16],"damage_taken":[{"damage":2,"enemies":"Cultist","floor":1,"turns":4},{"damage":0,"enemies":"2 Louse","floor":5,"turns":2},{"damage":22,"enemies":"Lagavulin","floor":10,"turns":7},{"damage":28,"enemies":"3 Sentries","floor":12,"turns":6},{"damage":2,"enemies":"Small Slimes","floor":14,"turns":2},{"damage":35,"enemies":"The Guardian","floor":16,"turns":5},{"damage":46,"enemies":"3 Byrds","floor":18,"turns":5},{"damage":11,"enemies":"Spheric Guardian","floor":19,"turns":3},{"damage":37,"enemies":"Snake Plant","floor":21,"turns":3}],"seed_played":"-3424374306872192860","potions_obtained":[{"floor":10,"key":"SteroidPotion"},{"floor":14,"key":"SneckoOil"},{"floor":18,"key":"Ancient Potion"}],"is_trial":false,"path_per_floor":["M","?","?","$","M","R","?","R","T","E","?","E","?","M","R","B",null,"M","M","?","M"],"character_chosen":"IRONCLAD","items_purchased":["ClockworkSouvenir"],"campfire_rested":2,"item_purchase_floors":[4],"current_hp_per_floor":[72,72,72,72,75,75,52,75,75,59,59,37,37,41,75,46,68,34,35,35,0,0],"gold":327,"neow_bonus":"RANDOM_COMMON_RELIC","is_daily":false,"chose_seed":false,"campfire_upgraded":1,"win_rate":0.0,"timestamp":1611460819,"path_taken":["M","?","?","$","?","R","?","R","T","E","?","E","?","?","R","BOSS","M","?","?","M"],"items_purchased_type":["Relic"],"build_version":"2020-12-22","purchased_purges":0,"victory":false,"max_hp_per_floor":[75,75,75,75,75,75,75,75,75,75,75,75,75,75,75,75,75,75,75,75,75,75],"card_choices":[{"not_picked":["Twin Strike","Searing Blow"],"picked":"Carnage","floor":1},{"not_picked":["Wild Strike","Pommel Strike"],"picked":"Combust","floor":5},{"not_picked":["Pommel Strike+1","Havoc"],"picked":"Hemokinesis+1","floor":10},{"not_picked":["Wild Strike+1","Shrug It Off"],"picked":"Rupture","floor":12},{"not_picked":["Pommel Strike+1","Power Through"],"picked":"Carnage+1","floor":14},{"not_picked":["Demon Form","Corruption"],"picked":"Offering","floor":16},{"not_picked":["True Grit","Anger+1","Body Slam+1"],"picked":"SKIP","floor":18},{"not_picked":["Evolve","Second Wind"],"picked":"Combust","floor":19}],"player_experience":1354832,"relics_obtained":[{"floor":9,"key":"Ancient Tea Set"},{"floor":10,"key":"Molten Egg 2"},{"floor":12,"key":"Art of War"}],"event_choices":[{"damage_healed":0,"gold_gain":70,"player_choice":"Gained Gold","damage_taken":0,"max_hp_gain":0,"max_hp_loss":0,"event_name":"Golden Wing","floor":2,"gold_loss":0},{"damage_healed":0,"gold_gain":0,"cards_transformed":["Strike_R"],"player_choice":"Transformed","damage_taken":0,"max_hp_gain":0,"max_hp_loss":0,"event_name":"Transmorgrifier","floor":3,"gold_loss":0,"cards_obtained":["Clash"]},{"damage_healed":0,"gold_gain":0,"player_choice":"Entered Light","damage_taken":23,"max_hp_gain":0,"max_hp_loss":0,"event_name":"Shining Light","floor":7,"gold_loss":0,"cards_upgraded":["Defend_R","Bash"]},{"damage_healed":0,"gold_gain":0,"player_choice":"Ignored","damage_taken":0,"max_hp_gain":0,"max_hp_loss":0,"event_name":"Golden Idol","floor":11,"gold_loss":0},{"damage_healed":0,"gold_gain":50,"player_choice":"Pray","damage_taken":0,"max_hp_gain":0,"max_hp_loss":0,"event_name":"Golden Shrine","floor":13,"gold_loss":0},{"damage_healed":0,"gold_gain":50,"player_choice":"Stole From Cult","damage_taken":0,"max_hp_gain":0,"max_hp_loss":0,"event_name":"Nest","floor":20,"gold_loss":0}],"is_beta":false,"boss_relics":[{"not_picked":["Pandora\u0027s Box","Mark of Pain"],"picked":"Black Blood"}],"items_purged_floors":[],"is_endless":false,"potions_floor_spawned":[10,14,18],"killed_by":"Snake Plant","ascension_level":18}}