{"host":"qrt7o4dq2qslzw13","time":1611514560,"event":{"mods":["AchievementEnabler","BaseMod","Colored Map","Colored Powertips","Minty Spire (QoL Compilation)","Quick Restart","StSLib","SuperFastMode"],"gold_per_floor":[116,8,8,24,24,55,55,88,113,113,130,130,130,141,141,237,237,252,29,39,51,51,51,80,80,80,80,80,96,115,128,128,225,225,236,37,51,51,67,67,99,99,99,113,126,126,142,157,157,157,157,157,63,96,96],"floor_reached":56,"language":"ENG","playtime":1648,"items_purged":[],"score":1309,"play_id":"a1693ce5-11df-424c-86f2-36e4fd98a777","local_time":"20210124135600","is_ascension_mode":false,"campfire_choices":[{"data":"WreathOfFlame","floor":7.0,"key":"SMITH"},{"data":"Perseverance","floor":10.0,"key":"SMITH"},{"floor":12.0,"key":"REST"},{"data":"Pray","floor":15.0,"key":"SMITH"},{"floor":23.0,"key":"REST"},{"floor":25.0,"key":"REST"},{"floor":28.0,"key":"REST"},{"floor":32.0,"key":"REST"},{"floor":40.0,"key":"RECALL"},{"data":"SpiritShield","floor":42.0,"key":"SMITH"},{"floor":46.0,"key":"REST"},{"floor":49.0,"key":"REST"},{"floor":52.0,"key":"REST"}],"circlet_count":0,"master_deck":["Strike_P+1","Defend_P+1","Defend_P+1","Defend_P+1","Defend_P+1","Eruption+1","Vigilance+1","Parasite","WreathOfFlame+1","Pray+1","WheelKick+1","SandsOfTime+1","Consecrate+1","LessonLearned+1","Perseverance+1","FollowUp+1","Collect+1","Devotion+1","Trip+1","LessonLearned+1","TalkToTheHand+1","FlurryOfBlows+1","Fasting2+1","WindmillStrike+1","EmptyBody+1","ThirdEye+1","Ragnarok+1","TalkToTheHand+1","Protect+1","SpiritShield+1","Doubt","Parasite","Prostrate+1","Prostrate+1","Omniscience+1","Impatience+1"],"relics":["HolyWater","Omamori","Letter Opener","Boot","Cursed Key","Art of War","Anchor","Oddly Smooth Stone","Lizard Tail","Question Card","Happy Flower"],"acts_visited":["Exordium","TheCity","TheBeyond","TheEnding"],"potions_floor_usage":[55],"damage_taken":[{"damage":0.0,"enemies":"2 Louse","floor":1.0,"turns":1.0},{"damage":1.0,"enemies":"Cultist","floor":4.0,"turns":4.0},{"damage":0.0,"enemies":"Gremlin Nob","floor":6.0,"turns":2.0},{"damage":25.0,"enemies":"3 Sentries","floor":8.0,"turns":9.0},{"damage":5.0,"enemies":"Small Slimes","floor":11.0,"turns":3.0},{"damage":20.0,"enemies":"Gremlin Gang","floor":14.0,"turns":4.0},{"damage":0.0,"enemies":"Slime Boss","floor":16.0,"turns":6.0},{"damage":25.0,"enemies":"2 Thieves","floor":18.0,"turns":4.0},{"damage":2.0,"enemies":"3 Byrds","floor":20.0,"turns":4.0},{"damage":28.0,"enemies":"Shelled Parasite and Fungi","floor":21.0,"turns":7.0},{"damage":33.0,"enemies":"Slavers","floor":24.0,"turns":12.0},{"damage":20.0,"enemies":"Snake Plant","floor":29.0,"turns":4.0},{"damage":18.0,"enemies":"Snecko","floor":30.0,"turns":4.0},{"damage":0.0,"enemies":"3 Cultists","floor":31.0,"turns":6.0},{"damage":64.0,"enemies":"Automaton","floor":33.0,"turns":8.0},{"damage":0.0,"enemies":"3 Shapes","floor":35.0,"turns":5.0},{"damage":0.0,"enemies":"Orb Walker","floor":37.0,"turns":2.0},{"damage":0.0,"enemies":"Transient","floor":39.0,"turns":5.0},{"damage":10.0,"enemies":"Giant Head","floor":41.0,"turns":7.0},{"damage":5.0,"enemies":"Writhing Mass","floor":44.0,"turns":6.0},{"damage":23.0,"enemies":"Sphere and 2 Shapes","floor":45.0,"turns":6.0},{"damage":6.0,"enemies":"Jaw Worm Horde","floor":47.0,"turns":6.0},{"damage":0.0,"enemies":"4 Shapes","floor":48.0,"turns":2.0},{"damage":10.0,"enemies":"Donu and Deca","floor":50.0,"turns":5.0},{"damage":25.0,"enemies":"Shield and Spear","floor":54.0,"turns":4.0},{"damage":148,"enemies":"The Heart","floor":55,"turns":11}],"seed_played":"8598667284680503002","potions_obtained":[{"floor":4.0,"key":"AttackPotion"},{"floor":6.0,"key":"SpeedPotion"},{"floor":16.0,"key":"FairyPotion"},{"floor":20.0,"key":"Regen Potion"},{"floor":24.0,"key":"BlessingOfTheForge"},{"floor":29.0,"key":"Strength Potion"},{"floor":38.0,"key":"BottledMiracle"},{"floor":38.0,"key":"DuplicationPotion"},{"floor":45.0,"key":"FairyPotion"}],"is_trial":false,"path_per_floor":["M","$","?","M","?","E","R","E","T","R","M","R","?","M","R","B",null,"M","$","M","M","?","R","E","R","T","?","R","M","M","M","R","B",null,"M","$","M","?","M","R","E","R","T","M","M","R","M","M","R","B",null,"R","$","E","B",null],"character_chosen":"WATCHER","items_purchased":["Pray","WheelKick","Trip","LessonLearned","Oddly Smooth Stone","Protect","Impatience"],"campfire_rested":8,"item_purchase_floors":[2,2,19,19,36,36,53],"current_hp_per_floor":[86,86,86,85,85,85,85,60,60,60,55,80,80,60,60,60,86,61,61,59,31,31,56,38,63,63,63,86,66,48,48,73,9,86,86,86,86,86,86,86,76,76,76,71,48,73,67,67,86,76,86,86,86,61,13],"gold":96,"neow_bonus":"TWENTY_PERCENT_HP_BONUS","is_daily":false,"chose_seed":false,"campfire_upgraded":4,"win_rate":0.0,"timestamp":1611514560,"path_taken":["M","$","?","?","?","E","R","E","T","R","?","R","?","M","R","BOSS","M","$","?","M","?","R","E","R","T","?","R","M","M","M","R","BOSS","M","$","M","?","M","R","E","R","T","?","M","R","M","M","R","BOSS","R","$","E","BOSS"],"items_purchased_type":["Card","Card","Card","Card","Relic","Card","Card"],"build_version":"2020-12-22","purchased_purges":0,"victory":true,"max_hp_per_floor":[86,86,86,86,86,86,86,86,86,86,86,86,86,86,86,86,86,86,86,86,86,86,86,86,86,86,86,86,86,86,86,86,86,86,86,86,86,86,86,86,86,86,86,86,86,86,86,86,86,86,86,86,86,86,86],"card_choices":[{"not_picked":["Halt","JustLucky"],"picked":"WreathOfFlame","floor":1.0},{"not_picked":["ClearTheMind","SandsOfTime"],"picked":"Consecrate","floor":4.0},{"not_picked":["Wireheading","FlyingSleeves"],"picked":"LessonLearned","floor":6.0},{"not_picked":["SashWhip","FlyingSleeves"],"picked":"Perseverance","floor":8.0},{"not_picked":["SandsOfTime","LikeWater"],"picked":"FollowUp","floor":11.0},{"not_picked":["PathToVictory","DeceiveReality"],"picked":"Collect","floor":14.0},{"not_picked":["LessonLearned","Scrawl"],"picked":"Devotion","floor":16.0},{"not_picked":["CrushJoints","FollowUp","CutThroughFate"],"picked":"SKIP","floor":18.0},{"not_picked":["EmptyFist+1","JustLucky"],"picked":"TalkToTheHand","floor":20.0},{"not_picked":["EmptyFist","FollowUp"],"picked":"FlurryOfBlows+1","floor":21.0},{"not_picked":["EmptyBody+1","Protect+1"],"picked":"Fasting2","floor":24.0},{"not_picked":["Indignation","Consecrate"],"picked":"WindmillStrike","floor":29.0},{"not_picked":["SashWhip","FollowUp"],"picked":"EmptyBody+1","floor":30.0},{"not_picked":["Crescendo+1","FlyingSleeves"],"picked":"ThirdEye+1","floor":31.0},{"not_picked":["Vault","Judgement"],"picked":"Ragnarok","floor":33.0},{"not_picked":["Consecrate","FollowUp"],"picked":"TalkToTheHand+1","floor":35.0},{"not_picked":["WheelKick+1","FlyingSleeves+1","EmptyBody+1"],"picked":"SKIP","floor":37.0},{"not_picked":["Consecrate","FlyingSleeves+1","FlurryOfBlows"],"picked":"SKIP","floor":39.0},{"not_picked":["Wireheading+1","CrushJoints"],"picked":"SpiritShield","floor":41.0},{"not_picked":["FlurryOfBlows+1","EmptyFist+1","Halt+1"],"picked":"Prostrate+1","floor":44.0},{"not_picked":["Halt+1","PathToVictory","ThirdEye"],"picked":"Prostrate+1","floor":45.0},{"not_picked":["EmptyBody","Tantrum","EmptyMind"],"picked":"Omniscience","floor":47.0},{"not_picked":["FlyingSleeves+1","PathToVictory+1","Wallop","Perseverance+1"],"picked":"SKIP","floor":48.0},{"not_picked":["ThirdEye+1","PathToVictory","CutThroughFate+1","EmptyBody+1"],"picked":"SKIP","floor":54.0}],"player_experience":587551,"relics_obtained":[{"floor":6.0,"key":"Omamori"},{"floor":8.0,"key":"Letter Opener"},{"floor":9.0,"key":"Boot"},{"floor":24.0,"key":"Art of War"},{"floor":41.0,"key":"Lizard Tail"},{"floor":43.0,"key":"Question Card"},{"floor":54.0,"key":"Happy Flower"}],"event_choices":[{"damage_healed":0.0,"max_hp_gain":0.0,"max_hp_loss":0.0,"gold_gain":0.0,"cards_transformed":["Strike_P"],"event_name":"Transmorgrifier","player_choice":"Transformed","floor":3.0,"gold_loss":0.0,"damage_taken":0.0,"cards_obtained":["SandsOfTime"]},{"cards_removed":["Strike_P"],"damage_healed":0.0,"max_hp_gain":0.0,"max_hp_loss":0.0,"gold_gain":0.0,"event_name":"Bonfire Elementals","player_choice":"Offered Basic","floor":5.0,"gold_loss":0.0,"damage_taken":0.0},{"cards_removed":["Strike_P"],"damage_healed":0.0,"max_hp_gain":0.0,"max_hp_loss":0.0,"gold_gain":0.0,"event_name":"Purifier","player_choice":"Purged","floor":13.0,"gold_loss":0.0,"damage_taken":0.0},{"damage_healed":0.0,"max_hp_gain":0.0,"max_hp_loss":0.0,"gold_gain":0.0,"event_name":"Back to Basics","player_choice":"Simplicity","floor":22.0,"gold_loss":0.0,"damage_taken":0.0,"cards_upgraded":["Defend_P","Defend_P"]},{"damage_healed":0.0,"max_hp_gain":0.0,"max_hp_loss":0.0,"gold_gain":0.0,"event_name":"Addict","player_choice":"Stole Relic","floor":27.0,"gold_loss":0.0,"damage_taken":0.0,"relics_obtained":["Anchor"],"cards_obtained":["Shame"]},{"damage_healed":0.0,"max_hp_gain":0.0,"max_hp_loss":0.0,"gold_gain":0.0,"event_name":"Lab","player_choice":"Got Potions","floor":38.0,"gold_loss":0.0,"damage_taken":0.0}],"is_beta":false,"boss_relics":[{"not_picked":["Coffee Dripper","Runic Dome"],"picked":"Cursed Key"},{"not_picked":["SlaversCollar","Fusion Hammer"],"picked":"HolyWater"}],"items_purged_floors":[],"is_endless":false,"potions_floor_spawned":[4,6,16,20,24,29,31,33,35,37,45,47,48],"ascension_level":0}}