{"host":"j4g6ia6asvpyu2b0","time":1611449309,"event":{"mods":["BaseMod","Colored Map","Minty Spire (QoL Compilation)","Permanent Neow","Quick Restart","Relic Stats","StSLib","Unceasing Turn Reminder"],"gold_per_floor":[112,112,123,123,123,153,153,153,153],"floor_reached":8,"language":"ENG","playtime":122,"items_purged":[],"score":100,"play_id":"31fbbb83-131d-422e-bba2-b049bbe7ac5b","local_time":"20210123174829","is_ascension_mode":true,"campfire_choices":[{"data":"Bash","floor":7,"key":"SMITH"}],"circlet_count":0,"master_deck":["AscendersBane","Strike_R","Strike_R","Strike_R","Strike_R","Defend_R","Defend_R","Defend_R","Defend_R","Bash+1","Offering","Cleave","Battle Trance","Carnage"],"relics":["Burning Blood","Pantograph","Blood Vial"],"acts_visited":["Exordium"],"potions_floor_usage":[6],"damage_taken":[{"damage":11,"enemies":"Small Slimes","floor":1,"turns":3},{"damage":13,"enemies":"Jaw Worm","floor":3,"turns":3},{"damage":24,"enemies":"Gremlin Nob","floor":6,"turns":3},{"damage":15,"enemies":"3 Sentries","floor":8,"turns":2}],"seed_played":"-3884261483261587496","potions_obtained":[{"floor":1,"key":"ElixirPotion"},{"floor":3,"key":"Strength Potion"}],"is_trial":false,"path_per_floor":["M","?","M","?","?","E","R","E"],"character_chosen":"IRONCLAD","items_purchased":[],"campfire_rested":0,"item_purchase_floors":[],"current_hp_per_floor":[63,68,61,50,43,25,25,12,12],"gold":153,"neow_bonus":"ONE_RANDOM_RARE_CARD","is_daily":false,"chose_seed":false,"campfire_upgraded":1,"win_rate":0.0,"timestamp":1611449309,"path_taken":["M","?","M","?","?","E","R","E"],"items_purchased_type":[],"build_version":"2020-12-22","purchased_purges":0,"victory":false,"max_hp_per_floor":[75,80,80,80,80,80,80,80,80],"relic_stats":{"Blood Vial":2,"counters":[4,11],"Pantograph":0,"obtain_stats":[{"Blood Vial":6,"Pantograph":4,"Burning Blood":0},{"Blood Vial":3,"Pantograph":2,"Burning Blood":0},{"Blood Vial":9,"Pantograph":6,"Burning Blood":0}],"Burning Blood":18},"card_choices":[{"not_picked":["Entrench","True Grit"],"picked":"Cleave","floor":1},{"not_picked":["Heavy Blade","Clash"],"picked":"Battle Trance","floor":3},{"not_picked":["Combust","Flame Barrier"],"picked":"Carnage","floor":6}],"player_experience":966845,"relics_obtained":[{"floor":6,"key":"Blood Vial"}],"event_choices":[{"damage_healed":0,"gold_gain":0,"player_choice":"Donut","damage_taken":0,"max_hp_gain":5,"max_hp_loss":0,"event_name":"Big Fish","floor":2,"gold_loss":0},{"damage_healed":0,"gold_gain":0,"player_choice":"Success","damage_taken":11,"relics_obtained":["Pantograph"],"max_hp_gain":0,"max_hp_loss":0,"event_name":"Scrap Ooze","floor":4,"gold_loss":0},{"cards_removed":["Strike_R"],"damage_healed":0,"gold_gain":0,"player_choice":"Card Removal","damage_taken":7,"max_hp_gain":0,"max_hp_loss":0,"event_name":"Golden Wing","floor":5,"gold_loss":0}],"is_beta":false,"boss_relics":[],"items_purged_floors":[],"is_endless":false,"potions_floor_spawned":[1,3],"killed_by":"3 Sentries","ascension_level":17}}