{"host":"jjgyg020kc87m30c","time":1611487754,"event":{"mods":["BaseMod","Colored Map","Minty Spire (QoL Compilation)","Permanent Neow"],"gold_per_floor":[116,134,309,309,269,269,299,309,334,347,358,375,387,420,420,520,520,520,520,47,47,47,47,47,47,47,47,47,47,47,1,1,1,1],"floor_reached":33,"language":"ENG","playtime":4202,"items_purged":["Strike_G"],"score":337,"play_id":"17fb91b8-47ac-4c3d-9fef-9f73f059fe1b","local_time":"20210124202914","is_ascension_mode":true,"campfire_choices":[{"data":"Reflex","floor":6,"key":"SMITH"},{"floor":15,"key":"REST"},{"data":"A Thousand Cuts","floor":23,"key":"SMITH"},{"floor":30,"key":"REST"},{"data":"Cloak And Dagger","floor":32,"key":"SMITH"}],"circlet_count":0,"master_deck":["Strike_G","Strike_G","Strike_G","Strike_G","Defend_G","Defend_G","Defend_G","Defend_G","Defend_G","Survivor","Neutralize","Reflex+1","Dagger Throw","Well Laid Plans","PiercingWail","A Thousand Cuts+1","Cloak And Dagger+1","Slice","Endless Agony","Prepared","Unload","Underhanded Strike","Backflip","Panache","Expertise","Swift Strike","Eviscerate","Footwork","Mind Blast","Escape Plan+1","Outmaneuver+1","Blade Dance"],"relics":["Sozu","Tiny Chest","Blood Vial","Ornamental Fan","Ectoplasm","MealTicket","Juzu Bracelet","Gremlin Horn"],"acts_visited":["Exordium","TheCity"],"potions_floor_usage":[],"damage_taken":[{"damage":0,"enemies":"Jaw Worm","floor":1,"turns":5},{"damage":4,"enemies":"Small Slimes","floor":2,"turns":4},{"damage":24,"enemies":"Gremlin Nob","floor":7,"turns":5},{"damage":0,"enemies":"Cultist","floor":8,"turns":3},{"damage":1,"enemies":"Exordium Wildlife","floor":10,"turns":5},{"damage":14,"enemies":"Lots of Slimes","floor":11,"turns":4},{"damage":0,"enemies":"Blue Slaver","floor":12,"turns":5},{"damage":14,"enemies":"Exordium Thugs","floor":13,"turns":5},{"damage":6,"enemies":"Lagavulin","floor":14,"turns":8},{"damage":10,"enemies":"Slime Boss","floor":16,"turns":11},{"damage":12,"enemies":"Chosen","floor":18,"turns":6},{"damage":17,"enemies":"Spheric Guardian","floor":19,"turns":4},{"damage":12,"enemies":"Snecko","floor":21,"turns":4},{"damage":16,"enemies":"Snake Plant","floor":24,"turns":4},{"damage":0,"enemies":"Chosen and Byrds","floor":27,"turns":4},{"damage":9,"enemies":"Centurion and Healer","floor":28,"turns":6},{"damage":0,"enemies":"Gremlin Leader","floor":29,"turns":5},{"damage":45,"enemies":"Champ","floor":33,"turns":8}],"seed_played":"4030130295548416713","potions_obtained":[],"is_trial":false,"path_per_floor":["M","M","?","?","?","R","E","M","T","M","M","M","M","E","R","B",null,"M","M","$","M","?","R","M","T","T","M","M","E","R","$","R","B"],"character_chosen":"THE_SILENT","items_purchased":["Panache","Expertise","Swift Strike","Eviscerate","Blade Dance"],"campfire_rested":2,"item_purchase_floors":[20,20,20,20,31],"current_hp_per_floor":[70,66,66,59,59,59,35,35,35,36,24,26,14,10,31,23,70,58,43,43,33,21,21,7,7,7,9,2,4,25,40,40,0,0],"gold":1,"neow_bonus":"BOSS_RELIC","is_daily":false,"chose_seed":false,"campfire_upgraded":3,"win_rate":0.0,"timestamp":1611487754,"path_taken":["M","M","?","?","?","R","E","M","T","M","M","M","M","E","R","BOSS","M","?","$","M","?","R","?","?","T","M","M","E","R","?","R","BOSS"],"items_purchased_type":["Card","Card","Card","Card","Card"],"build_version":"2020-12-22","purchased_purges":1,"victory":false,"max_hp_per_floor":[70,70,70,70,70,70,70,70,70,70,70,70,70,70,70,70,70,70,70,70,70,70,70,70,70,70,70,70,70,70,70,70,70,70],"card_choices":[{"not_picked":["Quick Slash","Blade Dance"],"picked":"Reflex","floor":1},{"not_picked":["PiercingWail","Noxious Fumes"],"picked":"Dagger Throw","floor":2},{"not_picked":["Riddle With Holes","Dagger Throw"],"picked":"Well Laid Plans","floor":7},{"not_picked":["Masterful Stab","Flechettes"],"picked":"PiercingWail","floor":8},{"not_picked":["Flying Knee","Poisoned Stab"],"picked":"A Thousand Cuts","floor":10},{"not_picked":["Choke","Caltrops"],"picked":"Cloak And Dagger","floor":11},{"not_picked":["Terror","Dagger Spray"],"picked":"Slice","floor":12},{"not_picked":["Outmaneuver","Caltrops"],"picked":"Endless Agony","floor":13},{"not_picked":["Sucker Punch","Slice"],"picked":"Prepared","floor":14},{"not_picked":["Die Die Die","Corpse Explosion"],"picked":"Unload","floor":16},{"not_picked":["Crippling Poison","Deadly Poison"],"picked":"Underhanded Strike","floor":18},{"not_picked":["Dodge and Roll","Poisoned Stab"],"picked":"Backflip","floor":19},{"not_picked":["Eviscerate","Dagger Spray+1"],"picked":"Footwork","floor":21},{"not_picked":["Poisoned Stab","Distraction","Bane"],"picked":"SKIP","floor":24},{"not_picked":["Well Laid Plans","Blur"],"picked":"Escape Plan+1","floor":27},{"not_picked":["Riddle With Holes","Noxious Fumes","Dagger Throw"],"picked":"SKIP","floor":28},{"not_picked":["Reflex","Venomology"],"picked":"Outmaneuver+1","floor":29}],"player_experience":23702,"relics_obtained":[{"floor":7,"key":"Tiny Chest"},{"floor":9,"key":"Blood Vial"},{"floor":14,"key":"Ornamental Fan"},{"floor":25,"key":"MealTicket"},{"floor":26,"key":"Juzu Bracelet"},{"floor":29,"key":"Gremlin Horn"}],"event_choices":[{"damage_healed":0,"gold_gain":175,"player_choice":"AGREE","damage_taken":0,"max_hp_gain":0,"max_hp_loss":0,"event_name":"Liars Game","floor":3,"gold_loss":0,"cards_obtained":["Doubt"]},{"cards_removed":["Doubt"],"damage_healed":0,"gold_gain":0,"player_choice":"Card Removal","damage_taken":7,"max_hp_gain":0,"max_hp_loss":0,"event_name":"Golden Wing","floor":4,"gold_loss":0},{"damage_healed":0,"gold_gain":0,"player_choice":"Bought 3 Potions","damage_taken":0,"max_hp_gain":0,"max_hp_loss":0,"event_name":"The Woman in Blue","floor":5,"gold_loss":0},{"damage_healed":0,"gold_gain":0,"player_choice":"CARD ","damage_taken":12,"max_hp_gain":0,"max_hp_loss":0,"event_name":"Knowing Skull","floor":22,"potions_obtained":[],"gold_loss":0,"cards_obtained":["Mind Blast"]}],"is_beta":false,"boss_relics":[{"not_picked":["Astrolabe","Philosopher\u0027s Stone"],"picked":"Ectoplasm"}],"items_purged_floors":[20],"is_endless":false,"potions_floor_spawned":[1,11,12,19,27,28],"killed_by":"Champ","ascension_level":2}}