{"host":"g2yp6paluzgljz05","time":1611487310,"event":{"mods":["BaseMod","Bestiary","Colored Powertips","DeckTracker","Highlight Path","Minty Spire (QoL Compilation)","Quick Restart"],"gold_per_floor":[364,35,51,69,81,81,108,108,158,158,177,202,202,214,214,310,310,323,422,347,247,162,162,162],"floor_reached":23,"language":"ENG","playtime":1271,"items_purged":["Strike_R","Strike_R"],"score":239,"play_id":"d96b8f4c-1011-4223-ba85-3c7099760cc9","local_time":"20210124222150","is_ascension_mode":true,"campfire_choices":[{"floor":6.0,"key":"REST"},{"floor":8.0,"key":"REST"},{"data":"Flex","floor":10.0,"key":"SMITH"},{"data":"Armaments","floor":15.0,"key":"SMITH"}],"circlet_count":0,"master_deck":["Strike_R","Strike_R","Strike_R","Defend_R","Defend_R","Defend_R","Defend_R","Bash","Flex+1","Evolve","Armaments+1","Shrug It Off","Inflame","Spot Weakness","Battle Trance","Flame Barrier","Fiend Fire"],"relics":["Burning Blood","Frozen Eye","Kunai","Red Skull","Anchor","Velvet Choker","Nunchaku"],"acts_visited":["Exordium","TheCity"],"potions_floor_usage":[],"damage_taken":[{"damage":0.0,"enemies":"Small Slimes","floor":1.0,"turns":3.0},{"damage":3.0,"enemies":"2 Louse","floor":3.0,"turns":3.0},{"damage":4.0,"enemies":"Jaw Worm","floor":4.0,"turns":5.0},{"damage":39.0,"enemies":"Gremlin Gang","floor":5.0,"turns":9.0},{"damage":54.0,"enemies":"Lagavulin","floor":7.0,"turns":9.0},{"damage":9.0,"enemies":"3 Louse","floor":11.0,"turns":5.0},{"damage":18.0,"enemies":"Gremlin Nob","floor":12.0,"turns":3.0},{"damage":9.0,"enemies":"Looter","floor":14.0,"turns":4.0},{"damage":25.0,"enemies":"Slime Boss","floor":16.0,"turns":10.0},{"damage":35.0,"enemies":"2 Thieves","floor":18.0,"turns":5.0},{"damage":17,"enemies":"Slavers","floor":23,"turns":2}],"seed_played":"2093140714427255768","potions_obtained":[{"floor":3.0,"key":"Strength Potion"},{"floor":5.0,"key":"SpeedPotion"},{"floor":12.0,"key":"Fire Potion"},{"floor":14.0,"key":"FearPotion"}],"is_trial":false,"path_per_floor":["M","$","M","M","M","R","E","R","T","R","M","E","?","M","R","B",null,"M","?","?","$","?","E"],"character_chosen":"IRONCLAD","items_purchased":["Evolve","Frozen Eye","Armaments"],"campfire_rested":2,"item_purchase_floors":[2,2,2],"current_hp_per_floor":[62,62,65,67,34,58,10,34,34,34,31,19,39,36,36,17,80,51,51,51,51,51,34,34],"gold":162,"neow_bonus":"TWO_FIFTY_GOLD","is_daily":false,"chose_seed":false,"campfire_upgraded":2,"win_rate":0.0,"timestamp":1611487310,"path_taken":["M","$","M","M","M","R","E","R","T","R","M","E","?","M","R","BOSS","M","?","?","$","?","E"],"items_purchased_type":["Card","Relic","Card"],"build_version":"2020-12-22","purchased_purges":2,"victory":false,"max_hp_per_floor":[80,80,80,80,80,80,80,80,80,80,80,80,80,80,80,80,80,80,80,77,77,77,77,77],"card_choices":[{"not_picked":["Disarm","Infernal Blade"],"picked":"Flex","floor":1.0},{"not_picked":["Rampage","Pommel Strike"],"picked":"Shrug It Off","floor":3.0},{"not_picked":["Clash","Sword Boomerang","Shockwave"],"picked":"SKIP","floor":4.0},{"not_picked":["Dark Embrace","Searing Blow"],"picked":"Inflame","floor":5.0},{"not_picked":["True Grit","Wild Strike"],"picked":"Spot Weakness","floor":7.0},{"not_picked":["Perfected Strike","Body Slam"],"picked":"Battle Trance","floor":11.0},{"not_picked":["Sword Boomerang","Whirlwind"],"picked":"Flame Barrier","floor":12.0},{"not_picked":["Anger","Havoc","Body Slam"],"picked":"SKIP","floor":14.0},{"not_picked":["Offering","Limit Break"],"picked":"Fiend Fire","floor":16.0},{"not_picked":["Twin Strike","Clothesline","Second Wind"],"picked":"SKIP","floor":18.0}],"player_experience":252402,"relics_obtained":[{"floor":7.0,"key":"Kunai"},{"floor":9.0,"key":"Red Skull"},{"floor":12.0,"key":"Anchor"}],"event_choices":[{"damage_healed":20.0,"max_hp_gain":0.0,"max_hp_loss":0.0,"gold_gain":0.0,"event_name":"Mushrooms","player_choice":"Healed and dodged fight","floor":13.0,"gold_loss":0.0,"damage_taken":0.0,"cards_obtained":["Parasite"]},{"damage_healed":0.0,"max_hp_gain":0.0,"max_hp_loss":0.0,"gold_gain":99.0,"event_name":"Nest","player_choice":"Stole From Cult","floor":19.0,"gold_loss":0.0,"damage_taken":0.0},{"cards_removed":["Parasite"],"damage_healed":0.0,"max_hp_gain":0.0,"max_hp_loss":0.0,"gold_gain":0.0,"event_name":"Beggar","player_choice":"Gave Gold","floor":20.0,"gold_loss":75.0,"damage_taken":0.0},{"damage_healed":0.0,"max_hp_gain":0.0,"max_hp_loss":0.0,"gold_gain":0.0,"event_name":"Addict","player_choice":"Obtained Relic","floor":22.0,"gold_loss":85.0,"damage_taken":0.0,"relics_obtained":["Nunchaku"]}],"is_beta":false,"boss_relics":[{"not_picked":["Ectoplasm","Fusion Hammer"],"picked":"Velvet Choker"}],"items_purged_floors":[2,21],"is_endless":false,"potions_floor_spawned":[3,5,12,14],"killed_by":"Slavers","ascension_level":4}}