{"host":"test","time":1611463470,"event":{"mods":["BaseMod","Colored Map","Colored Powertips","Minty Spire (QoL Compilation)","Relic Stats","Slay the Relics Exporter","SpireBot","StSLib","ojb\u0027s Better Paths Mod","ojb\u0027s Info Mod"],"gold_per_floor":[111,126,137,137,62,94,94,120,144,172,172,56,56,67,67,141,141,156,336,352,100,119,119,133,133,133,150,150,7,42,56,56,128,128,144,144,160,172,172,198,198,233,284,284,37,55,74,88,88,88,88,88],"floor_reached":51,"language":"JPN","playtime":3400,"items_purged":["Strike_G","Strike_G","Strike_G","Strike_G"],"score":1394,"play_id":"e1a05ca4-2b2c-46b6-b365-fc059771c574","local_time":"20210124134430","is_ascension_mode":true,"campfire_choices":[{"data":"Apotheosis","floor":7.0,"key":"SMITH"},{"data":"Neutralize","floor":11.0,"key":"SMITH"},{"data":"Dash","floor":13.0,"key":"SMITH"},{"data":"Dagger Spray","floor":15.0,"key":"SMITH"},{"floor":23.0,"key":"REST"},{"data":"Prepared","floor":25.0,"key":"SMITH"},{"data":"Footwork","floor":32.0,"key":"SMITH"},{"floor":41.0,"key":"RECALL"},{"floor":49.0,"key":"REST"}],"circlet_count":0,"master_deck":["AscendersBane","Strike_G","Defend_G","Defend_G","Defend_G","Defend_G","Defend_G","Survivor","Neutralize+1","Apotheosis+1","Choke","Dash+1","Dagger Spray+1","Quick Slash","PiercingWail","Concentrate","Terror","Corpse Explosion","Leg Sweep","Backflip","Prepared+1","Footwork+1","PiercingWail+1","Blur","Die Die Die","Backflip","Footwork+1","Calculated Gamble+1","Underhanded Strike+1","Madness","Madness","Dodge and Roll+1","Calculated Gamble+1"],"relics":["Ring of the Snake","Tiny Chest","Akabeko","Pen Nib","Unceasing Top","Black Star","Membership Card","HornCleat","Matryoshka","Potion Belt","Strawberry","Omamori","Philosopher\u0027s Stone","Happy Flower","Art of War","StrikeDummy","Prayer Wheel","Blue Candle","Pocketwatch","Blood Vial","Bottled Tornado"],"acts_visited":["Exordium","TheCity","TheBeyond"],"potions_floor_usage":[51],"damage_taken":[{"damage":3.0,"enemies":"Cultist","floor":1.0,"turns":6.0},{"damage":0.0,"enemies":"Jaw Worm","floor":2.0,"turns":6.0},{"damage":3.0,"enemies":"2 Louse","floor":3.0,"turns":4.0},{"damage":8.0,"enemies":"Lagavulin","floor":6.0,"turns":9.0},{"damage":1.0,"enemies":"Gremlin Nob","floor":8.0,"turns":4.0},{"damage":2.0,"enemies":"3 Sentries","floor":10.0,"turns":4.0},{"damage":1.0,"enemies":"Red Slaver","floor":14.0,"turns":3.0},{"damage":30.0,"enemies":"Slime Boss","floor":16.0,"turns":9.0},{"damage":0.0,"enemies":"3 Byrds","floor":18.0,"turns":2.0},{"damage":9.0,"enemies":"Shell Parasite","floor":20.0,"turns":3.0},{"damage":0.0,"enemies":"Cultist and Chosen","floor":22.0,"turns":3.0},{"damage":0.0,"enemies":"3 Cultists","floor":24.0,"turns":2.0},{"damage":0.0,"enemies":"Centurion and Healer","floor":27.0,"turns":3.0},{"damage":18.0,"enemies":"Book of Stabbing","floor":30.0,"turns":7.0},{"damage":14.0,"enemies":"Sentry and Sphere","floor":31.0,"turns":4.0},{"damage":30.0,"enemies":"Collector","floor":33.0,"turns":13.0},{"damage":1.0,"enemies":"Orb Walker","floor":35.0,"turns":4.0},{"damage":8.0,"enemies":"3 Shapes","floor":37.0,"turns":3.0},{"damage":7.0,"enemies":"Jaw Worm Horde","floor":38.0,"turns":4.0},{"damage":2.0,"enemies":"Nemesis","floor":40.0,"turns":9.0},{"damage":44.0,"enemies":"Giant Head","floor":42.0,"turns":12.0},{"damage":6.0,"enemies":"Maw","floor":46.0,"turns":8.0},{"damage":1.0,"enemies":"3 Darklings","floor":47.0,"turns":6.0},{"damage":0.0,"enemies":"Spire Growth","floor":48.0,"turns":7.0},{"damage":33.0,"enemies":"Time Eater","floor":50.0,"turns":24.0},{"damage":19,"enemies":"Donu and Deca","floor":51,"turns":7}],"seed_played":"1536719389188254638","potions_obtained":[{"floor":6.0,"key":"Ancient Potion"},{"floor":8.0,"key":"Energy Potion"},{"floor":14.0,"key":"Swift Potion"},{"floor":16.0,"key":"LiquidMemories"},{"floor":24.0,"key":"Fruit Juice"},{"floor":27.0,"key":"Regen Potion"},{"floor":31.0,"key":"EntropicBrew"},{"floor":37.0,"key":"Dexterity Potion"},{"floor":38.0,"key":"FearPotion"},{"floor":40.0,"key":"Weak Potion"},{"floor":48.0,"key":"DistilledChaos"}],"is_trial":false,"path_per_floor":["M","M","M","?","?","E","R","E","T","E","R","$","R","M","R","B",null,"M","?","M","$","M","R","M","R","T","M","T","$","E","M","R","B",null,"M","?","M","M","T","E","R","E","T","?","$","M","M","M","R","B","B"],"character_chosen":"THE_SILENT","items_purchased":["Terror","Membership Card","CunningPotion","Potion Belt","Bottled Tornado","Regen Potion"],"campfire_rested":2,"item_purchase_floors":[12,21,21,29,45,45],"current_hp_per_floor":[56,56,53,58,58,50,50,49,49,47,47,47,47,46,46,16,57,57,38,29,29,29,50,50,50,50,55,55,55,44,30,30,15,66,65,83,75,68,68,66,66,22,22,7,7,18,19,21,45,14,0,0],"gold":88,"neow_bonus":"RANDOM_COLORLESS_2","is_daily":false,"chose_seed":true,"campfire_upgraded":6,"win_rate":0.0,"timestamp":1611463470,"path_taken":["M","?","M","?","?","E","R","E","T","E","R","?","R","M","R","BOSS","M","?","?","$","M","R","M","R","T","M","?","?","E","M","R","BOSS","M","?","M","?","?","E","R","E","T","?","?","M","?","M","R","BOSS","BOSS"],"items_purchased_type":["Card","Relic","Potion","Relic","Relic","Potion"],"build_version":"2020-12-18","purchased_purges":4,"victory":false,"max_hp_per_floor":[66,66,66,71,71,71,71,71,71,71,71,71,71,71,71,71,71,71,71,71,71,71,71,71,71,71,76,76,76,83,83,83,83,83,83,83,83,83,83,83,83,83,83,83,83,83,83,83,83,83,83,83],"relic_stats":{"Happy Flower":[24],"counters":[26,166],"Blue Candle":[3],"Pen Nib":[19],"Blood Vial":10,"Tiny Chest":2,"Prayer Wheel":3,"Black Star":3,"Art of War":[17],"obtain_stats":[{"Potion Belt":29,"Happy Flower":39,"Blue Candle":42,"Pen Nib":9,"Omamori":30,"Bottled Tornado":45,"Akabeko":8,"Blood Vial":43,"HornCleat":26,"Matryoshka":28,"Strawberry":30,"Tiny Chest":6,"Philosopher\u0027s Stone":34,"Prayer Wheel":40,"Black Star":17,"Art of War":39,"Membership Card":21,"StrikeDummy":40,"Unceasing Top":10,"Ring of the Snake":0,"Pocketwatch":42},{"Potion Belt":13,"Happy Flower":19,"Blue Candle":21,"Pen Nib":5,"Omamori":14,"Bottled Tornado":21,"Akabeko":5,"Blood Vial":21,"HornCleat":12,"Matryoshka":13,"Strawberry":14,"Tiny Chest":4,"Philosopher\u0027s Stone":16,"Prayer Wheel":20,"Black Star":8,"Art of War":19,"Membership Card":10,"StrikeDummy":20,"Unceasing Top":6,"Ring of the Snake":0,"Pocketwatch":21},{"Potion Belt":58,"Happy Flower":93,"Blue Candle":114,"Pen Nib":29,"Omamori":65,"Bottled Tornado":114,"Akabeko":29,"Blood Vial":114,"HornCleat":55,"Matryoshka":58,"Strawberry":65,"Tiny Chest":25,"Philosopher\u0027s Stone":82,"Prayer Wheel":102,"Black Star":45,"Art of War":93,"Membership Card":50,"StrikeDummy":102,"Unceasing Top":33,"Ring of the Snake":0,"Pocketwatch":114}],"Unceasing Top":[107],"Ring of the Snake":[52],"Pocketwatch":[63]},"card_choices":[{"not_picked":["Chrysalis","Master of Strategy"],"picked":"Apotheosis","floor":0.0},{"not_picked":["Footwork","Prepared"],"picked":"Choke","floor":1.0},{"not_picked":["Outmaneuver","Slice"],"picked":"Dash","floor":2.0},{"not_picked":["Dodge and Roll","Acrobatics"],"picked":"Dagger Spray","floor":3.0},{"not_picked":["Expertise","PiercingWail"],"picked":"Quick Slash","floor":6.0},{"not_picked":["Grand Finale","Deflect"],"picked":"PiercingWail","floor":8.0},{"not_picked":["Finisher","Cloak And Dagger"],"picked":"Concentrate","floor":10.0},{"not_picked":["Dagger Spray","Sucker Punch","Underhanded Strike"],"picked":"SKIP","floor":14.0},{"not_picked":["Malaise","Storm of Steel"],"picked":"Corpse Explosion","floor":16.0},{"not_picked":["Underhanded Strike","Blade Dance","Sucker Punch"],"picked":"SKIP","floor":18.0},{"not_picked":["PiercingWail","Flechettes"],"picked":"Leg Sweep","floor":20.0},{"not_picked":["Distraction","Poisoned Stab"],"picked":"Backflip","floor":22.0},{"not_picked":["Quick Slash","Cloak And Dagger"],"picked":"Prepared","floor":24.0},{"not_picked":["Prepared","Dodge and Roll"],"picked":"Footwork","floor":27.0},{"not_picked":["Acrobatics","Backflip"],"picked":"PiercingWail+1","floor":30.0},{"not_picked":["Masterful Stab","Backflip"],"picked":"Blur","floor":31.0},{"not_picked":["Tools of the Trade","A Thousand Cuts"],"picked":"Die Die Die","floor":33.0},{"not_picked":["Blade Dance","Quick Slash"],"picked":"Backflip","floor":35.0},{"not_picked":["Sucker Punch","Blade Dance+1"],"picked":"Footwork+1","floor":37.0},{"not_picked":["Catalyst+1","PiercingWail"],"picked":"Calculated Gamble+1","floor":38.0},{"not_picked":["Endless Agony","PiercingWail"],"picked":"Underhanded Strike+1","floor":40.0},{"not_picked":["Blade Dance","Dagger Throw","Bullet Time"],"picked":"SKIP","floor":42.0},{"not_picked":["Expertise","Choke","Accuracy"],"picked":"SKIP","floor":46.0},{"not_picked":["Terror+1","Dagger Spray","Leg Sweep"],"picked":"SKIP","floor":46.0},{"not_picked":["Leg Sweep","Dagger Spray"],"picked":"Dodge and Roll+1","floor":47.0},{"not_picked":["Poisoned Stab+1","Setup","Sucker Punch"],"picked":"SKIP","floor":47.0},{"not_picked":["Backstab+1","Bouncing Flask"],"picked":"Calculated Gamble+1","floor":48.0},{"not_picked":["Bane","Flying Knee+1","Setup"],"picked":"SKIP","floor":48.0}],"player_experience":1957091,"relics_obtained":[{"floor":6.0,"key":"Tiny Chest"},{"floor":8.0,"key":"Akabeko"},{"floor":9.0,"key":"Pen Nib"},{"floor":10.0,"key":"Unceasing Top"},{"floor":26.0,"key":"HornCleat"},{"floor":28.0,"key":"Matryoshka"},{"floor":30.0,"key":"Strawberry"},{"floor":30.0,"key":"Omamori"},{"floor":39.0,"key":"Happy Flower"},{"floor":39.0,"key":"Art of War"},{"floor":40.0,"key":"StrikeDummy"},{"floor":40.0,"key":"Prayer Wheel"},{"floor":42.0,"key":"Blue Candle"},{"floor":42.0,"key":"Pocketwatch"},{"floor":43.0,"key":"Blood Vial"}],"event_choices":[{"damage_healed":0.0,"max_hp_gain":5.0,"max_hp_loss":0.0,"gold_gain":0.0,"event_name":"Big Fish","player_choice":"Donut","floor":4.0,"gold_loss":0.0,"damage_taken":0.0},{"cards_removed":["Writhe"],"damage_healed":0.0,"max_hp_gain":0.0,"max_hp_loss":0.0,"gold_gain":0.0,"event_name":"The Cleric","player_choice":"Card Removal","floor":5.0,"gold_loss":75.0,"damage_taken":0.0},{"damage_healed":0.0,"max_hp_gain":0.0,"max_hp_loss":0.0,"gold_gain":180.0,"event_name":"Knowing Skull","player_choice":"GOLD GOLD ","floor":19.0,"potions_obtained":[],"gold_loss":0.0,"damage_taken":19.0,"cards_obtained":[]},{"damage_healed":18.0,"max_hp_gain":0.0,"max_hp_loss":0.0,"gold_gain":0.0,"event_name":"Wheel of Change","player_choice":"Full Heal","floor":36.0,"gold_loss":0.0,"damage_taken":0.0},{"damage_healed":0.0,"max_hp_gain":0.0,"max_hp_loss":0.0,"gold_gain":0.0,"event_name":"Winding Halls","player_choice":"Embrace Madness","floor":44.0,"gold_loss":0.0,"damage_taken":15.0,"cards_obtained":["Madness","Madness"]}],"is_beta":true,"boss_relics":[{"not_picked":["Cursed Key","Tiny House"],"picked":"Black Star"},{"not_picked":["Empty Cage","Astrolabe"],"picked":"Philosopher\u0027s Stone"}],"items_purged_floors":[12,21,29,45],"is_endless":false,"potions_floor_spawned":[6,8,14,16,24,27,31,37,38,40,48],"killed_by":"Donu and Deca","ascension_level":20}}