{"host":"f6w7z8zvb0mi4wy9","time":1611522794,"event":{"mods":["BaseMod","Colored Map","Minty Spire (QoL Compilation)","READ ME - Guardian Mod","StSLib","SuperFastMode","The Jungle"],"gold_per_floor":[112,127,58,58,58,98,121,121,169,210,210,243,278,42,42,170,170,184,219,219,74,90,123,146,184,238,254,254,295,314,337,337,466,466,489,489,504,525,550,588,588,623,623,623,659,205,205,127,127,127,127,127,46,89,89],"floor_reached":56,"language":"KOR","playtime":1993,"items_purged":["Strike_B"],"score":1905,"play_id":"91d8eb40-b7e6-4523-b181-732b520454ee","local_time":"20210125061314","is_ascension_mode":true,"campfire_choices":[{"data":"Zap","floor":8.0,"key":"SMITH"},{"data":"Dualcast","floor":11.0,"key":"SMITH"},{"data":"Fission","floor":15.0,"key":"SMITH"},{"data":"Defragment","floor":28.0,"key":"SMITH"},{"floor":32.0,"key":"REST"},{"floor":41.0,"key":"REST"},{"floor":44.0,"key":"RECALL"},{"data":"Defragment","floor":49.0,"key":"SMITH"},{"data":"Deep Breath","floor":52.0,"key":"SMITH"}],"circlet_count":0,"master_deck":["Strike_B","Strike_B","Strike_B","Defend_B","Defend_B","Defend_B","Defend_B","Zap+1","Dualcast+1","Capacitor","Ball Lightning","White Noise","Panacea","Fission+1","Beam Cell","Biased Cognition","Scrape","Cold Snap","Defragment+1","Seek","Redo+1","Coolheaded","BootSequence","Redo+1","Loop+1","Glacier+1","Chill","Capacitor","Steam+1","Beam Cell+1","Force Field+1","Echo Form","CurseOfTheBell","Storm+1","Panacea","Master of Strategy","Deep Breath+1","Loop+1","Storm","Heatsinks","Coolheaded+1","Gash","Static Discharge","Defragment+1","Loop","Blizzard+1"],"relics":["Cracked Core","NeowsBlessing","Golden Idol","Akabeko","White Beast Statue","MawBank","Eternal Feather","Sozu","Red Mask","Lee\u0027s Waffle","Question Card","Ancient Tea Set","Potion Belt","Tiny Chest","Calling Bell","Oddly Smooth Stone","Pantograph","Bird Faced Urn","Shuriken","Peace Pipe","Emotion Chip","Unceasing Top","TungstenRod","Ginger","Cables"],"acts_visited":["Exordium","TheCity","TheBeyond","TheEnding"],"potions_floor_usage":[],"damage_taken":[{"damage":0.0,"enemies":"Small Slimes","floor":1.0,"turns":1.0},{"damage":0.0,"enemies":"2 Louse","floor":2.0,"turns":1.0},{"damage":0.0,"enemies":"Lagavulin","floor":6.0,"turns":1.0},{"damage":0.0,"enemies":"Cultist","floor":7.0,"turns":3.0},{"damage":20.0,"enemies":"Gremlin Nob","floor":10.0,"turns":3.0},{"damage":20.0,"enemies":"3 Sentries","floor":12.0,"turns":7.0},{"damage":6.0,"enemies":"Lots of Slimes","floor":13.0,"turns":2.0},{"damage":10.0,"enemies":"Hexaghost","floor":16.0,"turns":11.0},{"damage":20.0,"enemies":"Shell Parasite","floor":18.0,"turns":5.0},{"damage":0.0,"enemies":"Masked Bandits","floor":19.0,"turns":5.0},{"damage":22.0,"enemies":"2 Thieves","floor":22.0,"turns":3.0},{"damage":0.0,"enemies":"Gremlin Leader","floor":23.0,"turns":5.0},{"damage":34.0,"enemies":"Sentry and Sphere","floor":24.0,"turns":5.0},{"damage":13.0,"enemies":"Book of Stabbing","floor":25.0,"turns":6.0},{"damage":0.0,"enemies":"Snake Plant","floor":27.0,"turns":4.0},{"damage":17.0,"enemies":"Gremlin Leader","floor":29.0,"turns":9.0},{"damage":0.0,"enemies":"Centurion and Healer","floor":30.0,"turns":7.0},{"damage":0.0,"enemies":"3 Cultists","floor":31.0,"turns":6.0},{"damage":26.0,"enemies":"Collector","floor":33.0,"turns":7.0},{"damage":10.0,"enemies":"Orb Walker","floor":35.0,"turns":5.0},{"damage":27.0,"enemies":"3 Shapes","floor":37.0,"turns":4.0},{"damage":12.0,"enemies":"3 Darklings","floor":38.0,"turns":6.0},{"damage":14.0,"enemies":"Spire Growth","floor":39.0,"turns":5.0},{"damage":63.0,"enemies":"Reptomancer","floor":40.0,"turns":6.0},{"damage":13.0,"enemies":"Giant Head","floor":42.0,"turns":6.0},{"damage":21.0,"enemies":"Nemesis","floor":45.0,"turns":7.0},{"damage":6.0,"enemies":"Donu and Deca","floor":50.0,"turns":5.0},{"damage":52,"enemies":"Shield and Spear","floor":54,"turns":5},{"damage":75,"enemies":"The Heart","floor":55,"turns":5}],"seed_played":"-1770062315295874313","potions_obtained":[{"floor":7.0,"key":"Swift Potion"},{"floor":12.0,"key":"GamblersBrew"},{"floor":13.0,"key":"Fire Potion"},{"floor":16.0,"key":"AttackPotion"}],"is_trial":false,"path_per_floor":["M","M","$","?","?","E","M","R","T","E","R","E","M","$","R","B",null,"M","?","?","$","M","E","M","E","T","M","R","E","M","M","R","B",null,"M","?","M","M","M","E","R","E","T","R","E","$","?","$","R","B",null,"R","$","E","B",null],"character_chosen":"DEFECT","items_purchased":["White Noise","Eternal Feather","Lee\u0027s Waffle","TungstenRod","Static Discharge","Defragment","Loop"],"campfire_rested":2,"item_purchase_floors":[3,14,21,46,46,48,53],"current_hp_per_floor":[68,68,68,50,50,50,50,50,50,30,30,10,4,4,16,6,58,38,38,38,82,60,60,26,13,13,13,28,11,11,11,53,27,68,72,62,51,51,55,10,58,65,65,82,77,77,77,77,82,82,82,82,82,38,16],"gold":89,"neow_bonus":"THREE_ENEMY_KILL","is_daily":false,"chose_seed":false,"campfire_upgraded":6,"win_rate":0.0,"timestamp":1611522794,"path_taken":["M","M","$","?","?","E","M","R","T","E","R","E","?","?","R","BOSS","M","?","?","$","?","E","M","E","T","M","R","E","M","M","R","BOSS","M","?","M","M","M","E","R","E","T","R","E","$","?","$","R","BOSS","R","$","E","BOSS"],"items_purchased_type":["Card","Relic","Relic","Relic","Card","Card","Card"],"build_version":"2020-12-22","purchased_purges":1,"victory":true,"max_hp_per_floor":[75,75,75,75,75,75,75,75,75,75,75,75,75,75,75,75,75,75,75,75,82,82,82,82,82,82,82,82,82,82,82,82,82,82,82,82,82,82,82,82,82,82,82,82,82,82,82,82,82,82,82,82,82,82,82],"card_choices":[{"not_picked":["Coolheaded","Compile Driver"],"picked":"Capacitor","floor":1.0},{"not_picked":["Hologram","Beam Cell"],"picked":"Ball Lightning","floor":2.0},{"not_picked":["Force Field","Leap"],"picked":"Beam Cell","floor":6.0},{"not_picked":["Conserve Battery","Redo"],"picked":"Biased Cognition","floor":7.0},{"not_picked":["Streamline","Sweeping Beam"],"picked":"Scrape","floor":10.0},{"not_picked":["Redo","Lockon"],"picked":"Cold Snap","floor":12.0},{"not_picked":["FTL","Blizzard"],"picked":"Defragment","floor":13.0},{"not_picked":["Fission","Buffer"],"picked":"Seek","floor":16.0},{"not_picked":["Barrage","Sunder"],"picked":"Redo+1","floor":18.0},{"not_picked":["Sweeping Beam","Consume"],"picked":"Coolheaded","floor":19.0},{"not_picked":["Reinforced Body+1","Reprogram"],"picked":"Redo+1","floor":22.0},{"not_picked":["Turbo+1","Undo+1"],"picked":"Loop+1","floor":23.0},{"not_picked":["Ball Lightning","Gash+1","Stack"],"picked":"Glacier+1","floor":24.0},{"not_picked":["Reprogram+1","Hello World","Beam Cell"],"picked":"Chill","floor":25.0},{"not_picked":["Buffer","Streamline","Recycle+1"],"picked":"Capacitor","floor":27.0},{"not_picked":["Rainbow","Hologram","Scrape"],"picked":"Steam+1","floor":29.0},{"not_picked":["Melter","Conserve Battery+1","Skim"],"picked":"Beam Cell+1","floor":30.0},{"not_picked":["Auto Shields","Redo","Turbo+1"],"picked":"Force Field+1","floor":31.0},{"not_picked":["Meteor Strike","Hyperbeam","Electrodynamics"],"picked":"Echo Form","floor":33.0},{"not_picked":["Compile Driver","Static Discharge","Undo"],"picked":"Storm+1","floor":35.0},{"not_picked":["Madness","Good Instincts","Purity"],"picked":"Panacea","floor":36.0},{"not_picked":["Panache","PanicButton","Panacea"],"picked":"Master of Strategy","floor":36.0},{"not_picked":["Jack Of All Trades","Forethought","Trip"],"picked":"Deep Breath","floor":36.0},{"not_picked":["Streamline+1","Gash+1","Conserve Battery"],"picked":"Loop+1","floor":37.0},{"not_picked":["Beam Cell+1","Go for the Eyes","Recycle","Ball Lightning+1"],"picked":"SKIP","floor":38.0},{"not_picked":["Stack+1","Doom and Gloom+1","Sweeping Beam+1"],"picked":"Storm","floor":39.0},{"not_picked":["Stack+1","White Noise+1","Biased Cognition"],"picked":"Heatsinks","floor":40.0},{"not_picked":["Turbo","All For One","Skim+1"],"picked":"Coolheaded+1","floor":42.0},{"not_picked":["Reinforced Body","Coolheaded","Auto Shields+1"],"picked":"Gash","floor":45.0},{"not_picked":["Leap+1","Stack+1","BootSequence+1"],"picked":"Blizzard+1","floor":54}],"player_experience":891287,"relics_obtained":[{"floor":6.0,"key":"Akabeko"},{"floor":10.0,"key":"White Beast Statue"},{"floor":12.0,"key":"MawBank"},{"floor":19.0,"key":"Red Mask"},{"floor":23.0,"key":"Question Card"},{"floor":25.0,"key":"Ancient Tea Set"},{"floor":26.0,"key":"Potion Belt"},{"floor":29.0,"key":"Tiny Chest"},{"floor":34.0,"key":"Oddly Smooth Stone"},{"floor":34.0,"key":"Pantograph"},{"floor":34.0,"key":"Bird Faced Urn"},{"floor":40.0,"key":"Shuriken"},{"floor":42.0,"key":"Peace Pipe"},{"floor":43.0,"key":"Emotion Chip"},{"floor":45.0,"key":"Unceasing Top"},{"floor":47.0,"key":"Ginger"},{"floor":54,"key":"Cables"}],"event_choices":[{"damage_healed":0.0,"max_hp_gain":0.0,"max_hp_loss":0.0,"gold_gain":0.0,"event_name":"Golden Idol","player_choice":"Take Damage","floor":4.0,"gold_loss":0.0,"damage_taken":18.0,"relics_obtained":["Golden Idol"]},{"damage_healed":0.0,"max_hp_gain":0.0,"max_hp_loss":0.0,"gold_gain":0.0,"event_name":"Match and Keep!","player_choice":"2 cards matched","floor":5.0,"gold_loss":0.0,"damage_taken":0.0,"cards_obtained":["Panacea","Fission"]},{"damage_healed":0.0,"max_hp_gain":0.0,"max_hp_loss":0.0,"gold_gain":0.0,"event_name":"Masked Bandits","player_choice":"Fought Bandits","floor":19.0,"gold_loss":0.0,"damage_taken":0.0},{"damage_healed":0.0,"max_hp_gain":0.0,"max_hp_loss":0.0,"gold_gain":0.0,"event_name":"The Library","player_choice":"Read","floor":20.0,"gold_loss":0.0,"damage_taken":0.0,"cards_obtained":["BootSequence"]},{"damage_healed":0.0,"max_hp_gain":0.0,"max_hp_loss":0.0,"gold_gain":0.0,"event_name":"SensoryStone","player_choice":"Memory 3","floor":36.0,"gold_loss":0.0,"damage_taken":10.0},{"damage_healed":0.0,"max_hp_gain":0.0,"max_hp_loss":0.0,"gold_gain":0.0,"event_name":"Wheel of Change","player_choice":"Relic","floor":47.0,"gold_loss":0.0,"damage_taken":0.0}],"is_beta":false,"boss_relics":[{"not_picked":["Astrolabe","Cursed Key"],"picked":"Sozu"},{"not_picked":["Philosopher\u0027s Stone","Runic Dome"],"picked":"Calling Bell"}],"items_purged_floors":[46],"is_endless":false,"potions_floor_spawned":[7,12,13,16,18,19,22,23,24,25,27,29,30,31,33,35,37,38,39,40,42,45,54],"ascension_level":9}}