{"host":"9kesdg97wkrx2bva","time":1611473423,"event":{"mods":["AchievementEnabler","BaseMod","Colored Map","GifTheSpireLib","Infinite Spire","Minty Spire (QoL Compilation)","Replay The Spire","StSLib"],"gold_per_floor":[119,39,39,58,34,69,69,69,119,119,44,61,73,96,96,193,193,211,236,256,181,181,209,209,226,252,272,292,246,246,246],"floor_reached":30,"language":"ENG","playtime":1060,"items_purged":["Strike_P"],"score":369,"play_id":"d54881af-b3f0-49d5-abc4-c1e71ecd6358","local_time":"20210124013023","is_ascension_mode":true,"campfire_choices":[{"data":"BattleHymn","floor":7,"key":"SMITH"},{"data":"Defend_P","floor":15,"key":"PURGE"},{"floor":24,"key":"REST"}],"circlet_count":0,"master_deck":["Defend_P","Defend_P+1","Defend_P+1","Eruption+1","Vigilance+1","WheelKick+1","BattleHymn+1","Evaluate","Evaluate","CarveReality","Tantrum","Evaluate+1","LessonLearned","ThirdEye+1","Fasting2","CutThroughFate","LikeWater+1"],"relics":["PureWater","NeowsBlessing","Replay:Wax Seal","Damaru","Odd Mushroom","Busted Crown","Red Mask","Bronze Scales","Strawberry","Blue Doll"],"acts_visited":["Exordium","TheCity"],"potions_floor_usage":[16,16,18,23],"damage_taken":[{"damage":0,"enemies":"Cultist","floor":1,"turns":1},{"damage":0,"enemies":"Small Slimes","floor":4,"turns":1},{"damage":0,"enemies":"3 Sentries","floor":6,"turns":2},{"damage":0,"enemies":"Jaw Worm","floor":12,"turns":4},{"damage":0,"enemies":"2 Fungi Beasts","floor":13,"turns":3},{"damage":1,"enemies":"The Mushroom Lair","floor":14,"turns":3},{"damage":14,"enemies":"Fading Forest","floor":16,"turns":11},{"damage":7,"enemies":"Shell Parasite","floor":18,"turns":6},{"damage":14,"enemies":"Masked Bandits","floor":19,"turns":3},{"damage":0,"enemies":"Chosen","floor":20,"turns":3},{"damage":21,"enemies":"Book of Stabbing","floor":23,"turns":6},{"damage":3,"enemies":"Centurion and Healer","floor":25,"turns":5},{"damage":0,"enemies":"Sentry and Sphere","floor":27,"turns":3},{"damage":38,"enemies":"Cultist and Chosen","floor":28,"turns":4},{"damage":17,"enemies":"3 Cultists","floor":30,"turns":3}],"seed_played":"-7087589506005197953","potions_obtained":[{"floor":12,"key":"StancePotion"},{"floor":14,"key":"EssenceOfSteel"},{"floor":16,"key":"BottledMiracle"},{"floor":18,"key":"BottledMiracle"},{"floor":23,"key":"Venom Potion"}],"is_trial":false,"path_per_floor":["M","$","?","M","$","E","R","?","T","?","$","M","M","?","R_BF","B",null,"M","?","M","$","?","E","R","M","T","M","M","$","M"],"character_chosen":"WATCHER","items_purchased":["BattleHymn","Evaluate","Fasting2","LikeWater+1"],"campfire_rested":1,"item_purchase_floors":[2,5,21,29],"current_hp_per_floor":[65,65,65,65,65,65,65,65,65,58,58,58,58,57,57,49,66,59,45,45,45,45,31,54,51,51,51,13,13,0,0],"gold":246,"neow_bonus":"THREE_ENEMY_KILL","is_daily":false,"chose_seed":false,"campfire_upgraded":1,"win_rate":0.0,"timestamp":1611473423,"path_taken":["M","$","?","M","$","E","R","?","T","?","$","?","M","?","R_BF","BOSS","M","?","M","$","?","E","R","M","T","M","?","$","M"],"items_purchased_type":["Card","Card","Card","Card"],"build_version":"2020-12-22","purchased_purges":1,"victory":false,"max_hp_per_floor":[72,72,72,72,72,72,72,72,72,72,72,72,72,72,72,72,72,72,72,72,72,72,79,79,79,79,79,79,79,79,79],"card_choices":[{"not_picked":["Consecrate","Replay:ManipulateFuture"],"picked":"WheelKick","floor":1},{"not_picked":["SignatureMove","JustLucky"],"picked":"Evaluate","floor":4},{"not_picked":["InnerPeace","Replay:Cycle"],"picked":"CarveReality","floor":6},{"not_picked":["Evaluate","MentalFortress"],"picked":"Tantrum","floor":12},{"not_picked":["Blasphemy","FlyingSleeves","Collect"],"picked":"SKIP","floor":13},{"not_picked":["Replay:BluntJabs","Halt"],"picked":"Evaluate","floor":14},{"not_picked":["DeusExMachina","ConjureBlade"],"picked":"LessonLearned","floor":16},{"not_picked":["EmptyBody"],"picked":"SKIP","floor":18},{"not_picked":[],"picked":"ThirdEye+1","floor":19},{"not_picked":["Evaluate"],"picked":"SKIP","floor":20},{"not_picked":["ThirdEye"],"picked":"SKIP","floor":23},{"not_picked":["Indignation"],"picked":"SKIP","floor":25},{"not_picked":["Replay:DivineShield"],"picked":"SKIP","floor":27},{"not_picked":[],"picked":"CutThroughFate","floor":28}],"player_experience":964982,"relics_obtained":[{"floor":6,"key":"Replay:Wax Seal"},{"floor":9,"key":"Damaru"},{"floor":14,"key":"Odd Mushroom"},{"floor":19,"key":"Red Mask"},{"floor":23,"key":"Strawberry"},{"floor":26,"key":"Blue Doll"}],"event_choices":[{"cards_removed":["Strike_P"],"damage_healed":0,"gold_gain":0,"player_choice":"Forget","damage_taken":0,"max_hp_gain":0,"max_hp_loss":0,"event_name":"Living Wall","floor":3,"gold_loss":0},{"cards_removed":["Strike_P"],"damage_healed":0,"gold_gain":0,"player_choice":"Card Removal","damage_taken":7,"max_hp_gain":0,"max_hp_loss":0,"event_name":"Golden Wing","floor":10,"gold_loss":0},{"damage_healed":0,"gold_gain":0,"player_choice":"Fought Mushrooms","damage_taken":0,"max_hp_gain":0,"max_hp_loss":0,"event_name":"Mushrooms","floor":14,"gold_loss":0},{"damage_healed":0,"gold_gain":0,"player_choice":"Fought Bandits","damage_taken":0,"max_hp_gain":0,"max_hp_loss":0,"event_name":"Masked Bandits","floor":19,"gold_loss":0}],"is_beta":false,"boss_relics":[{"not_picked":["Replay:Bronze Core","ReplayTheSpireMod:SealedPack"],"picked":"Busted Crown"}],"items_purged_floors":[11],"is_endless":false,"potions_floor_spawned":[12,14,16,18,23],"killed_by":"3 Cultists","ascension_level":7}}