{"host":"r7z4an43h95gvocz","time":1611513444,"event":{"mods":["AchievementEnabler","BaseMod","Colored Map","Colored Powertips","Downfall","Minty Spire (QoL Compilation)","StSLib"],"gold_per_floor":[99,110,110,120,137,168,168,168,189,189,189,58,79,229,245,349,349,349,370,370,370,396,396,396,416,301,333,333,233,233,233,253,353,353,253,280,308,25,52,78,78,106,106,131,168,197,217,217,217,217],"floor_reached":48,"language":"ENG","playtime":3378,"items_purged":["downfall:Malfunctioning","downfall:Icky","hexamod:Defend"],"score":534,"play_id":"0abfe05e-cf8e-4e29-93c4-cf2d85d0ba65","local_time":"20210124103724","is_ascension_mode":false,"campfire_choices":[{"data":"hexamod:Sear","floor":1,"key":"SMITH"},{"data":"hexamod:Again","floor":10,"key":"SMITH"},{"data":"hexamod:PhantomCloak","floor":18,"key":"SMITH"},{"data":"hexamod:FastForward","floor":23,"key":"SMITH"},{"data":"hexamod:NightmareStrike","floor":29,"key":"SMITH"},{"data":"hexamod:UnlimitedPower","floor":35,"key":"SMITH"},{"floor":43,"key":"RECALL"}],"circlet_count":0,"master_deck":["hexamod:Strike+1","hexamod:Strike","hexamod:Strike+1","hexamod:Defend+1","hexamod:Defend","hexamod:Defend+1","hexamod:Sear+1","hexamod:Float","hexamod:Again+1","hexamod:PhantomCloak+1","hexamod:AdvancingGuard","hexamod:EmpoweredFlame","hexamod:HauntingEcho","hexamod:NightmareStrike+1","hexamod:FastForward+1","hexamod:PhantomFireball","hexamod:HauntingEcho","hexamod:StepThrough","hexamod:GhostLash","hexamod:UnlimitedPower+1","hexamod:GhostShield+1","hexamod:Hexaguard","hexamod:RecurringNightmare+1","hexamod:PhantomCloak","hexamod:EtherealExpedition+1","hexamod:StepThrough","hexamod:GhostflameInferno"],"relics":["hexamod:SpiritBrand","Ornamental Fan","MealTicket","Shuriken","hexamod:IceCube","hexamod:TheBrokenSeal","Potion Belt","Happy Flower","downfall:HeartBlessingGreen","Coffee Dripper","downfall:HeartBlessingBlue","CeramicFish","Lantern","Pear","Pen Nib"],"acts_visited":["Exordium","TheCity","TheBeyond"],"potions_floor_usage":[16,22,47],"damage_taken":[{"damage":0,"enemies":"Small Slimes","floor":2,"turns":3},{"damage":6,"enemies":"Jaw Worm","floor":4,"turns":3},{"damage":1,"enemies":"2 Louse","floor":5,"turns":3},{"damage":16,"enemies":"3 Sentries","floor":6,"turns":12},{"damage":18,"enemies":"Large Slime","floor":9,"turns":7},{"damage":0,"enemies":"downfall:FleeingMerchant","floor":12,"turns":4},{"damage":0,"enemies":"Exordium Wildlife","floor":13,"turns":4},{"damage":7,"enemies":"3 Louse","floor":15,"turns":4},{"damage":29,"enemies":"WA_ARCHETYPE_RETAIN","floor":16,"turns":11},{"damage":25,"enemies":"3 Byrds","floor":19,"turns":6},{"damage":31,"enemies":"Chosen","floor":22,"turns":7},{"damage":3,"enemies":"Centurion and Healer","floor":25,"turns":5},{"damage":0,"enemies":"downfall:FleeingMerchant","floor":26,"turns":4},{"damage":18,"enemies":"Gremlin Leader","floor":27,"turns":6},{"damage":10,"enemies":"Snecko","floor":32,"turns":3},{"damage":52,"enemies":"DF_ARCHETYPE_CLAW","floor":33,"turns":9},{"damage":0,"enemies":"3 Shapes","floor":37,"turns":3},{"damage":0,"enemies":"downfall:FleeingMerchant","floor":38,"turns":4},{"damage":5,"enemies":"3 Darklings","floor":39,"turns":5},{"damage":0,"enemies":"4 Shapes","floor":40,"turns":5},{"damage":8,"enemies":"Writhing Mass","floor":42,"turns":5},{"damage":1,"enemies":"3 Darklings","floor":44,"turns":3},{"damage":14,"enemies":"Reptomancer","floor":45,"turns":5},{"damage":25,"enemies":"Maw","floor":46,"turns":5},{"damage":56,"enemies":"Writhing Mass","floor":47,"turns":5},{"damage":20,"enemies":"downfall:FleeingMerchant","floor":48,"turns":2}],"seed_played":"3967037145166012824","potions_obtained":[{"floor":2,"key":"Swift Potion"},{"floor":5,"key":"EssenceOfSteel"},{"floor":13,"key":"Regen Potion"},{"floor":19,"key":"Strength Potion"},{"floor":27,"key":"SteroidPotion"},{"floor":33,"key":"hexamod:InfernoChargePotion"},{"floor":37,"key":"GamblersBrew"}],"is_trial":false,"path_per_floor":["R","M","?","M","M","E","T","?","M","R","?","$","M","?","M","B",null,"R","M","?","?","M","R","T","M","$","E","?","R","?","T","M","B",null,"R","?","M","$","M","M","T","M","R","M","E","M","M","$"],"character_chosen":"THE_SPIRIT","items_purchased":["hexamod:NightmareStrike","Lantern"],"campfire_rested":0,"item_purchase_floors":[12,38],"current_hp_per_floor":[77,77,52,46,45,29,29,54,36,36,36,51,51,51,44,15,77,77,52,52,38,89,89,89,86,92,74,74,74,74,74,64,12,92,102,102,102,102,97,97,107,99,99,98,84,59,3,0,0,0],"gold":217,"neow_bonus":"TEN_PERCENT_HP_BONUS","is_daily":false,"chose_seed":false,"campfire_upgraded":6,"win_rate":0.0,"timestamp":1611513444,"path_taken":["R","M","?","M","M","E","T","?","M","R","?","?","M","?","M","BOSS","R","M","?","?","M","R","T","M","$","E","?","R","?","?","M","BOSS","R","?","M","$","M","M","T","M","R","M","E","M","M","$"],"items_purchased_type":["Card","Relic"],"build_version":"2020-12-22","purchased_purges":3,"victory":false,"max_hp_per_floor":[77,77,77,77,77,77,77,77,77,77,77,77,77,77,77,77,77,77,77,77,82,92,92,92,92,92,92,92,92,92,92,92,92,92,102,102,102,102,102,102,112,112,112,112,112,112,112,112,112,112],"card_choices":[{"not_picked":["hexamod:FastForward","hexamod:HeatShield"],"picked":"hexamod:Again","floor":2},{"not_picked":["hexamod:Firestarter","hexamod:EtherealExpedition"],"picked":"hexamod:PhantomCloak","floor":4},{"not_picked":["hexamod:Haunt","hexamod:RainOfEmbers"],"picked":"hexamod:SecondSeal","floor":5},{"not_picked":["hexamod:GhostShield","hexamod:Firestarter"],"picked":"hexamod:AdvancingGuard","floor":6},{"not_picked":["hexamod:InspiringFlames","hexamod:Hexaguard"],"picked":"hexamod:ThirdSeal","floor":9},{"not_picked":["hexamod:Hexaguard","hexamod:RecurringNightmare"],"picked":"hexamod:EmpoweredFlame","floor":12},{"not_picked":["hexamod:Again","hexamod:SoulSteal"],"picked":"hexamod:HauntingEcho","floor":12},{"not_picked":["hexamod:BurningTouch","hexamod:VolcanoVisage"],"picked":"hexamod:FastForward","floor":13},{"not_picked":["hexamod:FastForward","hexamod:Haunt","hexamod:Again"],"picked":"SKIP","floor":13},{"not_picked":["hexamod:FastForward","hexamod:InspiringFlames"],"picked":"hexamod:FourthSeal","floor":15},{"not_picked":["hexamod:HeatShield","hexamod:HeatMetal","hexamod:SoulSteal"],"picked":"SKIP","floor":15},{"not_picked":["hexamod:FifthSeal","hexamod:VolcanoVisage"],"picked":"hexamod:SixthSeal","floor":16},{"not_picked":["hexamod:WildfireWeapon","hexamod:SearingWound"],"picked":"hexamod:FifthSeal","floor":16},{"not_picked":["hexamod:ThirdSeal","hexamod:SecondSeal"],"picked":"hexamod:FirstSeal","floor":19},{"not_picked":["hexamod:RadiantFlame","hexamod:BurningTouch","hexamod:RainOfEmbers"],"picked":"SKIP","floor":19},{"not_picked":["hexamod:NightmareGuise","hexamod:ShieldOfDarkness"],"picked":"hexamod:PhantomFireball","floor":22},{"not_picked":["hexamod:NightmareGuise","hexamod:SwordOfDarkness","hexamod:RetreatToShadows+1"],"picked":"SKIP","floor":25},{"not_picked":["hexamod:HeatMetal","hexamod:WildfireWeapon"],"picked":"hexamod:HauntingEcho","floor":26},{"not_picked":["hexamod:UnleashSpirits","hexamod:BurningTouch"],"picked":"hexamod:StepThrough","floor":27},{"not_picked":["hexamod:RadiantFlame","hexamod:HeatMetal"],"picked":"hexamod:GhostLash","floor":32},{"not_picked":["hexamod:GhostOfSpirePresent","hexamod:VolcanoVisage"],"picked":"hexamod:UnlimitedPower","floor":33},{"not_picked":["hexamod:EmpoweredFlame+1","hexamod:RadiantFlame"],"picked":"hexamod:GhostShield+1","floor":37},{"not_picked":["hexamod:ThermalTransfer+1","hexamod:PhantomCloak+1","hexamod:RainOfEmbers+1"],"picked":"SKIP","floor":38},{"not_picked":["hexamod:DynamicBlow","hexamod:PhantomCloak+1"],"picked":"hexamod:Hexaguard","floor":39},{"not_picked":["hexamod:PhantomFireball","hexamod:HauntingEcho+1"],"picked":"hexamod:RecurringNightmare+1","floor":40},{"not_picked":["hexamod:EmpoweredFlame+1","hexamod:FourthSeal"],"picked":"hexamod:PhantomCloak","floor":42},{"not_picked":["hexamod:Hexaguard+1","hexamod:ThirdSeal"],"picked":"hexamod:EtherealExpedition+1","floor":44},{"not_picked":["hexamod:HeatShield","hexamod:SwordOfDarkness+1"],"picked":"hexamod:StepThrough","floor":45},{"not_picked":["hexamod:SecondSeal","hexamod:BurningTouch+1"],"picked":"hexamod:GhostflameInferno","floor":46},{"not_picked":["hexamod:NightmareStrike","hexamod:ThermalTransfer","hexamod:Firestarter+1"],"picked":"SKIP","floor":47}],"player_experience":435719,"relics_obtained":[{"floor":6,"key":"MealTicket"},{"floor":7,"key":"Shuriken"},{"floor":24,"key":"Potion Belt"},{"floor":27,"key":"Happy Flower"},{"floor":36,"key":"CeramicFish"},{"floor":41,"key":"Pear"},{"floor":45,"key":"Pen Nib"}],"event_choices":[{"damage_healed":0,"gold_gain":0,"player_choice":"Success","damage_taken":25,"relics_obtained":["Ornamental Fan"],"max_hp_gain":0,"max_hp_loss":0,"event_name":"Scrap Ooze","floor":3,"gold_loss":0},{"damage_healed":25,"gold_gain":0,"player_choice":"Banana","damage_taken":0,"max_hp_gain":0,"max_hp_loss":0,"event_name":"Big Fish","floor":8,"gold_loss":0}],"is_beta":false,"boss_relics":[{"not_picked":["Black Star","Empty Cage"],"picked":"hexamod:IceCube"},{"not_picked":["hexamod:UnbrokenSoul","Tiny House"],"picked":"Coffee Dripper"}],"items_purged_floors":[12,26,38],"is_endless":false,"potions_floor_spawned":[2,5,13,15,19,27,33,37,39,44,45],"killed_by":"downfall:FleeingMerchant","ascension_level":0}}