{"host":"ew66i0vuc7r9fnl7","time":1611503749,"event":{"mods":["Arknights The Spire","BaseMod","DeckTracker","Minty Spire (QoL Compilation)","StSLib"],"gold_per_floor":[119,119,137,137,137,137,160,200,200,200,220,67,67,88,88,218,218,237,237,336,236,254,289,310,326,326,345,73,73,116,137,137,261,261,281,344,410,424,757,757,783,793,873,889,889,923,923,935,935,935,935,935,785,818,818],"floor_reached":56,"language":"KOR","playtime":2849,"items_purged":["ats:Strike V","ats:Strike S","ats:Strike C","ats:Counter Healing Mode+1"],"score":1222,"play_id":"ab8d7145-0ad0-4e84-9041-fb4dbaab9efc","local_time":"20210125005549","is_ascension_mode":false,"campfire_choices":[{"data":"ats:Emotion Absorption","floor":6,"key":"SMITH"},{"data":"ats:Revitalization","floor":10,"key":"SMITH"},{"data":"ats:Healing Strengthening","floor":13,"key":"SMITH"},{"data":"ats:Composite Medical Shells","floor":15,"key":"SMITH"},{"data":"ats:Nebulous Foxfire","floor":29,"key":"SMITH"},{"data":"ats:Dogmatic Field","floor":32,"key":"SMITH"},{"data":"ats:Literary Storm","floor":40,"key":"SMITH"},{"data":"ats:Soul Absorption","floor":45,"key":"SMITH"},{"floor":47,"key":"RECALL"},{"data":"ats:Healing Drone","floor":49,"key":"SMITH"},{"data":"ats:Revitalization","floor":52,"key":"SMITH"}],"circlet_count":0,"master_deck":["ats:Strike G+1","ats:Defend+1","ats:Emotion Absorption+1","ats:Burning Ground","ats:Revitalization+1","ats:Healing Drone+1","ats:Assault Order+1","ats:Ignite+1","ats:Healing Strengthening+1","ats:Literary Storm+1","ats:Composite Medical Shells+1","ats:Nebulous Foxfire+1","ats:Thorns","ats:Ignite+1","ats:Revitalization+1","ats:Counter Healing Mode+1","ats:Dogmatic Field+1","ats:Hook Shot+1","ats:Red Shift+1","ats:Part Time Job+1","ats:Soul Absorption+1"],"relics":["ats:Sanity","ats:Hidden Killer","Prayer Wheel","ats:Originium","Happy Flower","Meat on the Bone","ats:Tactical Delivery","Whetstone","Lantern","War Paint","Astrolabe","Ginger","CaptainsWheel","Vajra","White Beast Statue","Akabeko","ats:Ability Aura"],"acts_visited":["Exordium","TheCity","TheBeyond","TheEnding"],"potions_floor_usage":[8,55,55,55],"damage_taken":[{"damage":4,"enemies":"2 Louse","floor":1,"turns":3},{"damage":10,"enemies":"Jaw Worm","floor":3,"turns":7},{"damage":3,"enemies":"Small Slimes","floor":7,"turns":3},{"damage":42,"enemies":"Gremlin Nob","floor":8,"turns":5},{"damage":20,"enemies":"Blue Slaver","floor":11,"turns":6},{"damage":13,"enemies":"3 Louse","floor":14,"turns":3},{"damage":81,"enemies":"The Guardian","floor":16,"turns":12},{"damage":19,"enemies":"Spheric Guardian","floor":18,"turns":5},{"damage":21,"enemies":"Chosen","floor":22,"turns":5},{"damage":58,"enemies":"Slavers","floor":23,"turns":6},{"damage":24,"enemies":"Snake Plant","floor":24,"turns":4},{"damage":24,"enemies":"Sentry and Sphere","floor":25,"turns":4},{"damage":33,"enemies":"3 Cultists","floor":27,"turns":4},{"damage":34,"enemies":"Gremlin Leader","floor":30,"turns":6},{"damage":29,"enemies":"Centurion and Healer","floor":31,"turns":4},{"damage":64,"enemies":"Collector","floor":33,"turns":8},{"damage":56,"enemies":"3 Darklings","floor":35,"turns":5},{"damage":30,"enemies":"Mind Bloom Boss Battle","floor":36,"turns":6},{"damage":81,"enemies":"2 Orb Walkers","floor":37,"turns":4},{"damage":51,"enemies":"Orb Walker","floor":38,"turns":4},{"damage":92,"enemies":"Nemesis","floor":41,"turns":7},{"damage":41,"enemies":"3 Darklings","floor":42,"turns":5},{"damage":40,"enemies":"Jaw Worm Horde","floor":44,"turns":3},{"damage":55,"enemies":"Giant Head","floor":46,"turns":7},{"damage":36,"enemies":"Transient","floor":48,"turns":5},{"damage":104,"enemies":"Donu and Deca","floor":50,"turns":9},{"damage":48,"enemies":"Shield and Spear","floor":54,"turns":5},{"damage":217,"enemies":"The Heart","floor":55,"turns":9}],"seed_played":"1963851832239210371","potions_obtained":[{"floor":1,"key":"SmokeBomb"},{"floor":3,"key":"SteroidPotion"},{"floor":11,"key":"Regen Potion"},{"floor":23,"key":"Swift Potion"},{"floor":30,"key":"LiquidBronze"}],"is_trial":false,"path_per_floor":["M","?","M","?","?","R","M","E","T","R","M","$","R","M","R","B",null,"M","?","?","$","M","E","M","M","T","M","$","R","E","M","R","B",null,"M","?","?","M","?","R","E","M","T","M","R","E","R","M","R","B",null,"R","$","E","B",null],"character_chosen":"DOCTOR_CLASS","items_purchased":["ats:Healing Strengthening","Lantern"],"campfire_rested":0,"item_purchase_floors":[12,28],"current_hp_per_floor":[68,67,57,62,55,55,52,22,22,22,44,44,44,55,55,72,72,72,72,72,72,72,45,60,72,72,60,60,60,72,72,72,72,72,53,72,45,50,50,50,72,66,66,68,68,72,72,72,72,72,72,72,72,72,50],"gold":818,"neow_bonus":"RANDOM_COMMON_RELIC","is_daily":false,"chose_seed":false,"campfire_upgraded":10,"win_rate":0.0,"timestamp":1611503749,"path_taken":["M","?","M","?","?","R","M","E","T","R","M","?","R","M","R","BOSS","M","?","?","$","M","E","M","M","T","M","$","R","E","M","R","BOSS","M","?","?","M","?","R","E","M","T","M","R","E","R","M","R","BOSS","R","$","E","BOSS"],"items_purchased_type":["Card","Relic"],"build_version":"2020-12-22","purchased_purges":4,"victory":true,"max_hp_per_floor":[72,67,67,72,72,72,72,72,72,72,72,72,72,72,72,72,72,72,72,72,72,72,72,72,72,72,72,72,72,72,72,72,72,72,72,72,72,72,72,72,72,72,72,72,72,72,72,72,72,72,72,72,72,72,72],"card_choices":[{"not_picked":["ats:Counter Healing Mode","ats:Curse Doll","ats:Chain Hook"],"picked":"SKIP","floor":1},{"not_picked":["ats:Powerful Strike","ats:Flexible Camouflage"],"picked":"ats:Burning Ground","floor":3},{"not_picked":["ats:Magnetic Hammer","ats:Explosion Area Strengthen"],"picked":"ats:Revitalization","floor":7},{"not_picked":["ats:Explosion Area Strengthen","ats:Encircling Forest","ats:Flexible Camouflage"],"picked":"SKIP","floor":7},{"not_picked":["ats:Ambush","ats:Roar Of Ursus"],"picked":"ats:Healing Drone","floor":8},{"not_picked":["ats:Poison Spread","ats:Guard Mode"],"picked":"ats:Assault Order","floor":11},{"not_picked":["ats:Literary Storm","ats:Powerful Strike"],"picked":"ats:Ignite","floor":11},{"not_picked":["ats:Flexible Camouflage","ats:Rat Pack"],"picked":"ats:Literary Storm","floor":14},{"not_picked":["ats:Leaping Hammer","ats:Curse Doll"],"picked":"ats:Composite Medical Shells","floor":14},{"not_picked":["ats:True Silver Slash","ats:Wolf Pack"],"picked":"ats:Nebulous Foxfire","floor":16},{"not_picked":["ats:Closed Bolt Burst Fire+1","ats:Beaten Up"],"picked":"ats:Thorns","floor":18},{"not_picked":["ats:Soul Absorption+1","ats:Demon Strength","ats:Healing Drone"],"picked":"SKIP","floor":18},{"not_picked":["ats:Poison Spread","ats:Shadow Raid"],"picked":"ats:Ignite+1","floor":22},{"not_picked":["ats:Shell Defense","ats:Collapsing Strike","ats:Mental Burst"],"picked":"SKIP","floor":22},{"not_picked":["ats:Hammer On","ats:Shell Defense","ats:Nebulous Foxfire"],"picked":"SKIP","floor":23},{"not_picked":["ats:Guard Mode+1","ats:Powerful Strike+1"],"picked":"ats:Revitalization","floor":24},{"not_picked":["ats:Flexible Camouflage+1","ats:Beaten Up","ats:Support Order"],"picked":"SKIP","floor":24},{"not_picked":["ats:Assault Order","ats:Explosion Area Strengthen"],"picked":"ats:Counter Healing Mode+1","floor":25},{"not_picked":["ats:Flexible Camouflage","ats:Absolute Focus","ats:Overload"],"picked":"SKIP","floor":25},{"not_picked":["ats:Mental Burst+1","ats:Curse Doll","ats:Shell Defense+1"],"picked":"SKIP","floor":27},{"not_picked":["ats:Guard Mode","ats:Hammer On","ats:Explosion Area Strengthen"],"picked":"SKIP","floor":27},{"not_picked":["ats:Automatic Cover","ats:Blood Oath","ats:Thorns"],"picked":"SKIP","floor":30},{"not_picked":["ats:Flexible Camouflage+1","ats:Ignite+1"],"picked":"ats:Dogmatic Field","floor":31},{"not_picked":["ats:Thorns+1","ats:Steam Pump","ats:Encircling Forest"],"picked":"SKIP","floor":31},{"not_picked":["ats:Assault Order+1","ats:Chain Hook","ats:Automatic Cover"],"picked":"SKIP","floor":35},{"not_picked":["ats:Absolute Focus+1","ats:Sword Rain+1","ats:Explosion Area Strengthen+1"],"picked":"SKIP","floor":35},{"not_picked":["ats:Steam Pump","ats:Flame Of Heaven+1"],"picked":"ats:Part Time Job+1","floor":38},{"not_picked":["ats:Neurotoxin+1","ats:Guardian Obelisk","ats:Poison Spread"],"picked":"SKIP","floor":38},{"not_picked":["ats:Neurotoxin+1","ats:Guardian Obelisk","ats:Poison Spread"],"picked":"SKIP","floor":38},{"not_picked":["ats:Closed Bolt Burst Fire","ats:LN2 Cannon","ats:Flexible Camouflage"],"picked":"SKIP","floor":41},{"not_picked":["ats:Shadow Assault","ats:Shell Defense"],"picked":"ats:Soul Absorption","floor":42},{"not_picked":["ats:Guardian Obelisk","ats:Curse Doll+1","ats:Serious Mode"],"picked":"SKIP","floor":42},{"not_picked":["ats:Guardian Obelisk","ats:Curse Doll+1","ats:Serious Mode"],"picked":"SKIP","floor":42},{"not_picked":["ats:Thorns+1","ats:Literary Storm","ats:Flexible Camouflage"],"picked":"SKIP","floor":44},{"not_picked":["ats:Very Hot Blade","ats:Flame Of Heaven","ats:Magnetic Hammer"],"picked":"SKIP","floor":44},{"not_picked":["ats:Literary Storm+1","ats:Shell Defense+1","ats:Very Hot Blade+1"],"picked":"SKIP","floor":46},{"not_picked":["ats:Curse Doll+1","ats:Support Order","ats:Steam Pump+1"],"picked":"SKIP","floor":48},{"not_picked":["ats:Magnetic Hammer","ats:Mental Burst+1","ats:Support Order"],"picked":"SKIP","floor":48},{"not_picked":["ats:Absolute Focus","ats:Powerful Strike","ats:Guardian Obelisk"],"picked":"SKIP","floor":54}],"player_experience":612988,"relics_obtained":[{"floor":8,"key":"ats:Originium"},{"floor":8,"key":"Happy Flower"},{"floor":9,"key":"Meat on the Bone"},{"floor":23,"key":"ats:Originium"},{"floor":23,"key":"Whetstone"},{"floor":30,"key":"War Paint"},{"floor":36,"key":"Ginger"},{"floor":37,"key":"CaptainsWheel"},{"floor":41,"key":"Vajra"},{"floor":43,"key":"White Beast Statue"},{"floor":46,"key":"Akabeko"},{"floor":54,"key":"ats:Ability Aura"}],"event_choices":[{"damage_healed":0,"gold_gain":0,"player_choice":"Lose Max HP","damage_taken":0,"relics_obtained":["Golden Idol"],"max_hp_gain":0,"max_hp_loss":5,"event_name":"Golden Idol","floor":2,"gold_loss":0},{"damage_healed":0,"gold_gain":0,"player_choice":"Donut","damage_taken":0,"max_hp_gain":5,"max_hp_loss":0,"event_name":"Big Fish","floor":4,"gold_loss":0},{"damage_healed":0,"gold_gain":0,"player_choice":"Success","damage_taken":7,"relics_obtained":["Prayer Wheel"],"max_hp_gain":0,"max_hp_loss":0,"event_name":"Scrap Ooze","floor":5,"gold_loss":0},{"cards_removed":["ats:Armor Crushing Shot"],"damage_healed":0,"gold_gain":0,"player_choice":"Elegance","damage_taken":0,"max_hp_gain":0,"max_hp_loss":0,"event_name":"Back to Basics","floor":19,"gold_loss":0},{"damage_healed":0,"gold_gain":99,"player_choice":"Stole From Cult","damage_taken":0,"max_hp_gain":0,"max_hp_loss":0,"event_name":"Nest","floor":20,"gold_loss":0},{"damage_healed":0,"gold_gain":0,"player_choice":"Fight","damage_taken":0,"max_hp_gain":0,"max_hp_loss":0,"event_name":"MindBloom","floor":36,"gold_loss":0},{"damage_healed":0,"gold_gain":0,"player_choice":"Fight","damage_taken":0,"max_hp_gain":0,"max_hp_loss":0,"event_name":"Mysterious Sphere","floor":37,"gold_loss":0},{"damage_healed":0,"gold_gain":333,"player_choice":"Gave Idol","damage_taken":0,"max_hp_gain":0,"max_hp_loss":0,"event_name":"The Moai Head","floor":39,"relics_lost":["Golden Idol"],"gold_loss":0}],"is_beta":false,"boss_relics":[{"not_picked":["SacredBark","Calling Bell"],"picked":"ats:Tactical Delivery"},{"not_picked":["Runic Dome","Snecko Eye"],"picked":"Astrolabe"}],"items_purged_floors":[12,21,28,53],"is_endless":false,"potions_floor_spawned":[1,3,11,16,23,27,30,36,38,44,46,48,54],"ascension_level":0}}