{"host":"w8xisjf5mgmfjvmt","time":1611482455,"event":{"mods":["BaseMod","BetterRewards","Challenge The Spire","Conspire","Dota2Spire","Energized Spire","Filter the Spire","Minty Spire (QoL Compilation)","Quarter Circle Forward PUNCH!","Quick Restart","Relic Stats","Replay The Spire","Shop Mod","Spicy Shops","StSLib","Starting Relic: Pandora\u0027s Box","¡¾ÒÅÎï¿¨ÅÆ¡¿REMEMod","óô»ðÖ¸ÄÏ"],"gold_per_floor":[111,111,129,143,158,158,191,207,234,271,107,145,204,204,204,287,287,313,340,340,11,27,71,71,99,99,127,127,163,195,222,7,93,93,118,118,136,136,136,171,16,42,42,42,42,42,42,66,66,66,66,66,66,38,68,68,68],"floor_reached":56,"language":"ZHS","playtime":2908,"items_purged":["BasicCrystalCard"],"score":1952,"play_id":"32938d11-0b32-46fc-9c59-1a3c5b0a8680","local_time":"20210124180055","is_ascension_mode":true,"campfire_choices":[{"data":"BasicCrystalCard","floor":6.0,"key":"SMITH"},{"data":"Hologram","floor":15.0,"key":"SMITH"},{"data":"FIFO Queue","floor":24.0,"key":"SMITH"},{"data":"Biased Cognition+1","floor":45.0,"key":"SMITH"},{"data":"Biased Cognition+2","floor":47.0,"key":"SMITH"},{"floor":49.0,"key":"RECALL"},{"data":"Biased Cognition+3","floor":53.0,"key":"SMITH"}],"circlet_count":0,"master_deck":["AscendersBane","Zap","Dualcast","Streamline","Barrage","Glacier+1","Hologram+1","Sunder+1","REME_Compress+1","Auto Shields+1","Biased Cognition+4","REME_CRH+1","Panic Button","Compile Driver","Conserve Battery","BasicCrystalCard+1","Ball Lightning","conspire:Rain","Sweeping Beam","Compile Driver","FIFO Queue+1","Ghostly","Ghostly","Ghostly","Skim","Chaos+1","ReplayRNGCard","Glacier+1","Capacitor","Thunder Strike","Fission","Buffer","Electrodynamics"],"relics":["REME_ComplimentaryCards","Astrolabe","Dota2Spire:ShivaGuard","ReplayTheSpireMod:Lightbulb","CeramicFish","Guide Book","Replay:Baseball","qcfpunch:Crimson_Sash","Prayer Wheel","Ring of Misfortune","Mummified Hand","Smiling Mask","conspire:GlowingRock","Dota2Spire:UrnOfShadows","Geode","Pen Nib","Onion Ring","Membership Card","Philosopher\u0027s Stone","DataDisk","Replay:Frozen Program","conspire:InfiniteJournal","Prayer Wheel","REME_IWantAll"],"acts_visited":["Exordium","TheCity","TheBeyond","TheEnding"],"potions_floor_usage":[],"damage_taken":[{"damage":0.0,"enemies":"2 Louse","floor":1.0,"turns":1.0},{"damage":0.0,"enemies":"Cultist","floor":3.0,"turns":3.0},{"damage":0.0,"enemies":"Small Slimes","floor":4.0,"turns":3.0},{"damage":2.0,"enemies":"Exordium Thugs","floor":5.0,"turns":6.0},{"damage":0.0,"enemies":"Lagavulin","floor":7.0,"turns":6.0},{"damage":0.0,"enemies":"Exordium Wildlife","floor":8.0,"turns":3.0},{"damage":0.0,"enemies":"Gremlin Nob","floor":10.0,"turns":2.0},{"damage":0.0,"enemies":"Lagavulin","floor":12.0,"turns":7.0},{"damage":6.0,"enemies":"3 Louse","floor":13.0,"turns":3.0},{"damage":13.0,"enemies":"Hexaghost","floor":16.0,"turns":9.0},{"damage":0.0,"enemies":"Chosen","floor":18.0,"turns":3.0},{"damage":0.0,"enemies":"Spheric Guardian","floor":22.0,"turns":5.0},{"damage":0.0,"enemies":"REME_1_Revenger","floor":23.0,"turns":5.0},{"damage":2.0,"enemies":"conspire:SneckoGhost","floor":25.0,"turns":7.0},{"damage":3.0,"enemies":"Replay:Snechameleon","floor":27.0,"turns":5.0},{"damage":1.0,"enemies":"Book of Stabbing","floor":29.0,"turns":6.0},{"damage":0.0,"enemies":"conspire:HollyBat","floor":30.0,"turns":5.0},{"damage":1.0,"enemies":"Snake Plant","floor":31.0,"turns":4.0},{"damage":7.0,"enemies":"Champ","floor":33.0,"turns":8.0},{"damage":0.0,"enemies":"3 Darklings","floor":35.0,"turns":4.0},{"damage":0.0,"enemies":"3 Shapes","floor":37.0,"turns":3.0},{"damage":0.0,"enemies":"Nemesis","floor":40.0,"turns":7.0},{"damage":0.0,"enemies":"Giant Head","floor":42.0,"turns":6.0},{"damage":0.0,"enemies":"Sphere and 2 Shapes","floor":48.0,"turns":5.0},{"damage":26.0,"enemies":"Replay:Hell Engine","floor":50.0,"turns":11.0},{"damage":0.0,"enemies":"Time Eater","floor":51.0,"turns":9.0},{"damage":5.0,"enemies":"Shield and Spear","floor":55.0,"turns":7.0},{"damage":0,"enemies":"The Heart","floor":56,"turns":1}],"seed_played":"-9028782945732779368","potions_obtained":[{"floor":3.0,"key":"PowerPotion"},{"floor":7.0,"key":"AttackPotion"},{"floor":10.0,"key":"Cursed Concoction"},{"floor":12.0,"key":"REME_GoldPotion"},{"floor":13.0,"key":"Block Potion"},{"floor":18.0,"key":"LifebloodPotion"},{"floor":30.0,"key":"PotionOfCapacity"},{"floor":33.0,"key":"Weak Potion"},{"floor":35.0,"key":"Block Potion"},{"floor":42.0,"key":"BlessingOfTheForge"}],"is_trial":false,"path_per_floor":["M","?","M","M","M","R","E","M","T","E","$","E","M","?","R","B",null,"M","?","?","$","M","E","R","E","T","E","?","E","M","M","R","B",null,"M","?","M","?","?","E","$","E","T","$","R","$","R","M","R","B","B",null,"R","$","E","B"],"character_chosen":"DEFECT","items_purchased":["Guide Book","Mummified Hand","BasicCrystalCard","Membership Card","Replay:Frozen Program","Buffer","Prayer Wheel","Elixir"],"campfire_rested":0,"item_purchase_floors":[11,21,21,32,41,41,44,54],"current_hp_per_floor":[64,64,64,64,62,62,62,62,62,62,62,62,56,56,56,43,54,54,35,35,35,35,35,35,33,33,30,30,29,29,28,28,21,27,27,27,27,25,25,25,25,25,25,25,25,25,25,25,25,17,25,28,28,28,27,27,27],"gold":68,"neow_bonus":"BOSS_RELIC","is_daily":false,"chose_seed":false,"campfire_upgraded":6,"win_rate":0.0,"timestamp":1611482455,"path_taken":["M","?","M","M","M","R","E","M","T","E","?","E","M","?","R","BOSS","M","?","?","$","M","E","R","E","T","E","?","E","M","M","R","BOSS","M","?","M","?","?","E","$","E","T","$","R","?","R","M","R","BOSS","BOSS","R","$","E","BOSS"],"items_purchased_type":["Relic","Relic","Card","Relic","Relic","Card","Relic","Potion"],"build_version":"2020-12-22","purchased_purges":1,"victory":false,"max_hp_per_floor":[71,71,71,71,71,71,71,71,71,71,71,71,71,71,71,71,71,71,35,35,35,35,35,35,35,35,35,35,35,35,35,35,35,35,35,33,33,33,33,33,33,33,33,33,33,33,33,33,33,33,33,33,33,33,33,33,33],"relic_stats":{"counters":[28,143],"Mummified Hand":[66],"Astrolabe":["REME_Compress","Auto Shields","Biased Cognition"],"CeramicFish":162,"Prayer Wheel":7,"Pen Nib":[12],"Smiling Mask":-12,"obtain_stats":[{"Dota2Spire:UrnOfShadows":26,"Astrolabe":0,"CeramicFish":10,"Guide Book":11,"Dota2Spire:ShivaGuard":7,"Pen Nib":28,"Geode":27,"Smiling Mask":23,"REME_IWantAll":55,"qcfpunch:Crimson_Sash":17,"conspire:InfiniteJournal":42,"Replay:Baseball":12,"conspire:GlowingRock":25,"DataDisk":40,"Replay:Frozen Program":41,"Mummified Hand":21,"Ring of Misfortune":20,"Pandora\u0027s Box":0,"Prayer Wheel":18,"Onion Ring":29,"Philosopher\u0027s Stone":34,"Membership Card":32,"ReplayTheSpireMod:Lightbulb":9,"REME_ComplimentaryCards":0},{"Dota2Spire:UrnOfShadows":14,"Astrolabe":0,"CeramicFish":7,"Guide Book":7,"Dota2Spire:ShivaGuard":5,"Pen Nib":15,"Geode":15,"Smiling Mask":13,"REME_IWantAll":27,"qcfpunch:Crimson_Sash":10,"conspire:InfiniteJournal":23,"Replay:Baseball":8,"conspire:GlowingRock":14,"DataDisk":22,"Replay:Frozen Program":22,"Mummified Hand":11,"Ring of Misfortune":11,"Pandora\u0027s Box":0,"Prayer Wheel":11,"Onion Ring":16,"Philosopher\u0027s Stone":19,"Membership Card":18,"ReplayTheSpireMod:Lightbulb":6,"REME_ComplimentaryCards":0},{"Dota2Spire:UrnOfShadows":63,"Astrolabe":0,"CeramicFish":24,"Guide Book":24,"Dota2Spire:ShivaGuard":19,"Pen Nib":68,"Geode":68,"Smiling Mask":56,"REME_IWantAll":143,"qcfpunch:Crimson_Sash":43,"conspire:InfiniteJournal":111,"Replay:Baseball":31,"conspire:GlowingRock":63,"DataDisk":105,"Replay:Frozen Program":105,"Mummified Hand":46,"Ring of Misfortune":46,"Pandora\u0027s Box":0,"Prayer Wheel":45,"Onion Ring":74,"Philosopher\u0027s Stone":91,"Membership Card":83,"ReplayTheSpireMod:Lightbulb":22,"REME_ComplimentaryCards":0}]},"card_choices":[{"not_picked":["Aggregate","Rebound"],"picked":"Panic Button","floor":1.0},{"not_picked":["Beam Cell","Glacier"],"picked":"Compile Driver","floor":3.0},{"not_picked":["Ball Lightning","Barrage"],"picked":"Conserve Battery","floor":4.0},{"not_picked":["Compile Driver","Stack"],"picked":"BasicCrystalCard","floor":5.0},{"not_picked":["Gash","Compile Driver","Hologram"],"picked":"SKIP","floor":7.0},{"not_picked":["Buffer","Genetic Algorithm"],"picked":"Ball Lightning","floor":8.0},{"not_picked":["Barrage","REME_Whirling"],"picked":"conspire:Rain","floor":10.0},{"not_picked":["Streamline","Aggregate"],"picked":"Sweeping Beam","floor":12.0},{"not_picked":["Gash","Beam Cell"],"picked":"Compile Driver","floor":13.0},{"not_picked":["Machine Learning","Fission"],"picked":"ReplayTheSpireMod:Fabricate Wheel","floor":16.0},{"not_picked":["Cold Snap","Melter"],"picked":"FIFO Queue","floor":18.0},{"not_picked":["Stack","Streamline","Sweeping Beam"],"picked":"SKIP","floor":18.0},{"not_picked":["Steam","Leap","Crystallizer"],"picked":"SKIP","floor":22.0},{"not_picked":["Conserve Battery","Gash","Beam Cell"],"picked":"SKIP","floor":22.0},{"not_picked":["Blizzard","Glacier"],"picked":"Skim","floor":23.0},{"not_picked":["Auto Shields","REME_Compress","BasicCrystalCard+1"],"picked":"SKIP","floor":25.0},{"not_picked":["Ball Lightning","Gash","Lockon"],"picked":"SKIP","floor":27.0},{"not_picked":["Rebound","Ball Lightning"],"picked":"Chaos+1","floor":29.0},{"not_picked":["Reinforced Body","Steam"],"picked":"ReplayRNGCard","floor":30.0},{"not_picked":["ReplaySort+1","Cold Snap"],"picked":"Glacier+1","floor":30.0},{"not_picked":["Auto Shields","Steam+1"],"picked":"Capacitor","floor":31.0},{"not_picked":["Ball Lightning","Hologram+1","Sweeping Beam+1"],"picked":"SKIP","floor":31.0},{"not_picked":["All For One","Electrodynamics"],"picked":"Thunder Strike","floor":33.0},{"not_picked":["REME_Compress+1","Hologram"],"picked":"Fission","floor":35.0},{"not_picked":["Reprogram+1","Conserve Battery","Hologram"],"picked":"SKIP","floor":35.0},{"not_picked":["REME_DataAnalysis","Gash","Barrage+1"],"picked":"SKIP","floor":37.0},{"not_picked":["BasicCrystalCard+1","Leap+1","Panic Button+1"],"picked":"SKIP","floor":37.0},{"not_picked":["ReplaySort","conspire:Rain","Ball Lightning"],"picked":"SKIP","floor":40.0},{"not_picked":["ReplaySort","Coolheaded","Beam Cell"],"picked":"SKIP","floor":42.0},{"not_picked":["ReplaySort","Lockon+1"],"picked":"Electrodynamics","floor":48.0},{"not_picked":["REME_DataAnalysis","Undo","Stack"],"picked":"SKIP","floor":48.0},{"not_picked":["Gash","Glacier+1","Cold Snap"],"picked":"SKIP","floor":48.0},{"not_picked":["Sweeping Beam","Stack","Compile Driver"],"picked":"SKIP","floor":55.0}],"player_experience":1230407,"relics_obtained":[{"floor":7.0,"key":"Dota2Spire:ShivaGuard"},{"floor":9.0,"key":"ReplayTheSpireMod:Lightbulb"},{"floor":10.0,"key":"CeramicFish"},{"floor":12.0,"key":"Replay:Baseball"},{"floor":20.0,"key":"Ring of Misfortune"},{"floor":23.0,"key":"Smiling Mask"},{"floor":25.0,"key":"conspire:GlowingRock"},{"floor":26.0,"key":"Dota2Spire:UrnOfShadows"},{"floor":27.0,"key":"Geode"},{"floor":29.0,"key":"Onion Ring"},{"floor":40.0,"key":"DataDisk"},{"floor":42.0,"key":"conspire:InfiniteJournal"},{"floor":55.0,"key":"REME_IWantAll"}],"event_choices":[{"damage_healed":0.0,"max_hp_gain":0.0,"max_hp_loss":0.0,"gold_gain":0.0,"event_name":"Upgrade Shrine","player_choice":"Upgraded","floor":2.0,"gold_loss":0.0,"damage_taken":0.0,"cards_upgraded":["Sunder"]},{"damage_healed":0.0,"max_hp_gain":0.0,"max_hp_loss":0.0,"gold_gain":0.0,"event_name":"Lab","player_choice":"Got Potions","floor":14.0,"gold_loss":0.0,"damage_taken":0.0},{"damage_healed":0.0,"max_hp_gain":0.0,"max_hp_loss":36.0,"gold_gain":0.0,"event_name":"Ghosts","player_choice":"Became a Ghost","floor":19.0,"gold_loss":0.0,"damage_taken":0.0,"cards_obtained":["Ghostly","Ghostly","Ghostly"]},{"damage_healed":0.0,"max_hp_gain":0.0,"max_hp_loss":0.0,"gold_gain":0.0,"event_name":"WeMeetAgain","player_choice":"Gave Potion","floor":28.0,"gold_loss":0.0,"damage_taken":0.0,"relics_obtained":["Pen Nib"]},{"damage_healed":0.0,"max_hp_gain":0.0,"max_hp_loss":2.0,"gold_gain":0.0,"event_name":"Winding Halls","player_choice":"Max HP","floor":36.0,"gold_loss":0.0,"damage_taken":0.0},{"damage_healed":0.0,"max_hp_gain":0.0,"max_hp_loss":0.0,"gold_gain":0.0,"event_name":"conspire:Investor","player_choice":"Leave","floor":38.0,"gold_loss":0.0,"damage_taken":0.0},{"damage_healed":0.0,"max_hp_gain":0.0,"max_hp_loss":0.0,"gold_gain":0.0,"event_name":"Tomb of Lord Red Mask","player_choice":"Ignored","floor":39.0,"gold_loss":0.0,"damage_taken":0.0}],"is_beta":false,"boss_relics":[{"not_picked":["ChewingGum","SlaversCollar"],"picked":"qcfpunch:Crimson_Sash"},{"not_picked":["energizedSpire:OgreHead","energizedSpire:DeadBattery"],"picked":"Philosopher\u0027s Stone"}],"items_purged_floors":[32],"is_endless":false,"potions_floor_spawned":[3,7,10,12,13,18,30,33,35,42],"killed_by":"The Heart","ascension_level":20}}