{"host":"17eltwdkyvydzbrm","time":1611491998,"event":{"mods":["BaseMod","Better Vampires","Downfall","Minty Spire (QoL Compilation)","MostiFishMod","Quick Restart","StSLib","noobMod","¡¾ÒÅÎï¿¨ÅÆ¡¿REMEMod","óô»ðÖ¸ÄÏ"],"gold_per_floor":[109,129,129,67,82,82,82,82,107,107,107,120,146,25,25,125,125,137,149,149,160,171,202,202,44,44,44,62,94,14,68,68,168,168,180,180,180,98,111,111,111,111,182,194,210,243,275,307,307,307,307,307,14,40,40],"floor_reached":56,"language":"ZHS","playtime":3521,"items_purged":["downfall:Bewildered"],"score":1471,"play_id":"9b807228-e204-427f-a94c-c59ad77db686","local_time":"20210124203958","is_ascension_mode":false,"campfire_choices":[{"floor":6.0,"key":"RECALL"},{"data":"MostiFishMod:Confrontation","floor":8.0,"key":"SMITH"},{"data":"MostiFishMod:VineMother","floor":15.0,"key":"SMITH"},{"data":"Blade Dance","floor":27.0,"key":"SMITH"},{"floor":32.0,"key":"REST"},{"data":"MostiFishMod:ShivMaster","floor":40.0,"key":"SMITH"},{"data":"Defend_G","floor":49.0,"key":"PURGE"},{"data":"Accuracy","floor":52,"key":"SMITH"}],"circlet_count":0,"master_deck":["Strike_G","Strike_G","Strike_G","Strike_G","Defend_G","Defend_G","Defend_G","Defend_G+1","Survivor","Neutralize","Double Tap","Poisoned Stab","MostiFishMod:PerfectParry+1","MostiFishMod:Confrontation+1","Blade Dance+1","Cloak And Dagger+1","Catalyst+1","Dagger Spray","MostiFishMod:VineMother+1","MostiFishMod:ShivMaster+1","Cloak And Dagger+1","Infinite Blades","Storm of Steel+1","Blade Dance+1","Infinite Blades+1","MostiFishMod:ButterFly+1","Blade Dance+1","MostiFishMod:GrandStart+1","Accuracy+1","Envenom","CurseOfTheBell","Cloak And Dagger+1","Dramatic Entrance+1","MostiFishMod:SupremeArchaeology+1","MostiFishMod:TheLastGuard+1","Madness+1","Madness+1","REME_TwoStrings+1","Riddle With Holes+1","Blade Dance+1","Distraction+1","REME_PuzzleBox+1","Terror+1"],"relics":["Ring of the Snake","ice","REME_ComplimentaryCards","DaveBox","ShadowXiaoBlade","NeowsBlessing","SynthV:TestCard","Tiny Chest","Toxic Egg 2","Ancient Tea Set","WingedGreaves","Calipers","BloodWine","Molten Egg 2","sneckomod:BabySnecko","Mummified Hand","Incense Burner","Blood Vial","Calling Bell","MealTicket","Pantograph","BionicSphere","Peace Pipe","Paper Crane","War Paint","REME_HandOfSuture","Ninja Scroll","Bottled Flame"],"acts_visited":["Exordium","TheCity","TheBeyond","TheEnding"],"potions_floor_usage":[50,55,55,55,55,55,55,55,55,55],"damage_taken":[{"damage":0.0,"enemies":"Jaw Worm","floor":1.0,"turns":1.0},{"damage":0.0,"enemies":"Small Slimes","floor":2.0,"turns":1.0},{"damage":0.0,"enemies":"Cultist","floor":5.0,"turns":1.0},{"damage":0.0,"enemies":"Exordium Thugs","floor":12.0,"turns":3.0},{"damage":2.0,"enemies":"Lagavulin","floor":13.0,"turns":4.0},{"damage":6.0,"enemies":"Hexaghost","floor":16.0,"turns":4.0},{"damage":0.0,"enemies":"Spheric Guardian","floor":18.0,"turns":2.0},{"damage":6.0,"enemies":"Chosen","floor":19.0,"turns":2.0},{"damage":0.0,"enemies":"Snecko","floor":21.0,"turns":3.0},{"damage":4.0,"enemies":"Cultist and Chosen","floor":22.0,"turns":3.0},{"damage":4.0,"enemies":"Gremlin Leader","floor":23.0,"turns":3.0},{"damage":1.0,"enemies":"Centurion and Healer","floor":28.0,"turns":3.0},{"damage":0.0,"enemies":"REME_1_Revenger","floor":29.0,"turns":2.0},{"damage":22.0,"enemies":"Champ","floor":33.0,"turns":4.0},{"damage":0.0,"enemies":"Orb Walker","floor":35.0,"turns":1.0},{"damage":0.0,"enemies":"3 Darklings","floor":39.0,"turns":1.0},{"damage":0.0,"enemies":"Transient","floor":44.0,"turns":5.0},{"damage":0.0,"enemies":"4 Shapes","floor":45.0,"turns":1.0},{"damage":0.0,"enemies":"Reptomancer","floor":46.0,"turns":2.0},{"damage":0.0,"enemies":"Nemesis","floor":47.0,"turns":3.0},{"damage":0.0,"enemies":"Giant Head","floor":48.0,"turns":3.0},{"damage":15,"enemies":"Donu and Deca","floor":50,"turns":4},{"damage":0,"enemies":"Shield and Spear","floor":54,"turns":3},{"damage":6,"enemies":"The Heart","floor":55,"turns":4}],"seed_played":"1523324551532564940","potions_obtained":[{"floor":5.0,"key":"Fire Potion"},{"floor":12.0,"key":"SkillPotion"},{"floor":19.0,"key":"FearPotion"},{"floor":22.0,"key":"Fire Potion"},{"floor":33.0,"key":"PowerPotion"},{"floor":35.0,"key":"Fire Potion"},{"floor":54,"key":"Block Potion"}],"is_trial":false,"path_per_floor":["M","M","?","?","M","R","T","R","T","?","T","M","E","$","R","B",null,"M","M","?","M","M","E","?","$","T","R","M","E","$","T","R","B",null,"M","?","?","$","M","R","?","T","T","M","M","E","E","E","R","B",null,"R","$","E","B",null],"character_chosen":"THE_SILENT","items_purchased":["Dagger Spray","MostiFishMod:VineMother","MostiFishMod:ButterFly+1","Accuracy","REME_TwoStrings+1","REME_PuzzleBox+1","Terror+1","Energy Potion"],"campfire_rested":1,"item_purchase_floors":[14,14,25,30,38,53,53,53],"current_hp_per_floor":[70,70,70,70,70,70,70,70,70,70,70,70,68,68,68,62,70,70,64,64,64,60,65,65,65,65,65,70,70,70,70,70,52,70,70,60,51,66,68,68,68,68,68,70,70,70,70,70,70,55,70,70,70,70,64],"gold":40,"neow_bonus":"THREE_ENEMY_KILL","is_daily":false,"chose_seed":false,"campfire_upgraded":5,"win_rate":0.0,"timestamp":1611491998,"path_taken":["M","M","?","?","?","R","?","R","T","?","?","M","E","$","R","BOSS","M","M","?","M","M","E","?","?","T","R","M","E","$","?","R","BOSS","M","?","?","$","M","R","?","?","T","M","M","E","E","E","R","BOSS","R","$","E","BOSS"],"items_purchased_type":["Card","Card","Card","Card","Card","Card","Card","Potion"],"build_version":"2020-12-22","purchased_purges":1,"victory":true,"max_hp_per_floor":[70,70,70,70,70,70,70,70,70,70,70,70,70,70,70,70,70,70,70,70,70,70,70,70,70,70,70,70,70,70,70,70,70,70,70,70,70,70,70,70,70,70,70,70,70,70,70,70,70,70,70,70,70,70,70],"card_choices":[{"not_picked":["Cloak And Dagger","Underhanded Strike"],"picked":"Poisoned Stab","floor":1.0},{"not_picked":["Backflip","Deflect","PiercingWail","Poisoned Stab"],"picked":"MostiFishMod:PerfectParry","floor":2.0},{"not_picked":["Poisoned Stab","Heel Hook","Backstab","Dagger Spray"],"picked":"Blade Dance","floor":5.0},{"not_picked":["Outmaneuver+1","Well Laid Plans","Tools of the Trade","Dodge and Roll+1"],"picked":"Cloak And Dagger+1","floor":12.0},{"not_picked":["Backstab","Flying Knee","Crippling Poison+1","Distraction+1"],"picked":"Catalyst+1","floor":13.0},{"not_picked":["MostiFishMod:Dislodge+1","MostiFishMod:Opportunism+1","Corpse Explosion+1","Doppelganger+1"],"picked":"MostiFishMod:ShivMaster","floor":16.0},{"not_picked":["Quick Slash","Dodge and Roll+1","Riddle With Holes","Outmaneuver+1"],"picked":"Cloak And Dagger+1","floor":18.0},{"not_picked":["MostiFishMod:InvigoratingSolution+1","Acrobatics+1","PiercingWail+1","Footwork+1"],"picked":"Infinite Blades","floor":19.0},{"not_picked":["Underhanded Strike+1","Well Laid Plans","Flechettes","Bane"],"picked":"Storm of Steel+1","floor":21.0},{"not_picked":["Bane","Prepared+1","Acrobatics+1","Caltrops+1"],"picked":"Blade Dance+1","floor":22.0},{"not_picked":["Poisoned Stab+1","REME_GreenPollution","Sucker Punch+1","Skewer+1"],"picked":"Infinite Blades+1","floor":23.0},{"not_picked":["Acrobatics+1","Dagger Spray+1","Crippling Poison+1","Sucker Punch+1"],"picked":"Blade Dance+1","floor":28.0},{"not_picked":["MostiFishMod:Wind+1","Dagger Throw+1","Well Laid Plans+1","Deflect+1"],"picked":"MostiFishMod:GrandStart+1","floor":29.0},{"not_picked":["Glass Knife+1","MostiFishMod:GrandStart+1","Bullet Time+1","REME_CopyPotion+1"],"picked":"Envenom","floor":33.0},{"not_picked":["PiercingWail+1","Slice+1","All Out Attack+1","Noxious Fumes"],"picked":"Cloak And Dagger+1","floor":35.0},{"not_picked":["REME_TheoryOfElimination+1","Trip+1","REME_ShortnessOfBreath+1","The Bomb+1"],"picked":"Dramatic Entrance+1","floor":36.0},{"not_picked":["Impatience+1","Deep Breath+1","Good Instincts+1","REME_ShortnessOfBreath+1"],"picked":"MostiFishMod:SupremeArchaeology+1","floor":36.0},{"not_picked":["Finesse+1","Dark Shackles+1","Purity+1","Bandage Up+1"],"picked":"MostiFishMod:TheLastGuard+1","floor":36.0},{"not_picked":["Poisoned Stab+1","Endless Agony+1","Dagger Spray+1","Backflip+1"],"picked":"Riddle With Holes+1","floor":39.0},{"not_picked":["Backstab+1","Acrobatics+1","Deadly Poison+1","Backflip+1","Dagger Throw+1"],"picked":"SKIP","floor":44.0},{"not_picked":["MostiFishMod:Opportunism+1","Riddle With Holes+1","Outmaneuver+1","MostiFishMod:InvigoratingSolution+1"],"picked":"Blade Dance+1","floor":45.0},{"not_picked":["Prepared+1","Sucker Punch+1","Eviscerate+1","Riddle With Holes+1"],"picked":"Distraction+1","floor":46.0},{"not_picked":["Dagger Spray+1","Deadly Poison+1","Dodge and Roll+1","Backstab+1"],"picked":"MostiFishMod:FullyArmed+1","floor":47.0},{"not_picked":["Sucker Punch+1","Skewer+1","Dodge and Roll+1","Distraction+1","Masterful Stab+1"],"picked":"SKIP","floor":48.0},{"not_picked":["REME_ShadowStrike+1","Dodge and Roll+1","All Out Attack+1","Endless Agony+1","Dagger Spray+1"],"picked":"SKIP","floor":54}],"player_experience":50448,"relics_obtained":[{"floor":1.0,"key":"SynthV:TestCard"},{"floor":7.0,"key":"Toxic Egg 2"},{"floor":11.0,"key":"WingedGreaves"},{"floor":13.0,"key":"Calipers"},{"floor":23.0,"key":"Molten Egg 2"},{"floor":26.0,"key":"Mummified Hand"},{"floor":29.0,"key":"Incense Burner"},{"floor":31.0,"key":"Blood Vial"},{"floor":34.0,"key":"MealTicket"},{"floor":34.0,"key":"Pantograph"},{"floor":34.0,"key":"BionicSphere"},{"floor":42.0,"key":"Peace Pipe"},{"floor":43.0,"key":"Paper Crane"},{"floor":46.0,"key":"War Paint"},{"floor":47.0,"key":"REME_HandOfSuture"},{"floor":48.0,"key":"Ninja Scroll"},{"floor":54,"key":"Bottled Flame"}],"event_choices":[{"damage_healed":0.0,"max_hp_gain":0.0,"max_hp_loss":0.0,"gold_gain":0.0,"cards_transformed":["Strike_G"],"event_name":"Living Wall","player_choice":"Change","floor":3.0,"gold_loss":0.0,"damage_taken":0.0,"cards_obtained":["MostiFishMod:Confrontation"]},{"damage_healed":0.0,"max_hp_gain":0.0,"max_hp_loss":0.0,"gold_gain":0.0,"event_name":"WeMeetAgain","player_choice":"Paid Gold","floor":4.0,"gold_loss":62.0,"damage_taken":0.0,"relics_obtained":["Tiny Chest"]},{"damage_healed":0.0,"max_hp_gain":0.0,"max_hp_loss":0.0,"gold_gain":0.0,"event_name":"Dead Adventurer","player_choice":"Searched \u00272\u0027 times","floor":10.0,"gold_loss":0.0,"damage_taken":0.0,"relics_obtained":["Ancient Tea Set"]},{"damage_healed":0.0,"max_hp_gain":0.0,"max_hp_loss":0.0,"gold_gain":0.0,"event_name":"Beggar","player_choice":"Ignored","floor":20.0,"gold_loss":0.0,"damage_taken":0.0},{"damage_healed":0.0,"max_hp_gain":0.0,"max_hp_loss":0.0,"gold_gain":0.0,"event_name":"SensoryStone","player_choice":"Memory 3","floor":36.0,"gold_loss":0.0,"damage_taken":10.0},{"damage_healed":0.0,"max_hp_gain":0.0,"max_hp_loss":0.0,"gold_gain":0.0,"event_name":"Winding Halls","player_choice":"Embrace Madness","floor":37.0,"gold_loss":0.0,"damage_taken":9.0,"cards_obtained":["Madness","Madness"]},{"damage_healed":0.0,"max_hp_gain":0.0,"max_hp_loss":0.0,"gold_gain":0.0,"event_name":"Lab","player_choice":"Got Potions","floor":41.0,"gold_loss":0.0,"damage_taken":0.0}],"is_beta":false,"boss_relics":[{"not_picked":["SynthV:MejaisSoulstealer","JellyFishMachine"],"picked":"BloodWine"},{"not_picked":["Fusion Hammer","SlaversCollar"],"picked":"Calling Bell"}],"items_purged_floors":[25],"is_endless":false,"potions_floor_spawned":[5,12,19,22,28,33,35,44,47,54],"ascension_level":0}}