{"host":"y1oqg7uy0jc6f5mb","time":1611481506,"event":{"mods":["BaseMod","Better Altar","Better Match","Better Note","Better Sensory Stone","Better Skull","Better Third Choice","BetterRewards","Block Reminder","Colored Map","Colored Powertips","Custom Start","DeckTracker","Displayed Cursed Tome","Highlight Path","Ironclad Rager","Minty Spire (QoL Compilation)","Permanent Neow","Quick Restart","Relic Sorter","Relic Stats","Shop Mod","StSLib"],"gold_per_floor":[115,129,139,139,152,152,69,98,98,118,118,128,128,143,143,241,241,256,256,171,171,187,187,212,212,291,311,73,89,121,121,121,223,223,234,252,269,285,34,365,376,411,411,423,435,447,459,87,87,87],"floor_reached":51,"language":"ENG","playtime":4145,"items_purged":["Strike_B","Strike_B"],"score":1126,"play_id":"5ecc1020-dcea-4cce-a3e6-8a334b998cbf","local_time":"20210124174506","is_ascension_mode":true,"campfire_choices":[{"data":"Thinking Ahead","floor":6.0,"key":"SMITH"},{"floor":15.0,"key":"REST"},{"data":"Omniscience","floor":23.0,"key":"SMITH"},{"data":"Rainbow","floor":25.0,"key":"SMITH"},{"data":"Double Energy","floor":32.0,"key":"SMITH"},{"data":"Capacitor","floor":46.0,"key":"SMITH"},{"data":"Electrodynamics","floor":49.0,"key":"SMITH"}],"circlet_count":0,"master_deck":["Strike_B+1","Defend_B","Defend_B","Defend_B","Defend_B","Dualcast","Thinking Ahead+1","Scrape","Undo","Conserve Battery","Cold Snap+1","Aggregate","Force Field","Ball Lightning","Electrodynamics+1","Tempest","Conserve Battery","Blur+1","Omniscience+1","Rainbow+1","Skim","Double Energy+1","Meteor Strike","Coolheaded+1","Auto Shields+1","Core Surge","Darkness+1","Redo+1","Defragment","Apotheosis","Stack+1","Capacitor+1","Writhe","Static Discharge","Go for the Eyes+1","Panache"],"relics":["Cracked Core","Torii","Bird Faced Urn","Whetstone","Pocketwatch","Incense Burner","Runic Dome","Enchiridion","InkBottle","DataDisk","Bottled Tornado","Mummified Hand","Dream Catcher","Snecko Eye","Membership Card","Molten Egg 2","MerchantsRug","TheAbacus"],"acts_visited":["Exordium","TheCity","TheBeyond"],"potions_floor_usage":[50],"damage_taken":[{"damage":1.0,"enemies":"2 Louse","floor":1.0,"turns":2.0},{"damage":1.0,"enemies":"Cultist","floor":2.0,"turns":4.0},{"damage":0.0,"enemies":"Small Slimes","floor":3.0,"turns":4.0},{"damage":9.0,"enemies":"3 Louse","floor":5.0,"turns":4.0},{"damage":17.0,"enemies":"Gremlin Nob","floor":8.0,"turns":4.0},{"damage":2.0,"enemies":"Red Slaver","floor":10.0,"turns":3.0},{"damage":2.0,"enemies":"2 Fungi Beasts","floor":12.0,"turns":3.0},{"damage":6.0,"enemies":"Exordium Wildlife","floor":14.0,"turns":2.0},{"damage":1.0,"enemies":"Slime Boss","floor":16.0,"turns":6.0},{"damage":0.0,"enemies":"Shell Parasite","floor":18.0,"turns":4.0},{"damage":0.0,"enemies":"Spheric Guardian","floor":22.0,"turns":4.0},{"damage":21.0,"enemies":"Gremlin Leader","floor":24.0,"turns":7.0},{"damage":0.0,"enemies":"Chosen and Byrds","floor":27.0,"turns":4.0},{"damage":0.0,"enemies":"Snecko","floor":29.0,"turns":3.0},{"damage":1.0,"enemies":"Book of Stabbing","floor":30.0,"turns":5.0},{"damage":44.0,"enemies":"Champ","floor":33.0,"turns":8.0},{"damage":18.0,"enemies":"3 Darklings","floor":35.0,"turns":3.0},{"damage":0.0,"enemies":"Orb Walker","floor":36.0,"turns":2.0},{"damage":0.0,"enemies":"Transient","floor":37.0,"turns":5.0},{"damage":0.0,"enemies":"Writhing Mass","floor":38.0,"turns":2.0},{"damage":15.0,"enemies":"Nemesis","floor":40.0,"turns":7.0},{"damage":0.0,"enemies":"Jaw Worm Horde","floor":41.0,"turns":1.0},{"damage":13.0,"enemies":"Giant Head","floor":42.0,"turns":9.0},{"damage":11,"enemies":"Donu and Deca","floor":50,"turns":5}],"seed_played":"-1091583428224802293","potions_obtained":[{"floor":1.0,"key":"Weak Potion"},{"floor":2.0,"key":"Weak Potion"},{"floor":16.0,"key":"Explosive Potion"},{"floor":22.0,"key":"BlessingOfTheForge"},{"floor":24.0,"key":"FocusPotion"},{"floor":27.0,"key":"Dexterity Potion"},{"floor":41.0,"key":"Block Potion"}],"is_trial":false,"path_per_floor":["M","M","M","?","M","R","$","E","T","M","?","M","?","M","R","B",null,"M","?","?","?","M","R","E","R","T","M","$","M","E","?","R","B",null,"M","M","M","M","$","E","M","E","T","$","?","R","?","$","R","B",null],"character_chosen":"DEFECT","items_purchased":["Thinking Ahead","Torii","Force Field","Ball Lightning","Mummified Hand","Membership Card","Defragment","Apotheosis","MerchantsRug","Static Discharge","Go for the Eyes+1","Panache","Fruit Juice","TheAbacus","Block Potion","LiquidMemories"],"campfire_rested":1,"item_purchase_floors":[0,0,7,7,28,39,39,39,48,48,48,48,48,48,48,48],"current_hp_per_floor":[50,49,49,49,40,40,40,23,23,21,21,21,14,10,32,35,75,75,59,59,59,63,63,48,48,48,52,52,56,59,59,59,19,75,57,61,65,69,69,60,64,57,57,57,75,75,75,80,80,72],"gold":87,"neow_bonus":"","is_daily":false,"chose_seed":false,"campfire_upgraded":6,"win_rate":0.0,"timestamp":1611481506,"path_taken":["M","M","M","?","?","R","$","E","T","M","?","?","?","M","R","BOSS","M","?","?","?","M","R","E","R","T","M","$","?","E","?","R","BOSS","M","M","M","M","$","E","M","E","T","$","?","R","?","$","R","BOSS"],"items_purchased_type":["Card","Relic","Card","Card","Relic","Relic","Card","Card","Relic","Card","Card","Card","Potion","Relic","Potion","Potion"],"build_version":"2020-12-22","purchased_purges":2,"victory":true,"max_hp_per_floor":[75,75,75,75,75,75,75,75,75,75,75,75,75,75,75,75,75,75,75,75,75,75,75,75,75,75,75,75,75,75,75,75,75,75,75,75,75,75,75,75,75,75,75,75,75,75,75,80,80,80],"relic_stats":{"Dream Catcher":2,"TheAbacus":[6],"Torii":16,"counters":[79,434],"Mummified Hand":[48],"Bird Faced Urn":[260],"Snecko Eye":[74,78,75,68],"Whetstone":["Cold Snap","Strike_B"],"obtain_stats":[{"Tiny House":17,"Gremlin Horn":27,"Torii":0,"SacredBark":34,"Enchiridion":19,"Bag of Preparation":12,"Juzu Bracelet":40,"Incense Burner":9,"Whetstone":24,"Bottled Tornado":26,"Boot":5,"Old Coin":40,"Dream Catcher":13,"Matryoshka":7,"TheAbacus":48,"Mummified Hand":28,"Pantograph":22,"Tiny Chest":31,"Prayer Wheel":9,"Cracked Core":0,"InkBottle":8,"Potion Belt":28,"MerchantsRug":28,"Inserter":17,"Pear":26,"Happy Flower":14,"Dead Branch":38,"Oddly Smooth Stone":26,"The Courier":9,"Omamori":28,"Frozen Egg 2":0,"MawBank":9,"White Beast Statue":26,"Cables":28,"Peace Pipe":7,"Runic Dome":17,"Anchor":11,"Bottled Flame":26,"DataDisk":24,"Shuriken":9,"Bronze Scales":0,"Bird Faced Urn":24,"Snecko Eye":34,"Molten Egg 2":42,"Coffee Dripper":17,"Membership Card":28,"Pocketwatch":8},{"Tiny House":8,"Gremlin Horn":42,"Torii":55,"SacredBark":45,"Enchiridion":65,"Bag of Preparation":21,"Juzu Bracelet":49,"Incense Burner":60,"Whetstone":11,"Bottled Tornado":67,"Boot":18,"Old Coin":76,"Dream Catcher":34,"Matryoshka":4,"TheAbacus":78,"Mummified Hand":68,"Pantograph":10,"Tiny Chest":14,"Prayer Wheel":33,"Cracked Core":0,"InkBottle":20,"Potion Belt":12,"MerchantsRug":12,"Inserter":36,"Pear":41,"Happy Flower":22,"Dead Branch":48,"Oddly Smooth Stone":11,"The Courier":4,"Omamori":12,"Frozen Egg 2":29,"MawBank":4,"White Beast Statue":11,"Cables":12,"Peace Pipe":33,"Runic Dome":64,"Anchor":5,"Bottled Flame":27,"DataDisk":67,"Shuriken":20,"Bronze Scales":15,"Bird Faced Urn":41,"Snecko Eye":71,"Molten Egg 2":78,"Coffee Dripper":23,"Membership Card":42,"Pocketwatch":60},{"Tiny House":41,"Gremlin Horn":252,"Torii":333,"SacredBark":279,"Enchiridion":369,"Bag of Preparation":121,"Juzu Bracelet":297,"Incense Burner":351,"Whetstone":57,"Bottled Tornado":380,"Boot":101,"Old Coin":419,"Dream Catcher":190,"Matryoshka":16,"TheAbacus":429,"Mummified Hand":384,"Pantograph":51,"Tiny Chest":80,"Prayer Wheel":184,"Cracked Core":0,"InkBottle":112,"Potion Belt":64,"MerchantsRug":64,"Inserter":206,"Pear":243,"Happy Flower":125,"Dead Branch":292,"Oddly Smooth Stone":57,"The Courier":16,"Omamori":64,"Frozen Egg 2":164,"MawBank":16,"White Beast Statue":57,"Cables":64,"Peace Pipe":184,"Runic Dome":365,"Anchor":20,"Bottled Flame":155,"DataDisk":380,"Shuriken":112,"Bronze Scales":94,"Bird Faced Urn":243,"Snecko Eye":400,"Molten Egg 2":429,"Coffee Dripper":133,"Membership Card":252,"Pocketwatch":351}],"InkBottle":[34],"Pocketwatch":[43]},"card_choices":[{"not_picked":["Rebound","Sweeping Beam"],"picked":"Undo","floor":1.0},{"not_picked":["Sweeping Beam","Reinforced Body"],"picked":"Conserve Battery","floor":2.0},{"not_picked":["Compile Driver","Steam"],"picked":"Cold Snap","floor":3.0},{"not_picked":["Hologram","Steam"],"picked":"Aggregate","floor":5.0},{"not_picked":["Tempest","Beam Cell"],"picked":"Electrodynamics","floor":8.0},{"not_picked":["Beam Cell","Stack"],"picked":"Tempest","floor":10.0},{"not_picked":["Redo","Steam"],"picked":"Conserve Battery","floor":12.0},{"not_picked":["Redo","Lockon","Barrage"],"picked":"SKIP","floor":14.0},{"not_picked":["Thunder Strike","Meteor Strike"],"picked":"Rainbow","floor":16.0},{"not_picked":["Compile Driver","Gash"],"picked":"Skim","floor":18.0},{"not_picked":["Gash","Hologram"],"picked":"Double Energy","floor":22.0},{"not_picked":["Redo","Gash"],"picked":"Meteor Strike","floor":24.0},{"not_picked":["Go for the Eyes","Sweeping Beam+1"],"picked":"Coolheaded+1","floor":27.0},{"not_picked":["Stack","Aggregate","Redo"],"picked":"SKIP","floor":29.0},{"not_picked":["Ball Lightning","Coolheaded"],"picked":"Auto Shields+1","floor":30.0},{"not_picked":["Fission","Seek"],"picked":"Core Surge","floor":33.0},{"not_picked":["Stack","Conserve Battery+1"],"picked":"Darkness+1","floor":35.0},{"not_picked":["Rip and Tear+1","Beam Cell","Stack"],"picked":"SKIP","floor":36.0},{"not_picked":["Consume+1","Barrage+1"],"picked":"Redo+1","floor":37.0},{"not_picked":["Electrodynamics","Conserve Battery","Ball Lightning"],"picked":"SKIP","floor":38.0},{"not_picked":["Coolheaded+1","Ball Lightning"],"picked":"Stack+1","floor":40.0},{"not_picked":["Streamline+1","White Noise+1","Aggregate+1"],"picked":"SKIP","floor":41.0},{"not_picked":["Turbo","Glacier+1"],"picked":"Capacitor","floor":42.0}],"player_experience":171938,"relics_obtained":[{"floor":8.0,"key":"Pocketwatch"},{"floor":9.0,"key":"Incense Burner"},{"floor":24.0,"key":"DataDisk"},{"floor":26.0,"key":"Bottled Tornado"},{"floor":30.0,"key":"Dream Catcher"},{"floor":40.0,"key":"Old Coin"},{"floor":42.0,"key":"Molten Egg 2"},{"floor":43.0,"key":"MawBank"}],"event_choices":[{"damage_healed":0.0,"max_hp_gain":0.0,"max_hp_loss":0.0,"gold_gain":0.0,"event_name":"WeMeetAgain","player_choice":"Gave Potion","floor":4.0,"gold_loss":0.0,"damage_taken":0.0,"relics_obtained":["Bird Faced Urn"]},{"cards_removed":["Strike_B"],"damage_healed":0.0,"max_hp_gain":0.0,"max_hp_loss":0.0,"gold_gain":0.0,"event_name":"Wheel of Change","player_choice":"Card Removal","floor":11.0,"gold_loss":0.0,"damage_taken":0.0},{"damage_healed":0.0,"max_hp_gain":0.0,"max_hp_loss":0.0,"gold_gain":1.0,"event_name":"betterThird:BetterScrap","player_choice":"Card Card ","floor":13.0,"gold_loss":0.0,"damage_taken":7.0,"cards_obtained":["Blur","Omniscience"]},{"damage_healed":0.0,"max_hp_gain":0.0,"max_hp_loss":0.0,"gold_gain":0.0,"event_name":"Cursed Tome","player_choice":"Obtained Book","floor":19.0,"gold_loss":0.0,"damage_taken":16.0},{"damage_healed":0.0,"max_hp_gain":0.0,"max_hp_loss":0.0,"gold_gain":0.0,"event_name":"Addict","player_choice":"Obtained Relic","floor":20.0,"gold_loss":85.0,"damage_taken":0.0,"relics_obtained":["InkBottle"]},{"damage_healed":0.0,"max_hp_gain":0.0,"max_hp_loss":0.0,"gold_gain":0.0,"event_name":"FaceTrader","player_choice":"Leave","floor":21.0,"gold_loss":0.0,"damage_taken":0.0},{"damage_healed":0.0,"max_hp_gain":0.0,"max_hp_loss":0.0,"gold_gain":0.0,"event_name":"Vampires","player_choice":"Ignored","floor":31.0,"gold_loss":0.0,"damage_taken":0.0},{"damage_healed":19.0,"max_hp_gain":0.0,"max_hp_loss":0.0,"gold_gain":0.0,"event_name":"Winding Halls","player_choice":"Writhe","floor":45.0,"gold_loss":0.0,"damage_taken":0.0,"cards_obtained":["Writhe"]},{"cards_removed":["Zap"],"damage_healed":0.0,"max_hp_gain":0.0,"max_hp_loss":0.0,"gold_gain":0.0,"event_name":"Falling","player_choice":"Removed Skill","floor":47.0,"gold_loss":0.0,"damage_taken":0.0}],"is_beta":false,"boss_relics":[{"not_picked":["Empty Cage","Velvet Choker"],"picked":"Runic Dome"},{"not_picked":["Cursed Key","SacredBark"],"picked":"Snecko Eye"}],"items_purged_floors":[0,48],"is_endless":false,"potions_floor_spawned":[1,2,16,22,24,27,41],"ascension_level":4}}