{"host":"ebj6lkgm8suah319","time":1611460997,"event":{"mods":["2.2 Compatiblity","AchievementEnabler","BaseMod","Block Reminder","Colored Map","Colored Powertips","Minty Spire (QoL Compilation)","Quick Restart","Rare Cards Sparkle","Relic Stats","SuperFastMode"],"gold_per_floor":[18,18,18,33,58,58,89,89,113,149,149,174,174,245,245,334,334,352,371,389,20,58,58,76,107,107,150,200,125,125,125,125,218,218,238,238,253,253,271,302,302,333,409,409,428,459,459,473,473,473],"floor_reached":51,"language":"ENG","playtime":1502,"items_purged":["Strike_R"],"score":1524,"play_id":"bbaeda71-d109-4ecc-902a-b1c4b9784092","local_time":"20210123230317","is_ascension_mode":true,"campfire_choices":[{"data":"Uppercut","floor":6,"key":"SMITH"},{"data":"Perfected Strike","floor":8,"key":"SMITH"},{"floor":11,"key":"REST"},{"data":"Master of Strategy","floor":13,"key":"SMITH"},{"data":"Pommel Strike","floor":15,"key":"SMITH"},{"floor":23,"key":"REST"},{"data":"Disarm","floor":30,"key":"SMITH"},{"data":"Offering","floor":32,"key":"SMITH"},{"data":"True Grit","floor":41,"key":"SMITH"},{"data":"Spot Weakness","floor":44,"key":"SMITH"},{"floor":49,"key":"DIG"}],"circlet_count":0,"master_deck":["AscendersBane","Strike_R","Strike_R","Strike_R","Strike_R","Defend_R","Defend_R+1","Defend_R","Defend_R","Bash+1","Master of Strategy+1","Uppercut+1","Perfected Strike+1","Offering+1","Pommel Strike+1","Fiend Fire+1","Shrug It Off","Entrench","Flame Barrier+1","Barricade","Flame Barrier+1","Disarm+1","Spot Weakness+1","Bludgeon+1","Clothesline+1","Bludgeon+1","Juggernaut","True Grit+1","Shrug It Off","Panache","Spot Weakness+1"],"relics":["Burning Blood","Golden Idol","Centennial Puzzle","Nunchaku","Blood Vial","Molten Egg 2","Snecko Eye","PreservedInsect","Red Mask","Blue Candle","Strawberry","Ornamental Fan","Busted Crown","Magic Flower","Vajra","Singing Bowl","Shovel","Frozen Egg 2","War Paint"],"acts_visited":["Exordium","TheCity","TheBeyond"],"potions_floor_usage":[16,22,33,33,33,50],"damage_taken":[{"damage":13,"enemies":"Small Slimes","floor":1,"turns":6},{"damage":4,"enemies":"Jaw Worm","floor":4,"turns":4},{"damage":7,"enemies":"2 Louse","floor":5,"turns":3},{"damage":47,"enemies":"3 Sentries","floor":7,"turns":11},{"damage":6,"enemies":"Gremlin Nob","floor":10,"turns":3},{"damage":6,"enemies":"Blue Slaver","floor":12,"turns":2},{"damage":36,"enemies":"Slime Boss","floor":16,"turns":6},{"damage":16,"enemies":"Shell Parasite","floor":18,"turns":2},{"damage":3,"enemies":"2 Thieves","floor":19,"turns":2},{"damage":23,"enemies":"Shelled Parasite and Fungi","floor":20,"turns":2},{"damage":24,"enemies":"Masked Bandits","floor":22,"turns":3},{"damage":6,"enemies":"Snake Plant","floor":24,"turns":2},{"damage":6,"enemies":"Book of Stabbing","floor":25,"turns":3},{"damage":26,"enemies":"Slavers","floor":27,"turns":5},{"damage":24,"enemies":"Collector","floor":33,"turns":6},{"damage":0,"enemies":"Orb Walker","floor":35,"turns":2},{"damage":14,"enemies":"3 Shapes","floor":37,"turns":3},{"damage":1,"enemies":"Jaw Worm Horde","floor":39,"turns":4},{"damage":6,"enemies":"Giant Head","floor":40,"turns":4},{"damage":11,"enemies":"Reptomancer","floor":42,"turns":3},{"damage":2,"enemies":"Sphere and 2 Shapes","floor":45,"turns":7},{"damage":0,"enemies":"Mind Bloom Boss Battle","floor":46,"turns":4},{"damage":12,"enemies":"4 Shapes","floor":48,"turns":6},{"damage":58,"enemies":"Awakened One","floor":50,"turns":10}],"seed_played":"3080435916154135121","potions_obtained":[{"floor":7,"key":"SpeedPotion"},{"floor":10,"key":"DistilledChaos"},{"floor":19,"key":"BloodPotion"},{"floor":22,"key":"EntropicBrew"},{"floor":39,"key":"SmokeBomb"},{"floor":40,"key":"Block Potion"},{"floor":46,"key":"SteroidPotion"}],"is_trial":false,"path_per_floor":["M","?","?","M","M","R","E","R","T","E","R","M","R","T","R","B",null,"M","M","M","$","?","R","M","E","T","E","?","$","R","?","R","B",null,"M","?","M","?","M","E","R","E","T","R","M","?","T","M","R","B",null],"character_chosen":"IRONCLAD","items_purchased":["PreservedInsect","Barricade","Flame Barrier"],"campfire_rested":2,"item_purchase_floors":[21,21,21],"current_hp_per_floor":[61,61,61,63,62,62,21,21,21,21,41,43,43,43,43,15,55,47,52,37,37,34,54,56,58,65,47,47,47,47,47,47,31,64,72,71,63,53,60,62,62,63,63,63,73,75,75,74,74,28],"gold":473,"neow_bonus":"RANDOM_COLORLESS_2","is_daily":false,"chose_seed":false,"campfire_upgraded":8,"win_rate":0.0,"timestamp":1611460997,"path_taken":["M","?","?","M","M","R","E","R","T","E","R","M","R","?","R","BOSS","M","M","M","$","?","R","M","E","T","E","?","$","R","?","R","BOSS","M","?","M","?","M","E","R","E","T","R","M","?","?","?","R","BOSS"],"items_purchased_type":["Relic","Card","Card"],"build_version":"2020-12-22","purchased_purges":1,"victory":true,"max_hp_per_floor":[75,68,68,68,68,68,68,68,68,68,68,68,68,68,68,68,68,68,68,68,68,68,68,68,68,75,75,75,75,75,75,75,75,75,75,71,71,71,71,71,71,71,71,71,73,75,75,77,77,77],"relic_stats":{"Singing Bowl":6,"counters":[24,103],"Golden Idol":157,"Blue Candle":[0],"Magic Flower":[13],"PreservedInsect":273,"War Paint":["Flame Barrier","Defend_R"],"Burning Blood":148,"Blood Vial":35,"Centennial Puzzle":[54],"Nunchaku":[16],"Busted Crown":22,"Shovel":1,"Ornamental Fan":[60],"Snecko Eye":[140,158,146,126],"obtain_stats":[{"Singing Bowl":43,"Golden Idol":2,"Blue Candle":25,"Magic Flower":40,"Vajra":42,"PreservedInsect":21,"Frozen Egg 2":47,"War Paint":49,"Burning Blood":0,"Blood Vial":10,"Centennial Puzzle":7,"Nunchaku":9,"Busted Crown":34,"Shovel":46,"Ornamental Fan":27,"Strawberry":26,"Snecko Eye":17,"Molten Egg 2":14,"Red Mask":22},{"Singing Bowl":20,"Golden Idol":1,"Blue Candle":13,"Magic Flower":19,"Vajra":20,"PreservedInsect":10,"Frozen Egg 2":22,"War Paint":23,"Burning Blood":0,"Blood Vial":5,"Centennial Puzzle":4,"Nunchaku":4,"Busted Crown":15,"Shovel":22,"Ornamental Fan":14,"Strawberry":13,"Snecko Eye":7,"Molten Egg 2":6,"Red Mask":11},{"Singing Bowl":76,"Golden Idol":6,"Blue Candle":49,"Magic Flower":73,"Vajra":76,"PreservedInsect":41,"Frozen Egg 2":87,"War Paint":93,"Burning Blood":0,"Blood Vial":27,"Centennial Puzzle":24,"Nunchaku":24,"Busted Crown":60,"Shovel":87,"Ornamental Fan":54,"Strawberry":49,"Snecko Eye":35,"Molten Egg 2":29,"Red Mask":44}]},"card_choices":[{"not_picked":["Secret Weapon","Mayhem"],"picked":"Master of Strategy","floor":0},{"not_picked":["Anger","Iron Wave","Headbutt"],"picked":"SKIP","floor":1},{"not_picked":["Warcry","Clothesline"],"picked":"Uppercut","floor":4},{"not_picked":["Rampage","Uppercut","Cleave"],"picked":"SKIP","floor":5},{"not_picked":["Body Slam","Intimidate"],"picked":"Perfected Strike","floor":7},{"not_picked":["Reckless Charge","Wild Strike"],"picked":"Offering","floor":10},{"not_picked":["Bloodletting","Thunderclap"],"picked":"Pommel Strike","floor":12},{"not_picked":["Reaper+1","Juggernaut"],"picked":"Fiend Fire+1","floor":16},{"not_picked":["Havoc","Pommel Strike+1"],"picked":"Shrug It Off","floor":18},{"not_picked":["Carnage+1","Clash+1"],"picked":"Entrench","floor":19},{"not_picked":["Intimidate","Anger+1"],"picked":"Flame Barrier+1","floor":20},{"not_picked":["Twin Strike+1","Intimidate+1"],"picked":"Disarm","floor":22},{"not_picked":["Evolve+1","True Grit+1"],"picked":"Spot Weakness+1","floor":24},{"not_picked":["Clash+1","Clothesline+1"],"picked":"Bludgeon+1","floor":25},{"not_picked":["Perfected Strike+1","Twin Strike+1"],"picked":"Clothesline+1","floor":27},{"not_picked":["Brutality","Berserk"],"picked":"Juggernaut","floor":33},{"not_picked":[],"picked":"True Grit","floor":35},{"not_picked":[],"picked":"Shrug It Off","floor":37},{"not_picked":[],"picked":"Panache","floor":38},{"not_picked":["Clash+1"],"picked":"SKIP","floor":39},{"not_picked":[],"picked":"Spot Weakness","floor":40},{"not_picked":["Bloodletting"],"picked":"SKIP","floor":42},{"not_picked":["Shockwave"],"picked":"Singing Bowl","floor":45},{"not_picked":["Anger+1"],"picked":"Singing Bowl","floor":46},{"not_picked":["True Grit"],"picked":"Singing Bowl","floor":48}],"player_experience":58758,"relics_obtained":[{"floor":7,"key":"Centennial Puzzle"},{"floor":9,"key":"Nunchaku"},{"floor":10,"key":"Blood Vial"},{"floor":14,"key":"Molten Egg 2"},{"floor":22,"key":"Red Mask"},{"floor":25,"key":"Blue Candle"},{"floor":26,"key":"Strawberry"},{"floor":27,"key":"Ornamental Fan"},{"floor":40,"key":"Magic Flower"},{"floor":42,"key":"Vajra"},{"floor":43,"key":"Singing Bowl"},{"floor":46,"key":"Shovel"},{"floor":47,"key":"Frozen Egg 2"},{"floor":49,"key":"War Paint"}],"event_choices":[{"damage_healed":0,"gold_gain":0,"player_choice":"Lose Max HP","damage_taken":0,"relics_obtained":["Golden Idol"],"max_hp_gain":0,"max_hp_loss":7,"event_name":"Golden Idol","floor":2,"gold_loss":0},{"damage_healed":0,"gold_gain":0,"player_choice":"Grow","damage_taken":0,"max_hp_gain":0,"max_hp_loss":0,"event_name":"Living Wall","floor":3,"gold_loss":0,"cards_upgraded":["Bash"]},{"damage_healed":0,"gold_gain":0,"player_choice":"Fought Bandits","damage_taken":0,"max_hp_gain":0,"max_hp_loss":0,"event_name":"Masked Bandits","floor":22,"gold_loss":0},{"damage_healed":0,"gold_gain":50,"player_choice":"Stole From Cult","damage_taken":0,"max_hp_gain":0,"max_hp_loss":0,"event_name":"Nest","floor":28,"gold_loss":0},{"damage_healed":0,"gold_gain":0,"player_choice":"Copied","damage_taken":0,"max_hp_gain":0,"max_hp_loss":0,"event_name":"Duplicator","floor":31,"gold_loss":0,"cards_obtained":["Bludgeon"]},{"damage_healed":0,"gold_gain":0,"player_choice":"Max HP","damage_taken":0,"max_hp_gain":0,"max_hp_loss":4,"event_name":"Winding Halls","floor":36,"gold_loss":0},{"damage_healed":0,"gold_gain":0,"player_choice":"Memory 3","damage_taken":10,"max_hp_gain":0,"max_hp_loss":0,"event_name":"SensoryStone","floor":38,"gold_loss":0},{"damage_healed":0,"gold_gain":0,"player_choice":"Fight","damage_taken":0,"max_hp_gain":0,"max_hp_loss":0,"event_name":"MindBloom","floor":46,"gold_loss":0}],"is_beta":false,"boss_relics":[{"not_picked":["Ectoplasm","SlaversCollar"],"picked":"Snecko Eye"},{"not_picked":["Coffee Dripper","Velvet Choker"],"picked":"Busted Crown"}],"items_purged_floors":[29],"is_endless":false,"potions_floor_spawned":[7,10,12,19,22,24,25,39,40,45,46],"ascension_level":18}}