{"host":"Penguin","time":1611528505,"event":{"mods":["BaseMod","Colored Map","Colored Powertips","Downfall","Minty Spire (QoL Compilation)","Relic Stats","StSLib","Synergy Search","Unceasing Turn Reminder"],"gold_per_floor":[99,112,112,124,142,172,172,186,216,216,116,134,134,44,64,162,162,62,76,92,92,92,109,109,109,109,109],"floor_reached":25,"language":"ENG","playtime":1343,"items_purged":["downfall:Malfunctioning"],"score":228,"play_id":"6479442e-70cf-4f92-bf18-b94a9849314d","local_time":"20210124234825","is_ascension_mode":false,"campfire_choices":[{"data":"hexamod:Float","floor":1,"key":"SMITH"},{"data":"hexamod:HeatMetal","floor":11,"key":"SMITH"},{"floor":13,"key":"RECALL"},{"data":"hexamod:WildfireWeapon","floor":18,"key":"SMITH"}],"circlet_count":0,"master_deck":["hexamod:Strike","hexamod:Strike","hexamod:Strike+1","hexamod:Strike+1","hexamod:Defend","hexamod:Defend","hexamod:Defend","hexamod:Defend","hexamod:Sear+1","hexamod:Float+1","hexamod:ExtraCrispy+1","hexamod:HeatMetal+1","hexamod:FirstSeal","hexamod:StepThrough","hexamod:WildfireWeapon+1","hexamod:FastForward+1","hexamod:Incineration","hexamod:FirstSeal"],"relics":["Sozu","Eternal Feather","downfall:HeartBlessingBlue","hexamod:IceCube","downfall:HeartBlessingRed","MutagenicStrength","Pen Nib"],"acts_visited":["Exordium","TheCity"],"potions_floor_usage":[],"damage_taken":[{"damage":1,"enemies":"2 Louse","floor":2,"turns":3},{"damage":6,"enemies":"Jaw Worm","floor":4,"turns":3},{"damage":0,"enemies":"Small Slimes","floor":5,"turns":3},{"damage":22,"enemies":"Exordium Thugs","floor":8,"turns":4},{"damage":22,"enemies":"Gremlin Nob","floor":9,"turns":4},{"damage":10,"enemies":"3 Louse","floor":12,"turns":3},{"damage":0,"enemies":"downfall:FleeingMerchant","floor":14,"turns":4},{"damage":11,"enemies":"Lots of Slimes","floor":15,"turns":5},{"damage":36,"enemies":"IC_STATUS_ARCHETYPE","floor":16,"turns":6},{"damage":21,"enemies":"Spheric Guardian","floor":19,"turns":4},{"damage":24,"enemies":"Shell Parasite","floor":20,"turns":4},{"damage":25,"enemies":"Snecko","floor":23,"turns":5},{"damage":37,"enemies":"Cultist and Chosen","floor":25,"turns":4}],"seed_played":"5192092993512439756","potions_obtained":[],"is_trial":false,"path_per_floor":["R","M","?","M","M","?","T","M","E","?","R","M","R","$","M","B",null,"R","M","M","?","?","M","T","M"],"character_chosen":"THE_SPIRIT","items_purchased":[],"campfire_rested":0,"item_purchase_floors":[],"current_hp_per_floor":[70,69,69,63,63,63,63,41,19,19,35,32,38,45,41,12,80,80,66,49,49,49,24,24,0,0,0],"gold":109,"neow_bonus":"BOSS_RELIC","is_daily":false,"chose_seed":false,"campfire_upgraded":3,"win_rate":0.0,"timestamp":1611528505,"path_taken":["R","M","?","M","M","?","T","M","E","?","R","?","R","?","M","BOSS","R","M","M","?","?","M","T","?"],"items_purchased_type":[],"build_version":"2020-12-18","purchased_purges":1,"victory":false,"max_hp_per_floor":[70,70,70,70,70,70,70,70,70,70,80,80,80,80,80,80,80,80,80,80,80,80,80,80,80,80,80],"relic_stats":{"Sozu":5,"counters":[13,52],"Eternal Feather":12,"Pen Nib":[0],"obtain_stats":[{"Sozu":0,"downfall:HeartBlessingRed":18,"downfall:HeartBlessingBlue":11,"MutagenicStrength":21,"Eternal Feather":9,"Pen Nib":24,"hexamod:SpiritBrand":0,"hexamod:IceCube":17},{"Sozu":0,"downfall:HeartBlessingRed":9,"downfall:HeartBlessingBlue":5,"MutagenicStrength":11,"Eternal Feather":5,"Pen Nib":12,"hexamod:SpiritBrand":0,"hexamod:IceCube":9},{"Sozu":0,"downfall:HeartBlessingRed":35,"downfall:HeartBlessingBlue":17,"MutagenicStrength":43,"Eternal Feather":17,"Pen Nib":48,"hexamod:SpiritBrand":0,"hexamod:IceCube":35}]},"card_choices":[{"not_picked":["hexamod:InspiringFlames","hexamod:Hexaguard"],"picked":"hexamod:ExtraCrispy","floor":2},{"not_picked":["hexamod:ThermalTransfer","hexamod:AdvancingGuard","hexamod:HauntingEcho"],"picked":"SKIP","floor":4},{"not_picked":["hexamod:ShieldOfDarkness","hexamod:RainOfEmbers"],"picked":"hexamod:HeatMetal","floor":5},{"not_picked":["hexamod:BacktrackSmack","hexamod:AdvancingGuard","hexamod:SpectersWail"],"picked":"SKIP","floor":8},{"not_picked":["hexamod:Haunt","hexamod:ShieldOfDarkness"],"picked":"hexamod:FirstSeal","floor":9},{"not_picked":["hexamod:HauntingEcho","hexamod:Haunt","hexamod:InspiringFlames"],"picked":"SKIP","floor":12},{"not_picked":["hexamod:SpectralSpark","hexamod:PowerFromBeyond"],"picked":"hexamod:StepThrough","floor":14},{"not_picked":["hexamod:SkipABeat","hexamod:Firestarter","hexamod:SwordOfDarkness"],"picked":"SKIP","floor":15},{"not_picked":["hexamod:TimeOfNeed","hexamod:TimeWarp"],"picked":"hexamod:WildfireWeapon","floor":16},{"not_picked":["hexamod:SuperheatedStrike","hexamod:ThermalTransfer"],"picked":"hexamod:FastForward+1","floor":19},{"not_picked":["hexamod:DynamicBlow","hexamod:HeatMetal+1"],"picked":"hexamod:Incineration","floor":20},{"not_picked":["hexamod:ChargedBarrage","hexamod:GhostLash"],"picked":"hexamod:FirstSeal","floor":23}],"player_experience":354714,"relics_obtained":[{"floor":9,"key":"Eternal Feather"},{"floor":24,"key":"Pen Nib"}],"event_choices":[{"damage_healed":0,"gold_gain":0,"player_choice":"Inject Mutagens","damage_taken":0,"relics_obtained":["MutagenicStrength"],"max_hp_gain":0,"max_hp_loss":0,"event_name":"Drug Dealer","floor":21,"gold_loss":0}],"is_beta":true,"boss_relics":[{"not_picked":["SacredBark","SlaversCollar"],"picked":"hexamod:IceCube"}],"items_purged_floors":[14],"is_endless":false,"potions_floor_spawned":[2,9,12,15,19],"killed_by":"Cultist and Chosen","ascension_level":0}}