{"host":"w2kjv12xyhtt0cv2","time":1611491821,"event":{"mods":["Act Like it!","BaseMod","Colored Map","Friendly Minions","Gensokyo","Highlight Path","Hubris","Kiyohime（清姬）","Marisa（F雨　魔理沙）","Minty Spire (QoL Compilation)","Quick Restart","Reimu（博丽灵梦）","Relic Stats","Replay The Spire","RumiaBox-露米娅的神秘盒子","Shop Mod","Spicy Shops","StSLib","The Cursed","The Servant 0.9.4","UnlockEverythingMod","Waifu the Spire","[功能]功能增强和修复MOD","vexMod","【功能Mod】Neow奖励","【遗物卡牌】REMEMod","没有小屋子和绿帽子啦"],"gold_per_floor":[115,115,129,129,129,147,147,163,163,193,193,227,46,121,121,251,251,267,267,267,86,86,126,82,82,82,82,112,145,145,145],"floor_reached":30,"language":"ZHS","playtime":1469,"items_purged":["Looming Evil","Parasite"],"score":455,"play_id":"08cb4de2-edaa-48f2-836a-62f342352943","local_time":"20210124203701","is_ascension_mode":true,"campfire_choices":[{"data":"KiyohimeMod:Projection","floor":15.0,"key":"SMITH"}],"circlet_count":0,"master_deck":["KiyohimeMod:Strike","KiyohimeMod:Strike","KiyohimeMod:Strike","KiyohimeMod:Strike","KiyohimeMod:Defend","KiyohimeMod:Defend","KiyohimeMod:Defend","KiyohimeMod:Track","KiyohimeMod:FlameKiss","KiyohimeMod:Shapeshift","REME_BattleFury+1","KiyohimeMod:DragonVein","KiyohimeMod:MagicCrystal","KiyohimeMod:Projection+1","KiyohimeMod:EatSoul","KiyohimeMod:FiringTheFirstArrow","KiyohimeMod:GoldenCarpFigure","KiyohimeMod:HeroCreation","ReplayTheSpireMod:IOU","REME_BattleFury+1","PanicButton","Hologram+1"],"relics":["REME_ComplimentaryCards","vexMod:EndlessSickness","Bloody Idol","YidongShenshe:ReiMu","Pantograph","hubris:MedicalManual","Bronze Scales","Juzu Bracelet","Spirit Poop","vexMod:MemoryStick","Medical Kit","ReplayTheSpireMod:CursedCoin","Nunchaku","PureWhite:ReiMu","ReplayTheSpireMod:DimensionalGlitch","Nilry\u0027s Codex","Kunai","Pet Ghost","Replay:Wax Seal","PrismaticShard","Du-Vu Doll","Replay:WaspNest"],"acts_visited":["Exordium","TheCity"],"potions_floor_usage":[],"damage_taken":[{"damage":0.0,"enemies":"Jaw Worm","floor":1.0,"turns":3.0},{"damage":2.0,"enemies":"Cultist","floor":3.0,"turns":3.0},{"damage":1.0,"enemies":"Gremlin Nob","floor":6.0,"turns":3.0},{"damage":12.0,"enemies":"3 Sentries","floor":8.0,"turns":3.0},{"damage":11.0,"enemies":"Lagavulin","floor":10.0,"turns":3.0},{"damage":5.0,"enemies":"3 Sentries","floor":12.0,"turns":4.0},{"damage":0.0,"enemies":"Gremlin Nob","floor":14.0,"turns":2.0},{"damage":0.0,"enemies":"Slime Boss","floor":16.0,"turns":3.0},{"damage":0.0,"enemies":"Spheric Guardian","floor":18.0,"turns":1.0},{"damage":17.0,"enemies":"REME_1_Revenger","floor":23.0,"turns":3.0},{"damage":4.0,"enemies":"Replay:Snechameleon","floor":28.0,"turns":2.0},{"damage":0.0,"enemies":"3 Byrds","floor":29.0,"turns":2.0},{"damage":34,"enemies":"Slavers","floor":30,"turns":1}],"seed_played":"-3719159661476212595","potions_obtained":[{"floor":1.0,"key":"ColorlessPotion"},{"floor":8.0,"key":"Milkshake"},{"floor":12.0,"key":"Strength Potion"},{"floor":14.0,"key":"FearPotion"},{"floor":18.0,"key":"SteroidPotion"},{"floor":28.0,"key":"PowerPotion"}],"is_trial":false,"path_per_floor":["M","?","M","?","?","E","T","E","T","E","?","E","$","?","R","B",null,"M","?","?","$","?","E","$","?","T","?","E","M","E"],"character_chosen":"Kiyohime","items_purchased":["Medical Kit","ReplayTheSpireMod:CursedCoin","Nunchaku","Kunai","Replay:Wax Seal","PrismaticShard"],"campfire_rested":0,"item_purchase_floors":[13,13,13,21,24,24],"current_hp_per_floor":[54,54,52,52,52,51,51,39,39,28,28,23,23,23,23,48,54,54,54,29,29,29,12,12,12,12,12,13,21,0,0],"gold":145,"neow_bonus":"BOSS_RELIC","is_daily":false,"chose_seed":false,"campfire_upgraded":1,"win_rate":0.0,"timestamp":1611491821,"path_taken":["M","?","?","?","?","E","?","E","T","E","?","E","$","?","R","BOSS","M","?","?","$","?","E","$","?","T","?","E","M","E"],"items_purchased_type":["Relic","Relic","Relic","Relic","Relic","Relic"],"build_version":"2020-12-22","purchased_purges":2,"victory":false,"max_hp_per_floor":[60,60,60,56,56,56,56,56,56,56,56,56,56,56,56,56,56,56,56,56,53,53,53,53,53,53,53,53,53,53,53],"relic_stats":{"Nunchaku":[5],"counters":[13,33],"Bloody Idol":13,"Pantograph":25,"Bronze Scales":[28],"Juzu Bracelet":5,"Kunai":[6],"Medical Kit":[0],"obtain_stats":[{"vexMod:MemoryStick":12,"Golden Idol":4,"ReplayTheSpireMod:CursedCoin":13,"Nilry\u0027s Codex":20,"Spirit Poop":11,"hubris:MedicalManual":8,"Replay:WaspNest":28,"Juzu Bracelet":10,"Medical Kit":13,"PrismaticShard":24,"Pet Ghost":23,"Du-Vu Doll":26,"KiyohimeMod:FireDragon":0,"Nunchaku":13,"PureWhite:ReiMu":14,"vexMod:EndlessSickness":0,"Pantograph":6,"Bronze Scales":9,"Bloody Idol":27,"YidongShenshe:ReiMu":5,"Kunai":21,"Replay:Wax Seal":24,"ReplayTheSpireMod:DimensionalGlitch":17,"REME_ComplimentaryCards":0},{"vexMod:MemoryStick":6,"Golden Idol":2,"ReplayTheSpireMod:CursedCoin":6,"Nilry\u0027s Codex":9,"Spirit Poop":5,"hubris:MedicalManual":4,"Replay:WaspNest":11,"Juzu Bracelet":5,"Medical Kit":6,"PrismaticShard":10,"Pet Ghost":10,"Du-Vu Doll":10,"KiyohimeMod:FireDragon":0,"Nunchaku":6,"PureWhite:ReiMu":6,"vexMod:EndlessSickness":0,"Pantograph":3,"Bronze Scales":4,"Bloody Idol":10,"YidongShenshe:ReiMu":2,"Kunai":9,"Replay:Wax Seal":10,"ReplayTheSpireMod:DimensionalGlitch":8,"REME_ComplimentaryCards":0},{"vexMod:MemoryStick":19,"Golden Idol":6,"ReplayTheSpireMod:CursedCoin":19,"Nilry\u0027s Codex":25,"Spirit Poop":15,"hubris:MedicalManual":12,"Replay:WaspNest":30,"Juzu Bracelet":15,"Medical Kit":19,"PrismaticShard":28,"Pet Ghost":28,"Du-Vu Doll":28,"KiyohimeMod:FireDragon":0,"Nunchaku":19,"PureWhite:ReiMu":19,"vexMod:EndlessSickness":0,"Pantograph":9,"Bronze Scales":12,"Bloody Idol":28,"YidongShenshe:ReiMu":6,"Kunai":25,"Replay:Wax Seal":28,"ReplayTheSpireMod:DimensionalGlitch":24,"REME_ComplimentaryCards":0}]},"card_choices":[{"not_picked":["KiyohimeMod:WaterTurn","KiyohimeMod:GreenBlackKey","KiyohimeMod:Preemptive"],"picked":"SKIP","floor":1.0},{"not_picked":["KiyohimeMod:CommandCard_Quick","KiyohimeMod:AgainstMagic"],"picked":"KiyohimeMod:DragonVein","floor":3.0},{"not_picked":["KiyohimeMod:EatSoul","KiyohimeMod:CommandCard_Buster"],"picked":"KiyohimeMod:MagicCrystal","floor":6.0},{"not_picked":["KiyohimeMod:SteelTraining","KiyohimeMod:BeElegant"],"picked":"KiyohimeMod:Projection","floor":8.0},{"not_picked":["KiyohimeMod:Berserker","KiyohimeMod:HotSpringOfTheMoon","KiyohimeMod:EatSoul"],"picked":"SKIP","floor":10.0},{"not_picked":["KiyohimeMod:Berserker","KiyohimeMod:HotSpringOfTheMoon"],"picked":"KiyohimeMod:EatSoul","floor":10.0},{"not_picked":["KiyohimeMod:FirstPremonition","KiyohimeMod:BlueBlackKey"],"picked":"KiyohimeMod:FiringTheFirstArrow","floor":12.0},{"not_picked":["KiyohimeMod:Servant_TamamoNoMae","KiyohimeMod:PrismaCosmos"],"picked":"KiyohimeMod:GoldenCarpFigure","floor":16.0},{"not_picked":["KiyohimeMod:RedBlackKey","KiyohimeMod:EatSoul","KiyohimeMod:FirstPremonition"],"picked":"SKIP","floor":18.0},{"not_picked":["KiyohimeMod:FiringTheFirstArrow","KiyohimeMod:HotSpringOfTheMoon","KiyohimeMod:Berserker"],"picked":"SKIP","floor":23.0},{"not_picked":["GravityBeat","DeceiveReality+1"],"picked":"PanicButton","floor":28.0},{"not_picked":["Slice+1","Cleave"],"picked":"Hologram+1","floor":29.0}],"player_experience":198648,"relics_obtained":[{"floor":6.0,"key":"Pantograph"},{"floor":8.0,"key":"hubris:MedicalManual"},{"floor":9.0,"key":"Bronze Scales"},{"floor":10.0,"key":"Juzu Bracelet"},{"floor":12.0,"key":"vexMod:MemoryStick"},{"floor":20.0,"key":"Nilry\u0027s Codex"},{"floor":23.0,"key":"Pet Ghost"},{"floor":26.0,"key":"Du-Vu Doll"},{"floor":28.0,"key":"Replay:WaspNest"}],"event_choices":[{"damage_healed":0.0,"max_hp_gain":0.0,"max_hp_loss":0.0,"gold_gain":0.0,"event_name":"Upgrade Shrine","player_choice":"Upgraded","floor":2.0,"gold_loss":0.0,"damage_taken":0.0,"cards_upgraded":["REME_BattleFury"]},{"damage_healed":0.0,"max_hp_gain":0.0,"max_hp_loss":4.0,"gold_gain":0.0,"event_name":"Golden Idol","player_choice":"Lose Max HP","floor":4.0,"gold_loss":0.0,"damage_taken":0.0,"relics_obtained":["Golden Idol"]},{"damage_healed":0.0,"max_hp_gain":0.0,"max_hp_loss":0.0,"gold_gain":0.0,"event_name":"yidonshenshe","player_choice":"带走神社","floor":5.0,"gold_loss":0.0,"damage_taken":0.0,"relics_obtained":["YidongShenshe:ReiMu"],"cards_obtained":["Poor:ReiMu"]},{"cards_removed":["Poor:ReiMu"],"damage_healed":0.0,"max_hp_gain":0.0,"max_hp_loss":0.0,"gold_gain":0.0,"event_name":"Bonfire Elementals","player_choice":"Offered Curse","floor":11.0,"gold_loss":0.0,"damage_taken":0.0,"relics_obtained":["Spirit Poop"]},{"damage_healed":0.0,"max_hp_gain":0.0,"max_hp_loss":0.0,"gold_gain":0.0,"event_name":"Dead Adventurer","player_choice":"Searched \u00273\u0027 times","floor":14.0,"gold_loss":0.0,"damage_taken":0.0,"relics_obtained":["PureWhite:ReiMu"]},{"damage_healed":0.0,"max_hp_gain":0.0,"max_hp_loss":0.0,"gold_gain":0.0,"cards_transformed":["KiyohimeMod:Defend"],"event_name":"Transmorgrifier","player_choice":"Transformed","floor":19.0,"gold_loss":0.0,"damage_taken":0.0,"cards_obtained":["KiyohimeMod:HeroCreation"]},{"damage_healed":0.0,"max_hp_gain":0.0,"max_hp_loss":0.0,"gold_gain":0.0,"event_name":"Cursed Tome","player_choice":"Obtained Book","floor":20.0,"gold_loss":0.0,"damage_taken":16.0},{"damage_healed":0.0,"max_hp_gain":0.0,"max_hp_loss":0.0,"gold_gain":0.0,"event_name":"Lab","player_choice":"Got Potions","floor":22.0,"gold_loss":0.0,"damage_taken":0.0},{"damage_healed":0.0,"max_hp_gain":0.0,"max_hp_loss":0.0,"gold_gain":0.0,"event_name":"Duplicator","player_choice":"Copied","floor":25.0,"gold_loss":0.0,"damage_taken":0.0,"cards_obtained":["REME_BattleFury"]},{"damage_healed":0.0,"max_hp_gain":0.0,"max_hp_loss":0.0,"gold_gain":0.0,"event_name":"Forgotten Altar","player_choice":"Gave Idol","floor":27.0,"relics_lost":["Golden Idol"],"gold_loss":0.0,"damage_taken":0.0,"relics_obtained":["Bloody Idol"]}],"is_beta":false,"boss_relics":[{"not_picked":["REME_DemonsWealth","vexMod:DeviousBotling"],"picked":"ReplayTheSpireMod:DimensionalGlitch"}],"items_purged_floors":[13,21],"is_endless":false,"potions_floor_spawned":[1,8,12,14,18,28],"killed_by":"Slavers","ascension_level":7}}