{"host":"oigynbtg272c19pw","time":1611523069,"event":{"mods":["BaseMod","Colored Map","Minty Spire (QoL Compilation)","Relic Stats","Slay the Relics Exporter","StSLib"],"gold_per_floor":[112,162,178,178,193,228,228,251,304,304,304],"floor_reached":10,"playtime":215,"items_purged":[],"score":136,"play_id":"f6409a68-b813-4865-9323-672a595dcbc9","local_time":"20210124221749","is_ascension_mode":true,"campfire_choices":[{"floor":7,"key":"REST"}],"circlet_count":0,"master_deck":["AscendersBane","Strike_G","Strike_G","Strike_G","Strike_G","Strike_G","Defend_G","Defend_G","Defend_G","Defend_G","Defend_G","Survivor","Neutralize","Poisoned Stab","Deadly Poison","Skewer","Calculated Gamble","Footwork"],"relics":["Ring of the Snake","NeowsBlessing","Golden Idol","Molten Egg 2","Pen Nib"],"acts_visited":["Exordium"],"potions_floor_usage":[],"damage_taken":[{"damage":0.0,"enemies":"Cultist","floor":1.0,"turns":1.0},{"damage":0,"enemies":"2 Louse","floor":3,"turns":1},{"damage":0,"enemies":"Small Slimes","floor":5,"turns":1},{"damage":40,"enemies":"Lagavulin","floor":6,"turns":8},{"damage":5,"enemies":"2 Fungi Beasts","floor":8,"turns":4},{"damage":11,"enemies":"Gremlin Nob","floor":10,"turns":3}],"seed_played":"-8548617363027127499","potions_obtained":[{"floor":3,"key":"Strength Potion"},{"floor":6,"key":"Energy Potion"},{"floor":8,"key":"Weak Potion"}],"is_trial":false,"path_per_floor":["M","?","M","?","M","E","R","M","T","E"],"character_chosen":"THE_SILENT","items_purchased":[],"campfire_rested":1,"item_purchase_floors":[],"current_hp_per_floor":[59,53,53,53,53,13,31,26,26,15,15],"gold":304,"neow_bonus":"THREE_ENEMY_KILL","is_daily":false,"chose_seed":false,"campfire_upgraded":0,"win_rate":0.0,"timestamp":1611523069,"path_taken":["M","?","?","?","M","E","R","M","T","E"],"items_purchased_type":[],"build_version":"2020-12-13","purchased_purges":0,"victory":false,"max_hp_per_floor":[66,66,66,60,60,60,60,60,60,60,60],"relic_stats":{"counters":[6,18],"Golden Idol":15,"Pen Nib":[0],"obtain_stats":[{"NeowsBlessing":0,"Golden Idol":4,"Molten Egg 2":6,"Pen Nib":9,"Ring of the Snake":0},{"NeowsBlessing":0,"Golden Idol":2,"Molten Egg 2":4,"Pen Nib":5,"Ring of the Snake":0},{"NeowsBlessing":0,"Golden Idol":2,"Molten Egg 2":11,"Pen Nib":15,"Ring of the Snake":0}],"Ring of the Snake":[12]},"card_choices":[{"not_picked":["Concentrate","Dagger Throw"],"picked":"Poisoned Stab","floor":1.0},{"not_picked":["Cloak And Dagger","Deflect"],"picked":"Deadly Poison","floor":3},{"not_picked":["Calculated Gamble","Quick Slash"],"picked":"Skewer","floor":5},{"not_picked":["Storm of Steel","Deflect"],"picked":"Calculated Gamble","floor":6},{"not_picked":["Bane+1","PiercingWail"],"picked":"Footwork","floor":8}],"player_experience":1485344,"relics_obtained":[{"floor":6,"key":"Molten Egg 2"},{"floor":9,"key":"Pen Nib"}],"event_choices":[{"damage_healed":0,"gold_gain":50,"player_choice":"Touch","damage_taken":6,"max_hp_gain":0,"max_hp_loss":0,"event_name":"FaceTrader","floor":2,"gold_loss":0},{"damage_healed":0,"gold_gain":0,"player_choice":"Lose Max HP","damage_taken":0,"relics_obtained":["Golden Idol"],"max_hp_gain":0,"max_hp_loss":6,"event_name":"Golden Idol","floor":4,"gold_loss":0}],"is_beta":false,"boss_relics":[],"items_purged_floors":[],"is_endless":false,"potions_floor_spawned":[3,6,8],"killed_by":"Gremlin Nob","ascension_level":20}}