{"host":"4mwxwqvoirj3cq7x","time":1611494455,"event":{"mods":["BaseMod","Downfall","Minty Spire (QoL Compilation)","Quick Restart","StSLib","The Marked"],"gold_per_floor":[99,99,99,148,159,171,198,98,120,151,136,150,50,60,78,173,173,73,73,73,97,108,125,150,150,183,183,183,199,270,299,313,313,313,313],"floor_reached":33,"language":"ZHS","playtime":1127,"items_purged":[],"score":325,"play_id":"22258b13-69f9-4b7f-84ab-4aec0c9ec489","local_time":"20210124212055","is_ascension_mode":true,"campfire_choices":[{"floor":1.0,"key":"RECALL"},{"floor":8.0,"key":"REST"},{"floor":13.0,"key":"REST"},{"data":"bronze:InfiniteBeams","floor":18.0,"key":"SMITH"},{"data":"bronze:FineTuning","floor":25.0,"key":"SMITH"},{"data":"bronze:Verify","floor":27.0,"key":"SMITH"}],"circlet_count":0,"master_deck":["bronze:Strike","bronze:Strike","bronze:Strike","bronze:Defend","bronze:Defend","bronze:Defend","bronze:Defend","bronze:Replicate","bronze:Goto","Violence","bronze:InfiniteBeams+1","bronze:FineTuning+1","bronze:Boost","bronze:Optimize","bronze:FollowUp","bronze:Verify+1","bronze:Iterate+1","downfall:Bewildered","bronze:WhirlingStrike","Doubt","bronze:Fortify"],"relics":["bronze:BronzeCore","Omamori","Tiny Chest","downfall:HeartBlessingRed","Odd Mushroom","Bag of Marbles","downfall:HeartBlessingGreen","Cursed Key","downfall:HeartBlessingBlue","Ancient Tea Set","Regal Pillow","Juzu Bracelet","sneckomod:BabySnecko","HornCleat","Thread and Needle"],"acts_visited":["Exordium","TheCity"],"potions_floor_usage":[33,33],"damage_taken":[{"damage":11.0,"enemies":"2 Louse","floor":5.0,"turns":3.0},{"damage":10.0,"enemies":"Small Slimes","floor":6.0,"turns":3.0},{"damage":10.0,"enemies":"The Mushroom Lair","floor":9.0,"turns":3.0},{"damage":20.0,"enemies":"Lagavulin","floor":10.0,"turns":6.0},{"damage":10.0,"enemies":"downfall:FleeingMerchant","floor":11.0,"turns":4.0},{"damage":2.0,"enemies":"Jaw Worm","floor":12.0,"turns":4.0},{"damage":9.0,"enemies":"Exordium Wildlife","floor":14.0,"turns":5.0},{"damage":0.0,"enemies":"2 Fungi Beasts","floor":15.0,"turns":4.0},{"damage":8.0,"enemies":"IC_STATUS_ARCHETYPE","floor":16.0,"turns":8.0},{"damage":1.0,"enemies":"Shell Parasite","floor":22.0,"turns":5.0},{"damage":0.0,"enemies":"Spheric Guardian","floor":23.0,"turns":3.0},{"damage":24.0,"enemies":"Book of Stabbing","floor":26.0,"turns":4.0},{"damage":8.0,"enemies":"Cultist and Chosen","floor":29.0,"turns":5.0},{"damage":35.0,"enemies":"Slavers","floor":31.0,"turns":5.0},{"damage":8.0,"enemies":"Shelled Parasite and Fungi","floor":32.0,"turns":5.0},{"damage":7,"enemies":"DF_ARCHETYPE_CLAW","floor":33,"turns":3}],"seed_played":"2322689760631385586","potions_obtained":[{"floor":6.0,"key":"GamblersBrew"},{"floor":12.0,"key":"Regen Potion"},{"floor":15.0,"key":"Strength Potion"},{"floor":29.0,"key":"Strength Potion"},{"floor":32.0,"key":"bronze:BuildAFunctionPotion"}],"is_trial":false,"path_per_floor":["R","?","?","T","M","M","T","R","?","E","$","M","R","M","M","B",null,"R","?","?","T","M","M","T","R","E","R","?","M","T","E","M","B"],"character_chosen":"THE_AUTOMATON","items_purchased":[],"campfire_rested":2,"item_purchase_floors":[],"current_hp_per_floor":[49,49,49,49,38,28,28,49,39,19,9,7,28,33,33,25,70,80,80,80,80,79,79,79,79,55,55,55,47,47,12,4,0,0,0],"gold":313,"neow_bonus":"RANDOM_COLORLESS_2","is_daily":false,"chose_seed":false,"campfire_upgraded":3,"win_rate":0.0,"timestamp":1611494455,"path_taken":["R","?","?","?","M","?","T","R","?","E","$","M","R","M","M","BOSS","R","?","?","?","M","M","T","R","E","R","?","M","?","E","M","BOSS"],"items_purchased_type":[],"build_version":"2020-12-22","purchased_purges":0,"victory":false,"max_hp_per_floor":[70,70,70,70,70,70,70,70,70,70,70,70,70,70,70,70,70,80,80,80,80,80,80,80,80,80,80,80,80,80,80,80,80,80,80],"card_choices":[{"not_picked":["Chrysalis","Secret Technique"],"picked":"Violence","floor":0.0},{"not_picked":["bronze:Repair","bronze:Optimize"],"picked":"bronze:InfiniteBeams","floor":5.0},{"not_picked":["bronze:CloningBeam","bronze:BitShift","bronze:Shield"],"picked":"SKIP","floor":6.0},{"not_picked":["bronze:DigitalCarnage","bronze:WildBeam"],"picked":"bronze:FineTuning","floor":10.0},{"not_picked":["bronze:Frontload","bronze:BitShift"],"picked":"bronze:Boost","floor":11.0},{"not_picked":["bronze:WildBeam","bronze:ForceShield"],"picked":"bronze:Optimize","floor":12.0},{"not_picked":["bronze:Deprecate","bronze:OilSpill","bronze:Constructor"],"picked":"SKIP","floor":14.0},{"not_picked":["bronze:Shield","bronze:CleanCode"],"picked":"bronze:FollowUp","floor":15.0},{"not_picked":["bronze:TinkerersToolbox","bronze:RecursiveStrike"],"picked":"bronze:Verify","floor":16.0},{"not_picked":["bronze:Invalidate","bronze:Shield"],"picked":"bronze:Iterate+1","floor":22.0},{"not_picked":["bronze:Return+1","bronze:BuggyMess","bronze:CutThrough"],"picked":"SKIP","floor":23.0},{"not_picked":["bronze:WildBeam","bronze:DarkDash","bronze:BitShift"],"picked":"SKIP","floor":26.0},{"not_picked":["bronze:BuggyMess+1","bronze:Iterate"],"picked":"bronze:WhirlingStrike","floor":29.0},{"not_picked":["bronze:Boost","bronze:Flail"],"picked":"bronze:Fortify","floor":31.0},{"not_picked":["bronze:Frontload","bronze:FineTuning","bronze:Iterate"],"picked":"SKIP","floor":32.0}],"player_experience":622533,"relics_obtained":[{"floor":7.0,"key":"Tiny Chest"},{"floor":9.0,"key":"Odd Mushroom"},{"floor":10.0,"key":"Bag of Marbles"},{"floor":21.0,"key":"Ancient Tea Set"},{"floor":24.0,"key":"Regal Pillow"},{"floor":26.0,"key":"Juzu Bracelet"},{"floor":30.0,"key":"HornCleat"},{"floor":31.0,"key":"Thread and Needle"}],"event_choices":[{"damage_healed":0.0,"max_hp_gain":0.0,"max_hp_loss":0.0,"gold_gain":0.0,"event_name":"Mushrooms","player_choice":"Fought Mushrooms","floor":9.0,"gold_loss":0.0,"damage_taken":0.0},{"damage_healed":0.0,"max_hp_gain":0.0,"max_hp_loss":0.0,"gold_gain":0.0,"event_name":"Ghosts","player_choice":"Ignored","floor":20.0,"gold_loss":0.0,"damage_taken":0.0}],"is_beta":false,"boss_relics":[{"not_picked":["Fusion Hammer","Snecko Eye"],"picked":"Cursed Key"}],"items_purged_floors":[],"is_endless":false,"potions_floor_spawned":[6,12,15,29,32],"killed_by":"DF_ARCHETYPE_CLAW","ascension_level":3}}