{"host":"April","time":1611448901,"event":{"mods":["BaseMod","Minty Spire (QoL Compilation)"],"gold_per_floor":[110,110,125,139,159,185,199,212,239,15,15,41,56,89,89,89,89],"floor_reached":16,"language":"ENG","playtime":1105,"items_purged":[],"score":130,"play_id":"649f07d8-fcf6-4db1-b846-2eb66e37167c","local_time":"20210123164141","is_ascension_mode":true,"campfire_choices":[{"floor":15,"key":"REST"}],"circlet_count":0,"master_deck":["Strike_B+1","Strike_B+1","Strike_B","Strike_B","Defend_B","Defend_B","Defend_B","Defend_B+1","Zap+1","Dualcast","Compile Driver","Undo","Loop","Turbo","Rip and Tear","Static Discharge","Doom and Gloom","Amplify","Consume","Chaos","Meteor Strike","Cold Snap"],"relics":["Cracked Core","War Paint","Tiny Chest","Whetstone","Question Card","Vajra"],"acts_visited":["Exordium"],"potions_floor_usage":[12,12,13,16],"damage_taken":[{"damage":0.0,"enemies":"2 Louse","floor":1.0,"turns":1.0},{"damage":0.0,"enemies":"Small Slimes","floor":3.0,"turns":2.0},{"damage":0.0,"enemies":"Cultist","floor":4.0,"turns":3.0},{"damage":3.0,"enemies":"Exordium Wildlife","floor":5.0,"turns":4.0},{"damage":10.0,"enemies":"3 Sentries","floor":6.0,"turns":6.0},{"damage":7,"enemies":"Blue Slaver","floor":7,"turns":2},{"damage":11,"enemies":"Exordium Thugs","floor":8,"turns":4},{"damage":26,"enemies":"Lagavulin","floor":12,"turns":4},{"damage":2,"enemies":"Looter","floor":13,"turns":2},{"damage":13,"enemies":"3 Sentries","floor":14,"turns":5},{"damage":30,"enemies":"The Guardian","floor":16,"turns":7}],"seed_played":"5833428006914562668","potions_obtained":[{"floor":5.0,"key":"LiquidMemories"},{"floor":7,"key":"Energy Potion"},{"floor":8,"key":"Explosive Potion"},{"floor":14,"key":"SteroidPotion"}],"is_trial":false,"path_per_floor":["M","?","M","M","M","E","M","M","T","$","?","E","M","E","R","B"],"character_chosen":"DEFECT","items_purchased":["Amplify","Consume","AttackPotion"],"campfire_rested":1,"item_purchase_floors":[10,10,10],"current_hp_per_floor":[75,75,75,75,72,62,55,44,44,44,44,18,16,3,25,0,0],"gold":89,"neow_bonus":"RANDOM_COMMON_RELIC","is_daily":false,"chose_seed":false,"campfire_upgraded":0,"win_rate":0.0,"timestamp":1611448901,"path_taken":["M","?","M","M","M","E","M","M","T","$","?","E","?","E","R","BOSS"],"items_purchased_type":["Card","Card","Potion"],"build_version":"2020-12-18","purchased_purges":0,"victory":false,"max_hp_per_floor":[75,75,75,75,75,75,75,75,75,75,75,75,75,75,75,75,75],"card_choices":[{"not_picked":["Turbo","Gash"],"picked":"Compile Driver","floor":1.0},{"not_picked":["Steam Power","FTL"],"picked":"Undo","floor":3.0},{"not_picked":["Coolheaded","Conserve Battery"],"picked":"Loop","floor":4.0},{"not_picked":["Skim","Hello World"],"picked":"Turbo","floor":5.0},{"not_picked":["Coolheaded","Aggregate"],"picked":"Rip and Tear","floor":6.0},{"not_picked":["Auto Shields","Go for the Eyes"],"picked":"Static Discharge","floor":7},{"not_picked":["Steam","Storm"],"picked":"Doom and Gloom","floor":8},{"not_picked":["Steam Power","Ball Lightning"],"picked":"Chaos","floor":12},{"not_picked":["Reinforced Body","Coolheaded","Hologram"],"picked":"Meteor Strike","floor":13},{"not_picked":["Turbo","Thunder Strike","Melter"],"picked":"Cold Snap","floor":14}],"player_experience":2602801,"relics_obtained":[{"floor":6.0,"key":"Tiny Chest"},{"floor":9,"key":"Whetstone"},{"floor":12,"key":"Question Card"},{"floor":14,"key":"Vajra"}],"event_choices":[{"damage_healed":0.0,"max_hp_gain":0.0,"max_hp_loss":0.0,"gold_gain":0.0,"event_name":"Golden Wing","player_choice":"Ignored","floor":2.0,"gold_loss":0.0,"damage_taken":0.0},{"damage_healed":0,"gold_gain":0,"player_choice":"Ignored","damage_taken":0,"max_hp_gain":0,"max_hp_loss":0,"event_name":"NoteForYourself","floor":11,"gold_loss":0}],"is_beta":true,"boss_relics":[],"items_purged_floors":[],"is_endless":false,"potions_floor_spawned":[5,7,8,14],"killed_by":"The Guardian","ascension_level":1}}