{"host":"a3oe3gstxz77c7qu","time":1611514715,"event":{"mods":["2.2 Compatiblity","Act Like it!","Astrologer","BaseMod","Bestiary","Better Altar","Better Match","Better Note","Better Skull","Better Third Choice","Block Reminder","Curses Come First","Custom Start","Dark Map","Downfall","Fox Events","Friendly Minions","GifTheSpireLib","Hallownest","Hermit","Jorbs\u0027s Wanderer Trilogy","Lobotomy","LobotomyExtend","Marisa????????","Minty Spire (QoL Compilation)","Permanent Neow","Quick Restart","Relic Stats","Spire Arcade","StSLib","The Bug Knight","The Cursed","The Disciple","The Jungle","Uncapped","Unknown Chances","Wandering Minibosses"],"gold_per_floor":[112,112,128,144,159,144,144,173,200,233,253,253,269,295,295,400,400,369,369,386,16,16,16,44,44,44,44,74,91,116,128,128,223,223,242,242,222,242,261,289,289,289,289,289,18,68,79,108,108,108,108,108,108,29,63,63],"floor_reached":57,"language":"ENG","playtime":3901,"items_purged":[],"score":1660,"play_id":"ed02876a-6791-4ed8-a57d-91b305739db4","local_time":"20210124185835","is_ascension_mode":true,"campfire_choices":[{"data":"OpenUniverse","floor":7.0,"key":"SMITH"},{"data":"GravityBeat","floor":12.0,"key":"SMITH"},{"data":"OpenUniverse","floor":15.0,"key":"SMITH"},{"data":"BigCrunch","floor":23.0,"key":"SMITH"},{"data":"GravityBeat","floor":25.0,"key":"SMITH"},{"data":"MagicChant","floor":27.0,"key":"SMITH"},{"floor":32.0,"key":"REST"},{"floor":41.0,"key":"REST"},{"floor":49.0,"key":"RECALL"},{"data":"BlazeAway","floor":53.0,"key":"SMITH"}],"circlet_count":0,"master_deck":["Strike_MRS","Strike_MRS","Strike_MRS","Strike_MRS","Defend_MRS","Defend_MRS","Defend_MRS","Defend_MRS","MasterSpark","UpSweep","MagicAbsorber","AsteroidBelt","GravityBeat+1","OpenUniverse+1","BlazeAway+1","MysteriousBeam","GravityBeat+1","MagicChant+1","OneTimeOff","OpenUniverse+1","BigCrunch+1","Acceleration","OpenUniverse+1","Acceleration","LuminesStrike","Decay","UnstableBomb+1","DeepEcoloBomb+1","DC","IllusionStar+1","GasGiant+1","MysteriousBeam","StarDustReverie+1","OortCloud+1","6A+1","SporeBomb+1","Parasite","StarlightTyphoon+1","MysteriousBeam","DragonMeteor+1","Finesse+1","ShootingEcho","SporeBomb+1","UltimateShortwave+1","Orbital+1"],"relics":["MiniHakkero","RabbitCall","LetterFromLob","Dream Catcher","MealTicket","Toy Ornithopter","Philosopher\u0027s Stone","MagicBullet_r","Thread and Needle","Bird Faced Urn","Darkstone Periapt","Toxic Egg 2","ExperimentalFamiliar","CatCart","wanderingMiniBosses:ThiefScarf","Bag of Marbles","StrikeDummy","Shuriken","StoneCalendar","Guardian:PocketSentry","HollowMod:LifeEnderRelic"],"acts_visited":["Exordium","TheCity","TheBeyond","TheEnding"],"potions_floor_usage":[56,56],"damage_taken":[{"damage":5.0,"enemies":"Small Slimes","floor":1.0,"turns":3.0},{"damage":0.0,"enemies":"Cultist","floor":3.0,"turns":3.0},{"damage":0.0,"enemies":"2 Louse","floor":4.0,"turns":3.0},{"damage":0.0,"enemies":"Large Slime","floor":5.0,"turns":5.0},{"damage":4.0,"enemies":"3 Louse","floor":6.0,"turns":6.0},{"damage":4.0,"enemies":"HollowMod:MossKnight","floor":8.0,"turns":6.0},{"damage":0.0,"enemies":"3 Sentries","floor":10.0,"turns":7.0},{"damage":0.0,"enemies":"2 Fungi Beasts","floor":11.0,"turns":3.0},{"damage":0.0,"enemies":"Exordium Thugs","floor":13.0,"turns":3.0},{"damage":14.0,"enemies":"Lagavulin","floor":14.0,"turns":6.0},{"damage":36.0,"enemies":"Slime Boss","floor":16.0,"turns":9.0},{"damage":26.0,"enemies":"Spheric Guardian","floor":18.0,"turns":7.0},{"damage":3.0,"enemies":"Chosen","floor":20.0,"turns":4.0},{"damage":0.0,"enemies":"Gremlin Leader","floor":24.0,"turns":4.0},{"damage":20.0,"enemies":"HollowMod:Nosk","floor":28.0,"turns":4.0},{"damage":0.0,"enemies":"Centurion and Healer","floor":29.0,"turns":2.0},{"damage":23.0,"enemies":"Gremlin Leader","floor":30.0,"turns":3.0},{"damage":0.0,"enemies":"Snake Plant","floor":31.0,"turns":2.0},{"damage":39.0,"enemies":"Automaton","floor":33.0,"turns":6.0},{"damage":0.0,"enemies":"3 Shapes","floor":35.0,"turns":2.0},{"damage":58.0,"enemies":"Orin","floor":37.0,"turns":15.0},{"damage":0.0,"enemies":"3 Darklings","floor":38.0,"turns":2.0},{"damage":0.0,"enemies":"Writhing Mass","floor":39.0,"turns":4.0},{"damage":0.0,"enemies":"Giant Head","floor":40.0,"turns":3.0},{"damage":0.0,"enemies":"Mind Bloom Boss Battle","floor":46.0,"turns":3.0},{"damage":20.0,"enemies":"Maw","floor":47.0,"turns":2.0},{"damage":23.0,"enemies":"Reptomancer","floor":48.0,"turns":4.0},{"damage":28.0,"enemies":"Awakened One","floor":50.0,"turns":8.0},{"damage":17,"enemies":"Shield and Spear","floor":55,"turns":3},{"damage":131,"enemies":"The Heart","floor":56,"turns":6}],"seed_played":"8831144739031399274","potions_obtained":[{"floor":1.0,"key":"Fruit Juice"},{"floor":5.0,"key":"FearPotion"},{"floor":8.0,"key":"DuplicationPotion"},{"floor":11.0,"key":"EssenceOfSteel"},{"floor":28.0,"key":"champ:CounterPotion"},{"floor":29.0,"key":"Explosive Potion"},{"floor":30.0,"key":"DuplicationPotion"},{"floor":38.0,"key":"FearPotion"},{"floor":46.0,"key":"SkillPotion"},{"floor":55,"key":"AttackPotion"}],"is_trial":false,"path_per_floor":["M","?","M","M","M","M","R","E","T","E","M","R","M","E","R","B",null,"M","M","M","$","?","R","E","R","T","R","E","M","E","M","R","B",null,"M","?","?","M","M","E","R","?","T","?","$","?","M","E","R","B",null,null,"R","$","E","B",null],"character_chosen":"MARISA","items_purchased":["Acceleration","Thread and Needle","LuminesStrike","Shuriken","ShootingEcho","Orbital+1"],"campfire_rested":2,"item_purchase_floors":[21,21,21,45,45,54],"current_hp_per_floor":[63,63,63,63,63,59,59,55,55,55,60,60,60,46,46,15,64,43,43,40,55,55,55,55,55,55,55,35,35,17,17,41,11,63,65,65,20,22,28,32,57,57,57,57,72,72,54,38,38,19,19,66,66,81,64,28],"gold":63,"neow_bonus":"","is_daily":false,"chose_seed":false,"campfire_upgraded":7,"win_rate":0.0,"timestamp":1611514715,"path_taken":["M","?","?","M","M","M","R","E","T","E","M","R","M","E","R","BOSS","M","M","M","$","?","R","E","R","T","R","E","M","E","?","R","BOSS","M","?","?","M","M","E","R","?","T","?","$","?","M","E","R","BOSS","R","$","E","BOSS"],"items_purchased_type":["Card","Relic","Card","Relic","Card","Card"],"build_version":"2020-12-22","purchased_purges":0,"victory":true,"max_hp_per_floor":[75,75,75,75,75,75,75,75,75,75,80,80,80,80,80,80,80,80,80,80,80,80,80,80,80,80,80,80,80,80,80,80,80,80,80,80,80,80,86,86,86,86,86,82,82,82,82,82,82,82,82,82,82,82,82,82],"relic_stats":{"Darkstone Periapt":6,"Dream Catcher":2,"counters":[30,138],"Shuriken":[26],"Bird Faced Urn":[28],"MealTicket":45,"StoneCalendar":[52],"obtain_stats":[{"Darkstone Periapt":26,"RabbitCall":0,"Lantern":28,"sneckomod:BlankCard":9,"StoneCalendar":46,"CogitoBucket":0,"Dream Catcher":8,"Sundial":40,"MealTicket":10,"Philosopher\u0027s Stone":17,"Toxic Egg 2":30,"HollowMod:LifeEnderRelic":55,"MagicBullet_r":19,"wanderingMiniBosses:ThiefScarf":37,"Thread and Needle":21,"Guardian:PocketSentry":48,"ExperimentalFamiliar":34,"Ornamental Fan":8,"Shuriken":45,"Bird Faced Urn":24,"LetterFromLob":1,"Bag of Marbles":40,"MiniHakkero":0,"CatCart":37,"StrikeDummy":43,"Toy Ornithopter":14},{"Darkstone Periapt":14,"RabbitCall":0,"Lantern":15,"sneckomod:BlankCard":6,"StoneCalendar":25,"CogitoBucket":0,"Dream Catcher":6,"Sundial":24,"MealTicket":7,"Philosopher\u0027s Stone":11,"Toxic Egg 2":17,"HollowMod:LifeEnderRelic":29,"MagicBullet_r":12,"wanderingMiniBosses:ThiefScarf":21,"Thread and Needle":13,"Guardian:PocketSentry":27,"ExperimentalFamiliar":19,"Ornamental Fan":6,"Shuriken":24,"Bird Faced Urn":14,"LetterFromLob":1,"Bag of Marbles":24,"MiniHakkero":0,"CatCart":21,"StrikeDummy":24,"Toy Ornithopter":10},{"Darkstone Periapt":69,"RabbitCall":0,"Lantern":73,"sneckomod:BlankCard":26,"StoneCalendar":115,"CogitoBucket":0,"Dream Catcher":26,"Sundial":110,"MealTicket":33,"Philosopher\u0027s Stone":54,"Toxic Egg 2":78,"HollowMod:LifeEnderRelic":132,"MagicBullet_r":61,"wanderingMiniBosses:ThiefScarf":103,"Thread and Needle":65,"Guardian:PocketSentry":121,"ExperimentalFamiliar":86,"Ornamental Fan":23,"Shuriken":112,"Bird Faced Urn":69,"LetterFromLob":3,"Bag of Marbles":112,"MiniHakkero":0,"CatCart":103,"StrikeDummy":112,"Toy Ornithopter":45}],"Toy Ornithopter":45},"card_choices":[{"not_picked":["PropBag","WitchOfGreed"],"picked":"MagicAbsorber","floor":1.0},{"not_picked":["FairyFestival","CherryBlossoms","Scorched"],"picked":"Singing Bowl","floor":1.0},{"not_picked":["BlazeAway","ShootingEcho"],"picked":"AsteroidBelt","floor":3.0},{"not_picked":["SilentOrchestra","OldLady","UniverseFragment"],"picked":"Singing Bowl","floor":3.0},{"not_picked":["BlazeAway","DoubleSpark"],"picked":"GravityBeat","floor":4.0},{"not_picked":["MHz","UniverseFragment","Wellcheers"],"picked":"Singing Bowl","floor":4.0},{"not_picked":["DC","PowerUp"],"picked":"OpenUniverse","floor":5.0},{"not_picked":["FairyFestival","MHz","GalaxyChild"],"picked":"Singing Bowl","floor":5.0},{"not_picked":["PowerUp","RefractionSpark"],"picked":"BlazeAway","floor":6.0},{"not_picked":["FinalSpark","PowerUp"],"picked":"MysteriousBeam","floor":8.0},{"not_picked":["EnergyRecoil","MagicChant"],"picked":"GravityBeat","floor":10.0},{"not_picked":["AsteroidBelt","WitchOfGreed"],"picked":"MagicChant","floor":11.0},{"not_picked":["MillisecondPulsars","EventHorizon"],"picked":"OneTimeOff","floor":13.0},{"not_picked":["WitchLeyline","DC"],"picked":"OpenUniverse","floor":14.0},{"not_picked":["MillisecondPulsars","EscapeVelocity"],"picked":"BigCrunch","floor":16.0},{"not_picked":["GalacticHalo","PowerUp+1"],"picked":"Acceleration","floor":18.0},{"not_picked":["StarBarrage","AsteroidBelt"],"picked":"OpenUniverse+1","floor":20.0},{"not_picked":["DragonMeteor","NonDirectionalLaser"],"picked":"UnstableBomb+1","floor":24.0},{"not_picked":["WitchLeyline","GrandCross"],"picked":"DeepEcoloBomb+1","floor":28.0},{"not_picked":["UnstableBomb","ShootingEcho"],"picked":"DC","floor":29.0},{"not_picked":["FinalSpark","WitchOfGreed"],"picked":"IllusionStar+1","floor":30.0},{"not_picked":["MagicChant+1","DC"],"picked":"GasGiant+1","floor":31.0},{"not_picked":["6A+1","AlicesGift"],"picked":"MysteriousBeam","floor":32.0},{"not_picked":["UltimateShortwave+1","SuperNova"],"picked":"StarDustReverie+1","floor":33.0},{"not_picked":["GalacticHalo+1","ChargingUp+1"],"picked":"OortCloud+1","floor":35.0},{"not_picked":["MachineGunSpark","MysteriousBeam"],"picked":"6A+1","floor":37.0},{"not_picked":["PropBag+1","ManaConvection+1"],"picked":"SporeBomb+1","floor":38.0},{"not_picked":["MysteriousBeam+1","NonDirectionalLaser+1"],"picked":"StarlightTyphoon+1","floor":39.0},{"not_picked":["DoubleSpark","FairyDestructionRay+1"],"picked":"MysteriousBeam","floor":40.0},{"not_picked":["Acceleration+1","FairyDestructionRay"],"picked":"DragonMeteor+1","floor":41.0},{"not_picked":["Transmutation+1","Mind Blast"],"picked":"Finesse+1","floor":42.0},{"not_picked":["OrrerysSun","Occultation+1"],"picked":"SporeBomb+1","floor":47.0},{"not_picked":["GravityBeat+1","DC+1"],"picked":"UltimateShortwave+1","floor":48.0},{"not_picked":["Robbery","EventHorizon+1","WitchOfGreed"],"picked":"SKIP","floor":55}],"player_experience":1084985,"relics_obtained":[{"floor":1.0,"key":"LetterFromLob"},{"floor":8.0,"key":"Dream Catcher"},{"floor":9.0,"key":"sneckomod:BlankCard"},{"floor":10.0,"key":"MealTicket"},{"floor":14.0,"key":"Toy Ornithopter"},{"floor":24.0,"key":"Bird Faced Urn"},{"floor":26.0,"key":"Darkstone Periapt"},{"floor":28.0,"key":"Lantern"},{"floor":30.0,"key":"Toxic Egg 2"},{"floor":37.0,"key":"CatCart"},{"floor":37.0,"key":"wanderingMiniBosses:ThiefScarf"},{"floor":40.0,"key":"Bag of Marbles"},{"floor":43.0,"key":"StrikeDummy"},{"floor":46.0,"key":"StoneCalendar"},{"floor":48.0,"key":"Guardian:PocketSentry"},{"floor":55,"key":"HollowMod:LifeEnderRelic"}],"event_choices":[{"damage_healed":0.0,"max_hp_gain":0.0,"max_hp_loss":0.0,"gold_gain":0.0,"event_name":"The Woman in Blue","player_choice":"Bought 0 Potions","floor":2.0,"gold_loss":0.0,"damage_taken":0.0},{"damage_healed":0.0,"max_hp_gain":0.0,"max_hp_loss":0.0,"gold_gain":0.0,"event_name":"Wheel of Change","player_choice":"Cursed","floor":22.0,"gold_loss":0.0,"damage_taken":0.0,"cards_obtained":["Decay"]},{"damage_healed":0.0,"max_hp_gain":0.0,"max_hp_loss":0.0,"gold_gain":0.0,"event_name":"OrinTheCat","player_choice":"Fight","floor":37.0,"gold_loss":0.0,"damage_taken":0.0},{"damage_healed":0.0,"max_hp_gain":0.0,"max_hp_loss":0.0,"gold_gain":0.0,"event_name":"SensoryStone","player_choice":"Memory 1","floor":42.0,"gold_loss":0.0,"damage_taken":0.0},{"damage_healed":0.0,"max_hp_gain":0.0,"max_hp_loss":4.0,"gold_gain":0.0,"event_name":"Winding Halls","player_choice":"Max HP","floor":44.0,"gold_loss":0.0,"damage_taken":0.0},{"damage_healed":0.0,"max_hp_gain":0.0,"max_hp_loss":0.0,"gold_gain":0.0,"event_name":"MindBloom","player_choice":"Fight","floor":46.0,"gold_loss":0.0,"damage_taken":0.0}],"is_beta":false,"boss_relics":[{"not_picked":["Astrolabe","Coffee Dripper"],"picked":"Philosopher\u0027s Stone"},{"not_picked":["SlaversCollar","Tiny House"],"picked":"ExperimentalFamiliar"}],"items_purged_floors":[],"is_endless":false,"potions_floor_spawned":[1,5,8,11,13,28,29,30,38,46,55],"ascension_level":6}}