{"host":"2hea6pl5vmah38iy","time":1611489149,"event":{"mods":["AchievementEnabler","BaseMod","Colored Map","DeckTracker","Keyboard Shortcuts","Minty Spire (QoL Compilation)","Rare Cards Sparkle","StSLib","SuperFastMode","everything is the same but u backflip on backflip"],"gold_per_floor":[18,18,33,49,69,69,88,123,148,148,165,181,181,200,200,279,279,296,346,346,357,38,72,72,102,102,134,151,166,177,188,188,265,265,278,298,298,346,359,359,359,359],"floor_reached":41,"language":"KOR","playtime":1968,"items_purged":[],"score":942,"play_id":"0f1c78d8-f823-4622-ad63-20218d70ef6e","local_time":"20210124205229","is_ascension_mode":true,"campfire_choices":[{"data":"Dualcast","floor":6.0,"key":"SMITH"},{"data":"Hologram","floor":10.0,"key":"SMITH"},{"data":"Defragment","floor":15.0,"key":"SMITH"},{"data":"Defragment","floor":24.0,"key":"SMITH"},{"data":"Coolheaded","floor":32,"key":"SMITH"},{"data":"Storm","floor":40,"key":"SMITH"}],"circlet_count":0,"master_deck":["AscendersBane","Strike_B+1","Strike_B+1","Strike_B+1","Strike_B+1","Defend_B+1","Defend_B+1","Defend_B+1","Defend_B+1","Zap+1","Dualcast+1","BootSequence","Sweeping Beam","Ball Lightning","Reboot","Undo","Hologram+1","Compile Driver","Consume","Defragment+1","Electrodynamics","Chaos+1","Coolheaded+1","Defragment+1","Storm+1","Reinforced Body","FTL","Lockon+1","Buffer","Glacier+1"],"relics":["Cracked Core","Lizard Tail","Eternal Feather","Oddly Smooth Stone","Pantograph","SlaversCollar","Bird Faced Urn","Akabeko","Pen Nib","Question Card","Juzu Bracelet","Runic Dome","Unceasing Top"],"acts_visited":["Exordium","TheCity","TheBeyond"],"potions_floor_usage":[38],"damage_taken":[{"damage":6.0,"enemies":"2 Louse","floor":1.0,"turns":2.0},{"damage":1.0,"enemies":"Cultist","floor":3.0,"turns":3.0},{"damage":0.0,"enemies":"Jaw Worm","floor":4.0,"turns":3.0},{"damage":9.0,"enemies":"3 Louse","floor":5.0,"turns":3.0},{"damage":2.0,"enemies":"2 Fungi Beasts","floor":7.0,"turns":2.0},{"damage":15.0,"enemies":"Lagavulin","floor":8.0,"turns":6.0},{"damage":1.0,"enemies":"Blue Slaver","floor":11.0,"turns":3.0},{"damage":8.0,"enemies":"Lots of Slimes","floor":12.0,"turns":4.0},{"damage":3.0,"enemies":"2 Fungi Beasts","floor":14.0,"turns":3.0},{"damage":0.0,"enemies":"Slime Boss","floor":16.0,"turns":5.0},{"damage":0.0,"enemies":"Chosen","floor":18.0,"turns":3.0},{"damage":22.0,"enemies":"Shell Parasite","floor":21.0,"turns":4.0},{"damage":5.0,"enemies":"Gremlin Leader","floor":23.0,"turns":6.0},{"damage":4.0,"enemies":"Book of Stabbing","floor":25.0,"turns":6.0},{"damage":9.0,"enemies":"Slavers","floor":27.0,"turns":4.0},{"damage":2.0,"enemies":"Centurion and Healer","floor":28.0,"turns":4.0},{"damage":4.0,"enemies":"Snake Plant","floor":29.0,"turns":4.0},{"damage":2.0,"enemies":"Snecko","floor":30.0,"turns":5.0},{"damage":17,"enemies":"Shelled Parasite and Fungi","floor":31,"turns":5},{"damage":65,"enemies":"Automaton","floor":33,"turns":8},{"damage":10,"enemies":"Orb Walker","floor":35,"turns":4},{"damage":18,"enemies":"3 Darklings","floor":36,"turns":3},{"damage":40,"enemies":"2 Orb Walkers","floor":38,"turns":3},{"damage":33,"enemies":"Sphere and 2 Shapes","floor":39,"turns":4},{"damage":49,"enemies":"Jaw Worm Horde","floor":41,"turns":4}],"seed_played":"-3226549444874880021","potions_obtained":[{"floor":1.0,"key":"SpeedPotion"},{"floor":4.0,"key":"EssenceOfSteel"},{"floor":12.0,"key":"AttackPotion"},{"floor":16.0,"key":"GamblersBrew"},{"floor":21.0,"key":"AttackPotion"},{"floor":23.0,"key":"EntropicBrew"},{"floor":25.0,"key":"PotionOfCapacity"},{"floor":27.0,"key":"Strength Potion"},{"floor":28.0,"key":"Dexterity Potion"},{"floor":33,"key":"Weak Potion"}],"is_trial":false,"path_per_floor":["M","?","M","M","M","R","M","E","T","R","M","M","T","M","R","B",null,"M","?","?","M","$","E","R","E","T","E","M","M","M","M","R","B",null,"M","M","?","?","M","R","M"],"character_chosen":"DEFECT","items_purchased":["Bird Faced Urn"],"campfire_rested":0,"item_purchase_floors":[22],"current_hp_per_floor":[58,58,57,57,48,48,46,31,31,40,39,31,31,28,40,65,70,70,70,70,48,48,47,59,61,61,60,64,64,68,57,71,10,56,52,40,40,6,17,35,0,0],"gold":359,"neow_bonus":"ONE_RARE_RELIC","is_daily":false,"chose_seed":false,"campfire_upgraded":6,"win_rate":0.0,"timestamp":1611489149,"path_taken":["M","?","M","M","?","R","M","E","T","R","M","M","?","?","R","BOSS","M","?","?","M","$","E","R","E","T","E","M","M","M","M","R","BOSS","M","M","?","?","M","R","M"],"items_purchased_type":["Relic"],"build_version":"2020-12-22","purchased_purges":0,"victory":false,"max_hp_per_floor":[71,71,71,71,71,71,71,71,71,71,71,71,71,71,71,71,71,71,71,71,71,71,71,71,71,71,71,71,71,71,71,71,71,71,71,71,71,71,71,71,71,71],"card_choices":[{"not_picked":["Coolheaded","Streamline"],"picked":"BootSequence","floor":1.0},{"not_picked":["Hello World","Auto Shields"],"picked":"Sweeping Beam","floor":3.0},{"not_picked":["Coolheaded","White Noise"],"picked":"Ball Lightning","floor":4.0},{"not_picked":["Hologram","Gash"],"picked":"Reboot","floor":5.0},{"not_picked":["Coolheaded","Gash"],"picked":"Undo","floor":7.0},{"not_picked":["Auto Shields","Stack"],"picked":"Hologram","floor":8.0},{"not_picked":["Auto Shields","Fission"],"picked":"Compile Driver","floor":11.0},{"not_picked":["White Noise","BootSequence"],"picked":"Consume","floor":12.0},{"not_picked":["Beam Cell","Gash"],"picked":"Defragment","floor":14.0},{"not_picked":["Seek","Biased Cognition"],"picked":"Electrodynamics","floor":16.0},{"not_picked":["Barrage","Stack"],"picked":"Chaos+1","floor":18.0},{"not_picked":["Stack","Chill"],"picked":"Coolheaded","floor":21.0},{"not_picked":["Sweeping Beam","Auto Shields"],"picked":"Defragment","floor":23.0},{"not_picked":["Defragment","Conserve Battery"],"picked":"Storm","floor":25.0},{"not_picked":["All For One","Sweeping Beam","Go for the Eyes"],"picked":"Reinforced Body","floor":27.0},{"not_picked":["Compile Driver+1","Go for the Eyes","Static Discharge"],"picked":"FTL","floor":28.0},{"not_picked":["Conserve Battery","Streamline","Beam Cell"],"picked":"Lockon+1","floor":29.0},{"not_picked":["Stack","Leap+1","Cold Snap","Chaos"],"picked":"SKIP","floor":30},{"not_picked":["Fusion","Redo","Rebound","Fission"],"picked":"SKIP","floor":31},{"not_picked":["Hyperbeam","Multi-Cast","Creative AI"],"picked":"Buffer","floor":33},{"not_picked":["Stack","Darkness","Streamline","Gash"],"picked":"SKIP","floor":35},{"not_picked":["White Noise+1","Go for the Eyes","Hologram"],"picked":"Glacier+1","floor":36},{"not_picked":["Machine Learning","Self Repair","Conserve Battery+1","Rip and Tear"],"picked":"SKIP","floor":39}],"player_experience":517481,"relics_obtained":[{"floor":8.0,"key":"Eternal Feather"},{"floor":9.0,"key":"Oddly Smooth Stone"},{"floor":13.0,"key":"Pantograph"},{"floor":23.0,"key":"Akabeko"},{"floor":25.0,"key":"Pen Nib"},{"floor":26.0,"key":"Question Card"},{"floor":27.0,"key":"Juzu Bracelet"},{"floor":38,"key":"Unceasing Top"}],"event_choices":[{"damage_healed":0.0,"max_hp_gain":0.0,"max_hp_loss":0.0,"gold_gain":0.0,"event_name":"Accursed Blacksmith","player_choice":"Forge","floor":2.0,"gold_loss":0.0,"damage_taken":0.0,"cards_upgraded":["Zap"]},{"damage_healed":0.0,"max_hp_gain":0.0,"max_hp_loss":0.0,"gold_gain":50.0,"event_name":"Nest","player_choice":"Stole From Cult","floor":19.0,"gold_loss":0.0,"damage_taken":0.0},{"damage_healed":0.0,"max_hp_gain":0.0,"max_hp_loss":0.0,"gold_gain":0.0,"event_name":"Back to Basics","player_choice":"Simplicity","floor":20.0,"gold_loss":0.0,"damage_taken":0.0,"cards_upgraded":["Strike_B","Strike_B","Strike_B","Strike_B","Defend_B","Defend_B","Defend_B","Defend_B"]},{"damage_healed":0,"gold_gain":0,"player_choice":"Ignored","damage_taken":0,"max_hp_gain":0,"max_hp_loss":0,"event_name":"Tomb of Lord Red Mask","floor":37,"gold_loss":0},{"damage_healed":0,"gold_gain":0,"player_choice":"Fight","damage_taken":0,"max_hp_gain":0,"max_hp_loss":0,"event_name":"Mysterious Sphere","floor":38,"gold_loss":0}],"is_beta":false,"boss_relics":[{"not_picked":["Empty Cage","Fusion Hammer"],"picked":"SlaversCollar"},{"not_picked":["Pandora\u0027s Box","Nuclear Battery"],"picked":"Runic Dome"}],"items_purged_floors":[],"is_endless":false,"potions_floor_spawned":[1,4,7,12,16,21,23,25,27,28,33],"killed_by":"Jaw Worm Horde","ascension_level":17}}