{"host":"appz8zkad29u9482","time":1611518683,"event":{"mods":["100% Spire Juice","2.2 Compatiblity","Act Like it!","Aspiration","Bard","BaseMod","Beaked The Cultist","Better Altar","Better Match","Better Note","Better Sensory Stone","Better Skull","Better Third Choice","BetterRewards","CapriCore","Conspire","Disable Question Mark Monsters","Energized Spire","GifTheSpireLib","Gold Saver","Halation","Hermit","Hubris","Jedi Mod","Marisa????????","Minty Spire (QoL Compilation)","Permanent Neow","Replay The Spire","Spicy Shops","Spire Arcade","StSLib","Strawberry Spire","Stuff the Spire","The Cursed","The Immortal","yUi"],"gold_per_floor":[92,92,14,26,41,41,60,74,74,174,174,185,185,202,202,297,297,308,308,308,325,163,163,163,174,252,177,177,177,73,86,86,186,186,203,203,221,221,221],"floor_reached":38,"language":"ENG","playtime":1793,"items_purged":[],"score":391,"play_id":"0397297e-24e8-4514-b856-6d621bda57b6","local_time":"20210124100443","is_ascension_mode":false,"campfire_choices":[{"data":"Moonworks:Ambush","floor":6,"key":"SMITH"},{"data":"Moonworks:RagingMadness","floor":11,"key":"SMITH"},{"data":"Moonworks:BackdoorTrade","floor":15,"key":"SMITH"},{"data":"StuffTheSpire:CelestialWarden","floor":24,"key":"SMITH"},{"data":"Moonworks:BigMagnum","floor":29,"key":"SMITH"},{"floor":32,"key":"REST"}],"circlet_count":0,"master_deck":["Moonworks:Strike","Moonworks:Strike","Moonworks:Defend","Moonworks:Defend","Moonworks:Defend","Moonworks:Ambush+1","Moonworks:LongDistanceShot","Moonworks:ImOnFire","beaked:WarriorSpirit","Moonworks:BeyondHell","Moonworks:FullSpeedAlicianrone","Moonworks:RagingMadness+1","Moonworks:PlushieMaster","Hallucinations","Moonworks:BackdoorTrade+1","Moonworks:MeltingMemories","Moonworks:IndiscriminateFireSupport+1","TheCursedMod:Hemoplague+1","Moonworks:CompletionReward+1","StuffTheSpire:CelestialWarden+1","Moonworks:BigMagnum+1","Pain","Moonworks:ReproductionOfRecords+1","Moonworks:HolyNight","Moonworks:IndiscriminateFireSupport+1","StuffTheSpire:Rapture","Moonworks:EvilSpyWorkPreparation+1"],"relics":["Moonworks:BrokenBomb","Moonworks:Homemark","hubris:DisguiseKit","Mummified Hand","Ring of Misfortune","aspiration:PoetsPen_weak","Toxic Egg 2","aspiration:Lifesprig","Letter Opener","conspire:RunicOctahedron"],"acts_visited":["Exordium","TheCity","TheBeyond"],"potions_floor_usage":[33,33,33,38],"damage_taken":[{"damage":0.0,"enemies":"2 Louse","floor":1.0,"turns":2.0},{"damage":4,"enemies":"conspire:RoseBush","floor":4,"turns":2},{"damage":0,"enemies":"Cultist","floor":5,"turns":2},{"damage":5,"enemies":"Blue Slaver","floor":7,"turns":2},{"damage":6,"enemies":"Gremlin Gang","floor":8,"turns":3},{"damage":0,"enemies":"2 Fungi Beasts","floor":12,"turns":2},{"damage":0,"enemies":"Large Slime","floor":14,"turns":5},{"damage":6,"enemies":"The Guardian","floor":16,"turns":8},{"damage":20,"enemies":"2 Thieves","floor":18,"turns":2},{"damage":7,"enemies":"Shell Parasite","floor":21,"turns":3},{"damage":3,"enemies":"Cultist and Chosen","floor":25,"turns":2},{"damage":6,"enemies":"Snecko","floor":31,"turns":5},{"damage":36,"enemies":"hubris:MusketHawk","floor":33,"turns":3},{"damage":24,"enemies":"3 Shapes","floor":35,"turns":2},{"damage":3,"enemies":"Orb Walker","floor":37,"turns":3},{"damage":29,"enemies":"Writhing Mass","floor":38,"turns":2}],"seed_played":"-3525466285624202210","potions_obtained":[{"floor":1.0,"key":"Weak Potion"},{"floor":5,"key":"PowerPotion"},{"floor":8,"key":"Milkshake"},{"floor":16,"key":"ColorlessPotion"},{"floor":18,"key":"SkillPotion"},{"floor":37,"key":"ColorlessPotion"}],"is_trial":false,"path_per_floor":["M","?","?","M","M","R","M","M","T","?","R","M","?","M","R","B",null,"M","?","?","M","?","?","R","M","T","?","?","R","$","M","R","B",null,"M","?","M","M"],"character_chosen":"THE_STARBREAKER","items_purchased":["Letter Opener"],"campfire_rested":1,"item_purchase_floors":[30],"current_hp_per_floor":[54,54,54,50,50,50,45,39,39,39,39,41,41,43,43,39,54,34,34,34,29,29,24,24,23,23,23,23,23,23,19,35,1,54,30,30,27,0,0],"gold":221,"neow_bonus":"REMOVE_TWO","is_daily":false,"chose_seed":false,"campfire_upgraded":5,"win_rate":0.0,"timestamp":1611518683,"path_taken":["M","?","?","M","?","R","M","M","T","?","R","?","?","M","R","BOSS","M","?","?","?","?","?","R","?","T","?","?","R","$","M","R","BOSS","M","?","M","M"],"items_purchased_type":["Relic"],"build_version":"2020-12-22","purchased_purges":0,"victory":false,"max_hp_per_floor":[54,54,54,54,54,54,54,54,54,54,54,54,54,54,54,54,54,54,54,54,54,54,54,54,54,54,54,54,54,54,54,54,54,54,54,54,54,54,54],"card_choices":[{"not_picked":["Moonworks:BeyondHell","Moonworks:NicePresent"],"picked":"Moonworks:ImOnFire","floor":1.0},{"not_picked":["Moonworks:Assault","Moonworks:BigMagnum","Moonworks:CloudOfSeagulls"],"picked":"beaked:WarriorSpirit","floor":4},{"not_picked":["Moonworks:ExtendedPhotonRifle","Moonworks:SakisCookie","beaked:SacrificialDive"],"picked":"Moonworks:BeyondHell","floor":5},{"not_picked":["Moonworks:NicePresent","Moonworks:JonathanRush","beaked:Redirect"],"picked":"Moonworks:FullSpeedAlicianrone","floor":7},{"not_picked":["Moonworks:SakisCookie","Moonworks:LulusLuckyEgg","beaked:ScreechingChant"],"picked":"Moonworks:RagingMadness","floor":8},{"not_picked":["Moonworks:IndiscriminateFireSupport","Moonworks:Assault","beaked:Negation"],"picked":"Moonworks:PlushieMaster","floor":12},{"not_picked":["Moonworks:CloudOfSeagulls","Moonworks:DeployBits","beaked:RuinSticks"],"picked":"Moonworks:BackdoorTrade","floor":14},{"not_picked":["Moonworks:GoAway","Moonworks:Gamble","beaked:DarkTribute"],"picked":"Moonworks:MeltingMemories","floor":16},{"not_picked":["Moonworks:x16BigRocket","Moonworks:ImOnFire","beaked:Windmill"],"picked":"Moonworks:IndiscriminateFireSupport+1","floor":18},{"not_picked":["Moonworks:NicePresent","Moonworks:EvilSpyWorkPreparation","beaked:Cower"],"picked":"Moonworks:CompletionReward+1","floor":21},{"not_picked":["Moonworks:DeployBits+1","Moonworks:ImOnFire","beaked:Evade"],"picked":"Moonworks:BigMagnum","floor":25},{"not_picked":["Moonworks:DeployBits+1","Moonworks:ImOnFire+1","beaked:TuckingFeathers"],"picked":"Moonworks:ReproductionOfRecords+1","floor":31},{"not_picked":["Moonworks:GoAway+1","Moonworks:OutOfAmmo","beaked:Caw"],"picked":"Moonworks:HolyNight","floor":33},{"not_picked":["Moonworks:BigMagnum+1","Moonworks:SealedMemories+1","beaked:Tweet"],"picked":"Moonworks:IndiscriminateFireSupport+1","floor":35},{"not_picked":["StuffTheSpire:Innocence","StuffTheSpire:Ambrosia"],"picked":"StuffTheSpire:Rapture","floor":36},{"not_picked":["Moonworks:Assault+1","Moonworks:MeltingMemories","beaked:WarriorEssence"],"picked":"Moonworks:EvilSpyWorkPreparation+1","floor":37}],"player_experience":540055,"relics_obtained":[{"floor":9,"key":"Blood Vial"},{"floor":13,"key":"Ring of Misfortune"},{"floor":26,"key":"Toxic Egg 2"}],"event_choices":[{"damage_healed":0,"gold_gain":0,"player_choice":"Paid Gold","damage_taken":0,"relics_obtained":["Mummified Hand"],"max_hp_gain":0,"max_hp_loss":0,"event_name":"WeMeetAgain","floor":3,"gold_loss":78},{"damage_healed":0,"gold_gain":100,"player_choice":"Pray","damage_taken":0,"max_hp_gain":0,"max_hp_loss":0,"event_name":"Golden Shrine","floor":10,"gold_loss":0},{"damage_healed":0,"gold_gain":0,"player_choice":"Got Potions","damage_taken":0,"max_hp_gain":0,"max_hp_loss":0,"event_name":"Lab","floor":19,"gold_loss":0},{"cards_removed":["Moonworks:MeltingMemories"],"damage_healed":0,"gold_gain":0,"player_choice":"Take \u0026 Give","damage_taken":0,"max_hp_gain":0,"max_hp_loss":0,"event_name":"betterNote:BetterNote","floor":20,"gold_loss":0,"cards_obtained":["TheCursedMod:Hemoplague"]},{"damage_healed":0,"gold_gain":0,"player_choice":"Damaged","damage_taken":5,"max_hp_gain":0,"max_hp_loss":0,"event_name":"Wheel of Change","floor":23,"gold_loss":0},{"cards_removed":["Moonworks:Strike"],"damage_healed":0,"gold_gain":0,"player_choice":"Gave Gold","damage_taken":0,"max_hp_gain":0,"max_hp_loss":0,"event_name":"Beggar","floor":27,"gold_loss":75}],"is_beta":false,"boss_relics":[{"not_picked":["halation:MonkeysPaw","Snecko Eye"],"picked":"aspiration:PoetsPen_weak"},{"not_picked":["halation:ForbiddenBikini","halation:PinkAlligatorPlush"],"picked":"conspire:RunicOctahedron"}],"items_purged_floors":[],"is_endless":false,"potions_floor_spawned":[1,5,8,16,18,37],"killed_by":"Writhing Mass","ascension_level":0}}