{"host":"glqsg3p5q4u9u1ra","time":1611509118,"event":{"mods":["Act Like it!","Arknights The Spire","Bard","BaseMod","Better Third Choice","BetterRewards","Colored Map","Conspire","Downfall","Friendly Minions","Gensokyo","GifTheSpireLib","Hallownest","Highlight Path","Hubris","Infinite Spire","Lobotomy","LobotomyExtend","Mimic Mod","Minty Spire (QoL Compilation)","Pale of the Ancients","Reliquary","Replay The Spire","Robot Space Explorer","Spicy Shops","Spikes Relics","Spire Birthday Party","StSLib","The Blackbeard","The Blue Laboratory","The Bug Knight","The Exalted","The Poker Player","The Servant 0.9.4","Wandering Minibosses"],"gold_per_floor":[116,66,82,100,100,131,131,131,131,131,144,144,144,144,144,242,242,262,262,262,274,25,25,25,25,25,45,80,91,108,122,122,122,122,122],"floor_reached":33,"language":"ENG","playtime":1037,"items_purged":["blackbeard:BlackbeardStrike","blackbeard:BlackbeardStrike"],"score":371,"play_id":"7a1f0841-de9c-4943-8c9d-882b36882c41","local_time":"20210124092518","is_ascension_mode":true,"campfire_choices":[{"data":"blackbeard:Cutlass","floor":7,"key":"SMITH"},{"data":"blackbeard:Fencing","floor":10,"key":"SMITH"},{"data":"blackbeard:Upgrade","floor":12,"key":"SMITH"},{"data":"blackbeard:BlackbeardStrike","floor":15,"key":"PURGE"},{"data":"blackbeard:CaptainsHat","floor":23,"key":"SMITH"},{"data":"blackbeard:PirateEarring","floor":25,"key":"SMITH"},{"data":"blackbeard:SmithingHammer","floor":32,"key":"SMITH"}],"circlet_count":0,"master_deck":["blackbeard:IntimidatingStrike","blackbeard:BlackbeardDefend","blackbeard:BlackbeardDefend","blackbeard:BlackbeardDefend","blackbeard:BlackbeardDefend","blackbeard:Fencing+1","blackbeard:BlindAttacks","blackbeard:BlindAttacks","blackbeard:GoldenStrike","blackbeard:CloakAndCannonball","blackbeard:Fencing","blackbeard:CloakAndCannonball","blackbeard:Upgrade+1","Bash+1","blackbeard:CaptainsHat+1","blackbeard:Dagger","blackbeard:BlindAttacks","blackbeard:BeatUp","blackbeard:PirateEarring+1","blackbeard:CannonBarrage+1","blackbeard:BeatUp+1","blackbeard:SmithingHammer+1"],"relics":["reliquary:SharkskinSheath","Mercury Hourglass","Chemical X","hubris:Potato","LetterFromLob","hubris:Icosahedron","m_SeaBlood","Philosopher\u0027s Stone","hubris:EmptyBottle","BargainBundle","Bromod:ArcaneNullifier","Frozen Eye","HollowMod:PaleOreRelic","Potion Belt","hubris:CuriousFeather"],"acts_visited":["Exordium","TheCity"],"potions_floor_usage":[16,16,27,27,27,27,28,28,29,29,33,33],"damage_taken":[{"damage":7,"enemies":"Jaw Worm","floor":1,"turns":2},{"damage":1,"enemies":"2 Louse","floor":3,"turns":2},{"damage":0,"enemies":"Small Slimes","floor":4,"turns":1},{"damage":10,"enemies":"3 Sentries","floor":6,"turns":4},{"damage":4,"enemies":"2 Fungi Beasts","floor":11,"turns":2},{"damage":5,"enemies":"Fading Forest","floor":16,"turns":11},{"damage":34,"enemies":"Spheric Guardian","floor":18,"turns":6},{"damage":23,"enemies":"3 Byrds","floor":21,"turns":4},{"damage":22,"enemies":"Snake Plant","floor":27,"turns":6},{"damage":38,"enemies":"Book of Stabbing","floor":28,"turns":4},{"damage":0,"enemies":"3 Cultists","floor":29,"turns":2},{"damage":25,"enemies":"Centurion and Healer","floor":30,"turns":4},{"damage":9,"enemies":"Cultist and Chosen","floor":31,"turns":4},{"damage":0,"enemies":"Champ","floor":33,"turns":2}],"seed_played":"7109869522306038260","potions_obtained":[{"floor":1,"key":"blueLaboratory:BottleOfRum"},{"floor":6,"key":"PowerPotion"},{"floor":21,"key":"GamblersBrew"},{"floor":28,"key":"Toxic Potion"},{"floor":31,"key":"Fire Potion"}],"is_trial":false,"path_per_floor":["M","?","M","M","?","E","R","?","T","R","M","R","?","?","R_BF","B",null,"M","?","?","M","$","R","$","R","T","M","E","M","M","M","R","B"],"character_chosen":"BLACKBEARD_CLASS","items_purchased":["blackbeard:Fencing","blackbeard:BlindAttacks","reliquary:SharkskinSheath","Mercury Hourglass","Chemical X","Elixir","hubris:EmptyBottle","blueLaboratory:FruitPreserves","BargainBundle","Bromod:ArcaneNullifier","Frozen Eye","HollowMod:PaleOreRelic","blackbeard:PirateEarring","AttackPotion"],"campfire_rested":0,"item_purchase_floors":[0,0,0,0,0,0,22,22,24,24,24,24,24,24],"current_hp_per_floor":[61,61,60,60,60,50,50,50,50,50,46,46,46,46,46,47,68,40,40,40,23,23,23,23,23,23,43,36,42,23,20,20,20,20,20],"gold":122,"neow_bonus":"","is_daily":false,"chose_seed":false,"campfire_upgraded":6,"win_rate":0.0,"timestamp":1611509118,"path_taken":["M","?","M","M","?","E","R","?","T","R","M","R","?","?","R_BF","BOSS","M","?","?","?","$","R","?","R","T","M","E","M","M","?","R","BOSS"],"items_purchased_type":["Card","Card","Relic","Relic","Relic","Potion","Relic","Potion","Relic","Relic","Relic","Relic","Card","Potion"],"build_version":"2020-12-22","purchased_purges":2,"victory":false,"max_hp_per_floor":[75,75,75,75,75,75,75,75,75,75,75,75,75,75,75,75,75,75,75,75,75,75,75,75,75,75,75,75,75,75,75,75,75,75,75],"card_choices":[{"not_picked":["blackbeard:Anchor","blackbeard:Dagger","blackbeard:Sword"],"picked":"SKIP","floor":1},{"not_picked":["blackbeard:CloakAndCannonball","blackbeard:ChaoticDefense","blackbeard:GoldenDefense"],"picked":"SKIP","floor":3},{"not_picked":["blackbeard:ChaoticDefense","blackbeard:GoldenDefense"],"picked":"blackbeard:CloakAndCannonball","floor":3},{"not_picked":["blackbeard:BrownPants","blackbeard:Sword"],"picked":"blackbeard:Fencing","floor":4},{"not_picked":["blackbeard:BeatUp","blackbeard:PiratesWill"],"picked":"blackbeard:CloakAndCannonball","floor":6},{"not_picked":["blackbeard:VengefulSpirit","blackbeard:FieryDefense"],"picked":"blackbeard:Upgrade","floor":11},{"not_picked":["blackbeard:UndeadForm","blackbeard:Murder"],"picked":"blackbeard:CaptainsHat","floor":16},{"not_picked":["blackbeard:SwordDance+1","blackbeard:Sharpening"],"picked":"blackbeard:Dagger","floor":18},{"not_picked":["blackbeard:BlindAttacks","blackbeard:FieryDefense"],"picked":"blackbeard:BeatUp","floor":21},{"not_picked":["blackbeard:FieryDefense+1","blackbeard:GoldenDefense"],"picked":"blackbeard:CannonBarrage+1","floor":27},{"not_picked":["blackbeard:DangerousBlow","blackbeard:Shrapnel"],"picked":"blackbeard:BeatUp+1","floor":28},{"not_picked":["blackbeard:DeadlyArsenal+1","blackbeard:TacticalRetreat","blackbeard:GoldenStrike"],"picked":"SKIP","floor":29},{"not_picked":["blackbeard:Provisioning","blackbeard:FieryDefense","blackbeard:Boarding+1"],"picked":"SKIP","floor":30},{"not_picked":["blackbeard:GoldenDefense","blackbeard:Provisioning"],"picked":"blackbeard:SmithingHammer","floor":31}],"player_experience":1281480,"relics_obtained":[{"floor":1,"key":"LetterFromLob"},{"floor":26,"key":"Potion Belt"},{"floor":28,"key":"hubris:CuriousFeather"}],"event_choices":[{"damage_healed":0,"gold_gain":0,"player_choice":"blackbeard:GoldenStrike","damage_taken":0,"max_hp_gain":0,"max_hp_loss":0,"event_name":"blackbeard:GoldsmithEvent","floor":2,"gold_loss":0,"cards_obtained":["blackbeard:GoldenStrike"]},{"damage_healed":0,"gold_gain":0,"player_choice":"Leave","damage_taken":0,"max_hp_gain":0,"max_hp_loss":0,"event_name":"conspire:Investor","floor":13,"gold_loss":0},{"damage_healed":0,"gold_gain":0,"player_choice":"Ignored","damage_taken":0,"max_hp_gain":0,"max_hp_loss":0,"event_name":"The Mausoleum","floor":20,"gold_loss":0}],"is_beta":false,"boss_relics":[{"not_picked":["Busted Crown","Abe\u0027s Treasure"],"picked":"Philosopher\u0027s Stone"}],"items_purged_floors":[22,24],"is_endless":false,"potions_floor_spawned":[1,6,21,28,31],"killed_by":"Champ","ascension_level":8}}