{"host":"6706kntd0vtj8hnw","time":1611480768,"event":{"mods":["BaseMod","Colored Powertips","Downfall","Hermit","HololiveMod","Hubris","Infinite Spire","KinomotoSakuraMod(????)","Mad Scientist","Marisa????????","Minty Spire (QoL Compilation)","Quick Restart","StSLib","The Blackbeard","The Forsaken","The Hierophant","The Senshi","The Wild Card"],"gold_per_floor":[114,134,134,134,159,159,184,224,224,133,169,169,182,17,17,142,142,157,12,35,35,35,35,35,35,35,51,151,167,202,223,223,223,223],"floor_reached":33,"language":"ENG","playtime":2702,"items_purged":[],"score":275,"play_id":"1d7c4a8c-7e75-435a-8432-e3004daa3d1d","local_time":"20210124013248","is_ascension_mode":false,"campfire_choices":[{"data":"ClowCardTheFirey","floor":6,"key":"SMITH"},{"floor":12,"key":"REST"},{"floor":15,"key":"REST"},{"data":"RitualDagger","floor":23,"key":"SMITH"},{"data":"ClowCardTheRain","floor":25,"key":"SMITH"},{"floor":32,"key":"REST"}],"circlet_count":0,"master_deck":["SakuraCardTheEarthy+","ClowCardTheSword","ClowCardTheSword","ClowCardTheSword","ClowCardTheSword","ClowCardTheShield","ClowCardTheShield","ClowCardTheShield","ClowCardTheShield","SpellCardSeal","SpellCardRelease","ClowCardTheMist","ClowCardTheFirey+1","ClowCardTheErase","ClowCardTheSand","ClowCardThePower","ClowCardTheWatery","ClowCardTheFight","ClowCardTheMist","Bandage Up","ClowCardTheLoop","ClowCardTheDash","ClowCardTheSleep+1","ClowCardTheRain+1","ClowCardTheLoop","ClowCardTheArrow","ClowCardTheLibra+1","RitualDagger+1","ClowCardTheRain+1","ClowCardTheChange","ClowCardTheFirey+1","ClowCardTheBig+1"],"relics":["KSMOD_SealedBook","KSMOD_SealedWand","Golden Idol","Akabeko","Strawberry","Anchor","hubris:Backtick","hubris:64BitClover","hubris:HerbalPaste","HornCleat","infinitespire:ShieldingShard"],"acts_visited":["Exordium","TheCity"],"potions_floor_usage":[5,8,11,16,20,27,31],"damage_taken":[{"damage":0,"enemies":"Cultist","floor":1,"turns":4},{"damage":14,"enemies":"2 Louse","floor":2,"turns":2},{"damage":12,"enemies":"Small Slimes","floor":5,"turns":3},{"damage":12,"enemies":"3 Louse","floor":7,"turns":2},{"damage":16,"enemies":"Gremlin Nob","floor":8,"turns":3},{"damage":18,"enemies":"Lagavulin","floor":11,"turns":3},{"damage":0,"enemies":"Looter","floor":13,"turns":2},{"damage":59,"enemies":"The Guardian","floor":16,"turns":9},{"damage":0,"enemies":"Spheric Guardian","floor":18,"turns":3},{"damage":9,"enemies":"Shell Parasite","floor":20,"turns":4},{"damage":0,"enemies":"Cultist and Chosen","floor":27,"turns":3},{"damage":24,"enemies":"Sentry and Sphere","floor":29,"turns":6},{"damage":21,"enemies":"Book of Stabbing","floor":30,"turns":6},{"damage":14,"enemies":"Snake Plant","floor":31,"turns":4},{"damage":83,"enemies":"Collector","floor":33,"turns":5}],"seed_played":"-8574185898060234099","potions_obtained":[{"floor":2,"key":"ColorlessPotion"},{"floor":7,"key":"sneckomod:MuddlingPotion"},{"floor":8,"key":"DistilledChaos"},{"floor":13,"key":"SneckoOil"},{"floor":18,"key":"Energy Potion"},{"floor":20,"key":"LiquidMemories"},{"floor":30,"key":"Guardian:BlockOnCardUsePotion"},{"floor":31,"key":"sneckomod:MuddlingPotion"}],"is_trial":false,"path_per_floor":["M","M","?","?","M","R","M","E","T","$","E","R","M","$","R","B",null,"M","$","M","?","AVR","R","?","R","T","M","?","M","E","M","R","B"],"character_chosen":"KINOMOTOSAKURA","items_purchased":["ClowCardThePower","ClowCardTheWatery","Bandage Up","ClowCardTheLoop","ClowCardTheRain","ClowCardTheLoop","ClowCardTheArrow"],"campfire_rested":3,"item_purchase_floors":[10,10,14,14,19,19,19],"current_hp_per_floor":[77,63,63,68,56,56,44,28,35,35,17,41,41,41,65,10,83,83,83,78,72,72,72,72,72,72,77,77,59,48,44,68,0,0],"gold":223,"neow_bonus":"TEN_PERCENT_HP_BONUS","is_daily":false,"chose_seed":false,"campfire_upgraded":3,"win_rate":0.0,"timestamp":1611480768,"path_taken":["M","M","?","?","M","R","M","E","T","$","E","R","M","$","R","BOSS","M","$","M","?","AVR","R","?","R","T","M","?","?","E","M","R","BOSS"],"items_purchased_type":["Card","Card","Card","Card","Card","Card","Card"],"build_version":"2020-12-22","purchased_purges":0,"victory":false,"max_hp_per_floor":[77,77,71,76,76,76,76,76,83,83,83,83,83,83,83,83,83,83,83,83,83,83,83,83,83,83,83,83,83,83,83,83,83,83],"card_choices":[{"not_picked":["ClowCardTheSweet","ClowCardTheMirror"],"picked":"ClowCardTheMist","floor":1},{"not_picked":["ClowCardTheEarthy","ClowCardTheIllusion"],"picked":"ClowCardTheFirey","floor":2},{"not_picked":["ClowCardTheLight","ClowCardTheWood"],"picked":"ClowCardTheErase","floor":5},{"not_picked":["ClowCardTheBubbles","ClowCardTheWatery"],"picked":"ClowCardTheSand","floor":7},{"not_picked":["ClowCardTheDream","ClowCardTheVoice"],"picked":"ClowCardTheEarthy","floor":8},{"not_picked":["ClowCardTheBig","ClowCardTheSilent"],"picked":"ClowCardTheFight","floor":11},{"not_picked":["ClowCardTheLock","ClowCardTheFlower"],"picked":"ClowCardTheMist","floor":13},{"not_picked":["ClowCardTheReturn","ClowCardTheLight"],"picked":"ClowCardTheDash","floor":16},{"not_picked":["ClowCardTheMirror","ClowCardTheFreeze"],"picked":"ClowCardTheSleep+1","floor":18},{"not_picked":["ClowCardTheBig","ClowCardTheFirey"],"picked":"ClowCardTheLibra+1","floor":20},{"not_picked":["ClowCardTheSong+1","ClowCardTheLoop+1"],"picked":"ClowCardTheRain+1","floor":27},{"not_picked":["ClowCardTheBubbles","ClowCardTheMaze+1"],"picked":"ClowCardTheChange","floor":29},{"not_picked":["ClowCardTheIllusion","ClowCardThePower+1"],"picked":"ClowCardTheFirey+1","floor":30},{"not_picked":["ClowCardTheCloud","ClowCardTheVoice"],"picked":"ClowCardTheBig+1","floor":31}],"player_experience":276455,"relics_obtained":[{"floor":8,"key":"Akabeko"},{"floor":9,"key":"Strawberry"},{"floor":11,"key":"Anchor"},{"floor":26,"key":"HornCleat"},{"floor":30,"key":"infinitespire:ShieldingShard"}],"event_choices":[{"damage_healed":0,"gold_gain":0,"player_choice":"Lose Max HP","damage_taken":0,"relics_obtained":["Golden Idol"],"max_hp_gain":0,"max_hp_loss":6,"event_name":"Golden Idol","floor":3,"gold_loss":0},{"damage_healed":0,"gold_gain":0,"player_choice":"Donut","damage_taken":0,"max_hp_gain":5,"max_hp_loss":0,"event_name":"Big Fish","floor":4,"gold_loss":0},{"damage_healed":0,"gold_gain":0,"player_choice":"Joined the Cult","damage_taken":6,"max_hp_gain":0,"max_hp_loss":0,"event_name":"Nest","floor":21,"gold_loss":0,"cards_obtained":["RitualDagger"]},{"damage_healed":0,"gold_gain":0,"player_choice":"Ignored","damage_taken":0,"max_hp_gain":0,"max_hp_loss":0,"event_name":"Ghosts","floor":24,"gold_loss":0},{"damage_healed":0,"gold_gain":100,"player_choice":"Pray","damage_taken":0,"max_hp_gain":0,"max_hp_loss":0,"event_name":"Golden Shrine","floor":28,"gold_loss":0}],"is_beta":false,"boss_relics":[{"not_picked":["Runic Dome","KSMOD_DarknessWand"],"picked":"hubris:Backtick"}],"items_purged_floors":[],"is_endless":false,"potions_floor_spawned":[2,7,8,13,18,20,30,31],"killed_by":"Collector","ascension_level":0}}