{"host":"mhr97lg0mj90r8b2","time":1611480035,"event":{"mods":["BaseMod","Lobotomy","Minty Spire (QoL Compilation)","Quick Restart","StSLib","The Servant 0.9.4"],"gold_per_floor":[116,116,116,135,148,148,162,177,177,177,177],"floor_reached":10,"language":"ZHS","playtime":482,"items_purged":[],"score":60,"play_id":"ab914052-477f-4659-aa35-1ab5f722d2ce","local_time":"20210124172035","is_ascension_mode":false,"campfire_choices":[{"data":"Reprogram","floor":6,"key":"SMITH"}],"circlet_count":0,"master_deck":["Strike_B","Strike_B","Strike_B","Defend_B","Defend_B","Defend_B","Defend_B","Zap","Dualcast","Bloodbath","Go for the Eyes","Regret","Wellcheers","Hello World","SnowQueen","Reprogram+1","GalaxyChild","Murderer","Aggregate"],"relics":["Cracked Core","CogitoBucket","Smiling Mask","Mercury Hourglass"],"acts_visited":["Exordium"],"potions_floor_usage":[],"damage_taken":[{"damage":0,"enemies":"Cultist","floor":1,"turns":3},{"damage":3,"enemies":"2 Louse","floor":4,"turns":3},{"damage":3,"enemies":"Jaw Worm","floor":5,"turns":3},{"damage":12,"enemies":"Red Slaver","floor":7,"turns":4},{"damage":14,"enemies":"3 Louse","floor":8,"turns":6},{"damage":60,"enemies":"Gremlin Nob","floor":10,"turns":5}],"seed_played":"-1250218954240091011","potions_obtained":[{"floor":1,"key":"SmokeBomb"},{"floor":7,"key":"EntropicBrew"}],"is_trial":false,"path_per_floor":["M","?","?","M","M","R","M","M","T","E"],"character_chosen":"DEFECT","items_purchased":[],"campfire_rested":0,"item_purchase_floors":[],"current_hp_per_floor":[75,68,68,66,66,66,61,47,47,0,0],"gold":177,"neow_bonus":"","is_daily":false,"chose_seed":false,"campfire_upgraded":1,"win_rate":0.0,"timestamp":1611480035,"path_taken":["M","?","?","M","M","R","M","M","T","E"],"items_purchased_type":[],"build_version":"2020-12-22","purchased_purges":0,"victory":false,"max_hp_per_floor":[75,75,75,75,75,75,75,75,75,75,75],"card_choices":[{"not_picked":["FieryBird","MHz"],"picked":"Bloodbath","floor":1},{"not_picked":["Barrage","Compile Driver"],"picked":"Go for the Eyes","floor":1},{"not_picked":["OldLady","LongBird"],"picked":"Wellcheers","floor":4},{"not_picked":["Redo","Barrage"],"picked":"Hello World","floor":4},{"not_picked":["VoidDream","Rudolta"],"picked":"SnowQueen","floor":5},{"not_picked":["Turbo","Conserve Battery"],"picked":"Reprogram","floor":5},{"not_picked":["Scorched","NakedNest"],"picked":"GalaxyChild","floor":7},{"not_picked":["Leap","Streamline","Coolheaded"],"picked":"SKIP","floor":7},{"not_picked":["Woodsman","Variant"],"picked":"Murderer","floor":8},{"not_picked":["Stack","Capacitor"],"picked":"Aggregate","floor":8}],"player_experience":99756,"relics_obtained":[{"floor":9,"key":"Mercury Hourglass"}],"event_choices":[{"cards_removed":["Strike_B"],"damage_healed":0,"gold_gain":0,"player_choice":"Card Removal","damage_taken":7,"max_hp_gain":0,"max_hp_loss":0,"event_name":"Golden Wing","floor":2,"gold_loss":0},{"damage_healed":0,"gold_gain":0,"player_choice":"Box","damage_taken":0,"relics_obtained":["Smiling Mask"],"max_hp_gain":0,"max_hp_loss":0,"event_name":"Big Fish","floor":3,"gold_loss":0,"cards_obtained":["Regret"]}],"is_beta":false,"boss_relics":[],"items_purged_floors":[],"is_endless":false,"potions_floor_spawned":[1,7],"killed_by":"Gremlin Nob","ascension_level":0}}