{"host":"j0rajrfs2q3wozdq","time":1611503615,"event":{"mods":["BaseMod","Colored Powertips","HololiveMod","Koishi","Lobotomy","LobotomyExtend","Minty Spire (QoL Compilation)","Prisma Mod","Quick Restart","Remilia¡]Á¢¦Ì²ú?¡^","Replay The Spire","Shop Mod","StSLib","The Alterego","WarShipGirlsR/??¤Ö¤kR mod","Yakumo Yukari mod","Youmu¡]»î¾z§¯?¡^"],"gold_per_floor":[119,119,119,119,136,136,170,170,170,209,28,28,43,63,63,168,168,181,198,198,211,211,211,211],"floor_reached":23,"language":"ZHS","playtime":2651,"items_purged":["alterego_mod:BigMeatyClaws"],"score":274,"play_id":"d0ee3fe2-93e2-4b8b-af19-5a18f878b297","local_time":"20210124235335","is_ascension_mode":false,"campfire_choices":[{"data":"alterego_mod:BrynhildrRomantia","floor":6,"key":"SMITH"},{"data":"alterego_mod:Mirror","floor":8,"key":"SMITH"},{"data":"alterego_mod:MagicResistance","floor":15,"key":"SMITH"}],"circlet_count":0,"master_deck":["alterego_mod:Strike","alterego_mod:Strike+1","alterego_mod:Strike","alterego_mod:Strike","alterego_mod:Defend","alterego_mod:Defend","alterego_mod:Defend","alterego_mod:Defend","alterego_mod:Impale+1","alterego_mod:BrynhildrsRune","Wellcheers","alterego_mod:Birthday","alterego_mod:BrynhildrRomantia+1","SpiderBud","alterego_mod:Mirror+1","alterego_mod:BeGentle","alterego_mod:MagicResistance+1","Bloodbath","alterego_mod:STier","alterego_mod:Santa+1","alterego_mod:SakuraPetals","alterego_mod:BigMeatyClaws","alterego_mod:Table+1"],"relics":["alterego_mod:MasochisticConstitution","CogitoBucket","Orichalcum","ReplayTheSpireMod:Lightbulb","MerchantsRug","LetterFromLob","Honey Jar"],"acts_visited":["Exordium","TheCity"],"potions_floor_usage":[21],"damage_taken":[{"damage":5,"enemies":"Jaw Worm","floor":1,"turns":9},{"damage":9,"enemies":"Small Slimes","floor":5,"turns":4},{"damage":37,"enemies":"Gremlin Nob","floor":7,"turns":5},{"damage":12,"enemies":"Replay:BlueRogue","floor":10,"turns":6},{"damage":6,"enemies":"2 Louse","floor":13,"turns":4},{"damage":20,"enemies":"Gremlin Gang","floor":14,"turns":5},{"damage":44,"enemies":"Fading Forest","floor":16,"turns":11},{"damage":49,"enemies":"Shell Parasite","floor":18,"turns":8},{"damage":51,"enemies":"Spheric Guardian","floor":19,"turns":10},{"damage":28,"enemies":"Snake Plant","floor":21,"turns":5},{"damage":23,"enemies":"Book of Stabbing","floor":23,"turns":4}],"seed_played":"-3782552492944735699","potions_obtained":[{"floor":1,"key":"PowerPotion"},{"floor":13,"key":"Block Potion"}],"is_trial":false,"path_per_floor":["M","?","?","?","M","R","E","R","T","E","$","$","M","M","R","B",null,"M","M","?","M","?","E"],"character_chosen":"The_Alterego","items_purchased":["MerchantsRug"],"campfire_rested":0,"item_purchase_floors":[11],"current_hp_per_floor":[66,66,66,66,67,67,45,45,45,39,39,39,60,78,78,70,93,61,28,28,16,16,0,0],"gold":211,"neow_bonus":"","is_daily":false,"chose_seed":false,"campfire_upgraded":3,"win_rate":0.0,"timestamp":1611503615,"path_taken":["M","?","?","?","?","R","E","R","T","E","?","$","M","M","R","BOSS","M","M","?","?","?","E"],"items_purchased_type":["Relic"],"build_version":"2020-12-22","purchased_purges":1,"victory":false,"max_hp_per_floor":[71,71,71,71,72,72,77,77,77,78,78,78,83,92,92,93,93,98,103,103,108,108,108,108],"card_choices":[{"not_picked":["MeatLantern","MHz","OldLady"],"picked":"Singing Bowl","floor":1},{"not_picked":["BeautyBeast","OSAHOGD"],"picked":"Wellcheers","floor":1},{"not_picked":["alterego_mod:Cooking","alterego_mod:Nekomimi"],"picked":"alterego_mod:Birthday","floor":1},{"not_picked":["Murderer","PunishingBird","CrumblingArmor"],"picked":"Singing Bowl","floor":5},{"not_picked":["alterego_mod:Undulate","alterego_mod:Complex"],"picked":"alterego_mod:BrynhildrRomantia","floor":5},{"not_picked":["Scarecrow","LittleHelper","Variant"],"picked":"Singing Bowl","floor":7},{"not_picked":["Scarecrow","Variant"],"picked":"SpiderBud","floor":7},{"not_picked":["alterego_mod:Maid","alterego_mod:SuperDuperMasochism"],"picked":"alterego_mod:Mirror","floor":7},{"not_picked":["alterego_mod:Collar","alterego_mod:GIGAMILK"],"picked":"alterego_mod:BeGentle","floor":10},{"not_picked":["NakedNest","Murderer","WallGazer"],"picked":"Singing Bowl","floor":10},{"not_picked":["DreamingCurrent","QueenOfHatred","WallGazer"],"picked":"Singing Bowl","floor":13},{"not_picked":["alterego_mod:Valentines","alterego_mod:Punishment","alterego_mod:Collar"],"picked":"SKIP","floor":13},{"not_picked":["CherryBlossoms","SnowQueen","ShyLook"],"picked":"Singing Bowl","floor":14},{"not_picked":["alterego_mod:Exercise","alterego_mod:Cooking"],"picked":"alterego_mod:MagicResistance","floor":14},{"not_picked":["UniverseFragment","OSAHOGD"],"picked":"Bloodbath","floor":16},{"not_picked":["alterego_mod:Venus","alterego_mod:Palingenesis"],"picked":"alterego_mod:STier","floor":16},{"not_picked":["BigBird","FieryBird","Scorched"],"picked":"Singing Bowl","floor":18},{"not_picked":["alterego_mod:SakuraPetals","alterego_mod:Skirt","alterego_mod:DeftHands+1"],"picked":"alterego_mod:Santa+1","floor":18},{"not_picked":["FieryBird","WhitesApple","MHz"],"picked":"Singing Bowl","floor":19},{"not_picked":["alterego_mod:Bounce","alterego_mod:Lingerie","alterego_mod:DeftHands"],"picked":"alterego_mod:SakuraPetals","floor":19},{"not_picked":["WallGazer","Porccubus","ShyLook"],"picked":"Singing Bowl","floor":21},{"not_picked":["alterego_mod:Birthday","alterego_mod:Schoolgirl","alterego_mod:GoddessCore"],"picked":"alterego_mod:Table+1","floor":21}],"player_experience":31136,"relics_obtained":[{"floor":7,"key":"Orichalcum"},{"floor":9,"key":"MawBank"},{"floor":10,"key":"ReplayTheSpireMod:Lightbulb"},{"floor":14,"key":"LetterFromLob"}],"event_choices":[{"damage_healed":0,"gold_gain":0,"player_choice":"Ignored","damage_taken":0,"max_hp_gain":0,"max_hp_loss":0,"event_name":"Liars Game","floor":2,"gold_loss":0},{"damage_healed":0,"gold_gain":0,"player_choice":"Upgraded","damage_taken":0,"max_hp_gain":0,"max_hp_loss":0,"event_name":"Upgrade Shrine","floor":4,"gold_loss":0,"cards_upgraded":["alterego_mod:Impale"]},{"damage_healed":0,"gold_gain":0,"player_choice":"1 cards matched","damage_taken":0,"max_hp_gain":0,"max_hp_loss":0,"event_name":"Match and Keep!","floor":20,"gold_loss":0,"cards_obtained":["alterego_mod:BigMeatyClaws"]}],"is_beta":false,"boss_relics":[{"not_picked":["Ectoplasm","Snecko Eye"],"picked":"Honey Jar"}],"items_purged_floors":[11],"is_endless":false,"potions_floor_spawned":[1,13],"killed_by":"Book of Stabbing","ascension_level":0}}