{"host":"dhyczjm99amxd3qx","time":1611459763,"event":{"mods":["BaseMod","Colored Map","Googly Eyes","Highlight Path","Minty Spire (QoL Compilation)","Quick Restart","StSLib"],"gold_per_floor":[109,122,133,133,153,153,186,186,186,218,233,233,233],"floor_reached":12,"language":"ENG","playtime":748,"items_purged":[],"score":122,"play_id":"311d6f62-1fb9-4c65-8ac0-9f9742e275d0","local_time":"20210123224243","is_ascension_mode":true,"campfire_choices":[{"data":"Zap","floor":6,"key":"SMITH"},{"floor":8,"key":"REST"}],"circlet_count":0,"master_deck":["Strike_B","Strike_B","Strike_B","Defend_B","Defend_B","Defend_B","Defend_B","Zap+1","Dualcast","Cold Snap","Machine Learning","Self Repair"],"relics":["Cracked Core","Regal Pillow","MealTicket","White Beast Statue"],"acts_visited":["Exordium"],"potions_floor_usage":[5,10],"damage_taken":[{"damage":9,"enemies":"Small Slimes","floor":1,"turns":4},{"damage":8,"enemies":"2 Louse","floor":2,"turns":3},{"damage":5,"enemies":"Cultist","floor":3,"turns":5},{"damage":0,"enemies":"2 Fungi Beasts","floor":5,"turns":3},{"damage":30,"enemies":"Lagavulin","floor":7,"turns":8},{"damage":15,"enemies":"3 Sentries","floor":10,"turns":6},{"damage":22,"enemies":"Exordium Wildlife","floor":11,"turns":5},{"damage":0,"enemies":"Gremlin Nob","floor":12,"turns":2}],"seed_played":"-4058103006858938008","potions_obtained":[{"floor":1,"key":"AttackPotion"},{"floor":3,"key":"SteroidPotion"},{"floor":5,"key":"SpeedPotion"},{"floor":11,"key":"LiquidBronze"}],"is_trial":false,"path_per_floor":["M","M","M","?","M","R","E","R","T","E","M","E"],"character_chosen":"DEFECT","items_purchased":[],"campfire_rested":1,"item_purchase_floors":[],"current_hp_per_floor":[66,58,53,46,46,46,16,55,55,40,18,18,18],"gold":233,"neow_bonus":"TEN_PERCENT_HP_BONUS","is_daily":false,"chose_seed":false,"campfire_upgraded":1,"win_rate":0.0,"timestamp":1611459763,"path_taken":["M","M","M","?","M","R","E","R","T","E","M","E"],"items_purchased_type":[],"build_version":"2020-12-22","purchased_purges":0,"victory":false,"max_hp_per_floor":[82,82,82,82,82,82,82,82,82,82,82,82,82],"card_choices":[{"not_picked":["Fusion","Doom and Gloom"],"picked":"Cold Snap","floor":1},{"not_picked":["Aggregate","Force Field","Rebound"],"picked":"SKIP","floor":2},{"not_picked":["Turbo","Hologram","Go for the Eyes"],"picked":"SKIP","floor":3},{"not_picked":["Go for the Eyes","Steam","Gash"],"picked":"SKIP","floor":5},{"not_picked":["Force Field","Static Discharge"],"picked":"Machine Learning","floor":7},{"not_picked":["Turbo","Gash","Hologram"],"picked":"SKIP","floor":10},{"not_picked":["Loop","Glacier"],"picked":"Self Repair","floor":11}],"player_experience":367175,"relics_obtained":[{"floor":7,"key":"Regal Pillow"},{"floor":9,"key":"MealTicket"},{"floor":10,"key":"White Beast Statue"}],"event_choices":[{"cards_removed":["Strike_B"],"damage_healed":0,"gold_gain":0,"player_choice":"Card Removal","damage_taken":7,"max_hp_gain":0,"max_hp_loss":0,"event_name":"Golden Wing","floor":4,"gold_loss":0}],"is_beta":false,"boss_relics":[],"items_purged_floors":[],"is_endless":false,"potions_floor_spawned":[1,3,5,11],"killed_by":"Gremlin Nob","ascension_level":7}}