{"host":"rz8ryyppw1rffr47","time":1611523217,"event":{"mods":["BaseMod","BetterRewards","Downfall","Googly Eyes","Minty Spire (QoL Compilation)","Quick Restart","Replay The Spire","StSLib","everything is the same but u backflip on backflip","slay the spire mod where everything is the same but ironclad has a cowboy hat"],"gold_per_floor":[117,128,128,147,158,191,191,223,223,223,223,279,312,312,312,415,415,428,460,460,530,540,571,571,210,258,287,299,311,311,491,491,591,591,611,93,12,24,24,24,34,34,34],"floor_reached":44,"language":"ENG","playtime":2678,"items_purged":["Strike_G","Strike_G"],"score":562,"play_id":"b6d1cbfe-9abb-4237-83e7-9d916d1c87ec","local_time":"20210124212017","is_ascension_mode":false,"campfire_choices":[{"data":"Distraction","floor":7,"key":"SMITH"},{"floor":11,"key":"REST"},{"data":"ReplayTheSpireMod:Necrosis","floor":24,"key":"SMITH"},{"floor":30,"key":"REST"},{"floor":32,"key":"REST"},{"data":"Noxious Fumes","floor":40,"key":"SMITH"}],"circlet_count":0,"master_deck":["Defend_G","Defend_G","Defend_G","Defend_G","Survivor","Neutralize","Noxious Fumes+1","Poisoned Stab","Underhanded Strike+1","Replay:Bootleg Shield Generator","Acrobatics+1","ReplayTheSpireMod:Tripwire","Dodge and Roll","Distraction+1","Backflip+1","Draining Mist+1","ReplayTheSpireMod:Necrosis+1","ReplayTheSpireMod:Scrap Shanks","Accuracy","Sucker Punch","Prepared","Escape Plan","Pot Of Greed","Pot Of Greed","Pot Of Greed","Distraction+1","Corpse Explosion","Footwork","Noxious Fumes+1"],"relics":["Ring of the Snake","Bronze Scales","Chameleon Ring","Lee\u0027s Waffle","Oddly Smooth Stone","Mango","Paper Crane","Meat on the Bone","SacredBark","Red Mask","Ninja Scroll","Lantern","Gremlin Horn","Anchor","Grinning Jar","Empty Cage","Thread and Needle","Art of War"],"acts_visited":["Exordium","TheCity","TheBeyond"],"potions_floor_usage":[8,13,16,16,33,43,43,43],"damage_taken":[{"damage":0,"enemies":"2 Louse","floor":1,"turns":3},{"damage":2,"enemies":"Cultist","floor":2,"turns":4},{"damage":3,"enemies":"Jaw Worm","floor":4,"turns":4},{"damage":7,"enemies":"Large Slime","floor":5,"turns":6},{"damage":5,"enemies":"3 Sentries","floor":6,"turns":6},{"damage":0,"enemies":"Replay:BlueRogue","floor":8,"turns":5},{"damage":10,"enemies":"Gremlin Nob","floor":13,"turns":6},{"damage":17,"enemies":"Fading Forest","floor":16,"turns":11},{"damage":0,"enemies":"Shell Parasite","floor":18,"turns":6},{"damage":67,"enemies":"Masked Bandits","floor":19,"turns":6},{"damage":0,"enemies":"Chosen","floor":22,"turns":5},{"damage":3,"enemies":"Book of Stabbing","floor":23,"turns":6},{"damage":15,"enemies":"Slavers","floor":27,"turns":6},{"damage":20,"enemies":"Shelled Parasite and Fungi","floor":28,"turns":4},{"damage":0,"enemies":"Sentry and Sphere","floor":29,"turns":5},{"damage":7,"enemies":"Champ","floor":33,"turns":9},{"damage":5,"enemies":"3 Darklings","floor":35,"turns":2},{"damage":0,"enemies":"3 Shapes","floor":38,"turns":3},{"damage":0,"enemies":"Maw","floor":41,"turns":7},{"damage":51,"enemies":"Replay:Hell Engine","floor":43,"turns":12}],"seed_played":"-516336015529456809","potions_obtained":[{"floor":1,"key":"SteroidPotion"},{"floor":5,"key":"sneckomod:MuddlingPotion"},{"floor":8,"key":"Swift Potion"},{"floor":13,"key":"SteroidPotion"},{"floor":16,"key":"sneckomod:MuddlingPotion"},{"floor":18,"key":"Elixir"},{"floor":33,"key":"champ:CounterPotion"},{"floor":38,"key":"Adrenaline Potion"}],"is_trial":false,"path_per_floor":["M","M","?","M","M","E","R","E","T","?","R","?","E","?","R","B",null,"M","?","?","T","M","E","R","$","T","E","M","M","R","?","R","B",null,"M","$","$","M","?","R","M","?","B",null],"character_chosen":"THE_SILENT","items_purchased":["Noxious Fumes","Bronze Scales","Chameleon Ring","Lee\u0027s Waffle","CultistPotion","Poisoned Stab","Acrobatics","Gremlin Horn","Thread and Needle","Art of War","Footwork","Noxious Fumes"],"campfire_rested":3,"item_purchase_floors":[0,0,0,0,0,0,0,25,36,36,36,37],"current_hp_per_floor":[77,75,75,72,65,60,60,74,74,56,83,83,73,73,91,86,91,91,36,36,36,48,57,57,57,57,54,46,46,73,54,81,74,91,86,86,86,86,86,86,86,86,47],"gold":34,"neow_bonus":"","is_daily":false,"chose_seed":false,"campfire_upgraded":3,"win_rate":0.0,"timestamp":1611523217,"path_taken":["M","M","?","M","?","E","R","E","T","?","R","?","E","?","R","BOSS","M","?","?","?","M","E","R","$","T","E","M","M","R","?","R","BOSS","M","?","$","M","?","R","M","?","BOSS"],"items_purchased_type":["Card","Relic","Relic","Relic","Potion","Card","Card","Relic","Relic","Relic","Card","Card"],"build_version":"2020-12-22","purchased_purges":2,"victory":true,"max_hp_per_floor":[77,77,77,77,77,77,77,91,91,91,91,91,91,91,91,91,91,91,91,91,91,91,91,91,91,91,91,91,91,91,91,91,91,91,91,91,91,91,91,91,91,91,91],"card_choices":[{"not_picked":["ReplayTheSpireMod:The Works","Poisoned Stab"],"picked":"ReplayTheSpireMod:Tripwire","floor":1},{"not_picked":["Concentrate","ReplayTheSpireMod:Shiv Toss"],"picked":"Dodge and Roll","floor":2},{"not_picked":["Skewer","Dash"],"picked":"Distraction","floor":4},{"not_picked":["Riddle With Holes","Concentrate"],"picked":"Backflip","floor":5},{"not_picked":["Deflect","Die Die Die","Sucker Punch"],"picked":"SKIP","floor":6},{"not_picked":["Dagger Throw","Sucker Punch"],"picked":"Draining Mist","floor":8},{"not_picked":["PiercingWail","ReplayTheSpireMod:Exploit Weakness","Well Laid Plans"],"picked":"SKIP","floor":13},{"not_picked":["Unload","After Image"],"picked":"ReplayTheSpireMod:Necrosis","floor":16},{"not_picked":["Dagger Spray","Heel Hook+1"],"picked":"ReplayTheSpireMod:Scrap Shanks","floor":18},{"not_picked":["Dagger Throw","Finisher"],"picked":"Prepared","floor":22},{"not_picked":["Acrobatics","Dodge and Roll"],"picked":"Escape Plan","floor":23},{"not_picked":["Poisoned Stab","Doppelganger","Sucker Punch"],"picked":"SKIP","floor":27},{"not_picked":["Acrobatics","Cloak And Dagger"],"picked":"Distraction+1","floor":28},{"not_picked":["Flying Knee","Escape Plan","Dagger Spray"],"picked":"SKIP","floor":29},{"not_picked":["Poison Darts","Wraith Form v2"],"picked":"Corpse Explosion","floor":33},{"not_picked":["Dagger Throw","Blade Dance","Escape Plan"],"picked":"SKIP","floor":35},{"not_picked":["ReplayTheSpireMod:Scrap Shanks","Outmaneuver+1","Dodge and Roll+1"],"picked":"SKIP","floor":38},{"not_picked":["Deadly Poison+1","Accuracy","Bane"],"picked":"SKIP","floor":41}],"player_experience":390257,"relics_obtained":[{"floor":6,"key":"Oddly Smooth Stone"},{"floor":8,"key":"Mango"},{"floor":9,"key":"Paper Crane"},{"floor":13,"key":"Meat on the Bone"},{"floor":19,"key":"Red Mask"},{"floor":21,"key":"Ninja Scroll"},{"floor":23,"key":"Lantern"},{"floor":26,"key":"Anchor"},{"floor":27,"key":"Grinning Jar"}],"event_choices":[{"damage_healed":0,"gold_gain":0,"player_choice":"Forge","damage_taken":0,"max_hp_gain":0,"max_hp_loss":0,"event_name":"Accursed Blacksmith","floor":3,"gold_loss":0,"cards_upgraded":["Noxious Fumes"]},{"damage_healed":0,"gold_gain":0,"player_choice":"Entered Light","damage_taken":18,"max_hp_gain":0,"max_hp_loss":0,"event_name":"Shining Light","floor":10,"gold_loss":0,"cards_upgraded":["Backflip","Acrobatics"]},{"damage_healed":0,"gold_gain":56,"player_choice":"Gained Gold","damage_taken":0,"max_hp_gain":0,"max_hp_loss":0,"event_name":"Golden Wing","floor":12,"gold_loss":0},{"damage_healed":0,"gold_gain":0,"player_choice":"Grow","damage_taken":0,"max_hp_gain":0,"max_hp_loss":0,"event_name":"Living Wall","floor":14,"gold_loss":0,"cards_upgraded":["Draining Mist"]},{"damage_healed":0,"gold_gain":0,"player_choice":"Fought Bandits","damage_taken":0,"max_hp_gain":0,"max_hp_loss":0,"event_name":"Masked Bandits","floor":19,"gold_loss":0},{"damage_healed":0,"gold_gain":0,"cards_transformed":["Strike_G","Defend_G"],"player_choice":"Became Test Subject","damage_taken":0,"max_hp_gain":0,"max_hp_loss":0,"event_name":"Drug Dealer","floor":20,"gold_loss":0,"cards_obtained":["Accuracy","Sucker Punch"]},{"damage_healed":0,"gold_gain":180,"player_choice":"GOLD GOLD ","damage_taken":19,"max_hp_gain":0,"max_hp_loss":0,"event_name":"Knowing Skull","floor":31,"potions_obtained":[],"gold_loss":0,"cards_obtained":[]},{"damage_healed":0,"gold_gain":0,"player_choice":"Took Portal","damage_taken":0,"max_hp_gain":0,"max_hp_loss":0,"event_name":"SecretPortal","floor":42,"gold_loss":0}],"is_beta":false,"boss_relics":[{"not_picked":["Replay:Bronze Core","ChewingGum"],"picked":"SacredBark"},{"not_picked":["Snecko Eye","Replay:Grab Bag"],"picked":"Empty Cage"}],"items_purged_floors":[0,25],"is_endless":false,"potions_floor_spawned":[1,5,8,13,16,18,22,33,38,41],"ascension_level":0}}