{"host":"agbyy69nq62afhwx","time":1611515737,"event":{"mods":["BaseMod","Colored Map","DeckTracker","Highlight Path","Keyboard Shortcuts","Minty Spire (QoL Compilation)","Quick Restart","StSLib","SuperFastMode","everything is the same but u backflip on backflip"],"gold_per_floor":[111,36,51,63,76,76,110,110,136,136,155,183,108,33,33,110,110,128,144,144,3,20,20,20,20],"floor_reached":24,"language":"KOR","playtime":585,"items_purged":["Strike_B","Strike_B"],"score":391,"play_id":"8739b238-a6e7-4d7d-acd9-fe15c5b9d0e9","local_time":"20210125041537","is_ascension_mode":true,"campfire_choices":[{"data":"Darkness","floor":6.0,"key":"SMITH"},{"floor":10.0,"key":"REST"},{"floor":15.0,"key":"REST"},{"floor":23.0,"key":"REST"}],"circlet_count":0,"master_deck":["AscendersBane","Strike_B","Defend_B","Defend_B","Defend_B","Zap","Dualcast","Fusion+1","Darkness+1","Doom and Gloom","Steam","Conserve Battery","Undo","Electrodynamics","Multi-Cast","Defragment","Undo","Glacier","Chill"],"relics":["Cracked Core","Tiny Chest","Omamori","Vajra","Fusion Hammer"],"acts_visited":["Exordium","TheCity"],"potions_floor_usage":[24,24],"damage_taken":[{"damage":2.0,"enemies":"Jaw Worm","floor":1.0,"turns":3.0},{"damage":12.0,"enemies":"2 Louse","floor":3.0,"turns":3.0},{"damage":10.0,"enemies":"Small Slimes","floor":4.0,"turns":4.0},{"damage":15.0,"enemies":"Looter","floor":5.0,"turns":4.0},{"damage":18.0,"enemies":"Lagavulin","floor":7.0,"turns":6.0},{"damage":7.0,"enemies":"Exordium Thugs","floor":11.0,"turns":3.0},{"damage":14.0,"enemies":"3 Sentries","floor":12.0,"turns":4.0},{"damage":26.0,"enemies":"Slime Boss","floor":16.0,"turns":9.0},{"damage":13.0,"enemies":"2 Thieves","floor":18.0,"turns":3.0},{"damage":11.0,"enemies":"3 Byrds","floor":19.0,"turns":4.0},{"damage":20.0,"enemies":"Cultist and Chosen","floor":22.0,"turns":7.0},{"damage":35,"enemies":"Book of Stabbing","floor":24,"turns":4}],"seed_played":"-4896828463269859549","potions_obtained":[{"floor":5.0,"key":"FocusPotion"},{"floor":7.0,"key":"LiquidBronze"},{"floor":11.0,"key":"EssenceOfDarkness"}],"is_trial":false,"path_per_floor":["M","?","M","M","M","R","E","?","T","R","M","E","?","$","R","B",null,"M","M","?","$","M","R","E"],"character_chosen":"DEFECT","items_purchased":["Chill"],"campfire_rested":3,"item_purchase_floors":[21],"current_hp_per_floor":[62,62,50,40,25,25,7,7,7,28,21,7,7,7,28,2,54,41,30,30,30,10,31,0,0],"gold":20,"neow_bonus":"TRANSFORM_TWO_CARDS","is_daily":false,"chose_seed":false,"campfire_upgraded":1,"win_rate":0.0,"timestamp":1611515737,"path_taken":["M","?","M","M","M","R","E","?","T","R","M","E","?","$","R","BOSS","M","M","?","$","M","R","E"],"items_purchased_type":["Card"],"build_version":"2020-12-22","purchased_purges":2,"victory":false,"max_hp_per_floor":[71,71,71,71,71,71,71,71,71,71,71,71,71,71,71,71,71,71,71,71,71,71,71,71,71],"card_choices":[{"not_picked":["Turbo","Loop"],"picked":"Doom and Gloom","floor":1.0},{"not_picked":["Consume","Turbo"],"picked":"Steam","floor":3.0},{"not_picked":["Rebound","Turbo"],"picked":"Conserve Battery","floor":4.0},{"not_picked":["Compile Driver","Ball Lightning"],"picked":"Undo","floor":5.0},{"not_picked":["Streamline","Compile Driver"],"picked":"Electrodynamics","floor":7.0},{"not_picked":["Consume","Aggregate","Steam"],"picked":"SKIP","floor":11.0},{"not_picked":["Darkness","Scrape","Barrage"],"picked":"SKIP","floor":12.0},{"not_picked":["Meteor Strike","All For One"],"picked":"Multi-Cast","floor":16.0},{"not_picked":["Leap","Steam"],"picked":"Defragment","floor":18.0},{"not_picked":["Conserve Battery+1","Cold Snap"],"picked":"Undo","floor":19.0},{"not_picked":["Tempest","Sweeping Beam","Leap+1"],"picked":"SKIP","floor":22.0}],"player_experience":463192,"relics_obtained":[{"floor":7.0,"key":"Tiny Chest"},{"floor":9.0,"key":"Omamori"},{"floor":12.0,"key":"Vajra"}],"event_choices":[{"cards_removed":["Normality"],"damage_healed":0.0,"max_hp_gain":0.0,"max_hp_loss":0.0,"gold_gain":0.0,"event_name":"The Cleric","player_choice":"Card Removal","floor":2.0,"gold_loss":75.0,"damage_taken":0.0},{"damage_healed":0.0,"max_hp_gain":0.0,"max_hp_loss":0.0,"gold_gain":0.0,"event_name":"Living Wall","player_choice":"Grow","floor":8.0,"gold_loss":0.0,"damage_taken":0.0,"cards_upgraded":["Fusion"]},{"damage_healed":0.0,"max_hp_gain":0.0,"max_hp_loss":0.0,"gold_gain":0.0,"event_name":"World of Goop","player_choice":"Left Gold","floor":13.0,"gold_loss":75.0,"damage_taken":0.0},{"damage_healed":0.0,"max_hp_gain":0.0,"max_hp_loss":0.0,"gold_gain":0.0,"event_name":"The Library","player_choice":"Read","floor":20.0,"gold_loss":0.0,"damage_taken":0.0,"cards_obtained":["Glacier"]}],"is_beta":false,"boss_relics":[{"not_picked":["Busted Crown","Astrolabe"],"picked":"Fusion Hammer"}],"items_purged_floors":[14,21],"is_endless":false,"potions_floor_spawned":[5,7,11,12,16,19],"killed_by":"Book of Stabbing","ascension_level":18}}