{"host":"59wnhi65kiwmnpg4","time":1611485706,"event":{"mods":["2.2 Compatiblity","AchievementEnabler","BaseMod","BetterRewards","Colored Map","Custom Start","Disable Question Mark Monsters","Highlight Path","Minty Spire (QoL Compilation)","Relic Sorter","Relic Stats"],"gold_per_floor":[114,114,74,85,105,135,135,310,310,327,50,70,70,110,110,239,239,164,164,164,164,164,164,164,164,164,164,12,12,12,12,12,12,12,12,12,12,12,12,12,12,12,12],"floor_reached":42,"language":"ENG","playtime":2465,"items_purged":["Doubt"],"score":483,"play_id":"9dd7bc8a-59dd-45be-a862-995a82f24c21","local_time":"20210124105506","is_ascension_mode":false,"campfire_choices":[{"data":"Perfected Strike","floor":7,"key":"SMITH"},{"data":"Armaments","floor":15,"key":"SMITH"},{"data":"Flex","floor":23,"key":"SMITH"},{"data":"Rampage","floor":29,"key":"SMITH"},{"data":"Whirlwind","floor":32,"key":"SMITH"},{"data":"Feed","floor":40,"key":"SMITH"}],"circlet_count":0,"master_deck":["Defend_R","Defend_R","Defend_R","Defend_R","Bash","Exhume","Warcry","Pommel Strike","Perfected Strike+1","Shrug It Off","Armaments+1","Metallicize+1","Whirlwind+1","Flex+1","Immolate","Ghostly Armor","Bite","Bite","Bite","Bite","Bite","Wild Strike+1","Rampage+1","Corruption+1","Rage+1","Metallicize+1","Warcry","Wild Strike","Feed+1","Inflame+1","Dual Wield","Reaper","Entrench+1"],"relics":["Burning Blood","Lizard Tail","Bag of Preparation","Bottled Flame","Frozen Egg 2","Golden Idol","Red Skull","Ectoplasm","Peace Pipe","Red Mask","Oddly Smooth Stone","Gremlin Horn","Philosopher\u0027s Stone"],"acts_visited":["Exordium","TheCity","TheBeyond"],"potions_floor_usage":[6,14,16,27,33,41,41],"damage_taken":[{"damage":21,"enemies":"Jaw Worm","floor":1,"turns":4},{"damage":7,"enemies":"2 Louse","floor":4,"turns":3},{"damage":1,"enemies":"Cultist","floor":5,"turns":3},{"damage":31,"enemies":"Lagavulin","floor":6,"turns":6},{"damage":15,"enemies":"Large Slime","floor":10,"turns":6},{"damage":6,"enemies":"3 Louse","floor":12,"turns":5},{"damage":14,"enemies":"3 Sentries","floor":14,"turns":5},{"damage":12,"enemies":"Slime Boss","floor":16,"turns":9},{"damage":27,"enemies":"2 Thieves","floor":18,"turns":4},{"damage":31,"enemies":"Masked Bandits","floor":20,"turns":4},{"damage":14,"enemies":"Chosen","floor":24,"turns":7},{"damage":35,"enemies":"Book of Stabbing","floor":27,"turns":7},{"damage":0,"enemies":"Centurion and Healer","floor":30,"turns":7},{"damage":16,"enemies":"Snake Plant","floor":31,"turns":7},{"damage":114,"enemies":"Champ","floor":33,"turns":20},{"damage":18,"enemies":"3 Shapes","floor":35,"turns":9},{"damage":9,"enemies":"Orb Walker","floor":36,"turns":5},{"damage":22,"enemies":"Jaw Worm Horde","floor":37,"turns":5},{"damage":10,"enemies":"3 Darklings","floor":38,"turns":6},{"damage":31,"enemies":"Spire Growth","floor":39,"turns":5},{"damage":70,"enemies":"Giant Head","floor":41,"turns":8},{"damage":0,"enemies":"Sphere and 2 Shapes","floor":42,"turns":1}],"seed_played":"1694476948874432318","potions_obtained":[{"floor":3,"key":"SteroidPotion"},{"floor":3,"key":"Weak Potion"},{"floor":3,"key":"AttackPotion"},{"floor":6,"key":"Explosive Potion"},{"floor":24,"key":"Fire Potion"},{"floor":27,"key":"DuplicationPotion"},{"floor":31,"key":"Fire Potion"},{"floor":37,"key":"BloodPotion"},{"floor":39,"key":"SmokeBomb"}],"is_trial":false,"path_per_floor":["M","?","?","M","M","E","R","?","T","M","$","M","?","E","R","B",null,"M","?","?","?","?","R","M","?","T","E","$","R","M","M","R","B",null,"M","M","M","M","M","R","E","M"],"character_chosen":"IRONCLAD","items_purchased":["Frozen Egg 2","Metallicize+1","Metallicize+1"],"campfire_rested":0,"item_purchase_floors":[11,11,28],"current_hp_per_floor":[65,53,53,52,57,32,32,32,32,23,23,23,23,15,15,9,74,53,53,28,52,51,51,50,50,50,32,32,32,49,51,51,15,51,45,53,46,53,43,43,25,25,25],"gold":12,"neow_bonus":"ONE_RANDOM_RARE_CARD","is_daily":false,"chose_seed":false,"campfire_upgraded":6,"win_rate":0.0,"timestamp":1611485706,"path_taken":["M","?","?","M","?","E","R","?","T","M","$","M","?","E","R","BOSS","M","?","?","?","?","R","?","?","T","E","$","R","M","M","R","BOSS","M","M","M","M","M","R","E","M"],"items_purchased_type":["Relic","Card","Card"],"build_version":"2020-12-22","purchased_purges":1,"victory":false,"max_hp_per_floor":[80,80,80,80,80,80,80,80,80,80,80,80,74,74,74,74,74,74,74,74,74,51,51,51,51,51,51,51,51,51,51,51,51,51,57,60,63,63,63,63,63,63,63],"relic_stats":{"Peace Pipe":0,"Lizard Tail":25,"Gremlin Horn":[8,8],"counters":[22,136],"Golden Idol":115,"Ectoplasm":465,"Bag of Preparation":[36],"obtain_stats":[{"Gremlin Horn":27,"Golden Idol":13,"Oddly Smooth Stone":26,"Bag of Preparation":6,"Frozen Egg 2":11,"Burning Blood":0,"Peace Pipe":19,"Lizard Tail":2,"Bottled Flame":9,"Philosopher\u0027s Stone":34,"Ectoplasm":17,"Red Mask":20,"Red Skull":14},{"Gremlin Horn":12,"Golden Idol":6,"Oddly Smooth Stone":11,"Bag of Preparation":4,"Frozen Egg 2":5,"Burning Blood":0,"Peace Pipe":9,"Lizard Tail":1,"Bottled Flame":4,"Philosopher\u0027s Stone":15,"Ectoplasm":8,"Red Mask":10,"Red Skull":7},{"Gremlin Horn":63,"Golden Idol":27,"Oddly Smooth Stone":56,"Bag of Preparation":16,"Frozen Egg 2":22,"Burning Blood":0,"Peace Pipe":45,"Lizard Tail":4,"Bottled Flame":16,"Philosopher\u0027s Stone":97,"Ectoplasm":41,"Red Mask":49,"Red Skull":32}],"Burning Blood":122},"card_choices":[{"not_picked":["Havoc","Hemokinesis"],"picked":"Warcry","floor":1},{"not_picked":["Clash","Heavy Blade"],"picked":"Pommel Strike","floor":4},{"not_picked":["Uppercut","Fire Breathing"],"picked":"Perfected Strike","floor":5},{"not_picked":["Berserk","Armaments"],"picked":"Shrug It Off","floor":6},{"not_picked":["Second Wind","Perfected Strike"],"picked":"Armaments","floor":10},{"not_picked":["Infernal Blade","True Grit"],"picked":"Whirlwind","floor":12},{"not_picked":["Clash","Heavy Blade"],"picked":"Flex","floor":14},{"not_picked":["Brutality+1","Exhume"],"picked":"Immolate","floor":16},{"not_picked":["Seeing Red","Anger","Thunderclap"],"picked":"SKIP","floor":18},{"not_picked":["Iron Wave","Bloodletting"],"picked":"Ghostly Armor","floor":20},{"not_picked":["Warcry","Dropkick"],"picked":"Wild Strike+1","floor":24},{"not_picked":["Double Tap","Fire Breathing+1"],"picked":"Rage+1","floor":27},{"not_picked":["Dual Wield","Heavy Blade"],"picked":"Warcry","floor":30},{"not_picked":["Blood for Blood","Ghostly Armor+1"],"picked":"Wild Strike","floor":31},{"not_picked":["Impervious","Offering"],"picked":"Feed","floor":33},{"not_picked":["Entrench","Carnage"],"picked":"Inflame+1","floor":35},{"not_picked":["Anger+1","Wild Strike+1"],"picked":"Dual Wield","floor":36},{"not_picked":["Rupture+1","Thunderclap+1","Perfected Strike+1"],"picked":"SKIP","floor":37},{"not_picked":["Thunderclap+1","Power Through"],"picked":"Reaper","floor":38},{"not_picked":["Feel No Pain+1","Headbutt"],"picked":"Entrench+1","floor":39}],"player_experience":837507,"relics_obtained":[{"floor":6,"key":"Bag of Preparation"},{"floor":9,"key":"Bottled Flame"},{"floor":14,"key":"Red Skull"},{"floor":20,"key":"Red Mask"},{"floor":26,"key":"Oddly Smooth Stone"},{"floor":27,"key":"Gremlin Horn"}],"event_choices":[{"damage_healed":0,"gold_gain":0,"player_choice":"Success","damage_taken":12,"relics_obtained":["Lizard Tail"],"max_hp_gain":0,"max_hp_loss":0,"event_name":"Scrap Ooze","floor":2,"gold_loss":0},{"damage_healed":0,"gold_gain":0,"player_choice":"Bought 3 Potions","damage_taken":0,"max_hp_gain":0,"max_hp_loss":0,"event_name":"The Woman in Blue","floor":3,"gold_loss":0},{"damage_healed":0,"gold_gain":175,"player_choice":"AGREE","damage_taken":0,"max_hp_gain":0,"max_hp_loss":0,"event_name":"Liars Game","floor":8,"gold_loss":0,"cards_obtained":["Doubt"]},{"damage_healed":0,"gold_gain":0,"player_choice":"Lose Max HP","damage_taken":0,"relics_obtained":["Golden Idol"],"max_hp_gain":0,"max_hp_loss":6,"event_name":"Golden Idol","floor":13,"gold_loss":0},{"damage_healed":0,"gold_gain":0,"player_choice":"Opened","damage_taken":0,"relics_obtained":["Peace Pipe"],"max_hp_gain":0,"max_hp_loss":0,"event_name":"The Mausoleum","floor":19,"gold_loss":0},{"damage_healed":0,"gold_gain":0,"player_choice":"Fought Bandits","damage_taken":0,"max_hp_gain":0,"max_hp_loss":0,"event_name":"Masked Bandits","floor":20,"gold_loss":0},{"damage_healed":24,"gold_gain":0,"player_choice":"Heal","damage_taken":0,"max_hp_gain":0,"max_hp_loss":0,"event_name":"The Library","floor":21,"gold_loss":0},{"damage_healed":0,"gold_gain":0,"player_choice":"Became a vampire","damage_taken":0,"max_hp_gain":0,"max_hp_loss":23,"event_name":"Vampires","floor":22,"gold_loss":0,"cards_obtained":["Bite","Bite","Bite","Bite","Bite"]},{"damage_healed":0,"gold_gain":0,"player_choice":"2 cards matched","damage_taken":0,"max_hp_gain":0,"max_hp_loss":0,"event_name":"Match and Keep!","floor":25,"gold_loss":0,"cards_obtained":["Rampage","Corruption"]}],"is_beta":false,"boss_relics":[{"not_picked":["Calling Bell","Tiny House"],"picked":"Ectoplasm"},{"not_picked":["Mark of Pain","Coffee Dripper"],"picked":"Philosopher\u0027s Stone"}],"items_purged_floors":[28],"is_endless":false,"potions_floor_spawned":[4,6,10,24,27,31,37,39],"killed_by":"Sphere and 2 Shapes","ascension_level":0}}