{"host":"kj3kagpk915d476w","time":1611488425,"event":{"mods":["ATMod(°¢èªMod)","Act Like it!","Ascension Reborn","BaseMod","BetterRewards","Conspire","Friendly Minions","Gensokyo","Jedi Mod","Minty Spire (QoL Compilation)","Pale of the Ancients","Replay The Spire","Spicy Shops","StSLib","TestMod","The Servant 0.9.4","[IsaacMod]ÒÔÈö¼âËþ","[JumpMod]Îè¶¯¼âËþ","vexMod","yUi","¡¾ÒÅÎï¿¨ÅÆ¡¿REMEMod"],"gold_per_floor":[112,112,122,22,39,72,132,158,181,213,213,230,230,241,241,339,339,358,608,618,632,320,320,368,354,354,405,405,467,467,501,501,596,596,625,163,209,264,264,264,298,345,395,445,445,445,467,467,467,491,735,902,902,902,902,1077,1077,1077,1077,1249],"floor_reached":61,"language":"ZHS","playtime":2468,"items_purged":["Strike_S","Strike_S","ReplayTheSpireMod:Splinters","jedi:BattleThirst","ReplayTheSpireMod:Doomed"],"score":1837,"play_id":"7dd0e99d-c05b-4eeb-9292-c6ac2a385b27","local_time":"20210124194025","is_ascension_mode":true,"campfire_choices":[{"data":"MurderousAura","floor":11.0,"key":"SMITH"},{"data":"KillingDoll","floor":13.0,"key":"SMITH"},{"data":"AT_FamilyPortrait","floor":15.0,"key":"SMITH"},{"data":"SurpressingFire","floor":23.0,"key":"SMITH"},{"data":"LightFlow","floor":28.0,"key":"SMITH"},{"data":"Solidify","floor":30.0,"key":"SMITH"},{"data":"Luminosity","floor":32.0,"key":"SMITH"},{"floor":40.0,"key":"REST"},{"data":"BottledTime","floor":45.0,"key":"SMITH"},{"floor":46.0,"key":"RECALL"},{"floor":49,"key":"REST"},{"data":"SilverBlades","floor":55,"key":"SMITH"},{"data":"TheWorld","floor":57,"key":"SMITH"}],"circlet_count":0,"master_deck":["Defend_S","Defend_S","Defend_S","KidneyShot+1","Exchange","AT_FamilyPortrait+1","Strike_S","MurderousAura+1","BottledTime+1","MurderousAura+1","Moonlight","BottledTime+1","Comet","KillingDoll+1","LightFlow+1","SurpressingFire+1","GearUp+1","Apotheosis+1","StarChef+1","Solidify+1","Luminosity+1","FlawlessForm+1","WasteNot+1","Hightail+1","Gouge+1","Starlight+1","Rearm+1","Replay:Hysterical Blindness","jedi:frostbite","Voices","Clumsy","SilverBlades+1","TheWorld+1","conspire:NecroticWound"],"relics":["Uniform","testmod-TestBox","HushsDoor","HowToJump","AT_ATBox","REME_ComplimentaryCards","DeathBook","testmod-Prudence","DoctorsRemote","Gensokyo:CelestialsFlawlessClothing","SteamSale","Bag of Marbles","BookofShadows","Blue Doll","Meat on the Bone","vexMod:TanglingVine","Lantern","Replay:Bandana","Strawberry","Nunchaku","MealTicket","AT_BellDemon","Vajra","AT_RedTearstoneRing","Astrolabe","StrikeDummy","vexMod:PaidLearning","Pan","Toy Ornithopter","REME_PuzzleBoxRelic","PaperSwan","Anchor","Gremlin Food","jedi:crownofsimplicity","AT_EbonyIvory","Boot","Ring of Greed","Membership Card","Tiny Chest","Ring of Peace","testmod-LifeArmor","ReplayFunnel","AT_BladeRuinedKing","Prayer Wheel","paleoftheancients:Timepiece","paleoftheancients:KeyRelic","Oddly Smooth Stone","Bronze Scales","AT_TheCollector","Replay:Rubber Ducky","paleoftheancients:SoulOfTheSilent","TheBattery","testmod-Justice","Simple Rune","AT_ArchangelStaff","Lee\u0027s Waffle","SalivaCoin","Orichalcum","Replay:Baseball","testmod-TurbochargingSystem","PrismaticShard"],"acts_visited":["Gensokyo:Gensokyo","Gensokyo:Gensokyoer","Gensokyo:Gensokyoest","paleoftheancients:PaleOfTheAncients"],"potions_floor_usage":[60,60],"damage_taken":[{"damage":0.0,"enemies":"Gensokyo:Python","floor":1.0,"turns":2.0},{"damage":0.0,"enemies":"Gensokyo:Gryphon","floor":3.0,"turns":3.0},{"damage":5.0,"enemies":"Gensokyo:2_Kodama","floor":5.0,"turns":5.0},{"damage":9.0,"enemies":"Gensokyo:Mamizou","floor":6.0,"turns":3.0},{"damage":0.0,"enemies":"Gensokyo:Aya","floor":8.0,"turns":1.0},{"damage":0.0,"enemies":"Gensokyo:Mamizou","floor":10.0,"turns":6.0},{"damage":0.0,"enemies":"Gensokyo:VengefulSpirit","floor":12.0,"turns":1.0},{"damage":0.0,"enemies":"Gensokyo:Gryphon_and_Rabbit","floor":14.0,"turns":3.0},{"damage":6.0,"enemies":"Gensokyo:Yukari","floor":16.0,"turns":4.0},{"damage":0.0,"enemies":"Gensokyo:2_Gloops","floor":18.0,"turns":2.0},{"damage":2.0,"enemies":"Gensokyo:Chomper","floor":20.0,"turns":4.0},{"damage":24.0,"enemies":"Gensokyo:Slime_Group","floor":21.0,"turns":4.0},{"damage":4.0,"enemies":"Gensokyo:Koishi","floor":24.0,"turns":4.0},{"damage":24.0,"enemies":"Gensokyo:Chomper_and_Gloop","floor":27.0,"turns":4.0},{"damage":22.0,"enemies":"Gensokyo:Tenshi","floor":29.0,"turns":3.0},{"damage":0.0,"enemies":"Gensokyo:Monolith_and_Dog","floor":31.0,"turns":3.0},{"damage":0.0,"enemies":"Gensokyo:Eiki","floor":33.0,"turns":1.0},{"damage":2.0,"enemies":"Gensokyo:3_Bats","floor":35.0,"turns":2.0},{"damage":25.0,"enemies":"Gensokyo:AncientGuardian","floor":37.0,"turns":4.0},{"damage":2.0,"enemies":"conspire:MimicChest","floor":38.0,"turns":5.0},{"damage":0.0,"enemies":"Gensokyo:SeedOfUnknown","floor":41.0,"turns":3.0},{"damage":0.0,"enemies":"Gensokyo:Marisa","floor":42.0,"turns":1.0},{"damage":0.0,"enemies":"Gensokyo:AtlasGolem","floor":47.0,"turns":4.0},{"damage":63,"enemies":"Gensokyo:Scarlet_Devils","floor":50,"turns":9},{"damage":211,"enemies":"Gensokyo:Scarlet_Devils","floor":51,"turns":6},{"damage":0,"enemies":"Gensokyo:Scarlet_Devils","floor":52,"turns":5},{"damage":0,"enemies":"Gensokyo:Scarlet_Devils","floor":56,"turns":5},{"damage":0,"enemies":"paleoftheancients:N","floor":60,"turns":3}],"seed_played":"-7692117967714886571","potions_obtained":[{"floor":5.0,"key":"Elixir"},{"floor":7.0,"key":"DistilledChaos"},{"floor":7.0,"key":"Energy Potion"},{"floor":10.0,"key":"testmod-SpacePotion"},{"floor":12.0,"key":"SteroidPotion"},{"floor":14.0,"key":"SteroidPotion"},{"floor":20.0,"key":"Swift Potion"},{"floor":24.0,"key":"Fire Potion"},{"floor":27.0,"key":"Energy Potion"},{"floor":38.0,"key":"testmod-TestPotion"},{"floor":41.0,"key":"jedi:wingpotion"},{"floor":42.0,"key":"PowerPotion"},{"floor":47.0,"key":"Strength Potion"}],"is_trial":false,"path_per_floor":["M","?","M","$","M","E","?","E","T","E","R","M","R","M","R","B",null,"M","?","M","M","$","R","E","?","T","M","R","E","R","M","R","B",null,"M","COS","M","?","?","R","M","E","T","?","R","R","M","?","R","B","M","M","?","$","R","M","R","$","?","B",null],"character_chosen":"THE_SERVANT","items_purchased":["AT_ChloranthyRing","DoctorsRemote","MurderousAura","Apotheosis+1","Lantern","Replay:Bandana","Strawberry","TheBattery","testmod-Justice","Simple Rune","AT_ArchangelStaff","FairyPotion","Lee\u0027s Waffle","SalivaCoin","Orichalcum","Replay:Baseball","testmod-TurbochargingSystem","PrismaticShard"],"campfire_rested":2,"item_purchase_floors":[0,0,0,22,22,22,22,54,54,54,54,54,58,58,58,58,58,58],"current_hp_per_floor":[37,21,21,21,16,7,7,7,7,7,7,19,19,42,42,36,65,65,65,63,44,51,51,47,66,66,46,46,36,36,48,48,48,72,70,70,45,43,28,49,49,54,54,54,54,54,54,39,60,72,58,66,66,72,72,73,73,80,80,80],"gold":1249,"neow_bonus":"","is_daily":false,"chose_seed":false,"campfire_upgraded":10,"win_rate":0.0,"timestamp":1611488425,"path_taken":["M","?","?","$","M","E","?","E","T","E","R","?","R","?","R","BOSS","M","?","M","?","?","R","E","?","T","M","R","E","R","M","R","BOSS","M","COS","M","?","?","R","?","E","T","?","R","R","M","?","R","BOSS","M","M","?","$","R","M","R","$","?","BOSS"],"items_purchased_type":["Relic","Relic","Card","Card","Relic","Relic","Relic","Relic","Relic","Relic","Relic","Potion","Relic","Relic","Relic","Relic","Relic","Relic"],"build_version":"2020-12-22","purchased_purges":5,"victory":true,"max_hp_per_floor":[65,65,65,65,65,65,65,65,65,65,65,65,65,65,65,65,65,65,65,65,65,72,72,72,72,72,72,72,72,72,72,72,72,72,72,72,72,72,72,72,72,72,72,72,72,72,72,72,72,72,72,72,72,72,72,73,73,80,80,80],"card_choices":[{"not_picked":["InstantArmor","WasteNot"],"picked":"BottledTime","floor":1.0},{"not_picked":["Revamp","Unruled"],"picked":"MurderousAura","floor":3.0},{"not_picked":["InstantArmor","Shuttle"],"picked":"Moonlight","floor":5.0},{"not_picked":["Alleviate","ShatteredReality","Snipe"],"picked":"SKIP","floor":6.0},{"not_picked":["Sabotage","Revamp"],"picked":"BottledTime","floor":7.0},{"not_picked":["GearUp","DoubleEdge"],"picked":"Comet","floor":8.0},{"not_picked":["Orbit","ShatteredReality"],"picked":"KillingDoll","floor":10.0},{"not_picked":["Reset","Revamp","Alleviate"],"picked":"SKIP","floor":12.0},{"not_picked":["Ricochet","Rewind","Defy"],"picked":"SKIP","floor":14.0},{"not_picked":["Deny","Initiator"],"picked":"LightFlow","floor":16.0},{"not_picked":["Revamp","Manipulate+1"],"picked":"SurpressingFire","floor":18.0},{"not_picked":["Potential","ShatteredReality"],"picked":"GearUp+1","floor":20.0},{"not_picked":["Replace","Rewind","Moonlight+1"],"picked":"SKIP","floor":21.0},{"not_picked":["Potential+1","Revamp"],"picked":"StarChef+1","floor":24.0},{"not_picked":["Rewind","Orbit","Shuttle"],"picked":"SKIP","floor":27.0},{"not_picked":["RealityMarble+1","Potential+1"],"picked":"Solidify","floor":29.0},{"not_picked":["Shuttle","SpecialFormula"],"picked":"Luminosity","floor":31.0},{"not_picked":["FloweringNight","TrueSight"],"picked":"FlawlessForm","floor":33.0},{"not_picked":["ShiftingGears+1","FanOfKnives+1"],"picked":"Starlight+1","floor":35.0},{"not_picked":["Replace","ShatteredReality+1","Potential"],"picked":"SKIP","floor":37.0},{"not_picked":["Defy+1","Gouge+1","InstantArmor+1"],"picked":"SKIP","floor":41.0},{"not_picked":["DoubleEdge+1","RealityMarble"],"picked":"Rearm+1","floor":42.0},{"not_picked":["Replace","Rewind","Revamp"],"picked":"SKIP","floor":47.0},{"not_picked":["Comet","Starlight+1","Spin"],"picked":"SKIP","floor":51},{"not_picked":["Starlight","Replace+1","Snipe"],"picked":"SKIP","floor":51},{"not_picked":["Ricochet+1","Replace"],"picked":"SilverBlades","floor":52},{"not_picked":["Collapse+1","DoubleEdge","FastForward"],"picked":"SKIP","floor":52},{"not_picked":["Moondial+1","Alleviate+1"],"picked":"TheWorld","floor":56},{"not_picked":["BottledTime+1","ReturningBlade","Gouge+1"],"picked":"SKIP","floor":56}],"player_experience":665024,"relics_obtained":[{"floor":6.0,"key":"SteamSale"},{"floor":7.0,"key":"Bag of Marbles"},{"floor":8.0,"key":"BookofShadows"},{"floor":9.0,"key":"Blue Doll"},{"floor":10.0,"key":"Meat on the Bone"},{"floor":24.0,"key":"Nunchaku"},{"floor":26.0,"key":"MealTicket"},{"floor":29.0,"key":"AT_BellDemon"},{"floor":31.0,"key":"Vajra"},{"floor":33.0,"key":"AT_RedTearstoneRing"},{"floor":35.0,"key":"StrikeDummy"},{"floor":37.0,"key":"Toy Ornithopter"},{"floor":38.0,"key":"PaperSwan"},{"floor":38.0,"key":"Anchor"},{"floor":41.0,"key":"jedi:crownofsimplicity"},{"floor":42.0,"key":"AT_EbonyIvory"},{"floor":42.0,"key":"Boot"},{"floor":44.0,"key":"Ring of Greed"},{"floor":44.0,"key":"Membership Card"},{"floor":44.0,"key":"Tiny Chest"},{"floor":44.0,"key":"Ring of Peace"},{"floor":47.0,"key":"ReplayFunnel"},{"floor":51,"key":"Replay:Rubber Ducky"},{"floor":51,"key":"paleoftheancients:SoulOfTheSilent"},{"floor":52,"key":"paleoftheancients:SoulOfTheCollector"},{"floor":56,"key":"paleoftheancients:SoulOfTheDefect"}],"event_choices":[{"damage_healed":0,"gold_gain":0,"player_choice":"Leave","damage_taken":0,"max_hp_gain":0,"max_hp_loss":0,"event_name":"conspire:Investor","floor":53,"gold_loss":0}],"is_beta":false,"boss_relics":[{"not_picked":["testmod-BatchProcessingSystem","testmod-SaigiyounoYou"],"picked":"vexMod:TanglingVine"},{"not_picked":[]},{"not_picked":["Replay:Bronze Core","StoneMask"],"picked":"Astrolabe"},{"not_picked":[]}],"items_purged_floors":[0,4,22,54,58],"is_endless":false,"potions_floor_spawned":[5,10,12,14,20,24,27,33,38,41,42,47,56],"ascension_level":1}}