{"host":"ebj6lkgm8suah319","time":1611531724,"event":{"mods":["2.2 Compatiblity","AchievementEnabler","BaseMod","Block Reminder","Colored Map","Colored Powertips","Minty Spire (QoL Compilation)","Quick Restart","Rare Cards Sparkle","Relic Stats","SuperFastMode"],"gold_per_floor":[359,359,372,13,27,60,75,30,30,50,50,50,50],"floor_reached":12,"language":"ENG","playtime":275,"items_purged":["Decay"],"score":160,"play_id":"8857248d-700a-45a1-ae65-f3d205129eb4","local_time":"20210124184204","is_ascension_mode":true,"campfire_choices":[],"circlet_count":0,"master_deck":["AscendersBane","Strike_R","Strike_R","Strike_R","Strike_R","Strike_R","Defend_R+1","Defend_R+1","Defend_R","Defend_R","Bash","Clothesline","Anger","Spot Weakness","Perfected Strike","TalkToTheHand","Perfected Strike"],"relics":["Burning Blood","PrismaticShard","Mummified Hand","White Beast Statue","Golden Idol"],"acts_visited":["Exordium"],"potions_floor_usage":[6,6,12],"damage_taken":[{"damage":14,"enemies":"Cultist","floor":1,"turns":4},{"damage":14,"enemies":"Small Slimes","floor":3,"turns":4},{"damage":0,"enemies":"2 Louse","floor":5,"turns":3},{"damage":17,"enemies":"3 Sentries","floor":6,"turns":6},{"damage":11,"enemies":"2 Fungi Beasts","floor":7,"turns":4},{"damage":6,"enemies":"Looter","floor":10,"turns":3},{"damage":23,"enemies":"Lagavulin","floor":12,"turns":4}],"seed_played":"-7597298916723659319","potions_obtained":[{"floor":3,"key":"Block Potion"},{"floor":5,"key":"DuplicationPotion"},{"floor":6,"key":"SteroidPotion"},{"floor":10,"key":"Dexterity Potion"}],"is_trial":false,"path_per_floor":["M","?","M","$","M","E","M","?","T","M","?","E"],"character_chosen":"IRONCLAD","items_purchased":["PrismaticShard","Spot Weakness","Perfected Strike"],"campfire_rested":0,"item_purchase_floors":[4,4,4],"current_hp_per_floor":[60,37,29,29,35,24,19,19,19,19,19,0,0],"gold":50,"neow_bonus":"TWO_FIFTY_GOLD","is_daily":false,"chose_seed":false,"campfire_upgraded":0,"win_rate":0.0,"timestamp":1611531724,"path_taken":["M","?","M","$","M","E","M","?","T","M","?","E"],"items_purchased_type":["Relic","Card","Card"],"build_version":"2020-12-22","purchased_purges":1,"victory":false,"max_hp_per_floor":[75,75,75,75,75,75,75,75,75,75,68,68,68],"relic_stats":{"counters":[7,28],"Mummified Hand":[0],"Golden Idol":0,"obtain_stats":[{"Mummified Hand":6,"Golden Idol":11,"PrismaticShard":4,"Burning Blood":0,"White Beast Statue":9},{"Mummified Hand":4,"Golden Idol":6,"PrismaticShard":2,"Burning Blood":0,"White Beast Statue":5},{"Mummified Hand":17,"Golden Idol":24,"PrismaticShard":8,"Burning Blood":0,"White Beast Statue":21}],"Burning Blood":36},"card_choices":[{"not_picked":["Searing Blow","Armaments"],"picked":"Clothesline","floor":1},{"not_picked":["Searing Blow","Reckless Charge"],"picked":"Anger","floor":3},{"not_picked":["CutThroughFate","EmptyFist"],"picked":"TalkToTheHand","floor":5},{"not_picked":["Clothesline","WreathOfFlame","Armaments"],"picked":"SKIP","floor":6},{"not_picked":["EmptyBody","Hologram","Twin Strike"],"picked":"SKIP","floor":7},{"not_picked":["Prepared","Distraction"],"picked":"Perfected Strike","floor":10}],"player_experience":76610,"relics_obtained":[{"floor":6,"key":"Mummified Hand"},{"floor":9,"key":"White Beast Statue"}],"event_choices":[{"damage_healed":0,"gold_gain":0,"player_choice":"Entered Light","damage_taken":23,"max_hp_gain":0,"max_hp_loss":0,"event_name":"Shining Light","floor":2,"gold_loss":0,"cards_upgraded":["Defend_R","Defend_R"]},{"damage_healed":0,"gold_gain":0,"player_choice":"Left Gold","damage_taken":0,"max_hp_gain":0,"max_hp_loss":0,"event_name":"World of Goop","floor":8,"gold_loss":45},{"damage_healed":0,"gold_gain":0,"player_choice":"Lose Max HP","damage_taken":0,"relics_obtained":["Golden Idol"],"max_hp_gain":0,"max_hp_loss":7,"event_name":"Golden Idol","floor":11,"gold_loss":0}],"is_beta":false,"boss_relics":[],"items_purged_floors":[4],"is_endless":false,"potions_floor_spawned":[3,5,6,10],"killed_by":"Lagavulin","ascension_level":20}}