{"host":"nh70f3bv2bgakzh3","time":1611475144,"event":{"mods":["BaseMod","Downfall","Minty Spire (QoL Compilation)","StSLib","The Construct","The Mystic"],"gold_per_floor":[99,111,121,140,45,60,84,101,101,201,214,214,214,232,243,243,243,243],"floor_reached":16,"language":"ENG","playtime":1550,"items_purged":[],"score":96,"play_id":"e14350a8-047b-4b70-8ce1-da242e49b9f8","local_time":"20210124025904","is_ascension_mode":false,"campfire_choices":[{"data":"bronze:Replicate","floor":1,"key":"SMITH"},{"data":"bronze:ClassDefault","floor":9,"key":"SMITH"}],"circlet_count":0,"master_deck":["bronze:Strike","bronze:Defend","bronze:Defend","bronze:Defend","bronze:Defend","bronze:Replicate+1","bronze:Goto","bronze:BitShift","bronze:Frontload","bronze:Shell","bronze:Branch","bronze:ClassDefault+1","bronze:DelayedSlice","bronze:ForLoop","bronze:ForLoop","bronze:BronzeOrb","bronze:Branch"],"relics":["bronze:BronzeCore","Regal Pillow","Gremlin Horn"],"acts_visited":["Exordium"],"potions_floor_usage":[],"damage_taken":[{"damage":9,"enemies":"Cultist","floor":2,"turns":4},{"damage":4,"enemies":"2 Louse","floor":3,"turns":3},{"damage":0,"enemies":"Jaw Worm","floor":4,"turns":4},{"damage":0,"enemies":"downfall:FleeingMerchant","floor":5,"turns":4},{"damage":9,"enemies":"Exordium Wildlife","floor":6,"turns":5},{"damage":11,"enemies":"Exordium Thugs","floor":8,"turns":6},{"damage":6,"enemies":"downfall:Heads","floor":10,"turns":5},{"damage":12,"enemies":"Blue Slaver","floor":11,"turns":3},{"damage":0,"enemies":"Gremlin Gang","floor":14,"turns":4},{"damage":0,"enemies":"3 Louse","floor":15,"turns":4},{"damage":34,"enemies":"SI_SHIV_ARCHETYPE","floor":16,"turns":8}],"seed_played":"2892069204504922540","potions_obtained":[{"floor":6,"key":"Fire Potion"},{"floor":8,"key":"PowerPotion"},{"floor":10,"key":"DuplicationPotion"},{"floor":11,"key":"Energy Potion"}],"is_trial":false,"path_per_floor":["R","M","M","M","$","M","T","M","R","?","M","?","T","M","M","B"],"character_chosen":"THE_AUTOMATON","items_purchased":["bronze:ClassDefault"],"campfire_rested":0,"item_purchase_floors":[5],"current_hp_per_floor":[77,68,64,64,64,55,55,44,44,38,26,26,26,26,26,0,0,0],"gold":243,"neow_bonus":"TEN_PERCENT_HP_BONUS","is_daily":false,"chose_seed":false,"campfire_upgraded":2,"win_rate":0.0,"timestamp":1611475144,"path_taken":["R","M","M","M","?","M","T","M","R","?","M","?","?","?","M","BOSS"],"items_purchased_type":["Card"],"build_version":"2020-12-22","purchased_purges":0,"victory":false,"max_hp_per_floor":[77,77,77,77,77,77,77,77,77,77,77,77,77,77,77,77,77,77],"card_choices":[{"not_picked":["bronze:BuggyMess","bronze:Allocate"],"picked":"bronze:BitShift","floor":2},{"not_picked":["bronze:Deprecate","bronze:BugBarrage"],"picked":"bronze:Frontload","floor":3},{"not_picked":["bronze:Turbo","bronze:WhirlingStrike"],"picked":"bronze:Shell","floor":4},{"not_picked":["bronze:Shield","bronze:FineTuning"],"picked":"bronze:Branch","floor":5},{"not_picked":["bronze:Overheat","bronze:DigitalCarnage"],"picked":"bronze:DelayedSlice","floor":6},{"not_picked":["bronze:BugBarrage","bronze:CutThrough"],"picked":"bronze:ForLoop","floor":8},{"not_picked":["bronze:BuggyMess","bronze:Turbo"],"picked":"bronze:BronzeOrb","floor":11},{"not_picked":["bronze:Invalidate","bronze:FindAndReplace"],"picked":"bronze:Branch","floor":14},{"not_picked":["bronze:DarkDash","bronze:OilSpill","bronze:BuggyMess"],"picked":"SKIP","floor":15}],"player_experience":57420,"relics_obtained":[{"floor":7,"key":"Regal Pillow"},{"floor":13,"key":"Gremlin Horn"}],"event_choices":[],"is_beta":false,"boss_relics":[],"items_purged_floors":[],"is_endless":false,"potions_floor_spawned":[6,8,10,11],"killed_by":"SI_SHIV_ARCHETYPE","ascension_level":0}}