{"host":"zk6vb2npgw3pu6j2","time":1611456476,"event":{"mods":["Act Like it!","Aspiration","Bard","BaseMod","Beaked The Cultist","Bestiary","Better Note","Better Sensory Stone","CapriCore","Conspire","Downfall","Friendly Minions","Gensokyo","GifTheSpireLib","Hallownest","Hermit","Hubris","Koishi","Marisa????????","Marked Mod","Minty Spire (QoL Compilation)","Quarter Circle Forward PUNCH!","Reimu??????","Replay The Spire","Retaliation","StSLib","The Administrix","The Alterego","The Blue Laboratory","The Bug Knight","The Construct","The Exalted","The Hierophant","The Immortal","The Marked","The Runesmith","The Senshi","The Servant 0.9.4","The Wild Card","TheVacant","Wandering Minibosses","yUi"],"gold_per_floor":[99,115,131,116,116,129,129,229,241,258,12,40,53,64,80,184,184,84,98,117,117,117,144,167,180,195,215,115,115,115,131,148,243,243,243,243,257,257,269,284,284,184,217,43,55,72,72,87,98,98,98,98],"floor_reached":50,"language":"ENG","playtime":3661,"items_purged":["hexamod:Defend"],"score":604,"play_id":"a480a0a7-494a-4bc3-a47a-b27e2b0dadfb","local_time":"20210123214756","is_ascension_mode":false,"campfire_choices":[{"floor":1,"key":"RECALL"},{"data":"hexamod:Strike","floor":18,"key":"PURGE"},{"floor":28,"key":"REST"},{"data":"hexamod:ForkedFlame","floor":30,"key":"SMITH"},{"data":"hexamod:ForkedFlame","floor":35,"key":"SMITH"},{"floor":42,"key":"REST"},{"floor":47,"key":"REST"}],"circlet_count":0,"master_deck":["hexamod:Defend","hexamod:Defend","hexamod:Defend","hexamod:Sear","hexamod:Float","hexamod:Toasty","hexamod:SwordOfDarkness","hexamod:RadiantFlame+1","hexamod:ThirdSeal","hexamod:SpectralSpark","hexamod:NightmareGuise","hexamod:ThermalTransfer","hexamod:TimeWarp+1","hexamod:GhostflameBarrier","hexamod:ForkedFlame+1","hexamod:FirstSeal","hexamod:FlamesFromBeyond","hexamod:FourthSeal","hexamod:RadiantFlame","hexamod:ForkedFlame","hexamod:Incineration","hexamod:StepThrough","hexamod:FlamesFromBeyond","hexamod:ForkedFlame+1","hexamod:SearingWound","hexamod:ChargedBarrage","hexamod:RadiantFlame","hexamod:HeatShield","hexamod:GhostflameInferno","hexamod:EmpoweredFlame","hexamod:ExtraCrispy","hexamod:CatchUp","Panacea","hexamod:NightmareStrike+1","hexamod:AdvancingGuard+1","hexamod:WildfireWeapon","hexamod:ForkedFlame","expansioncontent:Chronoboost","hexamod:SpectersWail+1"],"relics":["hexamod:SpiritBrand","conspire:Dentures","Potion Belt","qcfpunch:Wrestler\u0027s_Cloak","aspiration:AnachronicSnailShell","SlaversCollar","downfall:HeartBlessingRed","hubris:DeckOfHolding","Guardian:PocketSentry","downfall:HeartBlessingGreen","aspiration:SilentSkillbook","downfall:HeartBlessingBlue","Strawberry"],"acts_visited":["Exordium","TheCity","TheBeyond"],"potions_floor_usage":[8,12,13,16,23,25,27,43,43,49,49],"damage_taken":[{"damage":1,"enemies":"Cultist","floor":2,"turns":3},{"damage":2,"enemies":"Jaw Worm","floor":3,"turns":4},{"damage":0,"enemies":"downfall:FleeingMerchant","floor":4,"turns":4},{"damage":0,"enemies":"2 Louse","floor":6,"turns":2},{"damage":45,"enemies":"downfall:LadyInBlue","floor":8,"turns":12},{"damage":2,"enemies":"Blue Slaver","floor":9,"turns":3},{"damage":1,"enemies":"Red Slaver","floor":10,"turns":4},{"damage":0,"enemies":"downfall:FleeingMerchant","floor":11,"turns":4},{"damage":13,"enemies":"Lagavulin","floor":12,"turns":6},{"damage":3,"enemies":"Exordium Thugs","floor":13,"turns":3},{"damage":6,"enemies":"3 Louse","floor":14,"turns":4},{"damage":0,"enemies":"Large Slime","floor":15,"turns":4},{"damage":8,"enemies":"SI_SHIV_ARCHETYPE","floor":16,"turns":6},{"damage":0,"enemies":"Spheric Guardian","floor":19,"turns":3},{"damage":1,"enemies":"Shell Parasite","floor":20,"turns":3},{"damage":21,"enemies":"Gremlin Leader","floor":23,"turns":8},{"damage":8,"enemies":"3 Cultists","floor":25,"turns":3},{"damage":1,"enemies":"Snecko","floor":26,"turns":3},{"damage":20,"enemies":"Centurion and Healer","floor":27,"turns":5},{"damage":4,"enemies":"Chosen and Byrds","floor":31,"turns":4},{"damage":9,"enemies":"Snake Plant","floor":32,"turns":5},{"damage":15,"enemies":"IC_MUSHROOM_ARCHETYPE","floor":33,"turns":6},{"damage":38,"enemies":"3 Shapes","floor":37,"turns":4},{"damage":5,"enemies":"Orb Walker","floor":39,"turns":3},{"damage":21,"enemies":"3 Darklings","floor":40,"turns":6},{"damage":4,"enemies":"Giant Head","floor":43,"turns":7},{"damage":5,"enemies":"downfall:FleeingMerchant","floor":44,"turns":4},{"damage":25,"enemies":"Jaw Worm Horde","floor":45,"turns":6},{"damage":17,"enemies":"4 Shapes","floor":46,"turns":5},{"damage":23,"enemies":"Spire Growth","floor":48,"turns":6},{"damage":9,"enemies":"Writhing Mass","floor":49,"turns":6},{"damage":26,"enemies":"DF_ARCHETYPE_ORBS","floor":50,"turns":2}],"seed_played":"1956328249618827698","potions_obtained":[{"floor":6,"key":"Block Potion"},{"floor":8,"key":"blueLaboratory:BubblePotion"},{"floor":8,"key":"SpeedPotion"},{"floor":8,"key":"champ:CounterPotion"},{"floor":9,"key":"blueLaboratory:BubblePotion"},{"floor":10,"key":"blueLaboratory:BottleOfRum"},{"floor":12,"key":"blueLaboratory:RecallPotion"},{"floor":13,"key":"Death Potion"},{"floor":19,"key":"MagicPotion:ReiMu"},{"floor":23,"key":"champ:CounterPotion"},{"floor":26,"key":"sneckomod:MuddlingPotion"},{"floor":27,"key":"blueLaboratory:ImpenetrablePotion"},{"floor":43,"key":"Milkshake"},{"floor":45,"key":"ColorlessPotion"},{"floor":48,"key":"blueLaboratory:EmptyBottle"}],"is_trial":false,"path_per_floor":["R","M","M","$","?","M","T","?","M","M","$","E","M","M","M","B",null,"R","M","M","?","?","E","T","M","M","M","R","?","R","M","M","B",null,"R","?","M","?","M","M","T","R","E","$","M","M","R","M","M","B"],"character_chosen":"THE_SPIRIT","items_purchased":["qcfpunch:Wrestler\u0027s_Cloak","hexamod:FourthSeal","expansioncontent:Chronoboost"],"campfire_rested":3,"item_purchase_floors":[11,11,44],"current_hp_per_floor":[70,69,67,67,67,67,67,22,20,19,26,20,24,25,32,24,70,70,70,70,70,62,48,48,40,46,33,54,54,54,57,55,40,70,70,70,32,32,34,20,20,54,64,59,34,17,43,27,25,0,0,0],"gold":98,"neow_bonus":"ONE_RANDOM_RARE_CARD","is_daily":false,"chose_seed":false,"campfire_upgraded":2,"win_rate":0.0,"timestamp":1611456476,"path_taken":["R","M","M","?","?","M","T","?","?","M","?","E","M","M","M","BOSS","R","M","M","?","?","E","T","M","M","?","R","?","R","M","M","BOSS","R","?","M","?","M","M","T","R","E","$","M","?","R","M","M","BOSS"],"items_purchased_type":["Relic","Card","Card"],"build_version":"2020-12-22","purchased_purges":1,"victory":false,"max_hp_per_floor":[70,70,70,70,70,70,70,70,70,70,70,70,70,70,70,70,70,70,70,70,70,70,70,70,70,70,70,70,70,70,70,70,70,70,70,70,70,70,70,70,70,80,87,87,87,87,87,87,87,87,87,87],"card_choices":[{"not_picked":["hexamod:GhostShield","hexamod:RetreatToShadows"],"picked":"hexamod:SwordOfDarkness","floor":2},{"not_picked":["hexamod:InspiringFlames","hexamod:EmpoweredFlame"],"picked":"hexamod:RadiantFlame","floor":3},{"not_picked":["hexamod:HauntingEcho","hexamod:GhostShield"],"picked":"hexamod:ThirdSeal","floor":4},{"not_picked":["hexamod:ThermalTransfer","hexamod:Firestarter"],"picked":"hexamod:SpectralSpark","floor":6},{"not_picked":["hexamod:FastForward","hexamod:CatchUp"],"picked":"hexamod:NightmareGuise","floor":8},{"not_picked":["hexamod:ShieldOfDarkness","hexamod:FastForward"],"picked":"hexamod:ThermalTransfer","floor":8},{"not_picked":["hexamod:GhostOfSpireFuture","hexamod:GhostflameBarrier"],"picked":"hexamod:TimeWarp","floor":8},{"not_picked":["hexamod:NightmareGuise","hexamod:BurningTouch"],"picked":"hexamod:GhostflameBarrier","floor":9},{"not_picked":["hexamod:SwordOfDarkness","hexamod:AdvancingGuard"],"picked":"hexamod:ForkedFlame","floor":10},{"not_picked":["hexamod:GhostOfSpireFuture","hexamod:ThermalTransfer"],"picked":"hexamod:FirstSeal","floor":10},{"not_picked":["hexamod:BurningTouch","hexamod:BacktrackSmack"],"picked":"hexamod:FlamesFromBeyond","floor":11},{"not_picked":["hexamod:GhostOfSpirePast","hexamod:Firestarter"],"picked":"hexamod:RadiantFlame","floor":12},{"not_picked":["hexamod:FirstSeal","hexamod:ThirdSeal"],"picked":"hexamod:ForkedFlame","floor":12},{"not_picked":["hexamod:InspiringFlames","hexamod:BurningTouch"],"picked":"hexamod:Incineration","floor":13},{"not_picked":["hexamod:Firestarter","hexamod:InspiringFlames","hexamod:ThermalTransfer"],"picked":"SKIP","floor":13},{"not_picked":["hexamod:GhostShield","hexamod:HauntingEcho"],"picked":"hexamod:StepThrough","floor":14},{"not_picked":["hexamod:Firestarter","hexamod:BacktrackSmack"],"picked":"hexamod:FlamesFromBeyond","floor":15},{"not_picked":["hexamod:ParanormalForm","hexamod:HexaLevel"],"picked":"hexamod:ForkedFlame","floor":16},{"not_picked":["hexamod:ForkedFlame","hexamod:ParanormalForm"],"picked":"hexamod:SearingWound","floor":16},{"not_picked":["hexamod:NightmareGuise","hexamod:GhostShield+1"],"picked":"hexamod:ChargedBarrage","floor":19},{"not_picked":["hexamod:SuperheatedStrike","hexamod:Firestarter+1"],"picked":"hexamod:RadiantFlame","floor":20},{"not_picked":["hexamod:Hexaguard","hexamod:InspiringFlames+1"],"picked":"hexamod:HeatShield","floor":23},{"not_picked":["hexamod:GhostShield","hexamod:GhostOfSpirePast"],"picked":"hexamod:GhostflameInferno","floor":23},{"not_picked":["hexamod:PhantomCloak+1","hexamod:ThermalTransfer","hexamod:SwordOfDarkness"],"picked":"SKIP","floor":25},{"not_picked":["hexamod:BacktrackSmack","hexamod:SwordOfDarkness"],"picked":"hexamod:EmpoweredFlame","floor":26},{"not_picked":["hexamod:EtherealExpedition","hexamod:SkipABeat"],"picked":"hexamod:ExtraCrispy","floor":26},{"not_picked":["hexamod:HeatMetal","hexamod:HeatCrush","hexamod:BacktrackSmack+1"],"picked":"SKIP","floor":27},{"not_picked":["hexamod:SkipABeat","hexamod:Incineration+1"],"picked":"hexamod:NightmareStrike+1","floor":31},{"not_picked":["hexamod:EtherealExpedition","hexamod:FastForward"],"picked":"hexamod:AdvancingGuard+1","floor":32},{"not_picked":["hexamod:TimeWarp","hexamod:UnleashSpirits"],"picked":"hexamod:WildfireWeapon","floor":33},{"not_picked":["hexamod:ParanormalForm","hexamod:UnleashSpirits"],"picked":"hexamod:ForkedFlame","floor":33},{"not_picked":["Sucker Punch","Backstab","hubris:Sniper+1","Replay:Poison Smokescreen"],"picked":"SKIP","floor":37},{"not_picked":["ReplayTheSpireMod:Speed Training+1","Bane+1","Blur","ReplayTheSpireMod:Tripwire+1"],"picked":"SKIP","floor":39},{"not_picked":["hexamod:GhostShield+1","ReplayTheSpireMod:Scrap Shanks+1","Deadly Poison","Choke"],"picked":"SKIP","floor":40},{"not_picked":["Flying Knee+1","Poisoned Stab","Prepared","hexamod:GhostflameBarrier+1"],"picked":"SKIP","floor":43},{"not_picked":["hexamod:TimeOfNeed","Unload","hexamod:BurningTouch","hexamod:ThermalTransfer"],"picked":"SKIP","floor":44},{"not_picked":["Backflip+1","Flying Knee","Dagger Throw","Calculated Gamble+1"],"picked":"SKIP","floor":45},{"not_picked":["hexamod:ParanormalForm","hexamod:BacktrackSmack","hexamod:NightmareStrike","Dagger Throw+1"],"picked":"SKIP","floor":46},{"not_picked":["hexamod:FastForward+1","hexamod:DynamicBlow","Blur","Slice"],"picked":"SKIP","floor":48},{"not_picked":["Dodge and Roll","Quick Slash+1","Bane+1"],"picked":"hexamod:SpectersWail+1","floor":49}],"player_experience":271749,"relics_obtained":[{"floor":7,"key":"conspire:Dentures"},{"floor":8,"key":"Potion Belt"},{"floor":12,"key":"aspiration:AnachronicSnailShell"},{"floor":23,"key":"hubris:DeckOfHolding"},{"floor":24,"key":"Guardian:PocketSentry"},{"floor":43,"key":"Strawberry"}],"event_choices":[{"damage_healed":0,"gold_gain":0,"player_choice":"Grow","damage_taken":0,"max_hp_gain":0,"max_hp_loss":0,"event_name":"Living Wall","floor":5,"gold_loss":0,"cards_upgraded":["hexamod:RadiantFlame"]},{"cards_removed":["hexamod:Strike"],"damage_healed":0,"gold_gain":0,"player_choice":"Offered Basic","damage_taken":0,"max_hp_gain":0,"max_hp_loss":0,"event_name":"Bonfire Elementals","floor":21,"gold_loss":0}],"is_beta":false,"boss_relics":[{"not_picked":["Cursed Key","qcfpunch:Crimson_Sash"],"picked":"SlaversCollar"},{"not_picked":["Runesmith:UraniumAnvil","Honey Jar"],"picked":"aspiration:SilentSkillbook"}],"items_purged_floors":[44],"is_endless":false,"potions_floor_spawned":[6,9,10,12,13,14,19,20,26,31,37,43,45,48],"killed_by":"DF_ARCHETYPE_ORBS","ascension_level":0}}