{"host":"gudagy66iu284b8o","time":1611457171,"event":{"mods":["Aspiration","BaseMod","Colored Powertips","Downfall","Highlight Path","Marisa£®ÏF”Í°°ƒß¿Ì…≥£©","Minty Spire (QoL Compilation)","Remilia£®¿Ÿ√◊¿Ú—«£©","Replay The Spire","StSLib","WarShipGirlsR/’ΩΩ¢…Ÿ≈ÆR mod","Youmu£®ªÍ∆«—˝√Œ£©","Yuri Mod"],"gold_per_floor":[99,113,124,124,142,142,142,132,144,154,154,172,12,46,57,155,155,155,167,178,178,178,190,190,190,202,212,212,222,52,65,65,65],"floor_reached":32,"language":"ZHS","playtime":1650,"items_purged":[],"score":248,"play_id":"6c6be0b7-c9c6-4799-bbca-7e87df54d353","local_time":"20210124105931","is_ascension_mode":false,"campfire_choices":[{"data":"UpSweep","floor":1,"key":"SMITH"},{"data":"DC","floor":11,"key":"SMITH"},{"data":"Singularity","floor":18,"key":"SMITH"},{"data":"FinalSpark","floor":28,"key":"SMITH"}],"circlet_count":0,"master_deck":["Strike_MRS","Strike_MRS","Strike_MRS","Defend_MRS","Defend_MRS","MasterSpark","UpSweep+1","MagicChant+1","DC+1","FinalSpark","Singularity+1","SporeBomb","StarlightTyphoon","UltimateShortwave","CurseOfTheBell","PowerUp+1","PowerUp","MilkyWay+1","FinalSpark+1","WitchLeyline+1","PulseMagic+1","SporeBomb","Singularity+1"],"relics":["MiniHakkero","Lee\u0027s Waffle","Snack Pack","Calling Bell","Vajra","Quantum Egg","SproutingBranch","Blood Vial"],"acts_visited":["Exordium","TheCity"],"potions_floor_usage":[],"damage_taken":[{"damage":6,"enemies":"Jaw Worm","floor":2,"turns":3},{"damage":5,"enemies":"Small Slimes","floor":3,"turns":4},{"damage":2,"enemies":"2 Louse","floor":5,"turns":2},{"damage":16,"enemies":"Lots of Slimes","floor":9,"turns":4},{"damage":4,"enemies":"2 Fungi Beasts","floor":10,"turns":2},{"damage":11,"enemies":"Large Slime","floor":12,"turns":3},{"damage":5,"enemies":"downfall:FleeingMerchant","floor":13,"turns":4},{"damage":26,"enemies":"Lagavulin","floor":14,"turns":4},{"damage":18,"enemies":"Gremlin Gang","floor":15,"turns":4},{"damage":40,"enemies":"SI_SHIV_ARCHETYPE","floor":16,"turns":5},{"damage":10,"enemies":"Spheric Guardian","floor":19,"turns":3},{"damage":17,"enemies":"3 Byrds","floor":20,"turns":4},{"damage":29,"enemies":"Cultist and Chosen","floor":23,"turns":5},{"damage":30,"enemies":"3 Cultists","floor":26,"turns":5},{"damage":39,"enemies":"Shelled Parasite and Fungi","floor":27,"turns":5},{"damage":32,"enemies":"Sentry and Sphere","floor":29,"turns":5},{"damage":10,"enemies":"downfall:FleeingMerchant","floor":30,"turns":4},{"damage":25,"enemies":"Snake Plant","floor":31,"turns":3},{"damage":21,"enemies":"Centurion and Healer","floor":32,"turns":2}],"seed_played":"1574188591495138945","potions_obtained":[{"floor":5,"key":"champ:CounterPotion"},{"floor":10,"key":"ShroomBrew"},{"floor":12,"key":"Strength Potion"},{"floor":19,"key":"Strength Potion"}],"is_trial":false,"path_per_floor":["R","M","M","?","M","?","T","?","M","M","R","M","$","E","M","B",null,"R","M","M","?","?","M","T","?","M","M","R","M","$","M","M"],"character_chosen":"MARISA","items_purchased":["Lee\u0027s Waffle","Blood Vial"],"campfire_rested":0,"item_purchase_floors":[13,30],"current_hp_per_floor":[82,76,71,71,69,69,69,69,53,49,49,38,89,63,47,13,89,89,81,80,80,80,65,65,65,51,28,28,12,18,4,0,0],"gold":65,"neow_bonus":"TEN_PERCENT_HP_BONUS","is_daily":false,"chose_seed":false,"campfire_upgraded":4,"win_rate":0.0,"timestamp":1611457171,"path_taken":["R","M","M","?","M","?","T","?","M","M","R","?","$","E","M","BOSS","R","M","M","?","?","?","T","?","M","?","R","M","$","?","M"],"items_purchased_type":["Relic","Relic"],"build_version":"2020-12-22","purchased_purges":0,"victory":false,"max_hp_per_floor":[82,82,82,82,82,82,82,82,82,82,82,82,89,89,89,89,89,89,89,89,89,89,89,89,89,89,89,89,89,89,89,89,89],"card_choices":[{"not_picked":["6A","BlazeAway","UnstableBomb"],"picked":"SKIP","floor":2},{"not_picked":["JA","GalacticHalo"],"picked":"PowerUp","floor":3},{"not_picked":["ShootingEcho","MachineGunSpark"],"picked":"DC","floor":5},{"not_picked":["EnergyFlow","NonDirectionalLaser"],"picked":"FinalSpark","floor":9},{"not_picked":["DoubleSpark","EventHorizon","IllusionStar"],"picked":"SKIP","floor":10},{"not_picked":["WitchLeyline","OpenUniverse"],"picked":"Singularity","floor":12},{"not_picked":["SuperNova","WitchOfGreed"],"picked":"SporeBomb","floor":13},{"not_picked":["ShootTheMoon","NonDirectionalLaser","DeepEcoloBomb"],"picked":"SKIP","floor":14},{"not_picked":["DarkMatter","IllusionStar"],"picked":"StarlightTyphoon","floor":15},{"not_picked":["ManaRampage","BlazingStar"],"picked":"UltimateShortwave","floor":16},{"not_picked":["DoubleSpark","DragonMeteor+1"],"picked":"PowerUp+1","floor":19},{"not_picked":["6A","DeepEcoloBomb"],"picked":"PowerUp","floor":20},{"not_picked":["DC","WitchLeyline"],"picked":"MilkyWay+1","floor":23},{"not_picked":["MeteoricShower","GrandCross","DeepEcoloBomb"],"picked":"SKIP","floor":26},{"not_picked":["GalacticHalo","StarDustReverie"],"picked":"WitchLeyline+1","floor":27},{"not_picked":["AsteroidBelt","ShootingEcho"],"picked":"PulseMagic+1","floor":29},{"not_picked":["AbsoluteMagnitude","ShootingEcho"],"picked":"SporeBomb","floor":30},{"not_picked":["MilkyWay+1","SporeBomb"],"picked":"Singularity+1","floor":31}],"player_experience":8963,"relics_obtained":[{"floor":14,"key":"Snack Pack"},{"floor":17,"key":"Vajra"},{"floor":17,"key":"Quantum Egg"},{"floor":17,"key":"SproutingBranch"},{"floor":24,"key":"ReplayTheSpireMod:Shallot"}],"event_choices":[{"cards_removed":["Strike_MRS"],"damage_healed":0,"gold_gain":0,"player_choice":"Card Removal","damage_taken":0,"max_hp_gain":0,"max_hp_loss":0,"event_name":"The Cleric","floor":6,"gold_loss":0},{"cards_removed":["PowerUp"],"damage_healed":0,"gold_gain":0,"player_choice":"Elegance","damage_taken":0,"max_hp_gain":0,"max_hp_loss":0,"event_name":"Back to Basics","floor":21,"gold_loss":0},{"cards_removed":["Defend_MRS"],"damage_healed":0,"gold_gain":0,"player_choice":"Offered Basic","damage_taken":0,"max_hp_gain":0,"max_hp_loss":0,"event_name":"Bonfire Elementals","floor":22,"gold_loss":0}],"is_beta":false,"boss_relics":[{"not_picked":["aspiration:RunicSpoon","Runic Dome"],"picked":"Calling Bell"}],"items_purged_floors":[],"is_endless":false,"potions_floor_spawned":[5,10,12,19,20,27],"killed_by":"Centurion and Healer","ascension_level":0}}