{"host":"mydft8i2zzydgggw","time":1611513033,"event":{"mods":["AchievementEnabler","BaseMod","BetterRewards","Colored Map","Colored Powertips","DeckTracker","Keyboard Shortcuts","Minty Spire (QoL Compilation)","Rare Cards Sparkle","StSLib","SuperFastMode","everything is the same but u backflip on backflip"],"gold_per_floor":[110,129,149,149,161,188,188,199,253,108,133,148,178,178,178,281,281,301,281,281,36,56,56,66,66,120,68,94,94,105,134,134,134,134],"floor_reached":33,"language":"KOR","playtime":1122,"items_purged":["Strike_G","Defend_G"],"score":350,"play_id":"ca3fbcdc-6d27-4ace-93f5-e2b2cd0447d9","local_time":"20210125033033","is_ascension_mode":true,"campfire_choices":[{"data":"Neutralize","floor":7.0,"key":"SMITH"},{"data":"Prepared","floor":15.0,"key":"SMITH"},{"floor":23,"key":"REST"},{"data":"Acrobatics","floor":29,"key":"SMITH"},{"floor":32,"key":"REST"}],"circlet_count":0,"master_deck":["Strike_G","Strike_G+1","Defend_G","Defend_G","Defend_G","Defend_G","Survivor","Neutralize+1","Heel Hook","Bouncing Flask","Deflect","Dagger Spray","Quick Slash","Backflip","Grand Finale+1","Prepared+1","Venomology","Acrobatics+1","Backflip"],"relics":["Ring of the Snake","TungstenRod","Lantern","Whetstone","Sozu","CultistMask","TheAbacus","Omamori","Bag of Preparation","Question Card"],"acts_visited":["Exordium","TheCity"],"potions_floor_usage":[31],"damage_taken":[{"damage":0.0,"enemies":"Cultist","floor":1.0,"turns":4.0},{"damage":2.0,"enemies":"Jaw Worm","floor":2.0,"turns":4.0},{"damage":4.0,"enemies":"Small Slimes","floor":3.0,"turns":3.0},{"damage":9.0,"enemies":"Exordium Thugs","floor":5.0,"turns":4.0},{"damage":30.0,"enemies":"Lagavulin","floor":6.0,"turns":7.0},{"damage":0.0,"enemies":"Exordium Wildlife","floor":8.0,"turns":3.0},{"damage":0.0,"enemies":"3 Louse","floor":12.0,"turns":4.0},{"damage":0.0,"enemies":"Large Slime","floor":14.0,"turns":1.0},{"damage":1.0,"enemies":"Hexaghost","floor":16.0,"turns":9.0},{"damage":7.0,"enemies":"Chosen","floor":18.0,"turns":6.0},{"damage":4.0,"enemies":"2 Thieves","floor":19.0,"turns":4.0},{"damage":17,"enemies":"Snake Plant","floor":22,"turns":5},{"damage":14,"enemies":"Sentry and Sphere","floor":24,"turns":6},{"damage":4,"enemies":"Snecko","floor":30,"turns":5},{"damage":5,"enemies":"Book of Stabbing","floor":31,"turns":7},{"damage":48,"enemies":"Champ","floor":33,"turns":9}],"seed_played":"-6977439692396439132","potions_obtained":[{"floor":1.0,"key":"SkillPotion"},{"floor":4.0,"key":"CunningPotion"},{"floor":4.0,"key":"SmokeBomb"},{"floor":5.0,"key":"SneckoOil"},{"floor":8.0,"key":"FearPotion"},{"floor":16.0,"key":"Dexterity Potion"}],"is_trial":false,"path_per_floor":["M","M","M","?","M","E","R","M","T","$","T","M","?","M","R","B",null,"M","M","?","$","M","R","M","?","T","$","T","R","M","E","R","B"],"character_chosen":"THE_SILENT","items_purchased":["Grand Finale","TheAbacus","Backflip"],"campfire_rested":2,"item_purchase_floors":[10,21,27],"current_hp_per_floor":[63,61,57,57,48,18,18,18,18,18,18,18,18,18,18,17,57,50,46,46,46,29,50,36,36,36,36,36,36,32,27,48,0,0],"gold":134,"neow_bonus":"TRANSFORM_CARD","is_daily":false,"chose_seed":false,"campfire_upgraded":3,"win_rate":0.0,"timestamp":1611513033,"path_taken":["M","M","M","?","M","E","R","M","T","$","?","M","?","M","R","BOSS","M","M","?","$","?","R","M","?","T","?","?","R","M","E","R","BOSS"],"items_purchased_type":["Card","Relic","Card"],"build_version":"2020-12-22","purchased_purges":2,"victory":false,"max_hp_per_floor":[70,70,70,70,70,70,70,70,70,70,70,70,70,70,70,70,70,70,70,70,70,70,70,70,70,70,70,70,70,70,70,70,70,70],"card_choices":[{"not_picked":["All Out Attack","Calculated Gamble"],"picked":"Bouncing Flask","floor":1.0},{"not_picked":["Heel Hook","Bane","Slice"],"picked":"SKIP","floor":2.0},{"not_picked":["Bane","Caltrops"],"picked":"Deflect","floor":3.0},{"not_picked":["Predator","Flechettes"],"picked":"Dagger Spray","floor":5.0},{"not_picked":["Infinite Blades","Outmaneuver"],"picked":"Quick Slash","floor":6.0},{"not_picked":["Accuracy","Deadly Poison"],"picked":"Backflip","floor":8.0},{"not_picked":["Concentrate","Deadly Poison"],"picked":"Prepared","floor":12.0},{"not_picked":["Doppelganger","Grand Finale"],"picked":"Venomology","floor":16.0},{"not_picked":["Dagger Spray","Outmaneuver"],"picked":"Acrobatics","floor":18.0},{"not_picked":["PiercingWail","All Out Attack","Flying Knee"],"picked":"SKIP","floor":19.0},{"not_picked":["Slice+1","All Out Attack","Masterful Stab"],"picked":"SKIP","floor":22},{"not_picked":["Heel Hook","Quick Slash","All Out Attack"],"picked":"SKIP","floor":24},{"not_picked":["Bouncing Flask","Noxious Fumes","Backflip"],"picked":"SKIP","floor":30},{"not_picked":["Well Laid Plans+1","Outmaneuver","Skewer"],"picked":"SKIP","floor":31}],"player_experience":209175,"relics_obtained":[{"floor":6.0,"key":"TungstenRod"},{"floor":9.0,"key":"Lantern"},{"floor":11.0,"key":"Whetstone"},{"floor":26,"key":"Omamori"},{"floor":28,"key":"Bag of Preparation"},{"floor":31,"key":"Question Card"}],"event_choices":[{"damage_healed":0.0,"max_hp_gain":0.0,"max_hp_loss":0.0,"gold_gain":0.0,"event_name":"Lab","player_choice":"Got Potions","floor":4.0,"gold_loss":0.0,"damage_taken":0.0},{"damage_healed":0.0,"max_hp_gain":0.0,"max_hp_loss":0.0,"gold_gain":30.0,"event_name":"Dead Adventurer","player_choice":"Searched \u00271\u0027 times","floor":13.0,"gold_loss":0.0,"damage_taken":0.0},{"damage_healed":0.0,"max_hp_gain":0.0,"max_hp_loss":0.0,"gold_gain":0.0,"event_name":"FaceTrader","player_choice":"Trade","floor":20.0,"gold_loss":0.0,"damage_taken":0.0,"relics_obtained":["CultistMask"]},{"cards_removed":["Strike_G"],"damage_healed":0,"gold_gain":0,"player_choice":"Elegance","damage_taken":0,"max_hp_gain":0,"max_hp_loss":0,"event_name":"Back to Basics","floor":25,"gold_loss":0}],"is_beta":false,"boss_relics":[{"not_picked":["Cursed Key","Snecko Eye"],"picked":"Sozu"}],"items_purged_floors":[10,21],"is_endless":false,"potions_floor_spawned":[1,5,8,16,24,30,31],"killed_by":"Champ","ascension_level":6}}