{"host":"0cm5wy4nhuju7tij","time":1611454381,"event":{"mods":["100% Spire Juice","2.2 Compatiblity","AchievementEnabler","Aspiration","BaseMod","Better Third Choice","BetterRewards","CCEM","CapriCore","Colored Powertips","Curses Come First","Custom Start","Displayed Cursed Tome","Downfall","Energized Spire","Evolution","Filter the Spire","Highlight Path","Jess\u0027s Bottle","Minty Spire (QoL Compilation)","Permanent Neow","Poor People Problems","Relic Stats","Shop Mod","Spicy Shops","StSLib","The Cursed","The Dragonkin","The Juggle"],"gold_per_floor":[109,128,128,141,155,155,187,202,225,4,27,27,27,58,58,161,161,176,202,217,217,62,62,74,104,131,131,131,148,183,196,196,300,300,318,329,24,37,87,87,87,87],"floor_reached":41,"language":"ENG","playtime":4150,"items_purged":[],"score":614,"play_id":"b481e491-4965-4398-b381-abebbac841cf","local_time":"20210123211301","is_ascension_mode":true,"campfire_choices":[{"data":"TheCursedMod:Grudge","floor":6.0,"key":"SMITH"},{"floor":12.0,"key":"REST"},{"floor":15.0,"key":"REST"},{"data":"Inflame","floor":23.0,"key":"SMITH"},{"floor":28,"key":"REST"},{"data":"TheCursedMod:HellfireBreathing","floor":32,"key":"SMITH"},{"data":"Feed","floor":40,"key":"SMITH"}],"circlet_count":0,"master_deck":["TheCursedMod:CleanUpWorkshop","TheCursedMod:CursedAmulet+1","TheCursedMod:HellfireBreathing+1","TheCursedMod:HellfireBreathing","TheCursedMod:SpitefulPlan","TheCursedMod:LuckyCharm","TheCursedMod:CursedSpellbook+1","TheCursedMod:NeowsMight","TheCursedMod:ParallelWorld+1","TheCursedMod:SurpriseAttack+1","Pain","TheCursedMod:FleshFromBone","TheCursedMod:Grudge+1","TheCursedMod:Obscuration","TheCursedMod:CursedBlade+1","TheCursedMod:Hemoplague","TheCursedMod:CursedShiv","TheCursedMod:WearCloak","TheCursedMod:CursedShiv","TheCursedMod:ParallelWorld","TheCursedMod:Hemoplague","Inflame+1","TheCursedMod:CircleOfBlood","TheCursedMod:ParallelWorld","Heavy Blade","Shrug It Off","Feel No Pain+1","TheCursedMod:NeowsMight","Havoc","TheCursedMod:CursedWand","TheCursedMod:Stretching","TheCursedMod:SpitefulStrike","TheCursedMod:SpitefulPray","TheCursedMod:VoidForm","TheCursedMod:HellsGateOpen+1","TheCursedMod:FleshFromBone","Evolve","TheCursedMod:FleshFromBone+1","Feed+1"],"relics":["TheCursedMod:BlackMagicAdvanced","EVO:Axolotl","WarpedTongs","CCEMRelics:TechnogenicHelmet","MawBank","Whetstone","Odd Mushroom","CultistMask","Centennial Puzzle","aspiration:IroncladSkillbook","Potion Belt","Ancient Tea Set","Nunchaku","PreservedInsect","War Paint","bronze:MakeshiftBattery","Shuriken","Thread and Needle"],"acts_visited":["Exordium","TheCity","TheBeyond"],"potions_floor_usage":[30,30,41,41],"damage_taken":[{"damage":14.0,"enemies":"Jaw Worm","floor":1.0,"turns":4.0},{"damage":0.0,"enemies":"Cultist","floor":2.0,"turns":3.0},{"damage":2.0,"enemies":"2 Louse","floor":4.0,"turns":1.0},{"damage":9.0,"enemies":"Red Slaver","floor":5.0,"turns":3.0},{"damage":12.0,"enemies":"3 Sentries","floor":7.0,"turns":8.0},{"damage":11.0,"enemies":"Exordium Wildlife","floor":8.0,"turns":7.0},{"damage":19.0,"enemies":"The Mushroom Lair","floor":11.0,"turns":2.0},{"damage":14.0,"enemies":"Gremlin Nob","floor":14.0,"turns":4.0},{"damage":3.0,"enemies":"Slime Boss","floor":16.0,"turns":6.0},{"damage":5.0,"enemies":"2 Thieves","floor":18.0,"turns":4.0},{"damage":17.0,"enemies":"Shell Parasite","floor":20.0,"turns":3.0},{"damage":22.0,"enemies":"Snake Plant","floor":24.0,"turns":4.0},{"damage":47,"enemies":"Book of Stabbing","floor":25,"turns":6},{"damage":5,"enemies":"Sentry and Sphere","floor":29,"turns":5},{"damage":17,"enemies":"Gremlin Leader","floor":30,"turns":7},{"damage":3,"enemies":"Centurion and Healer","floor":31,"turns":5},{"damage":17,"enemies":"Collector","floor":33,"turns":7},{"damage":12,"enemies":"3 Darklings","floor":35,"turns":4},{"damage":11,"enemies":"3 Shapes","floor":36,"turns":4},{"damage":26,"enemies":"Sphere and 2 Shapes","floor":38,"turns":5},{"damage":3,"enemies":"Mind Bloom Boss Battle","floor":39,"turns":6},{"damage":59,"enemies":"Reptomancer","floor":41,"turns":5}],"seed_played":"7196264786079732702","potions_obtained":[{"floor":5.0,"key":"SkillPotion"},{"floor":7.0,"key":"SpeedPotion"},{"floor":8.0,"key":"Weak Potion"},{"floor":25,"key":"CultistPotion"},{"floor":29,"key":"Explosive Potion"},{"floor":36,"key":"AttackPotion"},{"floor":39,"key":"Weak Potion"}],"is_trial":false,"path_per_floor":["M","M","?","M","M","R","E","M","T","$","?","R","?","E","R","B",null,"M","T","M","?","$","R","M","E","T","?","R","M","E","M","R","B",null,"M","M","$","M","?","R","E"],"character_chosen":"THE_CURSED","items_purchased":["Whetstone","TheCursedMod:Hemoplague","TheCursedMod:CursedShiv","Ancient Tea Set","Heavy Blade","Shrug It Off","Shuriken","Evolve"],"campfire_rested":3,"item_purchase_floors":[10,10,10,22,22,22,37,37],"current_hp_per_floor":[61,61,61,59,50,50,38,27,27,27,8,30,30,16,38,35,75,74,74,61,61,61,61,49,14,14,14,36,59,50,57,57,46,75,69,68,68,46,49,49,0,0],"gold":87,"neow_bonus":"UPGRADE_CARD","is_daily":false,"chose_seed":false,"campfire_upgraded":4,"win_rate":0.0,"timestamp":1611454381,"path_taken":["M","M","?","M","?","R","E","M","T","$","?","R","?","E","R","BOSS","M","?","M","?","$","R","M","E","T","?","R","?","E","?","R","BOSS","M","M","$","M","?","R","E"],"items_purchased_type":["Relic","Card","Card","Relic","Card","Card","Relic","Card"],"build_version":"2020-12-22","purchased_purges":0,"victory":false,"max_hp_per_floor":[75,75,75,75,75,75,75,75,75,75,75,75,75,75,75,75,75,75,75,75,75,75,75,75,75,75,75,75,75,75,75,75,75,75,75,75,75,75,75,75,75,75],"relic_stats":{"Centennial Puzzle":[39],"Nunchaku":[7],"counters":[22,93],"Shuriken":[1],"PreservedInsect":108,"Whetstone":["TheCursedMod:SurpriseAttack","TheCursedMod:CursedBlade"],"War Paint":["TheCursedMod:CursedSpellbook","TheCursedMod:CursedAmulet"],"MawBank":12,"obtain_stats":[{"Potion Belt":19,"TheCursedMod:BlackMagicAdvanced":0,"Thread and Needle":39,"PreservedInsect":26,"EVO:Axolotl":0,"CCEMRelics:TechnogenicHelmet":7,"Whetstone":10,"Odd Mushroom":11,"War Paint":30,"MawBank":9,"Ancient Tea Set":22,"aspiration:IroncladSkillbook":17,"WarpedTongs":3,"Centennial Puzzle":14,"Nunchaku":25,"Shuriken":37,"CultistMask":13,"bronze:MakeshiftBattery":34},{"Potion Belt":10,"TheCursedMod:BlackMagicAdvanced":0,"Thread and Needle":21,"PreservedInsect":13,"EVO:Axolotl":0,"CCEMRelics:TechnogenicHelmet":5,"Whetstone":6,"Odd Mushroom":7,"War Paint":15,"MawBank":6,"Ancient Tea Set":11,"aspiration:IroncladSkillbook":9,"WarpedTongs":2,"Centennial Puzzle":8,"Nunchaku":13,"Shuriken":19,"CultistMask":7,"bronze:MakeshiftBattery":17},{"Potion Belt":36,"TheCursedMod:BlackMagicAdvanced":0,"Thread and Needle":88,"PreservedInsect":48,"EVO:Axolotl":0,"CCEMRelics:TechnogenicHelmet":16,"Whetstone":22,"Odd Mushroom":24,"War Paint":59,"MawBank":22,"Ancient Tea Set":39,"aspiration:IroncladSkillbook":33,"WarpedTongs":5,"Centennial Puzzle":28,"Nunchaku":48,"Shuriken":77,"CultistMask":24,"bronze:MakeshiftBattery":70}],"WarpedTongs":[85]},"card_choices":[{"not_picked":["TheCursedMod:Torture","TheCursedMod:EmpowerCircles"],"picked":"TheCursedMod:SurpriseAttack","floor":1.0},{"not_picked":["TheCursedMod:ReleasedKnowledge","TheCursedMod:Obscuration"],"picked":"TheCursedMod:NeowsMight","floor":2.0},{"not_picked":["TheCursedMod:Obscuration","TheCursedMod:SaltUponWound"],"picked":"TheCursedMod:FleshFromBone","floor":4.0},{"not_picked":["TheCursedMod:Obscuration","TheCursedMod:WearCloak"],"picked":"TheCursedMod:Grudge","floor":5.0},{"not_picked":["TheCursedMod:RapidMovement","TheCursedMod:CircleOfFlame"],"picked":"TheCursedMod:Obscuration","floor":7.0},{"not_picked":["TheCursedMod:SmokeScreen","TheCursedMod:CircleOfCorruption"],"picked":"TheCursedMod:CursedBlade","floor":8.0},{"not_picked":["TheCursedMod:ForbiddenAlchemy","TheCursedMod:VitalStrike"],"picked":"TheCursedMod:WearCloak","floor":11.0},{"not_picked":["TheCursedMod:SmokeScreen","TheCursedMod:Stretching"],"picked":"TheCursedMod:CursedShiv","floor":14.0},{"not_picked":["TheCursedMod:Neurasthenia","TheCursedMod:NeowsMight"],"picked":"TheCursedMod:ParallelWorld","floor":16.0},{"not_picked":["TheCursedMod:SpitefulStrike+1","Sever Soul+1","TheCursedMod:Torture"],"picked":"TheCursedMod:Hemoplague","floor":18.0},{"not_picked":["TheCursedMod:CircleOfFocus+1","TheCursedMod:Hemoplague+1","Fire Breathing"],"picked":"Inflame","floor":20.0},{"not_picked":["True Grit","Sentinel","Havoc"],"picked":"Feel No Pain+1","floor":24},{"not_picked":["Havoc","TheCursedMod:FleshFromBone","TheCursedMod:VitalStrike"],"picked":"TheCursedMod:NeowsMight","floor":25},{"not_picked":["Dual Wield","TheCursedMod:Stigma","Warcry"],"picked":"TheCursedMod:Stretching","floor":29},{"not_picked":["Wild Strike+1","Disarm+1","Havoc"],"picked":"TheCursedMod:SpitefulStrike","floor":30},{"not_picked":["TheCursedMod:Obscuration+1","Iron Wave","TheCursedMod:Wield"],"picked":"TheCursedMod:SpitefulPray","floor":31},{"not_picked":["TheCursedMod:CursedRelics","TheCursedMod:CollectTribute","TheCursedMod:DemonSword"],"picked":"TheCursedMod:VoidForm","floor":33},{"not_picked":["Body Slam","Reckless Charge","TheCursedMod:Obscuration"],"picked":"TheCursedMod:HellsGateOpen+1","floor":35},{"not_picked":["Clash","Rampage","Headbutt+1"],"picked":"TheCursedMod:FleshFromBone","floor":36},{"not_picked":["Body Slam+1","Twin Strike+1","Dark Embrace+1"],"picked":"TheCursedMod:FleshFromBone+1","floor":38},{"not_picked":["Iron Wave","Evolve","Power Through"],"picked":"Feed","floor":39}],"player_experience":254836,"relics_obtained":[{"floor":7.0,"key":"CCEMRelics:TechnogenicHelmet"},{"floor":9.0,"key":"MawBank"},{"floor":11.0,"key":"Odd Mushroom"},{"floor":14.0,"key":"Centennial Puzzle"},{"floor":19.0,"key":"Potion Belt"},{"floor":25,"key":"Nunchaku"},{"floor":26,"key":"PreservedInsect"},{"floor":30,"key":"War Paint"},{"floor":39,"key":"Thread and Needle"}],"event_choices":[{"damage_healed":0.0,"max_hp_gain":0.0,"max_hp_loss":0.0,"gold_gain":0.0,"event_name":"Accursed Blacksmith","player_choice":"Rummage","floor":3.0,"gold_loss":0.0,"damage_taken":0.0,"relics_obtained":["WarpedTongs"],"cards_obtained":["Pain"]},{"damage_healed":0.0,"max_hp_gain":0.0,"max_hp_loss":0.0,"gold_gain":0.0,"event_name":"Mushrooms","player_choice":"Fought Mushrooms","floor":11.0,"gold_loss":0.0,"damage_taken":0.0},{"damage_healed":0.0,"max_hp_gain":0.0,"max_hp_loss":0.0,"gold_gain":0.0,"event_name":"FaceTrader","player_choice":"Trade","floor":13.0,"gold_loss":0.0,"damage_taken":0.0,"relics_obtained":["CultistMask"]},{"damage_healed":0.0,"max_hp_gain":0.0,"max_hp_loss":0.0,"gold_gain":0.0,"cards_transformed":["TheCursedMod:CircleOfAmplification","TheCursedMod:NeowsMight"],"event_name":"Drug Dealer","player_choice":"Became Test Subject","floor":21.0,"gold_loss":0.0,"damage_taken":0.0,"cards_obtained":["TheCursedMod:CircleOfBlood","TheCursedMod:ParallelWorld"]},{"damage_healed":0,"gold_gain":0,"player_choice":"2 cards matched","damage_taken":0,"max_hp_gain":0,"max_hp_loss":0,"event_name":"Match and Keep!","floor":27,"gold_loss":0,"cards_obtained":["Havoc","TheCursedMod:CursedWand"]},{"damage_healed":0,"gold_gain":0,"player_choice":"Fight","damage_taken":0,"max_hp_gain":0,"max_hp_loss":0,"event_name":"MindBloom","floor":39,"gold_loss":0}],"is_beta":false,"boss_relics":[{"not_picked":["Calling Bell","energizedSpire:OgreHead"],"picked":"aspiration:IroncladSkillbook"},{"not_picked":["Tiny House","aspiration:RitualDagger"],"picked":"bronze:MakeshiftBattery"}],"items_purged_floors":[],"is_endless":false,"potions_floor_spawned":[2,5,7,8,25,29,36,39],"killed_by":"Reptomancer","ascension_level":4}}