{"host":"v3mpq6flurzldi5g","time":1611450894,"event":{"mods":["AchievementEnabler","BaseMod","Colored Powertips","Highlight Path","Minty Spire (QoL Compilation)","StSLib"],"gold_per_floor":[113,131,131,145,160,160,170,204,204,218,218,228,241,241,241,345,345,365,455,66,66,78,78,92,92,92,92,92,106,106,118,118,215,265,279,279,279],"floor_reached":36,"language":"ENG","playtime":1847,"items_purged":[],"score":570,"play_id":"8927c38b-dc65-4b76-8b7e-66f49b8efb6f","local_time":"20210123201454","is_ascension_mode":true,"campfire_choices":[{"floor":6,"key":"REST"},{"floor":11,"key":"REST"},{"floor":15,"key":"REST"},{"floor":23,"key":"REST"},{"floor":25,"key":"REST"},{"data":"Buffer","floor":28,"key":"SMITH"},{"data":"Defragment","floor":32,"key":"SMITH"}],"circlet_count":0,"master_deck":["AscendersBane","Strike_B","Strike_B","Strike_B+1","Strike_B","Defend_B","Defend_B","Defend_B","Defend_B","Zap","Dualcast","Defragment+1","Reinforced Body","BootSequence","Redo","Genetic Algorithm","BootSequence","Double Energy+1","Ball Lightning","Core Surge","Machine Learning","Buffer+1","Defragment+1","Buffer","Capacitor"],"relics":["Cracked Core","Oddly Smooth Stone","Toxic Egg 2","Centennial Puzzle","Cursed Key","Regal Pillow","Mummified Hand","Letter Opener","Tiny House"],"acts_visited":["Exordium","TheCity","TheBeyond"],"potions_floor_usage":[7,8,8,16,18,24,33,33,36,36],"damage_taken":[{"damage":8,"enemies":"Jaw Worm","floor":1,"turns":4},{"damage":1,"enemies":"Cultist","floor":2,"turns":3},{"damage":0,"enemies":"Small Slimes","floor":4,"turns":3},{"damage":28,"enemies":"Exordium Thugs","floor":5,"turns":6},{"damage":14,"enemies":"Gremlin Gang","floor":7,"turns":6},{"damage":24,"enemies":"Gremlin Nob","floor":8,"turns":4},{"damage":15,"enemies":"3 Louse","floor":10,"turns":3},{"damage":9,"enemies":"Red Slaver","floor":12,"turns":4},{"damage":2,"enemies":"Blue Slaver","floor":13,"turns":3},{"damage":17,"enemies":"The Guardian","floor":16,"turns":13},{"damage":15,"enemies":"3 Byrds","floor":18,"turns":6},{"damage":14,"enemies":"Spheric Guardian","floor":22,"turns":4},{"damage":33,"enemies":"Shelled Parasite and Fungi","floor":24,"turns":6},{"damage":3,"enemies":"Cultist and Chosen","floor":29,"turns":6},{"damage":6,"enemies":"Chosen and Byrds","floor":31,"turns":5},{"damage":49,"enemies":"Automaton","floor":33,"turns":13},{"damage":29,"enemies":"3 Darklings","floor":35,"turns":7},{"damage":50,"enemies":"2 Orb Walkers","floor":36,"turns":4}],"seed_played":"5796423808160961291","potions_obtained":[{"floor":4,"key":"FearPotion"},{"floor":5,"key":"Block Potion"},{"floor":7,"key":"Block Potion"},{"floor":8,"key":"LiquidMemories"},{"floor":13,"key":"ColorlessPotion"},{"floor":18,"key":"Explosive Potion"},{"floor":29,"key":"AttackPotion"},{"floor":31,"key":"DuplicationPotion"},{"floor":34,"key":"DistilledChaos"},{"floor":35,"key":"Dexterity Potion"}],"is_trial":false,"path_per_floor":["M","M","?","M","M","R","M","E","T","M","R","M","M","?","R","B",null,"M","?","$","$","M","R","M","R","T","?","R","M","?","M","R","B",null,"M","?"],"character_chosen":"DEFECT","items_purchased":["Regal Pillow","Mummified Hand"],"campfire_rested":5,"item_purchase_floors":[20,20],"current_hp_per_floor":[67,66,66,66,38,62,48,24,24,9,33,24,22,10,34,17,66,51,39,39,39,25,64,31,70,70,70,70,67,67,61,61,12,67,38,0,0],"gold":279,"neow_bonus":"TEN_PERCENT_HP_BONUS","is_daily":false,"chose_seed":false,"campfire_upgraded":2,"win_rate":0.0,"timestamp":1611450894,"path_taken":["M","M","?","?","M","R","M","E","T","?","R","M","M","?","R","BOSS","M","?","?","$","?","R","M","R","T","?","R","M","?","?","R","BOSS","M","?"],"items_purchased_type":["Relic","Relic"],"build_version":"2020-12-22","purchased_purges":0,"victory":false,"max_hp_per_floor":[82,82,82,82,82,82,82,82,82,82,82,82,82,82,82,82,82,82,82,82,82,82,82,82,82,82,82,82,82,79,79,79,79,84,84,84,84],"card_choices":[{"not_picked":["Ball Lightning","Capacitor"],"picked":"Defragment","floor":1},{"not_picked":["Leap","Compile Driver"],"picked":"Reinforced Body","floor":2},{"not_picked":["Barrage","Chill"],"picked":"BootSequence","floor":4},{"not_picked":["Sweeping Beam","Coolheaded"],"picked":"Redo","floor":5},{"not_picked":["Gash","Reinforced Body"],"picked":"Genetic Algorithm","floor":7},{"not_picked":["Reprogram","Gash"],"picked":"BootSequence","floor":8},{"not_picked":["Blizzard","Steam+1"],"picked":"Double Energy+1","floor":10},{"not_picked":["Stack+1","Streamline"],"picked":"Ball Lightning","floor":12},{"not_picked":["Rebound","Streamline"],"picked":"Core Surge","floor":13},{"not_picked":["Multi-Cast+1","Creative AI"],"picked":"Machine Learning","floor":16},{"not_picked":["Undo+1","Beam Cell","Steam+1"],"picked":"SKIP","floor":18},{"not_picked":["Skim+1","Go for the Eyes","Sweeping Beam+1"],"picked":"SKIP","floor":22},{"not_picked":["Force Field+1","Melter"],"picked":"Buffer","floor":24},{"not_picked":["Cold Snap","Coolheaded+1","Sweeping Beam+1"],"picked":"SKIP","floor":29},{"not_picked":["Melter","BootSequence+1"],"picked":"Defragment","floor":31},{"not_picked":["Meteor Strike","Core Surge"],"picked":"Buffer","floor":33},{"not_picked":["Hello World+1","Self Repair+1"],"picked":"Capacitor","floor":35}],"player_experience":1018945,"relics_obtained":[{"floor":8,"key":"Oddly Smooth Stone"},{"floor":9,"key":"Toxic Egg 2"},{"floor":26,"key":"Letter Opener"}],"event_choices":[{"damage_healed":0,"gold_gain":0,"player_choice":"Upgraded","damage_taken":0,"max_hp_gain":0,"max_hp_loss":0,"event_name":"Upgrade Shrine","floor":3,"gold_loss":0,"cards_upgraded":["Defragment"]},{"damage_healed":0,"gold_gain":0,"player_choice":"Success","damage_taken":12,"relics_obtained":["Centennial Puzzle"],"max_hp_gain":0,"max_hp_loss":0,"event_name":"Scrap Ooze","floor":14,"gold_loss":0},{"damage_healed":0,"gold_gain":90,"player_choice":"GOLD ","damage_taken":12,"max_hp_gain":0,"max_hp_loss":0,"event_name":"Knowing Skull","floor":19,"potions_obtained":[],"gold_loss":0,"cards_obtained":[]},{"damage_healed":0,"gold_gain":0,"player_choice":"Ignored","damage_taken":0,"max_hp_gain":0,"max_hp_loss":0,"event_name":"Vampires","floor":27,"gold_loss":0},{"cards_removed":["Parasite"],"damage_healed":0,"gold_gain":0,"player_choice":"Purged","damage_taken":0,"max_hp_gain":0,"max_hp_loss":0,"event_name":"Purifier","floor":30,"gold_loss":0},{"damage_healed":0,"gold_gain":0,"player_choice":"Fight","damage_taken":0,"max_hp_gain":0,"max_hp_loss":0,"event_name":"Mysterious Sphere","floor":36,"gold_loss":0}],"is_beta":false,"boss_relics":[{"not_picked":["Black Star","Astrolabe"],"picked":"Cursed Key"},{"not_picked":["Busted Crown","Velvet Choker"],"picked":"Tiny House"}],"items_purged_floors":[],"is_endless":false,"potions_floor_spawned":[4,5,7,8,13,18,29,31,35],"killed_by":"2 Orb Walkers","ascension_level":11}}