{"host":"gyphjc57tbbk9zp6","time":1611525157,"event":{"mods":["100% Spire Juice","Act Like it!","Arknights The Spire","BaseMod","Downfall","Elementarium","Fox Events","Friendly Minions","FruityMod","Gensokyo","Gremlin Skip","Hallownest","Hermit","Highlight Path","Hubris","Hyrulean Relics","Infinite Spire","Ironclad Rager","Jorbs\u0027s Wanderer Trilogy","KinomotoSakuraMod(????)","Kiyohime????","Koishi","Luminous","Mad Scientist","Marisa????????","Mimic Mod","Minty Spire (QoL Compilation)","Nova Terra(??·??)","Pale of the Ancients","Potionbrewer","Robot Space Explorer","Shedinja","StSLib","SuperFastMode","Td1madao Mod","The Administrix","The Blackbeard","The Bladedancer","The Bug Knight","The Construct","The Disciple","The Druid","The Elementalist","The Exalted","The Hayseed","The Hierophant","The Judge","The Juggle","The Jungle","The Mystic","The Poker Player","The Senshi","The Servant 0.9.4","The Trickster","The Vixen","The Wild Card","TheHero","TheSwordswoman","TheVelvet","Yuyuko"],"gold_per_floor":[349,3,21,21,35,68,68,68,280,280,606,606,606,619,633,738,738,738,756,769,769,12,25,25,25,25,25,42,57,57,68,80,185,185,185,201,221,269,269,269,307,338,150,180,80,94,108,141,152,249,249,149,165,185,201,201,201,234,267,280,296,296,316,335,337,347,461,461,461,478,480,500,315,331,372,247,247,258,275,275,288,288,300,407,407,407,419,587,658,261,283,310,310,324,354,354,370,370,290,315,449,449,476,509,509,334,234,276,276,321,321,365,365],"floor_reached":112,"language":"ENG","playtime":7758,"items_purged":["Strike_S","Strike_S","Strike_S","Strike_S","Defend_S"],"score":2410,"play_id":"43307aff-5696-463e-9005-9179b2103048","local_time":"20210124155237","is_ascension_mode":false,"campfire_choices":[{"data":"KidneyShot","floor":1,"key":"SMITH"},{"floor":8,"key":"REST"},{"data":"WasteNot","floor":13,"key":"SMITH"},{"data":"SpecialFormula","floor":18,"key":"SMITH"},{"data":"SilverBlades","floor":26,"key":"SMITH"},{"floor":30,"key":"REST"},{"data":"KillingDoll","floor":30,"key":"SMITH"},{"data":"Starlight","floor":35,"key":"SMITH"},{"data":"SilverMatrix","floor":40,"key":"SMITH"},{"data":"hubris:InfiniteBlow","floor":45,"key":"SMITH"},{"data":"Initiator","floor":52,"key":"SMITH"},{"data":"GearUp","floor":57,"key":"SMITH"},{"data":"Sunlight","floor":62,"key":"SMITH"},{"data":"Dilation","floor":69,"key":"SMITH"},{"floor":77,"key":"REST"},{"data":"Orbit","floor":77,"key":"SMITH"},{"data":"SilverMatrix","floor":80,"key":"SMITH"},{"data":"ForgedInTime","floor":86,"key":"SMITH"},{"data":"Contraction","floor":93,"key":"SMITH"},{"data":"Rearm","floor":96,"key":"SMITH"},{"floor":98,"key":"REST"},{"floor":98,"key":"RECALL"},{"data":"Hallownest:attackMasterDashSlash","floor":107,"key":"SMITH"},{"data":"hubris:DuctTapeCard","floor":109,"key":"SMITH"}],"circlet_count":0,"master_deck":["Defend_S","Defend_S","Defend_S","KidneyShot+1","WasteNot+1","GearUp+1","KillingDoll+1","SpecialFormula+1","Rearm+1","SilverMatrix+1","MurderousAura","Shuttle+1","SilverBlades+1","Starlight+1","Contraction+1","Orbit+1","Sunlight+1","hubris:DuctTapeCard+2","ForgedInTime+1","Initiator+1","RealityMarble","SilverMatrix+1","Dilation+1","SurpressingFire+1","hierophant:Strike_Hierophant","Hallownest:attackMasterDashSlash+1","Luminosity+1"],"relics":["Uniform","Pan","Pear","Strawberry","HollowMod:PaleOreRelic","Sundial","RomanBracelet","Bag of Marbles","hubris:ScarierMask","infinitespire:BottledMercury","infinitespire:Magic Flask","Matryoshka","hubris:Towel","Runic Pyramid","Incense Burner","hubris:Icosahedron","Turnip","hubris:GlazedTorus","Ornamental Fan","Gremlin Horn","Ginger","hubris:DuctTape","Medical Kit","Boot","downfall:HeartBlessingGreen","Ancient Tea Set","Black Star","downfall:HeartBlessingBlue","theSenshi:SuperSailorFukuRelic","Happy Flower","potionbrewer:ToyAutogyro","infinitespire:Midas Blood","downfall:ShatteredFragment","MysterySword","theJungle:Creamberry","hubris:TerracottaHorce","Hallownest:GodTamersBeastRelic","construct:BoolHorns","Bottled Tornado","Bromod:ArcaneGrace","paleoftheancients:Timepiece","paleoftheancients:KeyRelic","CultistMask","paleoftheancients:SoulOfTheCollector","downfall:HeartBlessingRed","Juzu Bracelet"],"acts_visited":["Gensokyo:Gensokyo","TheCity","TheBeyond","Exordium","Exordium","Hallownest:KingdomsEdge","paleoftheancients:PaleOfTheAncients"],"potions_floor_usage":[6,43,44,48,60,67,88,88,112,112],"damage_taken":[{"damage":6,"enemies":"Gensokyo:3_Fairies","floor":3,"turns":8},{"damage":12,"enemies":"Gensokyo:Gryphon","floor":5,"turns":8},{"damage":30,"enemies":"Gensokyo:Aya","floor":6,"turns":9},{"damage":0,"enemies":"Gensokyo:Python","floor":9,"turns":4},{"damage":0,"enemies":"Gensokyo:Mamizou","floor":11,"turns":9},{"damage":11,"enemies":"Gensokyo:Kitsune","floor":14,"turns":3},{"damage":0,"enemies":"Gensokyo:3_Kodama","floor":15,"turns":4},{"damage":9,"enemies":"SI_SHIV_ARCHETYPE","floor":16,"turns":13},{"damage":7,"enemies":"Shell Parasite","floor":19,"turns":3},{"damage":25,"enemies":"Snake Plant","floor":20,"turns":3},{"damage":0,"enemies":"downfall:FleeingMerchant","floor":22,"turns":4},{"damage":5,"enemies":"Chosen and Byrds","floor":23,"turns":3},{"damage":0,"enemies":"Cultist and Chosen","floor":28,"turns":3},{"damage":0,"enemies":"Snecko","floor":29,"turns":2},{"damage":0,"enemies":"Centurion and Healer","floor":31,"turns":3},{"damage":1,"enemies":"Snake Plant","floor":32,"turns":3},{"damage":29,"enemies":"IC_MUSHROOM_ARCHETYPE","floor":33,"turns":5},{"damage":2,"enemies":"3 Darklings","floor":36,"turns":4},{"damage":0,"enemies":"3 Shapes","floor":37,"turns":5},{"damage":0,"enemies":"2 Orb Walkers","floor":38,"turns":2},{"damage":0,"enemies":"Maw","floor":41,"turns":5},{"damage":0,"enemies":"Nightmare","floor":42,"turns":8},{"damage":0,"enemies":"downfall:FleeingMerchant","floor":43,"turns":4},{"damage":1,"enemies":"Reptomancer","floor":44,"turns":3},{"damage":0,"enemies":"Maw","floor":46,"turns":4},{"damage":2,"enemies":"3 Darklings","floor":47,"turns":3},{"damage":0,"enemies":"Giant Head","floor":48,"turns":4},{"damage":15,"enemies":"Transient","floor":49,"turns":5},{"damage":2,"enemies":"WA_ARCHETYPE_DIVINITY","floor":50,"turns":6},{"damage":0,"enemies":"Small Slimes","floor":53,"turns":2},{"damage":0,"enemies":"2 Louse","floor":54,"turns":1},{"damage":0,"enemies":"Cultist","floor":55,"turns":2},{"damage":0,"enemies":"Lots of Slimes","floor":58,"turns":10},{"damage":0,"enemies":"3 Sentries","floor":59,"turns":3},{"damage":0,"enemies":"Lots of Slimes","floor":60,"turns":1},{"damage":0,"enemies":"3 Louse","floor":61,"turns":1},{"damage":0,"enemies":"Exordium Wildlife","floor":63,"turns":2},{"damage":0,"enemies":"Blue Slaver","floor":64,"turns":2},{"damage":0,"enemies":"Large Slime","floor":66,"turns":2},{"damage":17,"enemies":"Hexaghost","floor":67,"turns":5},{"damage":0,"enemies":"theJungle:GiantWrat","floor":70,"turns":2},{"damage":13,"enemies":"Shell Parasite","floor":72,"turns":3},{"damage":0,"enemies":"theJungle:SlimyTreeVines","floor":74,"turns":2},{"damage":6,"enemies":"theJungle:Cassacara","floor":75,"turns":5},{"damage":0,"enemies":"Snake Plant","floor":78,"turns":1},{"damage":0,"enemies":"theJungle:JungleHuntersEncounter","floor":79,"turns":4},{"damage":0,"enemies":"theJungle:SlimyTreeVines","floor":81,"turns":2},{"damage":4,"enemies":"theJungle:2_Flameangoes","floor":83,"turns":2},{"damage":0,"enemies":"theJungle:FunGuy","floor":84,"turns":7},{"damage":0,"enemies":"Hallownest:2_Littles","floor":87,"turns":1},{"damage":0,"enemies":"Hallownest:2_Littles","floor":88,"turns":2},{"damage":0,"enemies":"Hallownest:2_Littles","floor":88,"turns":3},{"damage":1,"enemies":"Hallownest:2_Littles","floor":88,"turns":4},{"damage":0,"enemies":"Hallownest:2_Littles","floor":88,"turns":2},{"damage":8,"enemies":"Hallownest:2_Primals","floor":89,"turns":4},{"damage":12,"enemies":"Hallownest:Shield_Heavy","floor":91,"turns":2},{"damage":0,"enemies":"Hallownest:StalkingDevout","floor":92,"turns":4},{"damage":14,"enemies":"Hallownest:monsterPrimalAspid","floor":94,"turns":2},{"damage":9,"enemies":"Hallownest:eliteCollector","floor":95,"turns":3},{"damage":0,"enemies":"Hallownest:2_Wandering_and_1_Horned","floor":97,"turns":3},{"damage":44,"enemies":"Hallownest:2_Soldiers_and_1_Guardian","floor":100,"turns":2},{"damage":34,"enemies":"Hallownest:BossGreyPrinceZote","floor":101,"turns":6},{"damage":0,"enemies":"Hallownest:BossGreyPrinceZote","floor":103,"turns":7},{"damage":54,"enemies":"Hallownest:BossGreyPrinceZote","floor":104,"turns":5},{"damage":182,"enemies":"Hallownest:BossGreyPrinceZote","floor":108,"turns":11},{"damage":167,"enemies":"paleoftheancients:N","floor":112,"turns":13}],"seed_played":"8883259359144006171","potions_obtained":[{"floor":3,"key":"potionbrewer:AcidPotion"},{"floor":6,"key":"potionbrewer:ToxicPotion"},{"floor":11,"key":"potionbrewer:InfectionPotion"},{"floor":20,"key":"Energy Potion"},{"floor":29,"key":"potionbrewer:BarricadePotion"},{"floor":44,"key":"AttackPotion"},{"floor":46,"key":"Energy Potion"},{"floor":48,"key":"Explosive Potion"},{"floor":55,"key":"AttackPotion"},{"floor":59,"key":"DuplicationPotion"},{"floor":64,"key":"sneckomod:MuddlingPotion"},{"floor":66,"key":"potionbrewer:CleansingPotion"},{"floor":67,"key":"hexamod:SoulburnPotion"},{"floor":75,"key":"Slimebound:ThreeZeroPotion"},{"floor":94,"key":"potionbrewer:ToxicPotion"},{"floor":95,"key":"LiquidMemories"},{"floor":105,"key":"FairyPotion"}],"is_trial":false,"path_per_floor":["R","COS","M","?","M","E","T","R","M","?","E","?","R","M","M","B",null,"R","M","M","?","$","M","T","?","R","?","M","M","R","M","M","B",null,"R","M","M","?","?","R","MIM","NM","$","E","R","M","M","E","M","B",null,"R","M","M","M","?","R","MIM","E","M","M","R","M","M","?","M","B",null,"R","M","?","M","?","M","E","$","R","M","M","R","M","?","M","B",null,"R","M","?","?","$","M","E","R","M","E","R","M","R","?","M","B",null,"M","M","?","$","R","M","R","T","?","B"],"character_chosen":"THE_SERVANT","items_purchased":["infinitespire:BottledMercury","SilverBlades","infinitespire:Magic Flask","Starlight","hubris:DuctTape","Medical Kit","Bottled Tornado"],"campfire_rested":4,"item_purchase_floors":[22,22,22,22,43,43,90],"current_hp_per_floor":[47,47,41,36,24,1,1,25,25,50,55,55,55,49,49,45,82,82,75,50,50,58,61,61,61,61,45,53,53,79,87,86,57,87,87,85,87,87,87,87,87,87,87,86,86,87,87,87,80,85,87,97,97,97,97,97,97,97,97,97,97,97,97,97,82,82,73,97,97,97,92,79,79,79,81,81,102,102,102,102,102,102,98,102,102,102,102,101,98,98,94,102,102,88,87,87,87,102,102,66,40,87,102,85,85,85,85,102,102,102,102,0,0],"gold":365,"neow_bonus":"TWO_FIFTY_GOLD","is_daily":false,"chose_seed":false,"campfire_upgraded":19,"win_rate":0.0,"timestamp":1611525157,"path_taken":["R","COS","M","?","M","E","T","R","M","?","E","?","R","M","M","BOSS","R","M","M","?","$","M","T","?","R","?","?","M","R","M","M","BOSS","R","M","M","?","?","R","MIM","NM","$","E","R","M","M","E","M","BOSS","R","M","M","M","?","R","MIM","E","M","M","R","M","M","?","M","BOSS","R","M","?","M","?","M","E","$","R","M","M","R","M","?","M","BOSS","R","M","?","?","$","?","E","R","M","E","R","M","R","?","M","BOSS","M","M","?","$","R","M","R","T","?","BOSS"],"items_purchased_type":["Relic","Card","Relic","Card","Relic","Relic","Relic"],"build_version":"2020-12-22","purchased_purges":5,"victory":false,"max_hp_per_floor":[65,65,65,75,75,82,82,82,82,82,82,82,82,82,82,82,82,82,82,82,82,82,82,82,82,82,87,87,87,87,87,87,87,87,87,87,87,87,87,87,87,87,87,87,87,87,87,87,87,87,87,97,97,97,97,97,97,97,97,97,97,97,97,97,97,97,97,97,97,97,102,102,102,102,102,102,102,102,102,102,102,102,102,102,102,102,102,102,102,102,102,102,102,102,102,102,102,102,102,102,102,102,102,102,102,102,102,102,102,102,102,102,102],"card_choices":[{"not_picked":["Orbit+1","WasteNot+1"],"picked":"BestPractice+1","floor":3},{"not_picked":["Alleviate","Defy"],"picked":"WasteNot","floor":3},{"not_picked":["Sabotage","DoubleEdge"],"picked":"GearUp","floor":5},{"not_picked":["FanOfKnives","Revamp"],"picked":"KillingDoll","floor":6},{"not_picked":["Potential","Rewind"],"picked":"SpecialFormula","floor":9},{"not_picked":["TimeTheft","Ricochet"],"picked":"Rearm","floor":11},{"not_picked":["BottledTime","DoubleEdge"],"picked":"SilverMatrix","floor":14},{"not_picked":["Spin","Ricochet","Moondial"],"picked":"SKIP","floor":15},{"not_picked":["TheWorld","SilverMatrix"],"picked":"MurderousAura","floor":16},{"not_picked":["TimeWarp","Desolation","Replace"],"picked":"SKIP","floor":19},{"not_picked":["Barrier","WasteNot"],"picked":"Shuttle+1","floor":20},{"not_picked":["ShatteredReality","TimeTheft+1","Sabotage"],"picked":"SKIP","floor":22},{"not_picked":["Starlight","WasteNot","MoonPhase"],"picked":"SKIP","floor":23},{"not_picked":["Spin","Potential"],"picked":"Contraction","floor":28},{"not_picked":["Starlight","Shuttle+1","Rearm+1"],"picked":"SKIP","floor":29},{"not_picked":["Replace","SpecialFormula","TimeWarp"],"picked":"SKIP","floor":31},{"not_picked":["DoubleEdge","Replace"],"picked":"Orbit","floor":32},{"not_picked":["Solidify","FloweringNight"],"picked":"Sunlight","floor":33},{"not_picked":["Revamp","ShatteredReality","Ricochet+1"],"picked":"SKIP","floor":36},{"not_picked":["DualDimension","Moondial+1","Spin"],"picked":"SKIP","floor":37},{"not_picked":["infinitespire:Collect","infinitespire:Oblivion"],"picked":"hubris:InfiniteBlow","floor":42},{"not_picked":["Starlight","Revamp+1","FastForward+1"],"picked":"SKIP","floor":42},{"not_picked":["Revamp","Advance","Deadline"],"picked":"SKIP","floor":43},{"not_picked":["Misdirection+1","Moondial+1","Ricochet"],"picked":"SKIP","floor":44},{"not_picked":["Defy","Ricochet+1","TrueSight"],"picked":"SKIP","floor":46},{"not_picked":["TimeTheft+1","Revamp","Snipe"],"picked":"SKIP","floor":47},{"not_picked":["Revamp+1","Ricochet+1","Spin+1"],"picked":"SKIP","floor":48},{"not_picked":["Read","Contraction+1"],"picked":"ForgedInTime","floor":49},{"not_picked":["SoulSculpture","Embodiment"],"picked":"Initiator","floor":50},{"not_picked":["Spin","Rearm","Alleviate"],"picked":"SKIP","floor":53},{"not_picked":["Spin","Unruled"],"picked":"RealityMarble","floor":54},{"not_picked":["Replace","Gouge","Spin"],"picked":"SKIP","floor":55},{"not_picked":["Ricochet","Embodiment","Shuttle"],"picked":"SKIP","floor":59},{"not_picked":["BottledTime","Moonlight","Replace"],"picked":"SKIP","floor":60},{"not_picked":["Desolation","Spin","Manipulate"],"picked":"SKIP","floor":61},{"not_picked":["Spin","Rewind"],"picked":"SilverMatrix","floor":63},{"not_picked":["TimeWarp","Defy","Rewind"],"picked":"SKIP","floor":64},{"not_picked":["Alleviate","Sabotage","MoonPhase"],"picked":"SKIP","floor":66},{"not_picked":["ForgedInTime","MurderousAura"],"picked":"Dilation","floor":67},{"not_picked":["Starlight","Unruled","Rewind"],"picked":"SKIP","floor":70},{"not_picked":["Starlight","Moondial","Unruled"],"picked":"SKIP","floor":72},{"not_picked":["DoubleEdge+1","SoulSculpture+1","Alleviate"],"picked":"SKIP","floor":74},{"not_picked":["ShatteredReality","FastForward+1","Snipe+1"],"picked":"SKIP","floor":75},{"not_picked":["Ricochet","BottledTime"],"picked":"SurpressingFire+1","floor":78},{"not_picked":["ShatteredReality","ReturningBlade+1","ShiftingGears+1"],"picked":"SKIP","floor":79},{"not_picked":["ReturningBlade+1","Ricochet","FastForward"],"picked":"SKIP","floor":81},{"not_picked":["TimeWarp","InstantArmor+1","Rewind+1"],"picked":"SKIP","floor":83},{"not_picked":["BottledTime+1","Alleviate+1","Potential"],"picked":"SKIP","floor":87},{"not_picked":["Replace","BottledTime","MurderousAura+1"],"picked":"SKIP","floor":91},{"not_picked":["Spin","Replace+1","TrueSight+1"],"picked":"SKIP","floor":92},{"not_picked":["Unruled+1","Potential","TimeWarp+1"],"picked":"SKIP","floor":94},{"not_picked":["Advance+1","Dilation+1","Revamp+1"],"picked":"SKIP","floor":95},{"not_picked":["WasteNot+1","Revamp+1","FastForward+1"],"picked":"SKIP","floor":97},{"not_picked":["WasteNot+1","TheWorld+1"],"picked":"Luminosity+1","floor":100},{"not_picked":["Defy","Unruled","Alleviate"],"picked":"SKIP","floor":103},{"not_picked":["Gouge+1","Revamp","Advance+1"],"picked":"SKIP","floor":104}],"player_experience":1060209,"relics_obtained":[{"floor":6,"key":"HollowMod:PaleOreRelic"},{"floor":7,"key":"Sundial"},{"floor":11,"key":"Bag of Marbles"},{"floor":24,"key":"Matryoshka"},{"floor":38,"key":"Incense Burner"},{"floor":41,"key":"Turnip"},{"floor":41,"key":"hubris:GlazedTorus"},{"floor":41,"key":"Ornamental Fan"},{"floor":41,"key":"Gremlin Horn"},{"floor":42,"key":"Ginger"},{"floor":44,"key":"Boot"},{"floor":48,"key":"Ancient Tea Set"},{"floor":58,"key":"theSenshi:SuperSailorFukuRelic"},{"floor":58,"key":"Happy Flower"},{"floor":58,"key":"potionbrewer:ToyAutogyro"},{"floor":58,"key":"infinitespire:Midas Blood"},{"floor":89,"key":"construct:BoolHorns"},{"floor":103,"key":"paleoftheancients:SoulOfTheCollector"},{"floor":110,"key":"Juzu Bracelet"}],"event_choices":[{"damage_healed":0,"gold_gain":0,"player_choice":"Fight","damage_taken":0,"max_hp_gain":0,"max_hp_loss":0,"event_name":"Mysterious Sphere","floor":38,"gold_loss":0},{"cards_removed":["hubris:InfiniteBlow"],"damage_healed":0,"gold_gain":0,"player_choice":"Took Card","damage_taken":0,"max_hp_gain":0,"max_hp_loss":0,"event_name":"NoteForYourself","floor":82,"gold_loss":0,"cards_obtained":["hierophant:Strike_Hierophant"]},{"damage_healed":0,"gold_gain":0,"player_choice":"Got Potions","damage_taken":0,"max_hp_gain":0,"max_hp_loss":0,"event_name":"Lab","floor":105,"gold_loss":0}],"is_beta":false,"boss_relics":[{"not_picked":["Tiny House","hubris:Backtick"],"picked":"hubris:ScarierMask"},{"not_picked":["Bromod:ArcaneGrace","Pandora\u0027s Box"],"picked":"Runic Pyramid"},{"not_picked":["MysterySword","Fusion Hammer"],"picked":"Black Star"},{"not_picked":["SlaversCollar","Philosopher\u0027s Stone"],"picked":"MysterySword"},{"not_picked":["Sozu","hubris:RunicObelisk"],"picked":"hubris:TerracottaHorce"},{"not_picked":["Runic Dome","Bromod:ArcaneBarrier"],"picked":"Bromod:ArcaneGrace"}],"items_purged_floors":[22,43,76,90,106],"is_endless":true,"potions_floor_spawned":[3,6,11,20,23,29,36,44,46,48,50,54,55,59,64,66,67,72,75,78,88,88,88,94,95,100,101,104,108],"killed_by":"paleoftheancients:N","ascension_level":0}}