{"host":"3a1ypf1irl30q4k8","time":1611481643,"event":{"mods":["AchievementEnabler","BaseMod","Bestiary","Colored Map","Minty Spire (QoL Compilation)","Relic Stats"],"gold_per_floor":[117,117,131,150,161,161,174,193,193,215,227,256,268,300,312,324,324],"floor_reached":16,"language":"ENG","playtime":1514,"items_purged":[],"score":113,"play_id":"e8c6093a-bddc-459f-b1c2-664ae0bb4d97","local_time":"20210124094723","is_ascension_mode":true,"campfire_choices":[{"data":"Neutralize","floor":6,"key":"SMITH"},{"data":"Blur","floor":11,"key":"SMITH"},{"data":"Dagger Spray","floor":15,"key":"SMITH"}],"circlet_count":0,"master_deck":["Strike_G","Strike_G","Strike_G","Strike_G","Defend_G","Defend_G","Defend_G","Defend_G","Defend_G","Survivor+1","Neutralize+1","Dagger Throw","Quick Slash","Slice","Prepared","Cloak And Dagger","Dagger Spray+1","Blur+1","Footwork","Accuracy","PiercingWail"],"relics":["Ring of the Snake","MawBank"],"acts_visited":["Exordium"],"potions_floor_usage":[10,16,16],"damage_taken":[{"damage":1,"enemies":"Small Slimes","floor":1,"turns":4},{"damage":0,"enemies":"2 Louse","floor":3,"turns":3},{"damage":2,"enemies":"Jaw Worm","floor":4,"turns":4},{"damage":7,"enemies":"3 Louse","floor":5,"turns":4},{"damage":4,"enemies":"Blue Slaver","floor":7,"turns":4},{"damage":2,"enemies":"Large Slime","floor":8,"turns":4},{"damage":0,"enemies":"Exordium Thugs","floor":10,"turns":5},{"damage":14,"enemies":"Exordium Wildlife","floor":12,"turns":7},{"damage":4,"enemies":"Large Slime","floor":14,"turns":7},{"damage":39,"enemies":"Slime Boss","floor":16,"turns":9}],"seed_played":"6980326834479315871","potions_obtained":[{"floor":3,"key":"Swift Potion"},{"floor":4,"key":"PowerPotion"},{"floor":8,"key":"FearPotion"}],"is_trial":false,"path_per_floor":["M","?","M","M","M","R","M","M","T","M","R","M","?","M","R","B"],"character_chosen":"THE_SILENT","items_purchased":[],"campfire_rested":0,"item_purchase_floors":[],"current_hp_per_floor":[69,69,69,67,60,60,56,54,54,54,54,40,40,36,36,0,0],"gold":324,"neow_bonus":"UPGRADE_CARD","is_daily":false,"chose_seed":false,"campfire_upgraded":3,"win_rate":0.0,"timestamp":1611481643,"path_taken":["M","?","M","M","M","R","M","M","T","M","R","M","?","M","R","BOSS"],"items_purchased_type":[],"build_version":"2020-12-22","purchased_purges":0,"victory":false,"max_hp_per_floor":[70,70,70,70,70,70,70,70,70,70,70,70,70,70,70,70,70],"relic_stats":{"counters":[10,51],"MawBank":84,"obtain_stats":[{"MawBank":9,"Ring of the Snake":0},{"MawBank":6,"Ring of the Snake":0},{"MawBank":23,"Ring of the Snake":0}],"Ring of the Snake":[20]},"card_choices":[{"not_picked":["Backstab","Endless Agony"],"picked":"Dagger Throw","floor":1},{"not_picked":["Bane","Deflect"],"picked":"Quick Slash","floor":3},{"not_picked":["Concentrate","Flechettes"],"picked":"Slice","floor":4},{"not_picked":["Endless Agony","Reflex"],"picked":"Prepared","floor":5},{"not_picked":["Deadly Poison","Riddle With Holes"],"picked":"Cloak And Dagger","floor":7},{"not_picked":["Dodge and Roll","PiercingWail"],"picked":"Dagger Spray","floor":8},{"not_picked":["Finisher","Eviscerate"],"picked":"Blur","floor":10},{"not_picked":["Well Laid Plans","Cloak And Dagger"],"picked":"Footwork","floor":12},{"not_picked":["All Out Attack","Deadly Poison"],"picked":"PiercingWail","floor":14}],"player_experience":1183219,"relics_obtained":[{"floor":9,"key":"MawBank"}],"event_choices":[{"damage_healed":0,"gold_gain":0,"player_choice":"Ignored","damage_taken":0,"max_hp_gain":0,"max_hp_loss":0,"event_name":"Golden Wing","floor":2,"gold_loss":0},{"damage_healed":0,"gold_gain":0,"cards_transformed":["Strike_G"],"player_choice":"Change","damage_taken":0,"max_hp_gain":0,"max_hp_loss":0,"event_name":"Living Wall","floor":13,"gold_loss":0,"cards_obtained":["Accuracy"]}],"is_beta":false,"boss_relics":[],"items_purged_floors":[],"is_endless":false,"potions_floor_spawned":[3,4,8],"killed_by":"Slime Boss","ascension_level":3}}