{"host":"j7au2ovow4c9pz79","time":1611500604,"event":{"mods":["AchievementEnabler","BaseMod","Better Third Choice","BetterRewards","Colored Powertips","Defuse TimeMaze Blight","Energized Spire","Googly Eyes","Hubris","Infinite Spire","Minty Spire (QoL Compilation)","Quick Restart","Spicy Shops","StSLib","SuperFastMode","Transform Curses"],"gold_per_floor":[112,127,127,127,143,169,169,200,200,200,200,218,218,233,233,331,381,393,393,393,393,408,408,408],"floor_reached":23,"language":"ENG","playtime":564,"items_purged":[],"score":199,"play_id":"f105b70a-dbc6-4813-bb4a-5cb6f93bf191","local_time":"20210124160324","is_ascension_mode":false,"campfire_choices":[{"data":"Iron Wave","floor":7,"key":"SMITH"},{"data":"Inflame","floor":10,"key":"SMITH"},{"floor":15,"key":"REST"}],"circlet_count":0,"master_deck":["Strike_R","Strike_R","Strike_R","Strike_R","Strike_R","Defend_R","Defend_R","Defend_R","Defend_R+1","Bash+1","Body Slam","Anger","Infernal Blade","Iron Wave+1","Inflame+1","Perfected Strike+1","Flex","Feed","Flex","Perfected Strike","Cleave"],"relics":["Burning Blood","hubris:Icosahedron","MealTicket","hubris:Metronome","Bottled Lightning","Tiny House","hubris:Towel"],"acts_visited":["Exordium","TheCity"],"potions_floor_usage":[5,6,12,22,22],"damage_taken":[{"damage":7,"enemies":"Cultist","floor":1,"turns":5},{"damage":2,"enemies":"2 Louse","floor":2,"turns":3},{"damage":2,"enemies":"Jaw Worm","floor":5,"turns":4},{"damage":38,"enemies":"3 Sentries","floor":6,"turns":10},{"damage":21,"enemies":"Gremlin Nob","floor":8,"turns":4},{"damage":6,"enemies":"3 Louse","floor":12,"turns":3},{"damage":5,"enemies":"Large Slime","floor":14,"turns":6},{"damage":27,"enemies":"The Guardian","floor":16,"turns":9},{"damage":0,"enemies":"Spheric Guardian","floor":18,"turns":3},{"damage":24,"enemies":"3 Byrds","floor":22,"turns":5},{"damage":76,"enemies":"Book of Stabbing","floor":23,"turns":5}],"seed_played":"6224303094312248281","potions_obtained":[{"floor":2,"key":"Swift Potion"},{"floor":5,"key":"LiquidBronze"},{"floor":8,"key":"AttackPotion"},{"floor":14,"key":"Fruit Juice"},{"floor":17,"key":"PowerPotion"}],"is_trial":true,"path_per_floor":["M","M","?","?","M","E","R","E","T","R","?","M","?","M","R","B",null,"M","$","?","?","M","E"],"character_chosen":"IRONCLAD","items_purchased":[],"campfire_rested":1,"item_purchase_floors":[],"current_hp_per_floor":[79,80,80,80,80,48,48,33,33,33,33,33,33,34,58,37,85,85,85,85,85,75,0,0],"gold":408,"neow_bonus":"","is_daily":false,"chose_seed":false,"campfire_upgraded":2,"win_rate":0.0,"timestamp":1611500604,"path_taken":["M","?","?","?","M","E","R","E","T","R","?","M","?","M","R","BOSS","M","$","?","?","M","E"],"items_purchased_type":[],"build_version":"2020-12-22","purchased_purges":0,"victory":false,"max_hp_per_floor":[80,80,80,80,80,80,80,80,80,80,80,80,80,80,80,80,85,85,85,85,85,93,93,93],"card_choices":[{"not_picked":["True Grit","Evolve"],"picked":"Body Slam","floor":1},{"not_picked":["Reckless Charge","Havoc"],"picked":"Anger","floor":2},{"not_picked":["Cleave","Combust"],"picked":"Infernal Blade","floor":5},{"not_picked":["hubris:ReadiedAction","Body Slam"],"picked":"Iron Wave","floor":6},{"not_picked":["Dual Wield","Infernal Blade"],"picked":"Inflame","floor":8},{"not_picked":["Fiend Fire","Clothesline"],"picked":"Perfected Strike","floor":12},{"not_picked":["Bloodletting","Twin Strike"],"picked":"Flex","floor":14},{"not_picked":["Offering","Exhume"],"picked":"Feed","floor":16},{"not_picked":["Havoc","Wild Strike"],"picked":"Flex","floor":17},{"not_picked":["Second Wind","Feel No Pain"],"picked":"Perfected Strike","floor":18},{"not_picked":["Warcry+1","Rampage"],"picked":"Cleave","floor":22}],"player_experience":1914604,"relics_obtained":[{"floor":6,"key":"MealTicket"},{"floor":8,"key":"hubris:Metronome"},{"floor":9,"key":"Bottled Lightning"}],"event_choices":[{"damage_healed":0,"gold_gain":0,"player_choice":"Leave","damage_taken":0,"max_hp_gain":0,"max_hp_loss":0,"event_name":"The Cleric","floor":11,"gold_loss":0},{"damage_healed":0,"gold_gain":0,"player_choice":"Grow","damage_taken":0,"max_hp_gain":0,"max_hp_loss":0,"event_name":"Living Wall","floor":13,"gold_loss":0,"cards_upgraded":["Perfected Strike"]}],"is_beta":false,"boss_relics":[{"not_picked":["Calling Bell","hubris:GrandSneckoEye"],"picked":"Tiny House"}],"items_purged_floors":[],"is_endless":false,"potions_floor_spawned":[2,5,8,14],"killed_by":"Book of Stabbing","ascension_level":0}}