{"host":"c2bue2hyafvtxka5","time":1611489292,"event":{"mods":["BaseMod","Hermit","Minty Spire (QoL Compilation)","StSLib","The Cursed","The Disciple","The Necromancer","The Servant 0.9.4"],"gold_per_floor":[115,115,34,34,34,34,53,81,150,180,36,46,58,58,58,58,58,58,58,58,58,58,58,58,58,58,58,58,8,8,8,8,8,8,8,8,8,8],"floor_reached":37,"language":"ENG","playtime":2940,"items_purged":[],"score":551,"play_id":"4695a313-1155-4dc9-9126-2b9820be965e","local_time":"20210124065452","is_ascension_mode":false,"campfire_choices":[{"data":"PatternShift","floor":6,"key":"SMITH"},{"data":"SecondHand","floor":15,"key":"SMITH"},{"floor":24,"key":"REST"},{"floor":28,"key":"REST"},{"data":"BlueShift","floor":30,"key":"SMITH"},{"floor":32,"key":"REST"}],"circlet_count":0,"master_deck":["Strike_Br","Strike_Br","Strike_Br","Defend_Br+1","Defend_Br","Defend_Br","Defend_Br","SecondHand+1","PatternShift+1","LockedOrichalcum+1","EscortCommand","BlueShift+1","HandsUpB","WatchCommand+1","Parity+1","ExoVibe+55","ExoVibe+29","Moderato+1","Echonomics+1","ExoVibe+12","Echoward+1","AlternateTimeline+1"],"relics":["Chronometer","NeowsBlessing","HornCleat","Toxic Egg 2","Bag of Preparation","Orichalcum","FaceOfCleric","Ectoplasm","Lantern","Pen Nib","Tiny House"],"acts_visited":["Exordium","TheCity","TheBeyond"],"potions_floor_usage":[10,23,23,23,27,27,35],"damage_taken":[{"damage":0,"enemies":"Jaw Worm","floor":1,"turns":1},{"damage":0,"enemies":"2 Louse","floor":7,"turns":2},{"damage":0,"enemies":"Lagavulin","floor":8,"turns":1},{"damage":0,"enemies":"3 Sentries","floor":10,"turns":15},{"damage":0,"enemies":"Small Slimes","floor":12,"turns":5},{"damage":0,"enemies":"2 Fungi Beasts","floor":13,"turns":5},{"damage":0,"enemies":"The Guardian","floor":16,"turns":11},{"damage":0,"enemies":"Shell Parasite","floor":18,"turns":8},{"damage":0,"enemies":"Spheric Guardian","floor":19,"turns":9},{"damage":4,"enemies":"Shelled Parasite and Fungi","floor":20,"turns":11},{"damage":0,"enemies":"Chosen and Byrds","floor":21,"turns":6},{"damage":0,"enemies":"Centurion and Healer","floor":22,"turns":10},{"damage":59,"enemies":"Slavers","floor":23,"turns":13},{"damage":0,"enemies":"Snake Plant","floor":25,"turns":8},{"damage":24,"enemies":"3 Cultists","floor":27,"turns":7},{"damage":7,"enemies":"Champ","floor":33,"turns":26},{"damage":1,"enemies":"3 Darklings","floor":35,"turns":24},{"damage":57,"enemies":"Orb Walker","floor":36,"turns":12},{"damage":33,"enemies":"Maw","floor":37,"turns":12}],"seed_played":"-1592798812683818316","potions_obtained":[{"floor":1,"key":"Explosive Potion"},{"floor":10,"key":"Explosive Potion"},{"floor":12,"key":"Weak Potion"},{"floor":19,"key":"SpeedPotion"},{"floor":23,"key":"WardPotion"},{"floor":25,"key":"SmokeBomb"},{"floor":34,"key":"GamblersBrew"}],"is_trial":false,"path_per_floor":["M","?","$","?","?","R","M","E","T","E","$","M","M","?","R","B",null,"M","M","M","M","M","E","R","M","T","M","R","$","R","$","R","B",null,"M","M","M"],"character_chosen":"CHRONO_CLASS","items_purchased":["EscortCommand","Orichalcum","ExoVibe+1"],"campfire_rested":3,"item_purchase_floors":[3,11,29],"current_hp_per_floor":[65,58,58,58,63,63,63,63,63,63,63,63,63,63,63,64,71,72,73,70,71,72,14,37,38,38,15,38,38,38,38,61,55,85,85,29,0,0],"gold":8,"neow_bonus":"THREE_ENEMY_KILL","is_daily":false,"chose_seed":false,"campfire_upgraded":3,"win_rate":0.0,"timestamp":1611489292,"path_taken":["M","?","$","?","?","R","M","E","T","E","$","M","M","?","R","BOSS","M","M","M","M","M","E","R","M","T","M","R","$","R","?","R","BOSS","M","M","M"],"items_purchased_type":["Card","Relic","Card"],"build_version":"2020-12-22","purchased_purges":0,"victory":false,"max_hp_per_floor":[65,65,65,65,70,70,70,70,70,70,70,70,70,70,70,71,71,72,73,74,75,76,77,77,78,78,79,79,79,79,79,79,80,85,86,87,87,87],"card_choices":[{"not_picked":["Cuckoo","WatchCommand"],"picked":"LockedOrichalcum","floor":1},{"not_picked":["WatchCommand","LockedMedicine"],"picked":"BlueShift","floor":7},{"not_picked":["ReapSow","TickedOff"],"picked":"HandsUpB","floor":8},{"not_picked":["FormalWear","ReapSow"],"picked":"WatchCommand+1","floor":10},{"not_picked":["PrimeTime","LockedAnchor"],"picked":"Parity+1","floor":12},{"not_picked":["WindUp","Tempo+1"],"picked":"ExoVibe+1","floor":13},{"not_picked":["WakeUpCall","Parity+1","LockedScales"],"picked":"SKIP","floor":18},{"not_picked":["LockedMedicine","AlternateTimeline+1"],"picked":"ExoVibe+1","floor":19},{"not_picked":["Engulf","ResonantCall+1"],"picked":"Tempo+1","floor":20},{"not_picked":["LockedScales","Parity+1"],"picked":"Echonomics+1","floor":21},{"not_picked":["ReapSow","HandsUpC","Engulf"],"picked":"SKIP","floor":22},{"not_picked":["DaylightSavings+1","HandsUpC+1","LockedBlood+1"],"picked":"SKIP","floor":23},{"not_picked":["WindUp","ReapSow","LockedMedicine"],"picked":"SKIP","floor":25},{"not_picked":["Parity+1","Engulf"],"picked":"Echoward+1","floor":34},{"not_picked":["Backlash+1","BeatsPerMinute"],"picked":"AlternateTimeline+1","floor":35},{"not_picked":["FormalWear+1","Engulf+1","CrunchTime+1"],"picked":"SKIP","floor":36}],"player_experience":78506,"relics_obtained":[{"floor":8,"key":"HornCleat"},{"floor":9,"key":"Toxic Egg 2"},{"floor":10,"key":"Bag of Preparation"},{"floor":23,"key":"Lantern"},{"floor":26,"key":"Pen Nib"}],"event_choices":[{"cards_removed":["Strike_Br"],"damage_healed":0,"gold_gain":0,"player_choice":"Card Removal","damage_taken":7,"max_hp_gain":0,"max_hp_loss":0,"event_name":"Golden Wing","floor":2,"gold_loss":0},{"damage_healed":0,"gold_gain":0,"player_choice":"Grow","damage_taken":0,"max_hp_gain":0,"max_hp_loss":0,"event_name":"Living Wall","floor":4,"gold_loss":0,"cards_upgraded":["LockedOrichalcum"]},{"damage_healed":0,"gold_gain":0,"player_choice":"Donut","damage_taken":0,"max_hp_gain":5,"max_hp_loss":0,"event_name":"Big Fish","floor":5,"gold_loss":0},{"damage_healed":0,"gold_gain":0,"player_choice":"Trade","damage_taken":0,"relics_obtained":["FaceOfCleric"],"max_hp_gain":0,"max_hp_loss":0,"event_name":"FaceTrader","floor":14,"gold_loss":0}],"is_beta":false,"boss_relics":[{"not_picked":["Cursed Key","Snecko Eye"],"picked":"Ectoplasm"},{"not_picked":["Calling Bell","SacredBark"],"picked":"Tiny House"}],"items_purged_floors":[],"is_endless":false,"potions_floor_spawned":[1,10,12,16,19,21,23,25],"killed_by":"Maw","ascension_level":0}}