{"host":"yn8qackkbxgt4nh1","time":1611472585,"event":{"mods":["BaseMod","Colored Map","Colored Powertips","DeckTracker","Minty Spire (QoL Compilation)","SuperFastMode"],"gold_per_floor":[113,127,277,29,43,71,71,103,172,172,93,128,128,146,146,146,146],"floor_reached":16,"language":"KOR","playtime":590,"items_purged":["Doubt"],"score":347,"play_id":"004a0893-ed6e-473c-97e3-932bf3f23b61","local_time":"20210124161625","is_ascension_mode":true,"campfire_choices":[{"data":"Perfected Strike","floor":7.0,"key":"SMITH"},{"data":"Sword Boomerang","floor":10.0,"key":"SMITH"},{"data":"Dark Embrace","floor":13.0,"key":"SMITH"},{"data":"Double Tap","floor":15.0,"key":"SMITH"}],"circlet_count":0,"master_deck":["AscendersBane","Strike_R","Strike_R","Strike_R","Strike_R","Defend_R","Defend_R","Defend_R","Defend_R","Bash","Double Tap+1","Ghostly Armor","Sword Boomerang+1","Perfected Strike+1","Second Wind","Dark Embrace+1","Feel No Pain","Seeing Red","Dark Embrace"],"relics":["Burning Blood","Lantern","Ginger","Juzu Bracelet","Meat on the Bone","Bottled Lightning"],"acts_visited":["Exordium"],"potions_floor_usage":[],"damage_taken":[{"damage":6.0,"enemies":"Cultist","floor":1.0,"turns":3.0},{"damage":0.0,"enemies":"Small Slimes","floor":2.0,"turns":4.0},{"damage":0.0,"enemies":"Jaw Worm","floor":5.0,"turns":3.0},{"damage":36.0,"enemies":"Gremlin Nob","floor":6.0,"turns":4.0},{"damage":15.0,"enemies":"3 Sentries","floor":8.0,"turns":8.0},{"damage":0.0,"enemies":"Gremlin Nob","floor":12.0,"turns":2.0},{"damage":30.0,"enemies":"Lots of Slimes","floor":14.0,"turns":5.0},{"damage":47,"enemies":"Slime Boss","floor":16,"turns":8}],"seed_played":"-5335984981131515021","potions_obtained":[{"floor":1.0,"key":"LiquidMemories"},{"floor":8.0,"key":"BlessingOfTheForge"},{"floor":12.0,"key":"SmokeBomb"}],"is_trial":false,"path_per_floor":["M","M","?","$","M","E","R","E","T","R","$","E","R","M","R","B"],"character_chosen":"IRONCLAD","items_purchased":["Lantern","Feel No Pain"],"campfire_rested":0,"item_purchase_floors":[4,11],"current_hp_per_floor":[68,74,74,74,75,45,45,36,36,36,36,54,54,42,42,0,0],"gold":146,"neow_bonus":"TRANSFORM_CARD","is_daily":false,"chose_seed":false,"campfire_upgraded":4,"win_rate":0.0,"timestamp":1611472585,"path_taken":["M","M","?","$","M","E","R","E","T","R","$","E","R","M","R","BOSS"],"items_purchased_type":["Relic","Card"],"build_version":"2020-12-22","purchased_purges":1,"victory":false,"max_hp_per_floor":[75,75,75,75,75,75,75,75,75,75,75,75,75,75,75,75,75],"card_choices":[{"not_picked":["Iron Wave","Disarm"],"picked":"Ghostly Armor","floor":1.0},{"not_picked":["Warcry","Havoc"],"picked":"Sword Boomerang","floor":2.0},{"not_picked":["Battle Trance","Feel No Pain"],"picked":"Perfected Strike","floor":5.0},{"not_picked":["Thunderclap","Warcry"],"picked":"Second Wind","floor":6.0},{"not_picked":["Burning Pact","Exhume"],"picked":"Dark Embrace","floor":8.0},{"not_picked":["Body Slam","Clash"],"picked":"Seeing Red","floor":12.0},{"not_picked":["Body Slam","Sword Boomerang"],"picked":"Dark Embrace","floor":14.0}],"player_experience":694223,"relics_obtained":[{"floor":6.0,"key":"Ginger"},{"floor":8.0,"key":"Juzu Bracelet"},{"floor":9.0,"key":"Meat on the Bone"},{"floor":12.0,"key":"Bottled Lightning"}],"event_choices":[{"damage_healed":0.0,"max_hp_gain":0.0,"max_hp_loss":0.0,"gold_gain":150.0,"event_name":"Liars Game","player_choice":"AGREE","floor":3.0,"gold_loss":0.0,"damage_taken":0.0,"cards_obtained":["Doubt"]}],"is_beta":false,"boss_relics":[],"items_purged_floors":[4],"is_endless":false,"potions_floor_spawned":[1,8,12],"killed_by":"Slime Boss","ascension_level":16}}