{"host":"s41rn2jhghpwfrvz","time":1611516446,"event":{"mods":["BaseMod","Minty Spire (QoL Compilation)","Quick Restart","Relic Stats","SuperFastMode"],"gold_per_floor":[114,114,39,39,39,39,58,99,99,130,153,197,197,232,232,322,322,340,340,172,190,190,230,230,261,261,261,279,279,314,352,352,448,448,473,498,498,522,541,577,577,593,643,677,692,502,515,531,531,531,531,531,531,157,197,197,197],"floor_reached":58,"language":"ENG","playtime":1213,"items_purged":["Pummel"],"score":3946,"play_id":"605ef182-aec8-4a37-968d-7b7553e93ea5","local_time":"20210124212726","daily_mods":["SealedDeck","Diverse","DeadlyEvents"],"is_ascension_mode":true,"campfire_choices":[{"data":"Body Slam","floor":6,"key":"SMITH"},{"data":"Prostrate","floor":13,"key":"SMITH"},{"data":"Backflip","floor":15,"key":"SMITH"},{"data":"Pommel Strike","floor":27,"key":"SMITH"},{"data":"TalkToTheHand","floor":29,"key":"SMITH"},{"floor":32,"key":"RECALL"},{"floor":41,"key":"DIG"},{"floor":49,"key":"DIG"},{"data":"Shrug It Off","floor":53,"key":"SMITH"}],"circlet_count":0,"master_deck":["AscendersBane","Acrobatics","Seeing Red","Pommel Strike+1","Body Slam+1","Shrug It Off+1","Prostrate+1","TalkToTheHand+1","Backflip+1","Footwork+1"],"relics":["Burning Blood","Golden Idol","InkBottle","Unceasing Top","Strawberry","Molten Egg 2","Busted Crown","Bottled Flame","Membership Card","Torii","Shovel","Bird Faced Urn","Paper Frog","CeramicFish","Coffee Dripper","Frozen Egg 2","Vajra","Regal Pillow","Gremlin Horn","Toxic Egg 2","Calipers","Mercury Hourglass","Pantograph","Cauldron","Art of War"],"acts_visited":["Exordium","TheCity","TheBeyond","TheEnding"],"potions_floor_usage":[30,57,57],"damage_taken":[{"damage":0,"enemies":"Jaw Worm","floor":1,"turns":2},{"damage":0,"enemies":"2 Louse","floor":7,"turns":3},{"damage":0,"enemies":"Gremlin Nob","floor":8,"turns":3},{"damage":6,"enemies":"3 Sentries","floor":10,"turns":5},{"damage":0,"enemies":"Small Slimes","floor":11,"turns":2},{"damage":0,"enemies":"Gremlin Nob","floor":12,"turns":3},{"damage":0,"enemies":"Lagavulin","floor":14,"turns":2},{"damage":0,"enemies":"The Guardian","floor":16,"turns":4},{"damage":0,"enemies":"Spheric Guardian","floor":18,"turns":2},{"damage":0,"enemies":"2 Thieves","floor":21,"turns":2},{"damage":0,"enemies":"Slavers","floor":23,"turns":3},{"damage":0,"enemies":"Book of Stabbing","floor":25,"turns":2},{"damage":0,"enemies":"3 Cultists","floor":28,"turns":2},{"damage":0,"enemies":"Slavers","floor":30,"turns":3},{"damage":0,"enemies":"Book of Stabbing","floor":31,"turns":2},{"damage":0,"enemies":"Collector","floor":33,"turns":2},{"damage":0,"enemies":"3 Darklings","floor":35,"turns":2},{"damage":0,"enemies":"Orb Walker","floor":36,"turns":2},{"damage":0,"enemies":"4 Shapes","floor":38,"turns":2},{"damage":0,"enemies":"Transient","floor":39,"turns":3},{"damage":0,"enemies":"Giant Head","floor":40,"turns":2},{"damage":0,"enemies":"Spire Growth","floor":42,"turns":2},{"damage":0,"enemies":"Reptomancer","floor":44,"turns":2},{"damage":0,"enemies":"Sphere and 2 Shapes","floor":45,"turns":2},{"damage":0,"enemies":"4 Shapes","floor":47,"turns":2},{"damage":0,"enemies":"Spire Growth","floor":48,"turns":2},{"damage":12,"enemies":"Time Eater","floor":50,"turns":3},{"damage":0,"enemies":"Awakened One","floor":51,"turns":3},{"damage":0,"enemies":"Shield and Spear","floor":55,"turns":2},{"damage":6,"enemies":"The Heart","floor":57,"turns":6}],"seed_played":"1425359229683912916","potions_obtained":[{"floor":7,"key":"CultistPotion"},{"floor":12,"key":"LiquidMemories"},{"floor":21,"key":"DuplicationPotion"},{"floor":35,"key":"AttackPotion"},{"floor":40,"key":"Dexterity Potion"}],"is_trial":true,"path_per_floor":["M","?","?","?","?","R","M","E","T","E","M","E","R","E","R","B",null,"M","T","$","M","?","E","$","E","T","R","M","R","E","E","R","B",null,"M","M","?","M","M","E","R","M","T","E","M","$","M","M","R","B","B",null,"R","$","E","E","B",null],"character_chosen":"IRONCLAD","items_purchased":["Membership Card","Toxic Egg 2","Footwork+1","Mercury Hourglass","Pantograph","Cauldron"],"campfire_rested":0,"item_purchase_floors":[20,46,46,54,54,54],"current_hp_per_floor":[74,79,79,72,44,44,50,56,56,56,62,75,75,81,81,87,87,87,87,87,87,87,87,87,87,87,87,87,87,87,87,87,87,87,87,87,87,87,87,87,87,87,87,87,87,87,87,87,87,81,87,87,87,87,87,87,87],"gold":197,"neow_bonus":"","is_daily":false,"chose_seed":false,"campfire_upgraded":6,"win_rate":0.0,"timestamp":1611516446,"path_taken":["M","?","?","?","?","R","?","E","T","E","M","?","R","E","R","BOSS","M","?","$","M","?","E","?","E","T","R","?","R","E","?","R","BOSS","M","?","?","M","?","E","R","M","T","E","M","$","M","M","R","BOSS","BOSS","R","$","E","E","BOSS"],"items_purchased_type":["Relic","Relic","Card","Relic","Relic","Relic"],"build_version":"2020-12-22","purchased_purges":1,"victory":true,"max_hp_per_floor":[75,80,80,80,80,80,80,80,80,80,80,87,87,87,87,87,87,87,87,87,87,87,87,87,87,87,87,87,87,87,87,87,87,87,87,87,87,87,87,87,87,87,87,87,87,87,87,87,87,87,87,87,87,87,87,87,87],"relic_stats":{"Regal Pillow":0,"Torii":12,"Gremlin Horn":[9,9],"counters":[30,77],"Golden Idol":227,"CeramicFish":9,"Burning Blood":64,"Mercury Hourglass":[24],"Busted Crown":40,"Shovel":2,"Bird Faced Urn":[2],"Pantograph":0,"Art of War":[0],"obtain_stats":[{"Regal Pillow":43,"Calipers":49,"Torii":23,"Gremlin Horn":44,"CeramicFish":31,"Vajra":41,"Burning Blood":0,"Shovel":25,"Strawberry":12,"Pantograph":54,"Toxic Egg 2":46,"InkBottle":8,"Paper Frog":30,"Golden Idol":5,"Frozen Egg 2":40,"Mercury Hourglass":54,"Cauldron":54,"Bottled Flame":19,"Busted Crown":17,"Bird Faced Urn":26,"Molten Egg 2":14,"Coffee Dripper":34,"Art of War":55,"Membership Card":20,"Unceasing Top":10},{"Regal Pillow":22,"Calipers":26,"Torii":11,"Gremlin Horn":23,"CeramicFish":15,"Vajra":21,"Burning Blood":0,"Shovel":12,"Strawberry":6,"Pantograph":28,"Toxic Egg 2":24,"InkBottle":3,"Paper Frog":14,"Golden Idol":1,"Frozen Egg 2":21,"Mercury Hourglass":28,"Cauldron":28,"Bottled Flame":9,"Busted Crown":8,"Bird Faced Urn":12,"Molten Egg 2":7,"Coffee Dripper":16,"Art of War":29,"Membership Card":9,"Unceasing Top":4},{"Regal Pillow":55,"Calipers":63,"Torii":31,"Gremlin Horn":57,"CeramicFish":40,"Vajra":53,"Burning Blood":0,"Shovel":33,"Strawberry":18,"Pantograph":69,"Toxic Egg 2":59,"InkBottle":8,"Paper Frog":38,"Golden Idol":2,"Frozen Egg 2":53,"Mercury Hourglass":69,"Cauldron":69,"Bottled Flame":26,"Busted Crown":24,"Bird Faced Urn":33,"Molten Egg 2":20,"Coffee Dripper":42,"Art of War":71,"Membership Card":26,"Unceasing Top":13}],"InkBottle":[51],"Unceasing Top":[0]},"card_choices":[{"not_picked":["True Grit","Leg Sweep","Pommel Strike"],"picked":"SKIP","floor":1},{"not_picked":["WindmillStrike","SashWhip","Bane"],"picked":"SKIP","floor":7},{"not_picked":["FollowUp","Thunderclap","Conserve Battery"],"picked":"SKIP","floor":8},{"not_picked":["Sweeping Beam","Reboot"],"picked":"Backflip","floor":10},{"not_picked":["Halt","EmptyBody","Go for the Eyes"],"picked":"SKIP","floor":11},{"not_picked":["CrushJoints","Barrage","Clothesline"],"picked":"SKIP","floor":12},{"not_picked":["Capacitor","CrushJoints+1","Scrape+1"],"picked":"SKIP","floor":14},{"not_picked":["Havoc"],"picked":"SKIP","floor":18},{"not_picked":["Dodge and Roll"],"picked":"SKIP","floor":21},{"not_picked":["Shrug It Off"],"picked":"SKIP","floor":23},{"not_picked":["Deflect"],"picked":"SKIP","floor":25},{"not_picked":["Outmaneuver"],"picked":"SKIP","floor":28},{"not_picked":["Storm"],"picked":"SKIP","floor":30},{"not_picked":["FlurryOfBlows+1"],"picked":"SKIP","floor":31},{"not_picked":["CrushJoints+1"],"picked":"SKIP","floor":35},{"not_picked":["Poisoned Stab+1"],"picked":"SKIP","floor":36},{"not_picked":["Chaos"],"picked":"SKIP","floor":38},{"not_picked":["Double Energy"],"picked":"SKIP","floor":39},{"not_picked":["Genetic Algorithm"],"picked":"SKIP","floor":40},{"not_picked":["Static Discharge+1"],"picked":"SKIP","floor":42},{"not_picked":["Redo"],"picked":"SKIP","floor":44},{"not_picked":["Burning Pact"],"picked":"SKIP","floor":45},{"not_picked":["FollowUp+1"],"picked":"SKIP","floor":47},{"not_picked":["Poisoned Stab+1"],"picked":"SKIP","floor":48},{"not_picked":["Blizzard+1"],"picked":"SKIP","floor":55}],"player_experience":1851290,"relics_obtained":[{"floor":8,"key":"InkBottle"},{"floor":10,"key":"Unceasing Top"},{"floor":12,"key":"Strawberry"},{"floor":14,"key":"Molten Egg 2"},{"floor":19,"key":"Bottled Flame"},{"floor":23,"key":"Torii"},{"floor":25,"key":"Shovel"},{"floor":26,"key":"Bird Faced Urn"},{"floor":30,"key":"Paper Frog"},{"floor":31,"key":"CeramicFish"},{"floor":40,"key":"Frozen Egg 2"},{"floor":41,"key":"Vajra"},{"floor":43,"key":"Regal Pillow"},{"floor":44,"key":"Gremlin Horn"},{"floor":49,"key":"Calipers"},{"floor":55,"key":"Art of War"}],"event_choices":[{"damage_healed":0,"gold_gain":0,"player_choice":"Donut","damage_taken":0,"max_hp_gain":5,"max_hp_loss":0,"event_name":"Big Fish","floor":2,"gold_loss":0},{"cards_removed":["Whirlwind"],"damage_healed":0,"gold_gain":0,"player_choice":"Card Removal","damage_taken":0,"max_hp_gain":0,"max_hp_loss":0,"event_name":"The Cleric","floor":3,"gold_loss":75},{"cards_removed":["Quick Slash"],"damage_healed":0,"gold_gain":0,"player_choice":"Card Removal","damage_taken":7,"max_hp_gain":0,"max_hp_loss":0,"event_name":"Golden Wing","floor":4,"gold_loss":0},{"damage_healed":0,"gold_gain":0,"player_choice":"Take Damage","damage_taken":28,"relics_obtained":["Golden Idol"],"max_hp_gain":0,"max_hp_loss":0,"event_name":"Golden Idol","floor":5,"gold_loss":0},{"damage_healed":0,"gold_gain":0,"player_choice":"Ignored","damage_taken":0,"max_hp_gain":0,"max_hp_loss":0,"event_name":"Ghosts","floor":22,"gold_loss":0},{"damage_healed":0,"gold_gain":0,"player_choice":"Ignored","damage_taken":0,"max_hp_gain":0,"max_hp_loss":0,"event_name":"Tomb of Lord Red Mask","floor":37,"gold_loss":0}],"is_beta":false,"boss_relics":[{"not_picked":["Runic Cube","Calling Bell"],"picked":"Busted Crown"},{"not_picked":["Cursed Key","Astrolabe"],"picked":"Coffee Dripper"}],"items_purged_floors":[46],"is_endless":false,"potions_floor_spawned":[7,12,16,21,23,25,35,38,40,44,47,48],"ascension_level":20}}