{"host":"x3xr1fzypq6qqz5s","time":1611489199,"event":{"mods":["BaseMod","Better Vampires","Colored Powertips","DeckTracker","Highlight Path","Minty Spire (QoL Compilation)","Quick Restart","Rare Cards Sparkle","Relic Stats"],"gold_per_floor":[118,138,138,163,181,221,0,21,44,44,59,24,24,24,24,145,145,165,190,115,140,156,156,169,169,217,292,307,307,328,66,66,194,194,219,67,67,86,110,110,141,157,157,170,170,183,199,199,199],"floor_reached":48,"language":"ZHS","playtime":2298,"items_purged":[],"score":493,"play_id":"5dbbd32b-92b4-4420-b3f6-7a4811d78287","local_time":"20210124195319","is_ascension_mode":false,"campfire_choices":[{"data":"Apotheosis","floor":13.0,"key":"SMITH"},{"data":"Accuracy","floor":15.0,"key":"SMITH"},{"floor":23.0,"key":"REST"},{"data":"After Image","floor":25.0,"key":"SMITH"},{"floor":29.0,"key":"REST"},{"data":"Envenom","floor":32.0,"key":"SMITH"},{"floor":40.0,"key":"RECALL"}],"circlet_count":0,"master_deck":["Strike_G","Strike_G","Defend_G","Defend_G","Defend_G","Survivor","Neutralize","After Image+1","Infinite Blades","Accuracy+1","Well Laid Plans","Apotheosis+1","Infinite Blades","Envenom+1","Glass Knife+1","Blade Dance+1","Glass Knife+1","PiercingWail","Dash","Finisher+1","Blur+1","Phantasmal Killer","A Thousand Cuts","Dagger Spray","Dodge and Roll+1","Setup+1"],"relics":["Ring of the Snake","Golden Idol","Singing Bowl","Regal Pillow","Paper Crane","Astrolabe","Bronze Scales","Kunai","Busted Crown","Oddly Smooth Stone","Happy Flower","The Courier"],"acts_visited":["Exordium","TheCity","TheBeyond"],"potions_floor_usage":[47],"damage_taken":[{"damage":2.0,"enemies":"Small Slimes","floor":1.0,"turns":5.0},{"damage":0.0,"enemies":"Jaw Worm","floor":2.0,"turns":5.0},{"damage":0.0,"enemies":"Cultist","floor":5.0,"turns":4.0},{"damage":5.0,"enemies":"Lagavulin","floor":6.0,"turns":8.0},{"damage":1.0,"enemies":"3 Louse","floor":8.0,"turns":4.0},{"damage":4.0,"enemies":"Blue Slaver","floor":11.0,"turns":5.0},{"damage":17.0,"enemies":"The Guardian","floor":16.0,"turns":11.0},{"damage":13.0,"enemies":"2 Thieves","floor":18.0,"turns":4.0},{"damage":5.0,"enemies":"Spheric Guardian","floor":19.0,"turns":4.0},{"damage":11.0,"enemies":"Chosen and Byrds","floor":21.0,"turns":6.0},{"damage":16.0,"enemies":"Centurion and Healer","floor":22.0,"turns":6.0},{"damage":19.0,"enemies":"Snake Plant","floor":24.0,"turns":4.0},{"damage":19.0,"enemies":"3 Cultists","floor":28.0,"turns":6.0},{"damage":12.0,"enemies":"Shelled Parasite and Fungi","floor":30.0,"turns":4.0},{"damage":14.0,"enemies":"Collector","floor":33.0,"turns":9.0},{"damage":2.0,"enemies":"3 Shapes","floor":35.0,"turns":6.0},{"damage":2.0,"enemies":"Orb Walker","floor":38.0,"turns":3.0},{"damage":10.0,"enemies":"Transient","floor":39.0,"turns":5.0},{"damage":30.0,"enemies":"Reptomancer","floor":41.0,"turns":6.0},{"damage":21.0,"enemies":"Spire Growth","floor":42.0,"turns":4.0},{"damage":0.0,"enemies":"3 Darklings","floor":44.0,"turns":5.0},{"damage":7.0,"enemies":"Transient","floor":46.0,"turns":5.0},{"damage":4,"enemies":"Spire Growth","floor":47,"turns":4},{"damage":20,"enemies":"4 Shapes","floor":48,"turns":3}],"seed_played":"-1745859881965882595","potions_obtained":[{"floor":2.0,"key":"SpeedPotion"},{"floor":11.0,"key":"Weak Potion"},{"floor":18.0,"key":"DuplicationPotion"},{"floor":28.0,"key":"SneckoOil"},{"floor":30.0,"key":"LiquidMemories"},{"floor":39.0,"key":"AttackPotion"},{"floor":41.0,"key":"FearPotion"},{"floor":42.0,"key":"DuplicationPotion"},{"floor":44.0,"key":"Poison Potion"},{"floor":45.0,"key":"Dexterity Potion"}],"is_trial":false,"path_per_floor":["M","M","?","T","M","E","$","M","T","?","M","?","R","$","R","B",null,"M","M","?","M","M","R","M","R","T","?","M","R","M","$","R","B",null,"M","$","?","M","M","R","E","M","T","M","?","M","M","M"],"character_chosen":"THE_SILENT","items_purchased":["Apotheosis","Infinite Blades","Kunai","Oddly Smooth Stone"],"campfire_rested":2,"item_purchase_floors":[7,7,31,36],"current_hp_per_floor":[68,68,51,51,51,48,48,49,49,31,29,48,48,48,48,31,76,63,60,60,49,33,71,52,52,52,45,26,64,54,54,54,40,80,80,80,80,80,72,72,42,23,23,25,25,20,16,0,0],"gold":199,"neow_bonus":"ONE_RANDOM_RARE_CARD","is_daily":false,"chose_seed":false,"campfire_upgraded":4,"win_rate":0.0,"timestamp":1611489199,"path_taken":["M","M","?","?","M","E","$","?","T","?","M","?","R","$","R","BOSS","M","M","?","M","M","R","M","R","T","?","M","R","M","$","R","BOSS","M","?","?","?","M","R","E","M","T","?","?","M","M","M"],"items_purchased_type":["Card","Card","Relic","Relic"],"build_version":"2020-12-22","purchased_purges":0,"victory":false,"max_hp_per_floor":[70,70,70,70,70,72,72,74,74,74,76,76,76,76,76,76,76,76,78,78,78,78,78,78,78,78,78,78,78,80,80,80,80,80,82,82,82,84,86,86,86,88,88,90,90,92,92,92,92],"relic_stats":{"Regal Pillow":30,"Busted Crown":16,"Singing Bowl":22,"Happy Flower":[7],"counters":[24,126],"Golden Idol":128,"Astrolabe":["Glass Knife","Blade Dance","Glass Knife"],"Bronze Scales":[162],"Kunai":[28],"obtain_stats":[{"Regal Pillow":9,"Busted Crown":34,"Singing Bowl":6,"Happy Flower":41,"Golden Idol":3,"Astrolabe":17,"Bronze Scales":26,"Oddly Smooth Stone":36,"The Courier":43,"Kunai":31,"Paper Crane":10,"Ring of the Snake":0},{"Regal Pillow":5,"Busted Crown":15,"Singing Bowl":4,"Happy Flower":19,"Golden Idol":2,"Astrolabe":7,"Bronze Scales":12,"Oddly Smooth Stone":16,"The Courier":20,"Kunai":14,"Paper Crane":5,"Ring of the Snake":0},{"Regal Pillow":26,"Busted Crown":85,"Singing Bowl":22,"Happy Flower":105,"Golden Idol":10,"Astrolabe":42,"Bronze Scales":66,"Oddly Smooth Stone":91,"The Courier":109,"Kunai":76,"Paper Crane":26,"Ring of the Snake":0}],"Ring of the Snake":[48]},"card_choices":[{"not_picked":["PiercingWail","Blade Dance"],"picked":"Infinite Blades","floor":1.0},{"not_picked":["Escape Plan","Outmaneuver"],"picked":"Accuracy","floor":2.0},{"not_picked":["Deadly Poison","Poisoned Stab"],"picked":"Well Laid Plans","floor":5.0},{"not_picked":["Caltrops","Outmaneuver","Flying Knee"],"picked":"Singing Bowl","floor":6.0},{"not_picked":["Deadly Poison","Poisoned Stab","Quick Slash"],"picked":"Singing Bowl","floor":8.0},{"not_picked":["Grand Finale","Slice","All Out Attack"],"picked":"Singing Bowl","floor":11.0},{"not_picked":["Malaise","Corpse Explosion"],"picked":"Envenom","floor":16.0},{"not_picked":["Poisoned Stab","Flying Knee"],"picked":"PiercingWail","floor":18.0},{"not_picked":["Deadly Poison","Flying Knee","Poisoned Stab"],"picked":"Singing Bowl","floor":19.0},{"not_picked":["Dagger Throw","Deadly Poison"],"picked":"Dash","floor":21.0},{"not_picked":["Terror+1","Blur"],"picked":"Finisher+1","floor":22.0},{"not_picked":["PiercingWail","Poisoned Stab"],"picked":"Blur+1","floor":24.0},{"not_picked":["Prepared","Bouncing Flask"],"picked":"Phantasmal Killer","floor":28.0},{"not_picked":["Flechettes+1","Prepared+1","Infinite Blades"],"picked":"Singing Bowl","floor":30.0},{"not_picked":["After Image","Storm of Steel"],"picked":"A Thousand Cuts","floor":33.0},{"not_picked":["Underhanded Strike"],"picked":"Singing Bowl","floor":35.0},{"not_picked":["Dodge and Roll+1"],"picked":"Singing Bowl","floor":38.0},{"not_picked":["Bane"],"picked":"Singing Bowl","floor":39.0},{"not_picked":[],"picked":"Dodge and Roll+1","floor":41.0},{"not_picked":["Setup+1"],"picked":"Singing Bowl","floor":42.0},{"not_picked":["Dagger Throw"],"picked":"Singing Bowl","floor":44.0},{"not_picked":["Noxious Fumes"],"picked":"Singing Bowl","floor":46.0},{"not_picked":[],"picked":"Setup+1","floor":47}],"player_experience":623402,"relics_obtained":[{"floor":6.0,"key":"Singing Bowl"},{"floor":9.0,"key":"Regal Pillow"},{"floor":26.0,"key":"Bronze Scales"},{"floor":41.0,"key":"Happy Flower"},{"floor":43.0,"key":"The Courier"}],"event_choices":[{"damage_healed":0.0,"max_hp_gain":0.0,"max_hp_loss":0.0,"gold_gain":0.0,"event_name":"Golden Idol","player_choice":"Take Damage","floor":3.0,"gold_loss":0.0,"damage_taken":17.0,"relics_obtained":["Golden Idol"]},{"damage_healed":0.0,"max_hp_gain":0.0,"max_hp_loss":0.0,"gold_gain":0.0,"event_name":"Scrap Ooze","player_choice":"Success","floor":10.0,"gold_loss":0.0,"damage_taken":18.0,"relics_obtained":["Paper Crane"]},{"damage_healed":19.0,"max_hp_gain":0.0,"max_hp_loss":0.0,"gold_gain":0.0,"event_name":"The Cleric","player_choice":"Healed","floor":12.0,"gold_loss":35.0,"damage_taken":0.0},{"cards_removed":["Strike_G"],"damage_healed":0.0,"max_hp_gain":0.0,"max_hp_loss":0.0,"gold_gain":0.0,"event_name":"Beggar","player_choice":"Gave Gold","floor":20.0,"gold_loss":75.0,"damage_taken":0.0},{"damage_healed":0.0,"max_hp_gain":0.0,"max_hp_loss":0.0,"gold_gain":75.0,"event_name":"FaceTrader","player_choice":"Touch","floor":27.0,"gold_loss":0.0,"damage_taken":7.0},{"damage_healed":0.0,"max_hp_gain":0.0,"max_hp_loss":0.0,"gold_gain":0.0,"cards_transformed":["Strike_G"],"event_name":"Transmorgrifier","player_choice":"Transformed","floor":37.0,"gold_loss":0.0,"damage_taken":0.0,"cards_obtained":["Dagger Spray"]},{"damage_healed":0.0,"max_hp_gain":0.0,"max_hp_loss":0.0,"gold_gain":0.0,"event_name":"Lab","player_choice":"Got Potions","floor":45.0,"gold_loss":0.0,"damage_taken":0.0}],"is_beta":false,"boss_relics":[{"not_picked":["Tiny House","Snecko Eye"],"picked":"Astrolabe"},{"not_picked":["SacredBark","HoveringKite"],"picked":"Busted Crown"}],"items_purged_floors":[],"is_endless":false,"potions_floor_spawned":[2,11,18,28,30,39,41,42,44,46],"killed_by":"4 Shapes","ascension_level":0}}