{"host":"bq4pt811tk9yrmjl","time":1611512948,"event":{"mods":["AchievementEnabler","BaseMod","Colored Map","Colored Powertips","Defuse TimeMaze Blight","Hermit","Minty Spire (QoL Compilation)","StSLib","SuperFastMode"],"gold_per_floor":[117,117,48,48,62,92,92,109,159,159,170,200,200,213,213,315,315,328,328,76,76,76,76,76,76,103,138,148,148,159,172,172,271,271,285,285,335,335,346,346,372,385,411,411,430,430,447,458,458,458],"floor_reached":49,"language":"ENG","playtime":1176,"items_purged":[],"score":599,"play_id":"3f1f876e-0ed2-41b4-82fc-4fdf1033a641","local_time":"20210124162908","is_ascension_mode":true,"campfire_choices":[{"data":"Accuracy","floor":10.0,"key":"SMITH"},{"data":"Blade Dance","floor":13.0,"key":"SMITH"},{"data":"Neutralize","floor":15.0,"key":"SMITH"},{"data":"After Image","floor":23.0,"key":"SMITH"},{"floor":25.0,"key":"RECALL"},{"data":"After Image","floor":29.0,"key":"SMITH"},{"data":"Blade Dance","floor":32.0,"key":"SMITH"},{"floor":40.0,"key":"REST"},{"floor":44.0,"key":"REST"},{"data":"Infinite Blades","floor":46,"key":"SMITH"},{"floor":49,"key":"REST"}],"circlet_count":0,"master_deck":["Defend_G+1","Defend_G+1","Defend_G+1","Defend_G+1","Defend_G+1","Survivor","Neutralize+1","Accuracy+1","Skewer","Blade Dance+1","Blade Dance+1","After Image+1","Blade Dance+1","Bane+1","All Out Attack+1","Deflect","After Image+1","Finisher+1","Distraction+1","Blade Dance","Die Die Die+1","Blind","Leg Sweep","Parasite","Flying Knee+1","Backstab+1","Distraction+1","Infinite Blades+1","Slice+1","Blade Dance+1","Cloak And Dagger+1"],"relics":["Ring of the Snake","NeowsBlessing","Regal Pillow","Pear","Bottled Tornado","Smiling Mask","Astrolabe","Pantograph","Nunchaku","Molten Egg 2","Empty Cage","Prayer Wheel","Bag of Marbles","Snake Skull"],"acts_visited":["Exordium","TheCity","TheBeyond"],"potions_floor_usage":[],"damage_taken":[{"damage":0.0,"enemies":"Jaw Worm","floor":1.0,"turns":1.0},{"damage":0.0,"enemies":"Cultist","floor":5.0,"turns":1.0},{"damage":0.0,"enemies":"Gremlin Nob","floor":6.0,"turns":1.0},{"damage":0.0,"enemies":"2 Louse","floor":8.0,"turns":4.0},{"damage":1.0,"enemies":"Red Slaver","floor":11.0,"turns":4.0},{"damage":8.0,"enemies":"Lagavulin","floor":12.0,"turns":5.0},{"damage":0.0,"enemies":"Exordium Wildlife","floor":14.0,"turns":3.0},{"damage":12.0,"enemies":"Slime Boss","floor":16.0,"turns":8.0},{"damage":3.0,"enemies":"Chosen","floor":18.0,"turns":3.0},{"damage":0.0,"enemies":"Gremlin Leader","floor":27.0,"turns":5.0},{"damage":0.0,"enemies":"Shell Parasite","floor":28.0,"turns":3.0},{"damage":0.0,"enemies":"Chosen and Byrds","floor":30.0,"turns":6.0},{"damage":0.0,"enemies":"3 Cultists","floor":31.0,"turns":4.0},{"damage":31.0,"enemies":"Automaton","floor":33.0,"turns":9.0},{"damage":3.0,"enemies":"3 Shapes","floor":35.0,"turns":4.0},{"damage":21.0,"enemies":"Mind Bloom Boss Battle","floor":37.0,"turns":9.0},{"damage":0.0,"enemies":"3 Darklings","floor":38.0,"turns":1.0},{"damage":14.0,"enemies":"Writhing Mass","floor":39.0,"turns":13.0},{"damage":57.0,"enemies":"Nemesis","floor":41.0,"turns":11.0},{"damage":12.0,"enemies":"Spire Growth","floor":42.0,"turns":4.0},{"damage":0,"enemies":"3 Darklings","floor":45,"turns":6},{"damage":17,"enemies":"Jaw Worm Horde","floor":47,"turns":5},{"damage":3,"enemies":"Transient","floor":48,"turns":5}],"seed_played":"224393844695792148","potions_obtained":[{"floor":6.0,"key":"Swift Potion"},{"floor":7.0,"key":"LiquidBronze"},{"floor":7.0,"key":"Weak Potion"},{"floor":8.0,"key":"ColorlessPotion"},{"floor":14.0,"key":"SmokeBomb"},{"floor":28.0,"key":"BlessingOfTheForge"},{"floor":39.0,"key":"Ancient Potion"},{"floor":48,"key":"SkillPotion"}],"is_trial":false,"path_per_floor":["M","?","$","?","M","E","?","M","T","R","M","E","R","M","R","B",null,"M","?","$","?","?","R","$","R","T","E","M","R","M","M","R","B",null,"M","?","?","M","M","R","E","M","T","R","M","R","M","M","R"],"character_chosen":"THE_SILENT","items_purchased":["Accuracy","Pantograph"],"campfire_rested":3,"item_purchase_floors":[3,20],"current_hp_per_floor":[70,63,63,73,73,73,73,73,73,73,72,64,64,64,64,52,80,77,77,77,77,77,77,77,77,77,77,77,77,77,77,77,49,80,77,77,59,59,45,80,23,11,11,50,50,50,33,30,69,69],"gold":458,"neow_bonus":"THREE_ENEMY_KILL","is_daily":false,"chose_seed":false,"campfire_upgraded":7,"win_rate":0.0,"timestamp":1611512948,"path_taken":["M","?","$","?","?","E","?","?","T","R","M","E","R","M","R","BOSS","M","?","$","?","?","R","$","R","T","E","?","R","?","M","R","BOSS","M","?","?","M","M","R","E","M","T","R","M","R","M","M","R"],"items_purchased_type":["Card","Relic"],"build_version":"2020-12-22","purchased_purges":0,"victory":false,"max_hp_per_floor":[70,70,70,80,80,80,80,80,80,80,80,80,80,80,80,80,80,80,80,80,80,80,80,80,80,80,80,80,80,80,80,80,80,80,80,80,80,80,80,80,80,80,80,80,80,80,80,80,80,80],"card_choices":[{"not_picked":["Bane","Dagger Throw"],"picked":"PiercingWail","floor":1.0},{"not_picked":["Poisoned Stab","Bane"],"picked":"Skewer","floor":5.0},{"not_picked":["Dagger Spray","Reflex","Acrobatics"],"picked":"SKIP","floor":6.0},{"not_picked":["Backflip","Dagger Spray"],"picked":"Blade Dance","floor":8.0},{"not_picked":["Tools of the Trade","Bane","Flying Knee"],"picked":"SKIP","floor":11.0},{"not_picked":["Flying Knee","Prepared","Deadly Poison"],"picked":"SKIP","floor":12.0},{"not_picked":["Deflect","Prepared"],"picked":"Blade Dance","floor":14.0},{"not_picked":["Adrenaline","Envenom"],"picked":"After Image","floor":16.0},{"not_picked":["Prepared","Backflip"],"picked":"Deflect","floor":18.0},{"not_picked":["Dash+1","Poisoned Stab+1"],"picked":"After Image","floor":27.0},{"not_picked":["Deadly Poison+1","Underhanded Strike+1"],"picked":"Finisher+1","floor":28.0},{"not_picked":["Poisoned Stab+1","Setup"],"picked":"Distraction+1","floor":30.0},{"not_picked":["Acrobatics","Quick Slash+1"],"picked":"Blade Dance","floor":31.0},{"not_picked":["Burst","Glass Knife+1"],"picked":"Die Die Die+1","floor":33.0},{"not_picked":["Acrobatics","Concentrate+1","Backflip"],"picked":"SKIP","floor":35.0},{"not_picked":["Madness","Secret Weapon"],"picked":"Blind","floor":36.0},{"not_picked":["Cloak And Dagger+1","Dagger Throw+1"],"picked":"Leg Sweep","floor":37.0},{"not_picked":["Poisoned Stab+1","Dodge and Roll+1"],"picked":"Flying Knee+1","floor":39.0},{"not_picked":["Escape Plan","Dagger Throw+1","Heel Hook+1"],"picked":"SKIP","floor":39.0},{"not_picked":["Deflect","Deadly Poison+1"],"picked":"Backstab+1","floor":41.0},{"not_picked":["Blade Dance","Skewer+1"],"picked":"Distraction+1","floor":42.0},{"not_picked":["Dodge and Roll","Quick Slash+1","Underhanded Strike+1"],"picked":"SKIP","floor":42.0},{"not_picked":["Bane+1","Backflip+1"],"picked":"Infinite Blades","floor":45},{"not_picked":["Sucker Punch+1","Dagger Spray+1","Prepared+1"],"picked":"SKIP","floor":45},{"not_picked":["Night Terror","Endless Agony+1"],"picked":"Slice+1","floor":47},{"not_picked":["Expertise","Caltrops","Prepared+1"],"picked":"SKIP","floor":47},{"not_picked":["Dash+1","Prepared"],"picked":"Blade Dance+1","floor":48},{"not_picked":["Blade Dance+1","Well Laid Plans+1"],"picked":"Cloak And Dagger+1","floor":48}],"player_experience":230261,"relics_obtained":[{"floor":6.0,"key":"Bottled Tornado"},{"floor":12.0,"key":"Smiling Mask"},{"floor":26.0,"key":"Nunchaku"},{"floor":27.0,"key":"Molten Egg 2"},{"floor":37.0,"key":"Prayer Wheel"},{"floor":41.0,"key":"Bag of Marbles"},{"floor":43.0,"key":"Snake Skull"}],"event_choices":[{"damage_healed":0.0,"max_hp_gain":0.0,"max_hp_loss":0.0,"gold_gain":0.0,"event_name":"Scrap Ooze","player_choice":"Success","floor":2.0,"gold_loss":0.0,"damage_taken":7.0,"relics_obtained":["Regal Pillow"]},{"cards_removed":["PiercingWail"],"damage_healed":0.0,"max_hp_gain":0.0,"max_hp_loss":0.0,"gold_gain":0.0,"event_name":"WeMeetAgain","player_choice":"Gave Card","floor":4.0,"gold_loss":0.0,"damage_taken":0.0,"relics_obtained":["Pear"]},{"damage_healed":0.0,"max_hp_gain":0.0,"max_hp_loss":0.0,"gold_gain":0.0,"event_name":"Lab","player_choice":"Got Potions","floor":7.0,"gold_loss":0.0,"damage_taken":0.0},{"damage_healed":0.0,"max_hp_gain":0.0,"max_hp_loss":0.0,"gold_gain":0.0,"event_name":"Back to Basics","player_choice":"Simplicity","floor":19.0,"gold_loss":0.0,"damage_taken":0.0,"cards_upgraded":["Strike_G","Strike_G","Defend_G","Defend_G","Defend_G","Defend_G","Defend_G"]},{"damage_healed":0.0,"max_hp_gain":0.0,"max_hp_loss":0.0,"gold_gain":0.0,"event_name":"Ghosts","player_choice":"Ignored","floor":21.0,"gold_loss":0.0,"damage_taken":0.0},{"damage_healed":0.0,"max_hp_gain":0.0,"max_hp_loss":0.0,"gold_gain":0.0,"event_name":"Cursed Tome","player_choice":"Ignored","floor":22.0,"gold_loss":0.0,"damage_taken":0.0},{"damage_healed":0.0,"max_hp_gain":0.0,"max_hp_loss":0.0,"gold_gain":0.0,"event_name":"SensoryStone","player_choice":"Memory 1","floor":36.0,"gold_loss":0.0,"damage_taken":0.0},{"damage_healed":0.0,"max_hp_gain":0.0,"max_hp_loss":0.0,"gold_gain":0.0,"event_name":"MindBloom","player_choice":"Fight","floor":37.0,"gold_loss":0.0,"damage_taken":0.0}],"is_beta":false,"boss_relics":[{"not_picked":["Fusion Hammer","HoveringKite"],"picked":"Astrolabe"},{"not_picked":["Philosopher\u0027s Stone","Cursed Key"],"picked":"Empty Cage"}],"items_purged_floors":[],"is_endless":false,"potions_floor_spawned":[6,8,14,28,30,35,39,48],"ascension_level":1}}