{"host":"0cm5wy4nhuju7tij","time":1611470840,"event":{"mods":["100% Spire Juice","2.2 Compatiblity","AchievementEnabler","Aspiration","BaseMod","Better Third Choice","BetterRewards","CCEM","CapriCore","Colored Powertips","Curses Come First","Custom Start","Displayed Cursed Tome","Downfall","Energized Spire","Evolution","Filter the Spire","Highlight Path","Jess\u0027s Bottle","Minty Spire (QoL Compilation)","Permanent Neow","Poor People Problems","Relic Stats","Shop Mod","Spicy Shops","StSLib","The Cursed","The Dragonkin","The Juggle"],"gold_per_floor":[109,124,141,153,153,153,178,178,227,227,283,283,294,31,31,127,127,144,161,161,175,175,203,223,257,257,257,267,278,288,213,213,312,312,329,340,440,456,78,78,110,125,196,207,167,196,22,34,34,34],"floor_reached":51,"language":"ENG","playtime":2651,"items_purged":["theDragonkin:Defend"],"score":1026,"play_id":"8221b2aa-fe31-4d47-b473-db074c1c61d7","local_time":"20210124014720","is_ascension_mode":false,"campfire_choices":[{"data":"theDragonkin:TwinBreath","floor":6,"key":"SMITH"},{"data":"theDragonkin:RevelationBreath","floor":8,"key":"SMITH"},{"data":"theDragonkin:HolyWordBarrier","floor":10,"key":"SMITH"},{"data":"theDragonkin:DivinePrayer","floor":15,"key":"SMITH"},{"data":"theDragonkin:HolyWordBarrier","floor":27,"key":"SMITH"},{"data":"theDragonkin:SandBreath","floor":32,"key":"SMITH"},{"data":"theDragonkin:Condemnation","floor":40,"key":"SMITH"},{"data":"theDragonkin:Condemnation","floor":49,"key":"SMITH"}],"circlet_count":0,"master_deck":["theDragonkin:BurningRage","theDragonkin:BurningRage+1","theDragonkin:BurningRage","theDragonkin:BurningRage","theDragonkin:HolyWordBarrier+1","theDragonkin:HolySmite+1","theDragonkin:BlazingBreath","theDragonkin:HolyWordBarrier+1","theDragonkin:EmberSwipe","theDragonkin:RevelationBreath+1","theDragonkin:TwinBreath+1","Battle Trance","theDragonkin:HolyShock+1","theDragonkin:SandBreath+1","theDragonkin:DivinePrayer+1","theDragonkin:Cauterize","theDragonkin:MirrorBreath","theDragonkin:DivineFire","theDragonkin:Cauterize+1","theDragonkin:SandBreath+1","theDragonkin:TwinBreath+1","theDragonkin:MiasmicBreath+1","theDragonkin:RevelationBreath","theDragonkin:BurningRage+1","theDragonkin:SlowBurn","theDragonkin:Condemnation+1","theDragonkin:Condemnation+1","theDragonkin:CorrosiveBelch+1","theDragonkin:SandBreath+1","theDragonkin:DivinePrayer+1","theDragonkin:EnduringAgony","theDragonkin:PrismaticBreath+1","theDragonkin:DivineBreath+1","theDragonkin:ChainsOfTruth+1","theDragonkin:DivineJolt","theDragonkin:SlowBurn"],"relics":["theDragonkin:GarnetScale","EVO:Axolotl","Lantern","Du-Vu Doll","CCEMRelics:PorcelainBowl","PreservedInsect","Runic Pyramid","Bag of Marbles","Happy Flower","theDragonkin:MukySludge","aspiration:IroncladSkillbook","Potion Belt","Ancient Tea Set","aspiration:StickyExplosives_weak","aspiration:HummingbirdHeart","CCEMRelics:CocoNut","Sling"],"acts_visited":["Exordium","TheCity","TheBeyond"],"potions_floor_usage":[],"damage_taken":[{"damage":0,"enemies":"Cultist","floor":1,"turns":2},{"damage":4,"enemies":"2 Louse","floor":2,"turns":3},{"damage":5,"enemies":"Small Slimes","floor":3,"turns":2},{"damage":0,"enemies":"Blue Slaver","floor":4,"turns":3},{"damage":0,"enemies":"Lagavulin","floor":7,"turns":4},{"damage":0,"enemies":"Looter","floor":13,"turns":2},{"damage":0,"enemies":"The Guardian","floor":16,"turns":9},{"damage":11,"enemies":"2 Thieves","floor":18,"turns":3},{"damage":0,"enemies":"Spheric Guardian","floor":19,"turns":4},{"damage":0,"enemies":"Snecko","floor":21,"turns":4},{"damage":0,"enemies":"Book of Stabbing","floor":23,"turns":7},{"damage":0,"enemies":"Centurion and Healer","floor":24,"turns":5},{"damage":28,"enemies":"Slavers","floor":25,"turns":4},{"damage":0,"enemies":"Snake Plant","floor":28,"turns":2},{"damage":0,"enemies":"Chosen and Byrds","floor":29,"turns":3},{"damage":0,"enemies":"Centurion and Healer","floor":30,"turns":4},{"damage":0,"enemies":"Champ","floor":33,"turns":12},{"damage":11,"enemies":"Orb Walker","floor":35,"turns":3},{"damage":1,"enemies":"3 Darklings","floor":36,"turns":5},{"damage":0,"enemies":"Transient","floor":38,"turns":5},{"damage":0,"enemies":"Giant Head","floor":41,"turns":3},{"damage":0,"enemies":"Sphere and 2 Shapes","floor":42,"turns":3},{"damage":2,"enemies":"Writhing Mass","floor":44,"turns":5},{"damage":0,"enemies":"Nemesis","floor":46,"turns":5},{"damage":0,"enemies":"Maw","floor":48,"turns":5},{"damage":23,"enemies":"TheAcolyte","floor":50,"turns":5}],"seed_played":"-1807958589770090947","potions_obtained":[{"floor":2,"key":"LiquidBronze"},{"floor":3,"key":"Weak Potion"},{"floor":13,"key":"Ancient Potion"},{"floor":28,"key":"FairyPotion"},{"floor":41,"key":"LiquidMemories"},{"floor":48,"key":"Ancient Potion"}],"is_trial":false,"path_per_floor":["M","M","M","M","?","R","E","R","T","R","?","?","M","$","R","B",null,"M","M","?","M","?","E","M","E","T","R","M","M","M","?","R","B",null,"M","M","?","M","$","R","E","M","T","M","?","E","$","M","R","B",null],"character_chosen":"THE_DRAGONKIN","items_purchased":["theDragonkin:DivinePrayer","PreservedInsect","theDragonkin:Cauterize","Potion Belt","Ancient Tea Set","theDragonkin:EnduringAgony","Sling","theDragonkin:DivineJolt","theDragonkin:SlowBurn"],"campfire_rested":0,"item_purchase_floors":[14,14,14,39,39,39,47,47,47],"current_hp_per_floor":[85,81,76,76,67,67,67,67,67,67,67,72,72,72,72,87,90,79,79,79,90,90,90,90,82,82,82,90,90,90,90,90,90,90,83,90,90,90,90,90,90,90,90,90,90,95,95,95,95,76],"gold":34,"neow_bonus":"UPGRADE_CARD","is_daily":false,"chose_seed":false,"campfire_upgraded":8,"win_rate":0.0,"timestamp":1611470840,"path_taken":["M","M","M","M","?","R","E","R","T","R","?","?","M","?","R","BOSS","M","M","?","M","?","E","M","E","T","R","M","M","M","?","R","BOSS","M","M","?","M","$","R","E","?","T","M","?","E","?","M","R","BOSS"],"items_purchased_type":["Card","Relic","Card","Relic","Relic","Card","Relic","Card","Card"],"build_version":"2020-12-22","purchased_purges":1,"victory":true,"max_hp_per_floor":[85,85,85,85,85,85,85,85,85,85,85,90,90,90,90,90,90,90,90,90,90,90,90,90,90,90,90,90,90,90,90,90,90,90,90,90,90,90,90,90,90,90,90,90,90,95,95,95,95,95],"relic_stats":{"Happy Flower":[20],"counters":[26,112],"PreservedInsect":261,"obtain_stats":[{"Potion Belt":39,"Lantern":5,"CCEMRelics:PorcelainBowl":9,"Happy Flower":25,"PreservedInsect":14,"aspiration:HummingbirdHeart":43,"CCEMRelics:CocoNut":46,"EVO:Axolotl":0,"Ancient Tea Set":39,"Sling":47,"aspiration:IroncladSkillbook":34,"aspiration:StickyExplosives_weak":41,"Du-Vu Doll":7,"theDragonkin:GarnetScale":0,"Bag of Marbles":23,"theDragonkin:MukySludge":26,"Runic Pyramid":17},{"Potion Belt":20,"Lantern":4,"CCEMRelics:PorcelainBowl":5,"Happy Flower":13,"PreservedInsect":6,"aspiration:HummingbirdHeart":22,"CCEMRelics:CocoNut":24,"EVO:Axolotl":0,"Ancient Tea Set":20,"Sling":24,"aspiration:IroncladSkillbook":17,"aspiration:StickyExplosives_weak":21,"Du-Vu Doll":5,"theDragonkin:GarnetScale":0,"Bag of Marbles":11,"theDragonkin:MukySludge":13,"Runic Pyramid":7},{"Potion Belt":86,"Lantern":10,"CCEMRelics:PorcelainBowl":14,"Happy Flower":52,"PreservedInsect":16,"aspiration:HummingbirdHeart":92,"CCEMRelics:CocoNut":102,"EVO:Axolotl":0,"Ancient Tea Set":86,"Sling":102,"aspiration:IroncladSkillbook":73,"aspiration:StickyExplosives_weak":89,"Du-Vu Doll":14,"theDragonkin:GarnetScale":0,"Bag of Marbles":43,"theDragonkin:MukySludge":52,"Runic Pyramid":25}]},"card_choices":[{"not_picked":["theDragonkin:DivineFire","theDragonkin:CorrosiveBelch"],"picked":"theDragonkin:HolyWordBarrier","floor":1},{"not_picked":["theDragonkin:SlowBurn","theDragonkin:ControlledBreath"],"picked":"theDragonkin:EmberSwipe","floor":2},{"not_picked":["theDragonkin:Sizzle","theDragonkin:SandBreath"],"picked":"theDragonkin:RevelationBreath","floor":3},{"not_picked":["theDragonkin:MirrorBreath","theDragonkin:EmberSwipe"],"picked":"theDragonkin:TwinBreath","floor":4},{"not_picked":["theDragonkin:DivineJolt","theDragonkin:GooGrip"],"picked":"theDragonkin:HolyShock","floor":7},{"not_picked":["theDragonkin:CinderStorm","theDragonkin:Sizzle"],"picked":"theDragonkin:SandBreath","floor":13},{"not_picked":["theDragonkin:InfernoWard","theDragonkin:ShieldBash"],"picked":"theDragonkin:MirrorBreath","floor":16},{"not_picked":["theDragonkin:FlameBreath","theDragonkin:EmberSwipe"],"picked":"theDragonkin:DivineFire","floor":18},{"not_picked":["theDragonkin:EmberSwipe","theDragonkin:DivineBreath"],"picked":"theDragonkin:Cauterize+1","floor":19},{"not_picked":["theDragonkin:MagnussCorona","theDragonkin:ControlledBreath"],"picked":"theDragonkin:SandBreath+1","floor":21},{"not_picked":["theDragonkin:FlameWard","theDragonkin:ShieldGlare"],"picked":"theDragonkin:TwinBreath+1","floor":23},{"not_picked":["theDragonkin:EmberSwipe","theDragonkin:DeepBreath"],"picked":"theDragonkin:MiasmicBreath+1","floor":24},{"not_picked":["theDragonkin:MiasmicBreath","theDragonkin:DivineBreath"],"picked":"theDragonkin:RevelationBreath","floor":25},{"not_picked":["theDragonkin:DivineJolt","theDragonkin:PrismaticBreath"],"picked":"theDragonkin:BurningRage+1","floor":28},{"not_picked":["theDragonkin:CorrosiveBelch+1","theDragonkin:EmberSwipe"],"picked":"theDragonkin:SlowBurn","floor":29},{"not_picked":["theDragonkin:DivineFire","theDragonkin:EmberSwipe"],"picked":"theDragonkin:Condemnation","floor":30},{"not_picked":["theDragonkin:Detox","theDragonkin:ShieldBash"],"picked":"theDragonkin:Condemnation","floor":33},{"not_picked":["theDragonkin:ChainsOfTruth+1","Bloodletting","theDragonkin:AcidBreath"],"picked":"theDragonkin:CorrosiveBelch+1","floor":35},{"not_picked":["Wild Strike+1","Flex+1","Searing Blow+1"],"picked":"theDragonkin:SandBreath+1","floor":36},{"not_picked":["Havoc","Thunderclap+1","Clash"],"picked":"theDragonkin:DivinePrayer+1","floor":38},{"not_picked":["theDragonkin:FlameBreath","Hemokinesis+1","True Grit+1"],"picked":"theDragonkin:PrismaticBreath+1","floor":41},{"not_picked":["Twin Strike","Havoc","Headbutt","Shrug It Off+1"],"picked":"SKIP","floor":42},{"not_picked":["theDragonkin:FlameWard+1","Perfected Strike+1","Brutality"],"picked":"theDragonkin:DivineBreath+1","floor":44},{"not_picked":["Warcry+1","theDragonkin:Sizzle","Dark Embrace+1"],"picked":"theDragonkin:ChainsOfTruth+1","floor":46},{"not_picked":["Iron Wave","theDragonkin:HolyBarrier+1","theDragonkin:EmberSwipe","Dual Wield+1"],"picked":"SKIP","floor":48}],"player_experience":272558,"relics_obtained":[{"floor":7,"key":"Du-Vu Doll"},{"floor":9,"key":"CCEMRelics:PorcelainBowl"},{"floor":23,"key":"Bag of Marbles"},{"floor":25,"key":"Happy Flower"},{"floor":26,"key":"theDragonkin:MukySludge"},{"floor":41,"key":"aspiration:StickyExplosives_weak"},{"floor":43,"key":"aspiration:HummingbirdHeart"},{"floor":46,"key":"CCEMRelics:CocoNut"}],"event_choices":[{"damage_healed":0,"gold_gain":56,"player_choice":"Gained Gold","damage_taken":0,"max_hp_gain":0,"max_hp_loss":0,"event_name":"Golden Wing","floor":11,"gold_loss":0},{"damage_healed":0,"gold_gain":0,"player_choice":"Donut","damage_taken":0,"max_hp_gain":5,"max_hp_loss":0,"event_name":"Big Fish","floor":12,"gold_loss":0},{"damage_healed":0,"gold_gain":0,"player_choice":"Ignored","damage_taken":0,"max_hp_gain":0,"max_hp_loss":0,"event_name":"Ghosts","floor":20,"gold_loss":0},{"cards_removed":["theDragonkin:Defend"],"damage_healed":0,"gold_gain":0,"player_choice":"Elegance","damage_taken":0,"max_hp_gain":0,"max_hp_loss":0,"event_name":"betterThird:BetterWriting","floor":22,"gold_loss":0},{"cards_removed":["theDragonkin:Defend"],"damage_healed":0,"gold_gain":0,"player_choice":"Gave Gold","damage_taken":0,"max_hp_gain":0,"max_hp_loss":0,"event_name":"Beggar","floor":31,"gold_loss":75},{"damage_healed":0,"gold_gain":100,"player_choice":"Pray","damage_taken":0,"max_hp_gain":0,"max_hp_loss":0,"event_name":"Golden Shrine","floor":37,"gold_loss":0},{"damage_healed":0,"gold_gain":0,"player_choice":"Upgraded Two","damage_taken":0,"max_hp_gain":0,"max_hp_loss":0,"event_name":"Designer","floor":45,"gold_loss":40,"cards_upgraded":["theDragonkin:HolyShock","theDragonkin:BurningRage"]}],"is_beta":false,"boss_relics":[{"not_picked":["Velvet Choker","energizedSpire:DeadBattery"],"picked":"Runic Pyramid"},{"not_picked":["Snecko Eye","SacredBark"],"picked":"aspiration:IroncladSkillbook"}],"items_purged_floors":[39],"is_endless":false,"potions_floor_spawned":[2,3,13,18,23,28,29,33,35,41,48],"ascension_level":0}}