{"host":"fmb9x04chdot191d","time":1611529235,"event":{"mods":["2.2 Compatiblity","AchievementEnabler","BaseMod","BetterRewards","Colored Map","Downfall","Hermit","Highlight Path","Marisa（霧雨　魔理沙）","Minty Spire (QoL Compilation)","Permanent Neow","Quick Restart","StSLib","The Servant 0.9.4","[IsaacMod]以撒尖塔"],"gold_per_floor":[112,123,201,211,211,237,237,268,268,268,278,278,295,313,313,411,411,428,428,446,446,446,446,446,545,570,587,587,587],"floor_reached":28,"language":"ENG","playtime":1211,"items_purged":[],"score":253,"play_id":"8c55df75-a979-43b9-ba27-9c1f8d4d20ff","local_time":"20210125120035","is_ascension_mode":false,"campfire_choices":[{"data":"hermit:PistolWhip","floor":7.0,"key":"SMITH"},{"data":"hermit:Snapshot","floor":10.0,"key":"SMITH"},{"data":"hermit:Deadeye","floor":15.0,"key":"SMITH"},{"data":"hermit:EyeOfTheStorm","floor":23.0,"key":"SMITH"}],"circlet_count":0,"master_deck":["hermit:Defend_Hermit","hermit:Defend_Hermit","hermit:Defend_Hermit","hermit:Defend_Hermit","hermit:Snapshot+1","hermit:Covet","hermit:Gambit","hermit:EyeOfTheStorm+1","hermit:Deadeye+1","hermit:PistolWhip+1","hermit:Deadeye","hermit:BigShot","hermit:Magnum","hermit:Quickdraw","hermit:TakeAim+1","Slimebound:Tackle+1","Slimebound:Tackle+1","Slimebound:Tackle+1"],"relics":["hermit:ClaspedLocket","HushsDoor","Leech","HowToJump","BelialBook","Juzu Bracelet","Blue Candle","hermit:RyeStalk"],"acts_visited":["Exordium","TheCity"],"potions_floor_usage":[27],"damage_taken":[{"damage":0.0,"enemies":"Cultist","floor":1.0,"turns":2.0},{"damage":1.0,"enemies":"Jaw Worm","floor":2.0,"turns":3.0},{"damage":0.0,"enemies":"2 Louse","floor":4.0,"turns":2.0},{"damage":16.0,"enemies":"Lagavulin","floor":6.0,"turns":5.0},{"damage":0.0,"enemies":"Gremlin Nob","floor":8.0,"turns":2.0},{"damage":0.0,"enemies":"Large Slime","floor":11.0,"turns":3.0},{"damage":0.0,"enemies":"Looter","floor":13.0,"turns":2.0},{"damage":0.0,"enemies":"Lots of Slimes","floor":14.0,"turns":1.0},{"damage":30.0,"enemies":"The Guardian","floor":16.0,"turns":8.0},{"damage":20.0,"enemies":"2 Thieves","floor":18.0,"turns":4.0},{"damage":1.0,"enemies":"3 Byrds","floor":20.0,"turns":4.0},{"damage":27,"enemies":"Centurion and Healer","floor":27,"turns":4},{"damage":37,"enemies":"Book of Stabbing","floor":28,"turns":3}],"seed_played":"3679606369475365692","potions_obtained":[{"floor":6.0,"key":"DuplicationPotion"},{"floor":11.0,"key":"Explosive Potion"},{"floor":13.0,"key":"hexamod:SoulburnPotion"},{"floor":20.0,"key":"hermit:BlackBile"}],"is_trial":false,"path_per_floor":["M","M","?","M","?","E","R","E","T","R","M","?","M","M","R","B",null,"M","?","M","?","?","R","?","?","T","M","E"],"character_chosen":"HERMIT","items_purchased":[],"campfire_rested":0,"item_purchase_floors":[],"current_hp_per_floor":[75,75,75,75,75,61,61,63,63,63,65,50,51,52,52,28,75,57,52,55,55,55,55,55,55,55,31,0,0],"gold":587,"neow_bonus":"ONE_RANDOM_RARE_CARD","is_daily":false,"chose_seed":false,"campfire_upgraded":4,"win_rate":0.0,"timestamp":1611529235,"path_taken":["M","M","?","M","?","E","R","E","T","R","M","?","M","M","R","BOSS","M","?","M","?","?","R","?","?","T","M","E"],"items_purchased_type":[],"build_version":"2020-12-22","purchased_purges":0,"victory":false,"max_hp_per_floor":[75,75,75,75,75,75,75,75,75,75,75,75,75,75,75,75,75,75,75,75,75,75,75,75,75,75,75,75,75],"card_choices":[{"not_picked":["hermit:Combo","hermit:CalledShot"],"picked":"hermit:EyeOfTheStorm","floor":1.0},{"not_picked":["hermit:HoleUp","hermit:LuckOfTheDraw"],"picked":"hermit:Deadeye","floor":2.0},{"not_picked":["hermit:Maintenance","hermit:Enervate","hermit:CalledShot"],"picked":"SKIP","floor":4.0},{"not_picked":["hermit:BodyArmor","hermit:Vantage"],"picked":"hermit:PistolWhip","floor":6.0},{"not_picked":["hermit:Combo","hermit:Midnight","hermit:Showdown"],"picked":"SKIP","floor":8.0},{"not_picked":["hermit:TrackingShot","hermit:Headshot","hermit:Shortfuse"],"picked":"SKIP","floor":11.0},{"not_picked":["hermit:FullyLoaded","hermit:Manifest"],"picked":"hermit:Deadeye","floor":13.0},{"not_picked":["hermit:Vantage","hermit:WideOpen"],"picked":"hermit:BigShot","floor":14.0},{"not_picked":["hermit:HighNoon","hermit:DeadOrAlive"],"picked":"hermit:Magnum","floor":16.0},{"not_picked":["hermit:SprayPray","hermit:Gestalt"],"picked":"hermit:Quickdraw","floor":18.0},{"not_picked":["hermit:Misfire+1","hermit:Grudge"],"picked":"hermit:TakeAim+1","floor":20.0},{"not_picked":["hermit:Misfire","hermit:Spite","hermit:Ricochet"],"picked":"SKIP","floor":27}],"player_experience":68108,"relics_obtained":[{"floor":6.0,"key":"HowToJump"},{"floor":8.0,"key":"BelialBook"},{"floor":26.0,"key":"hermit:RyeStalk"}],"event_choices":[{"damage_healed":0.0,"max_hp_gain":0.0,"max_hp_loss":0.0,"gold_gain":78.0,"event_name":"Golden Wing","player_choice":"Gained Gold","floor":3.0,"gold_loss":0.0,"damage_taken":0.0},{"damage_healed":0.0,"max_hp_gain":0.0,"max_hp_loss":0.0,"gold_gain":0.0,"event_name":"Liars Game","player_choice":"Ignored","floor":5.0,"gold_loss":0.0,"damage_taken":0.0},{"damage_healed":0.0,"max_hp_gain":0.0,"max_hp_loss":0.0,"gold_gain":0.0,"event_name":"Vampires","player_choice":"Ignored","floor":21.0,"gold_loss":0.0,"damage_taken":0.0},{"damage_healed":0.0,"max_hp_gain":0.0,"max_hp_loss":0.0,"gold_gain":99.0,"event_name":"Nest","player_choice":"Stole From Cult","floor":25.0,"gold_loss":0.0,"damage_taken":0.0}],"is_beta":false,"boss_relics":[{"not_picked":["Philosopher\u0027s Stone","Coffee Dripper"],"picked":"hermit:ClaspedLocket"},{"not_picked":[]}],"items_purged_floors":[],"is_endless":false,"potions_floor_spawned":[6,11,13,20],"killed_by":"Book of Stabbing","ascension_level":0}}