{"host":"daa8jqyg4gqfaysm","time":1611476010,"event":{"mods":["BaseMod","Colored Powertips","Minty Spire (QoL Compilation)","StSLib"],"gold_per_floor":[118,118,137,137,154,154,181,181,181,211,211,224,257,268,268,345,345,363,278,278,297,12,38,38,71,125,125,125,159,59,71,71,71,71],"floor_reached":33,"language":"ENG","playtime":850,"items_purged":["Strike_G","Strike_G"],"score":692,"play_id":"ea45b1a3-6cb1-4fc5-81dd-c505dff67d4b","local_time":"20210124161330","is_ascension_mode":true,"campfire_choices":[{"data":"Neutralize","floor":6,"key":"SMITH"},{"data":"Wraith Form v2","floor":8,"key":"SMITH"},{"floor":11,"key":"REST"},{"data":"Finisher","floor":15,"key":"SMITH"},{"data":"Well Laid Plans","floor":24,"key":"SMITH"},{"data":"Malaise","floor":28,"key":"SMITH"},{"data":"Escape Plan","floor":32,"key":"SMITH"}],"circlet_count":0,"master_deck":["AscendersBane","Strike_G+1","Strike_G","Defend_G","Defend_G","Defend_G","Defend_G+1","Defend_G","Survivor","Neutralize+1","Catalyst","Backstab","Masterful Stab","Dagger Throw","Wraith Form v2+1","Flying Knee","Terror","Blade Dance","Finisher+1","Malaise+1","Well Laid Plans+1","Escape Plan+1","Escape Plan+1","Acrobatics+1","Endless Agony+1"],"relics":["Ring of the Snake","NeowsBlessing","Blue Candle","Lantern","Regal Pillow","Bronze Scales","Coffee Dripper","Nunchaku","Frozen Eye","Strawberry","CaptainsWheel","Happy Flower","Pen Nib"],"acts_visited":["Exordium","TheCity"],"potions_floor_usage":[7,33],"damage_taken":[{"damage":0,"enemies":"Jaw Worm","floor":1,"turns":1},{"damage":0,"enemies":"Small Slimes","floor":3,"turns":1},{"damage":0,"enemies":"Cultist","floor":5,"turns":1},{"damage":0,"enemies":"Gremlin Nob","floor":7,"turns":3},{"damage":10,"enemies":"3 Sentries","floor":10,"turns":10},{"damage":3,"enemies":"3 Louse","floor":12,"turns":3},{"damage":2,"enemies":"Lagavulin","floor":13,"turns":7},{"damage":8,"enemies":"Blue Slaver","floor":14,"turns":1},{"damage":32,"enemies":"Hexaghost","floor":16,"turns":9},{"damage":1,"enemies":"3 Byrds","floor":18,"turns":3},{"damage":2,"enemies":"2 Thieves","floor":21,"turns":4},{"damage":9,"enemies":"Book of Stabbing","floor":23,"turns":5},{"damage":4,"enemies":"Gremlin Leader","floor":25,"turns":7},{"damage":41,"enemies":"Slavers","floor":29,"turns":8},{"damage":1,"enemies":"Chosen and Byrds","floor":31,"turns":5},{"damage":20,"enemies":"Automaton","floor":33,"turns":4}],"seed_played":"-6500990304656825311","potions_obtained":[{"floor":3,"key":"SteroidPotion"},{"floor":7,"key":"Strength Potion"},{"floor":10,"key":"EssenceOfSteel"},{"floor":14,"key":"DuplicationPotion"}],"is_trial":false,"path_per_floor":["M","?","M","?","M","R","E","R","T","E","R","M","E","M","R","B",null,"M","?","?","M","$","E","R","E","T","?","R","E","$","M","R","B"],"character_chosen":"THE_SILENT","items_purchased":["Escape Plan","Frozen Eye"],"campfire_rested":1,"item_purchase_floors":[22,22],"current_hp_per_floor":[59,39,39,39,39,39,39,39,39,29,63,60,58,50,50,18,54,53,53,53,51,51,49,49,45,45,60,60,19,19,18,18,0,0],"gold":71,"neow_bonus":"THREE_ENEMY_KILL","is_daily":false,"chose_seed":false,"campfire_upgraded":6,"win_rate":0.0,"timestamp":1611476010,"path_taken":["M","?","M","?","M","R","E","R","T","E","R","M","E","?","R","BOSS","M","?","?","?","$","E","R","E","T","?","R","E","$","M","R","BOSS"],"items_purchased_type":["Card","Relic"],"build_version":"2020-12-22","purchased_purges":2,"victory":false,"max_hp_per_floor":[66,66,66,66,66,66,66,66,66,66,66,66,66,66,66,66,66,66,66,66,66,66,73,73,73,73,73,73,73,73,73,73,73,73],"card_choices":[{"not_picked":["PiercingWail","Dodge and Roll"],"picked":"Catalyst","floor":1},{"not_picked":["Infinite Blades","Dodge and Roll"],"picked":"Backstab","floor":3},{"not_picked":["Skewer","Slice"],"picked":"Dagger Throw","floor":5},{"not_picked":["Dagger Spray","Dodge and Roll"],"picked":"Wraith Form v2","floor":7},{"not_picked":["Calculated Gamble","Infinite Blades"],"picked":"Flying Knee","floor":10},{"not_picked":["Flying Knee","Dodge and Roll"],"picked":"Terror","floor":12},{"not_picked":["Flechettes","Underhanded Strike"],"picked":"Blade Dance","floor":13},{"not_picked":["Endless Agony","Outmaneuver"],"picked":"Finisher","floor":14},{"not_picked":["Adrenaline","Venomology"],"picked":"Malaise","floor":16},{"not_picked":["Backstab","Underhanded Strike"],"picked":"Well Laid Plans","floor":18},{"not_picked":["Dodge and Roll","Flying Knee"],"picked":"Escape Plan+1","floor":21},{"not_picked":["Dodge and Roll","Cloak And Dagger"],"picked":"Acrobatics+1","floor":23},{"not_picked":["Quick Slash","Dodge and Roll","Sucker Punch"],"picked":"SKIP","floor":25},{"not_picked":["Poisoned Stab","A Thousand Cuts"],"picked":"Endless Agony+1","floor":29},{"not_picked":["Noxious Fumes","Bane+1","Riddle With Holes+1"],"picked":"SKIP","floor":31}],"player_experience":861194,"relics_obtained":[{"floor":7,"key":"Blue Candle"},{"floor":9,"key":"Lantern"},{"floor":10,"key":"Regal Pillow"},{"floor":13,"key":"Bronze Scales"},{"floor":23,"key":"Strawberry"},{"floor":25,"key":"CaptainsWheel"},{"floor":26,"key":"Happy Flower"},{"floor":29,"key":"Pen Nib"}],"event_choices":[{"damage_healed":0,"gold_gain":0,"player_choice":"Entered Light","damage_taken":20,"max_hp_gain":0,"max_hp_loss":0,"event_name":"Shining Light","floor":2,"gold_loss":0,"cards_upgraded":["Strike_G","Defend_G"]},{"damage_healed":0,"gold_gain":0,"cards_transformed":["Strike_G"],"player_choice":"Transformed","damage_taken":0,"max_hp_gain":0,"max_hp_loss":0,"event_name":"Transmorgrifier","floor":4,"gold_loss":0,"cards_obtained":["Masterful Stab"]},{"damage_healed":0,"gold_gain":0,"player_choice":"Obtained Relic","damage_taken":0,"relics_obtained":["Nunchaku"],"max_hp_gain":0,"max_hp_loss":0,"event_name":"Addict","floor":19,"gold_loss":85},{"damage_healed":0,"gold_gain":0,"player_choice":"Ignored","damage_taken":0,"max_hp_gain":0,"max_hp_loss":0,"event_name":"Ghosts","floor":20,"gold_loss":0},{"damage_healed":15,"gold_gain":0,"player_choice":"Heal","damage_taken":0,"max_hp_gain":0,"max_hp_loss":0,"event_name":"The Library","floor":27,"gold_loss":0}],"is_beta":false,"boss_relics":[{"not_picked":["Runic Dome","Pandora\u0027s Box"],"picked":"Coffee Dripper"}],"items_purged_floors":[22,30],"is_endless":false,"potions_floor_spawned":[3,7,10,14,23,25,29,31],"killed_by":"Automaton","ascension_level":20}}