{"host":"7k2a2omxz3voj5ax","time":1611493838,"event":{"mods":["BaseMod","Marisa£¨ìFÓê¡¡Ä§ÀíÉ³£©","Minty Spire (QoL Compilation)","Quick Restart","Spicy Shops","StSLib","Starting Relic: Pandora\u0027s Box","¡¾ÒÅÎï¿¨ÅÆ¡¿REMEMod","óô»ðÖ¸ÄÏ"],"gold_per_floor":[116,116,3446,3461,3477,3508,2940,2987,2496,2508,2217,2231,2248,2248,2260,2007,2084,2084,2099,2132,2148,2148,2158,1382,1382,1382],"floor_reached":25,"language":"ZHS","playtime":1290,"items_purged":["Sweeping Beam","Sweeping Beam","Sweeping Beam","Dualcast","REME_ForAll","Zap","Beam Cell"],"score":460,"play_id":"451732fd-ab93-4aeb-a304-d03f553224ae","local_time":"20210124221038","is_ascension_mode":true,"campfire_choices":[],"circlet_count":0,"master_deck":["AscendersBane","Barrage","Hologram+1","Tempest+1","Singularity","Skim+1","Recycle+1","Turbo","Gash","REME_SelfUpgrade","Amplify","Madness","Burning Pact","Consecrate","Acrobatics+1","Coolheaded"],"relics":["Pandora\u0027s Box","REME_ComplimentaryCards","NeowsBlessing","Orrery","Orichalcum","Bottled Tornado","War Paint","Calipers","MawBank","Prayer Wheel","Bag of Preparation","Runic Capacitor","Lee\u0027s Waffle","OrangePellets","PrismaticShard","Runic Pyramid","Red Mask","Medical Kit","Art of War"],"acts_visited":["Exordium","TheCity"],"potions_floor_usage":[6,6,20,25],"damage_taken":[{"damage":0,"enemies":"Small Slimes","floor":1,"turns":1},{"damage":0,"enemies":"Cultist","floor":4,"turns":1},{"damage":0,"enemies":"Jaw Worm","floor":5,"turns":1},{"damage":28,"enemies":"Lagavulin","floor":6,"turns":6},{"damage":4,"enemies":"Gremlin Nob","floor":8,"turns":3},{"damage":10,"enemies":"Blue Slaver","floor":12,"turns":2},{"damage":8,"enemies":"Looter","floor":13,"turns":2},{"damage":6,"enemies":"Exordium Wildlife","floor":15,"turns":2},{"damage":0,"enemies":"Slime Boss","floor":17,"turns":4},{"damage":15,"enemies":"Shell Parasite","floor":19,"turns":3},{"damage":23,"enemies":"Masked Bandits","floor":20,"turns":3},{"damage":6,"enemies":"Spheric Guardian","floor":21,"turns":3},{"damage":11,"enemies":"Centurion and Healer","floor":23,"turns":2},{"damage":14,"enemies":"Slavers","floor":25,"turns":1}],"seed_played":"-7484360288716827468","potions_obtained":[{"floor":4,"key":"PowerPotion"},{"floor":5,"key":"ColorlessPotion"},{"floor":6,"key":"SteroidPotion"},{"floor":13,"key":"Energy Potion"},{"floor":20,"key":"PotionOfCapacity"},{"floor":23,"key":"Swift Potion"}],"is_trial":false,"path_per_floor":["M","?","$","M","M","E","R","E","R","T","$","M","M","?","M","R","B",null,"M","?","M","?","M","R","E"],"character_chosen":"DEFECT","items_purchased":["Orrery","Orichalcum","Bottled Tornado","Calipers","MawBank","Bag of Preparation","Runic Capacitor","Lee\u0027s Waffle","OrangePellets","PrismaticShard","Medical Kit","Coolheaded","Art of War"],"campfire_rested":0,"item_purchase_floors":[3,3,3,7,7,9,9,9,11,16,24,24,24],"current_hp_per_floor":[64,71,71,71,71,43,43,39,78,78,78,68,60,37,31,31,31,66,51,28,22,22,11,11,0,0],"gold":1382,"neow_bonus":"THREE_ENEMY_KILL","is_daily":false,"chose_seed":false,"campfire_upgraded":0,"win_rate":0.0,"timestamp":1611493838,"path_taken":["M","?","$","?","M","E","R","E","R","T","$","M","M","?","M","R","BOSS","M","?","M","?","M","R","E"],"items_purchased_type":["Relic","Relic","Relic","Relic","Relic","Relic","Relic","Relic","Relic","Relic","Relic","Card","Relic"],"build_version":"2020-12-22","purchased_purges":7,"victory":false,"max_hp_per_floor":[71,71,71,71,71,71,71,71,78,78,78,78,78,78,78,78,78,78,78,78,78,78,78,78,78,78],"card_choices":[{"not_picked":["REME_Whirling","Rebound"],"picked":"Skim","floor":1},{"not_picked":["Compile Driver","Aggregate"],"picked":"REME_ForAll","floor":3},{"not_picked":["Barrage","Heatsinks","Beam Cell"],"picked":"SKIP","floor":4},{"not_picked":["Barrage","Heatsinks","Beam Cell"],"picked":"SKIP","floor":4},{"not_picked":["Sweeping Beam","Steam Power"],"picked":"Recycle","floor":5},{"not_picked":["Recycle","Melter","Defragment"],"picked":"Turbo","floor":6},{"not_picked":["Stack","Hologram"],"picked":"Gash","floor":8},{"not_picked":["Sunder","Aggregate","Rebound"],"picked":"SKIP","floor":12},{"not_picked":["Fusion","Hologram","Double Energy"],"picked":"SKIP","floor":12},{"not_picked":["Streamline","Cold Snap","Darkness"],"picked":"SKIP","floor":13},{"not_picked":["Blizzard","Thunder Strike","Gash"],"picked":"SKIP","floor":13},{"not_picked":["Leap","Hologram"],"picked":"REME_SelfUpgrade","floor":15},{"not_picked":["Steam","Stack","Gash"],"picked":"SKIP","floor":15},{"not_picked":["Storm of Steel","Buffer","Ragnarok"],"picked":"Amplify","floor":17},{"not_picked":["Dodge and Roll","Clash","PathToVictory","Havoc"],"picked":"Madness","floor":19},{"not_picked":["Darkness","Deadly Poison","Calculated Gamble","Dash","Steam"],"picked":"SKIP","floor":19},{"not_picked":["Purity","Forethought","WitchLeyline+1","PiercingWail"],"picked":"Burning Pact","floor":20},{"not_picked":["REME_ShadowStrike+1","Creative AI","Caltrops","SprinkleStarSeal"],"picked":"Consecrate","floor":21},{"not_picked":["Protect","Self Repair","ThirdEye","Reflex"],"picked":"Acrobatics+1","floor":21},{"not_picked":["Cloak And Dagger","Slice","DeepEcoloBomb+1","Compile Driver","Occultation"],"picked":"SKIP","floor":23},{"not_picked":["CrushJoints","Iron Wave","SporeBomb","DeepEcoloBomb","Double Tap"],"picked":"SKIP","floor":23}],"player_experience":505356,"relics_obtained":[{"floor":6,"key":"War Paint"},{"floor":8,"key":"Prayer Wheel"},{"floor":20,"key":"Red Mask"}],"event_choices":[{"cards_removed":["Fusion"],"damage_healed":7,"gold_gain":0,"player_choice":"Offered Uncommon","damage_taken":0,"max_hp_gain":0,"max_hp_loss":0,"event_name":"Bonfire Elementals","floor":2,"gold_loss":0},{"damage_healed":0,"gold_gain":0,"player_choice":"Entered Light","damage_taken":23,"max_hp_gain":0,"max_hp_loss":0,"event_name":"Shining Light","floor":14,"gold_loss":0,"cards_upgraded":["Recycle","Hologram"]},{"damage_healed":0,"gold_gain":0,"player_choice":"Fought Bandits","damage_taken":0,"max_hp_gain":0,"max_hp_loss":0,"event_name":"Masked Bandits","floor":20,"gold_loss":0},{"damage_healed":0,"gold_gain":0,"player_choice":"Ignored","damage_taken":0,"max_hp_gain":0,"max_hp_loss":0,"event_name":"Ghosts","floor":22,"gold_loss":0}],"is_beta":false,"boss_relics":[{"not_picked":["Cursed Key","Snecko Eye"],"picked":"Runic Pyramid"}],"items_purged_floors":[3,7,9,11,16,24,24],"is_endless":false,"potions_floor_spawned":[4,5,6,13,15,20,23],"killed_by":"Slavers","ascension_level":15}}