{"host":"3h5qf14xt40jhha0","time":1611467227,"event":{"mods":["AlwaysNeverKeys","BaseMod","Colored Powertips","Minty Spire (QoL Compilation)","Permanent Neow","Relic Stats","StSLib"],"gold_per_floor":[364,77,26,37,51,51,78,78,78,112,112,147,147,167,167,167,167],"floor_reached":16,"language":"ENG","playtime":413,"items_purged":["Shame"],"score":236,"play_id":"7fd6bfee-3f27-4544-bc5c-18021c5ba283","local_time":"20210124004707","is_ascension_mode":true,"campfire_choices":[{"data":"Dagger Spray","floor":6,"key":"SMITH"},{"floor":11,"key":"REST"},{"data":"Dagger Spray","floor":15,"key":"SMITH"}],"circlet_count":0,"master_deck":["AscendersBane","Strike_G","Strike_G","Strike_G","Defend_G","Defend_G","Defend_G","Defend_G","Defend_G","Survivor","Neutralize","Slice","Dagger Spray+1","Dagger Spray+1","Terror","Acrobatics","Bouncing Flask","Riddle With Holes"],"relics":["Ring of the Snake","Akabeko","InkBottle","Snake Skull","Juzu Bracelet","Question Card"],"acts_visited":["Exordium"],"potions_floor_usage":[5,7,16,16],"damage_taken":[{"damage":3,"enemies":"Cultist","floor":1,"turns":5},{"damage":0,"enemies":"2 Louse","floor":4,"turns":2},{"damage":5,"enemies":"Jaw Worm","floor":5,"turns":2},{"damage":26,"enemies":"Gremlin Nob","floor":7,"turns":4},{"damage":17,"enemies":"Lagavulin","floor":10,"turns":6},{"damage":7,"enemies":"3 Sentries","floor":12,"turns":5},{"damage":3,"enemies":"Exordium Thugs","floor":14,"turns":3},{"damage":17,"enemies":"Slime Boss","floor":16,"turns":4}],"seed_played":"-4393455343933571151","potions_obtained":[{"floor":1,"key":"Dexterity Potion"},{"floor":4,"key":"AttackPotion"},{"floor":10,"key":"Energy Potion"},{"floor":12,"key":"Weak Potion"}],"is_trial":false,"path_per_floor":["M","$","?","M","M","R","E","?","T","E","R","E","?","M","R","B"],"character_chosen":"THE_SILENT","items_purchased":["Dagger Spray","Akabeko"],"campfire_rested":1,"item_purchase_floors":[2,2],"current_hp_per_floor":[56,56,56,56,51,51,25,25,25,8,27,20,20,17,17,0,0],"gold":167,"neow_bonus":"TWO_FIFTY_GOLD","is_daily":false,"chose_seed":true,"campfire_upgraded":2,"win_rate":0.0,"timestamp":1611467227,"path_taken":["M","$","?","M","M","R","E","?","T","E","R","E","?","M","R","BOSS"],"items_purchased_type":["Card","Relic"],"build_version":"2020-12-22","purchased_purges":1,"victory":false,"max_hp_per_floor":[66,66,66,66,66,66,66,66,66,66,66,66,66,66,66,66,66],"relic_stats":{"counters":[8,31],"Snake Skull":[3],"Juzu Bracelet":1,"Question Card":1,"obtain_stats":[{"Snake Skull":9,"Juzu Bracelet":10,"Question Card":12,"Akabeko":2,"InkBottle":7,"Ring of the Snake":0},{"Snake Skull":4,"Juzu Bracelet":5,"Question Card":6,"Akabeko":1,"InkBottle":4,"Ring of the Snake":0},{"Snake Skull":13,"Juzu Bracelet":19,"Question Card":24,"Akabeko":5,"InkBottle":13,"Ring of the Snake":0}],"InkBottle":[6],"Ring of the Snake":[16]},"card_choices":[{"not_picked":["Deflect","Bouncing Flask"],"picked":"Slice","floor":1},{"not_picked":["Calculated Gamble","Distraction"],"picked":"Dagger Spray","floor":4},{"not_picked":["Poisoned Stab","Cloak And Dagger"],"picked":"Terror","floor":5},{"not_picked":["Quick Slash","Well Laid Plans"],"picked":"Acrobatics","floor":7},{"not_picked":["Outmaneuver","Poisoned Stab"],"picked":"Bouncing Flask","floor":10},{"not_picked":["PiercingWail","Blade Dance","Bane"],"picked":"SKIP","floor":12},{"not_picked":["Escape Plan","Heel Hook","Deadly Poison","Setup"],"picked":"SKIP","floor":14}],"player_experience":1380869,"relics_obtained":[{"floor":7,"key":"InkBottle"},{"floor":9,"key":"Snake Skull"},{"floor":10,"key":"Juzu Bracelet"},{"floor":12,"key":"Question Card"}],"event_choices":[{"damage_healed":0,"gold_gain":0,"player_choice":"Left Gold","damage_taken":0,"max_hp_gain":0,"max_hp_loss":0,"event_name":"World of Goop","floor":3,"gold_loss":51},{"cards_removed":["Strike_G"],"damage_healed":0,"gold_gain":0,"player_choice":"Purged","damage_taken":0,"max_hp_gain":0,"max_hp_loss":0,"event_name":"Purifier","floor":8,"gold_loss":0},{"damage_healed":0,"gold_gain":0,"cards_transformed":["Strike_G"],"player_choice":"Transformed","damage_taken":0,"max_hp_gain":0,"max_hp_loss":0,"event_name":"Transmorgrifier","floor":13,"gold_loss":0,"cards_obtained":["Riddle With Holes"]}],"is_beta":false,"boss_relics":[],"items_purged_floors":[2],"is_endless":false,"potions_floor_spawned":[1,4,10,12],"killed_by":"Slime Boss","ascension_level":20}}