{"host":"ypdx5fp9okd6tuhb","time":1611460678,"event":{"mods":["Act Like it!","BaseMod","Better Third Choice","Colored Powertips","Friendly Minions","Hermit","Koishi","Minty Spire (QoL Compilation)","Rare Cards Sparkle","Relic Stats","Spicy Shops","StSLib","SuperFastMode","everything is the same but u backflip on backflip"],"gold_per_floor":[110,123,137,137,156,156,156,191,191,191,205,225,241,265,265,265,265],"floor_reached":16,"language":"ENG","playtime":804,"items_purged":[],"score":106,"play_id":"231b85af-3d64-459f-b858-78a9d231601c","local_time":"20210123195758","is_ascension_mode":false,"campfire_choices":[{"data":"Koishi:PredatoryInstincts","floor":15,"key":"SMITH"}],"circlet_count":0,"master_deck":["Koishi:BasicStrike","Koishi:BasicStrike","Koishi:BasicStrike","Koishi:BasicStrike","Koishi:BasicDefend","Koishi:BasicDefend","Koishi:BasicDefend","Koishi:BasicDefend","Koishi:Provoke","Koishi:HauntingSlash","Koishi:DreadfulBlow","Koishi:RacingHeart","Koishi:YoukaiPolygraph","Koishi:PredatoryInstincts+1","Koishi:Whimsy","Koishi:Possession","Koishi:JumpScare"],"relics":["Koishi:ImaginaryFriend","NeowsBlessing","Golden Idol","Pear","White Beast Statue"],"acts_visited":["Exordium"],"potions_floor_usage":[8,14,16,16,16,16],"damage_taken":[{"damage":0,"enemies":"Small Slimes","floor":1,"turns":1},{"damage":0,"enemies":"Cultist","floor":2,"turns":1},{"damage":0,"enemies":"Jaw Worm","floor":3,"turns":1},{"damage":0,"enemies":"2 Fungi Beasts","floor":5,"turns":4},{"damage":23,"enemies":"3 Sentries","floor":8,"turns":10},{"damage":2,"enemies":"Blue Slaver","floor":11,"turns":4},{"damage":8,"enemies":"Lots of Slimes","floor":12,"turns":4},{"damage":6,"enemies":"Exordium Thugs","floor":13,"turns":4},{"damage":1,"enemies":"Looter","floor":14,"turns":3},{"damage":96,"enemies":"Hexaghost","floor":16,"turns":14}],"seed_played":"2584000933280528038","potions_obtained":[{"floor":1,"key":"SkillPotion"},{"floor":11,"key":"SteroidPotion"},{"floor":12,"key":"Energy Potion"},{"floor":13,"key":"EssenceOfSteel"},{"floor":14,"key":"EntropicBrew"}],"is_trial":false,"path_per_floor":["M","M","M","?","M","$","?","E","T","$","M","M","M","M","R","B"],"character_chosen":"KOISHI","items_purchased":[],"campfire_rested":0,"item_purchase_floors":[],"current_hp_per_floor":[60,60,60,60,60,60,45,35,35,35,42,54,62,70,70,0,0],"gold":265,"neow_bonus":"THREE_ENEMY_KILL","is_daily":false,"chose_seed":false,"campfire_upgraded":1,"win_rate":0.0,"timestamp":1611460678,"path_taken":["M","M","M","?","?","$","?","E","T","$","M","M","M","M","R","BOSS"],"items_purchased_type":[],"build_version":"2020-12-22","purchased_purges":0,"victory":false,"max_hp_per_floor":[60,60,60,60,60,60,60,70,70,70,70,70,70,70,70,70,70],"relic_stats":{"counters":[10,46],"Golden Idol":22,"obtain_stats":[{"Pear":8,"NeowsBlessing":0,"Golden Idol":7,"White Beast Statue":9,"Koishi:ImaginaryFriend":0},{"Pear":5,"NeowsBlessing":0,"Golden Idol":4,"White Beast Statue":5,"Koishi:ImaginaryFriend":0},{"Pear":17,"NeowsBlessing":0,"Golden Idol":7,"White Beast Statue":17,"Koishi:ImaginaryFriend":0}]},"card_choices":[{"not_picked":["Koishi:Vanish","Koishi:BloodcurdlingScream"],"picked":"Koishi:DreadfulBlow","floor":1},{"not_picked":["Koishi:ParalyzingFear","Koishi:Prune"],"picked":"Koishi:RacingHeart","floor":2},{"not_picked":["Koishi:SubterraneanRose","Koishi:ApparitionsStalkTheNight"],"picked":"Koishi:YoukaiPolygraph","floor":3},{"not_picked":["Koishi:PhantomStrike","Koishi:UnansweredLove","Koishi:SubterraneanRose"],"picked":"SKIP","floor":5},{"not_picked":["Koishi:FleetingPhantom","Koishi:SubconsciousSweep"],"picked":"Koishi:PredatoryInstincts","floor":8},{"not_picked":["Koishi:SubconsciousSweep","Koishi:Vanish"],"picked":"Koishi:Whimsy","floor":11},{"not_picked":["Koishi:RacingHeart","Koishi:SpiritedAway"],"picked":"Koishi:Possession","floor":12},{"not_picked":["Koishi:BloodcurdlingScream","Koishi:CatchAndRose"],"picked":"Koishi:JumpScare","floor":13},{"not_picked":["Koishi:PhantomStrike","Koishi:SubconsciousSweep","Koishi:ParalyzingFear"],"picked":"SKIP","floor":14}],"player_experience":132778,"relics_obtained":[{"floor":8,"key":"Pear"},{"floor":9,"key":"White Beast Statue"}],"event_choices":[{"damage_healed":0,"gold_gain":0,"player_choice":"Full Heal","damage_taken":0,"max_hp_gain":0,"max_hp_loss":0,"event_name":"Wheel of Change","floor":4,"gold_loss":0},{"damage_healed":0,"gold_gain":0,"player_choice":"Take Damage","damage_taken":15,"relics_obtained":["Golden Idol"],"max_hp_gain":0,"max_hp_loss":0,"event_name":"Golden Idol","floor":7,"gold_loss":0}],"is_beta":false,"boss_relics":[],"items_purged_floors":[],"is_endless":false,"potions_floor_spawned":[1,11,12,13,14],"killed_by":"Hexaghost","ascension_level":0}}