{"host":"fm9e0lfunjlbhzxv","time":1611457558,"event":{"mods":["2.2 Compatiblity","AchievementEnabler","Alarm Clock","BaseMod","Bestiary","Colored Map","Colored Powertips","Key Reminder","Minty Spire (QoL Compilation)","Permanent Neow","Random Character Button","Rare Cards Sparkle","Relic Stats","StSLib","The IronCluck","slay the spire mod where everything is the same but ironclad has a cowboy hat"],"gold_per_floor":[119,132,132,11,27,54,54,79,153,153,187,262,262,300,300,300,300],"floor_reached":16,"language":"ENG","playtime":733,"items_purged":[],"score":151,"play_id":"4172fdb7-d6d7-4696-9429-36afdb11bdfa","local_time":"20210123190558","is_ascension_mode":true,"campfire_choices":[{"data":"Self Repair","floor":7,"key":"SMITH"},{"floor":10,"key":"REST"},{"floor":13,"key":"REST"},{"data":"Capacitor","floor":15,"key":"SMITH"}],"circlet_count":0,"master_deck":["Strike_B","Strike_B","Strike_B","Defend_B","Defend_B","Defend_B","Defend_B","Zap","Dualcast","Self Repair+1","Conserve Battery","Chaos","Ball Lightning","Chill","Doom and Gloom","Capacitor+1"],"relics":["Philosopher\u0027s Stone","TungstenRod","Anchor","keyreminder:keyreminder","CeramicFish","Shuriken"],"acts_visited":["Exordium"],"potions_floor_usage":[16],"damage_taken":[{"damage":2,"enemies":"2 Louse","floor":1,"turns":2},{"damage":3,"enemies":"Jaw Worm","floor":2,"turns":3},{"damage":3,"enemies":"Small Slimes","floor":5,"turns":5},{"damage":35,"enemies":"3 Sentries","floor":6,"turns":12},{"damage":37,"enemies":"Gremlin Nob","floor":8,"turns":5},{"damage":10,"enemies":"3 Sentries","floor":11,"turns":9},{"damage":15,"enemies":"Lagavulin","floor":14,"turns":7},{"damage":41,"enemies":"The Guardian","floor":16,"turns":9}],"seed_played":"-261283270735787534","potions_obtained":[{"floor":6,"key":"Strength Potion"},{"floor":8,"key":"SteroidPotion"},{"floor":14,"key":"PowerPotion"}],"is_trial":false,"path_per_floor":["M","M","?","$","M","E","R","E","T","R","E","?","R","E","R","B"],"character_chosen":"DEFECT","items_purchased":["Self Repair","Conserve Battery"],"campfire_rested":2,"item_purchase_floors":[4,4],"current_hp_per_floor":[73,70,63,63,67,39,39,12,12,34,34,24,46,41,41,0,0],"gold":300,"neow_bonus":"BOSS_RELIC","is_daily":false,"chose_seed":false,"campfire_upgraded":2,"win_rate":0.0,"timestamp":1611457558,"path_taken":["M","M","?","$","M","E","R","E","T","R","E","?","R","E","R","BOSS"],"items_purchased_type":["Card","Card"],"build_version":"2020-12-22","purchased_purges":0,"victory":false,"max_hp_per_floor":[75,75,75,75,75,75,75,75,75,75,75,75,75,75,75,75,75],"relic_stats":{"counters":[8,52],"Shuriken":[1],"CeramicFish":18,"obtain_stats":[{"keyreminder:keyreminder":9,"Anchor":8,"Shuriken":14,"CeramicFish":11,"Philosopher\u0027s Stone":0,"Cracked Core":0,"TungstenRod":6},{"keyreminder:keyreminder":5,"Anchor":5,"Shuriken":7,"CeramicFish":6,"Philosopher\u0027s Stone":0,"Cracked Core":0,"TungstenRod":4},{"keyreminder:keyreminder":27,"Anchor":27,"Shuriken":43,"CeramicFish":36,"Philosopher\u0027s Stone":0,"Cracked Core":0,"TungstenRod":22}],"TungstenRod":13},"card_choices":[{"not_picked":["Hologram","Compile Driver","Storm"],"picked":"SKIP","floor":1},{"not_picked":["Redo","Meteor Strike","Double Energy"],"picked":"SKIP","floor":2},{"not_picked":["Go for the Eyes","Heatsinks"],"picked":"Chaos","floor":5},{"not_picked":["Aggregate","Redo"],"picked":"Ball Lightning","floor":6},{"not_picked":["Compile Driver","Turbo"],"picked":"Chill","floor":8},{"not_picked":["Turbo","Stack"],"picked":"Doom and Gloom","floor":11},{"not_picked":["Cold Snap","Gash"],"picked":"Capacitor","floor":14}],"player_experience":446325,"relics_obtained":[{"floor":6,"key":"TungstenRod"},{"floor":8,"key":"Anchor"},{"floor":11,"key":"CeramicFish"},{"floor":14,"key":"Shuriken"}],"event_choices":[{"cards_removed":["Strike_B"],"damage_healed":0,"gold_gain":0,"player_choice":"Card Removal","damage_taken":7,"max_hp_gain":0,"max_hp_loss":0,"event_name":"Golden Wing","floor":3,"gold_loss":0},{"damage_healed":0,"gold_gain":75,"player_choice":"Gather Gold","damage_taken":11,"max_hp_gain":0,"max_hp_loss":0,"event_name":"World of Goop","floor":12,"gold_loss":0}],"is_beta":false,"boss_relics":[],"items_purged_floors":[],"is_endless":false,"potions_floor_spawned":[6,8,14],"killed_by":"The Guardian","ascension_level":4}}