{"host":"o6j8h35axmoodbwy","time":1611467979,"event":{"mods":["2.2 Compatiblity","BaseMod","Colored Map","Colored Powertips","MarisaÅiñ∂âJÅ@ñÇóùçπÅj","Minty Spire (QoL Compilation)","Prisma Mod","Quick Restart","Shop Mod","StSLib","SuperFastMode","Td1madao Mod"],"gold_per_floor":[110,123,48,64,64,92,92,112,112,112,124,124,136,168,168,272,272,290,301,301,201,214,214,227,256,256,119,119,119,119,119,119,221,221,235,290,306,316,316,316,333,361,361,37,37,48,48,72,72,72,72,72,4,29,29],"floor_reached":56,"language":"JPN","playtime":4629,"items_purged":["PrismaMod:IllyaCommonAttack","PrismaMod:IllyaCommonAttack"],"score":1228,"play_id":"5d3af063-3907-4549-b95b-7702c16c9835","local_time":"20210124145939","is_ascension_mode":false,"campfire_choices":[{"data":"PrismaMod:IllyaRubysPotion","floor":7,"key":"SMITH"},{"data":"PrismaMod:IllyaCheapChannelDefend","floor":10,"key":"SMITH"},{"data":"PrismaMod:IllyaCarnivalAttack","floor":12,"key":"SMITH"},{"data":"PrismaMod:IllyaSaphire","floor":15,"key":"SMITH"},{"data":"PrismaMod:IllyaUncommonAOEAttack","floor":23,"key":"SMITH"},{"data":"PrismaMod:IllyaCarnivalDefend","floor":29,"key":"SMITH"},{"data":"PrismaMod:IllyaUncommonAttack","floor":32,"key":"SMITH"},{"floor":40,"key":"RECALL"},{"data":"PrismaMod:IllyaCarnivalOrbs","floor":45,"key":"SMITH"},{"data":"PrismaMod:IllyaBlindPoisonToss","floor":47,"key":"SMITH"},{"data":"PrismaMod:IllyaCommonDefend","floor":49,"key":"SMITH"},{"data":"PrismaMod:IllyaCommonDefend","floor":52,"key":"SMITH"}],"circlet_count":0,"master_deck":["PrismaMod:IllyaCommonDefend","PrismaMod:IllyaCommonDefend+1","PrismaMod:IllyaCommonDefend+1","PrismaMod:IllyaCommonAttack","PrismaMod:IllyaUncommonAttack+1","PrismaMod:IllyaUncommonDefend+1","PrismaMod:IllyaInstallArcher","PrismaMod:IllyaRubysPotion+1","PrismaMod:IllyaBlindPoisonToss+1","PrismaMod:IllyaCarnivalAttack+1","PrismaMod:IllyaGrail","PrismaMod:IllyaCheapChannelDefend+1","PrismaMod:IllyaGrail","PrismaMod:IllyaSaphire+1","PrismaMod:IllyaUncommonAOEAttack+1","PrismaMod:IllyaRapidFire+1","PrismaMod:IllyaCommandSeal+1","PrismaMod:IllyaPartialInstallAssassin+1","PrismaMod:IllyaCarnivalDefend+1","PrismaMod:IllyaCarnivalOrbs+1","PrismaMod:IllyaBride+1","PrismaMod:IllyaBerserCAR+1","PrismaMod:IllyaGrail+1","PrismaMod:IllyaFriendMaker+1","PrismaMod:IllyaGrail+1","PrismaMod:IllyaBride+1","PrismaMod:IllyaCheapChannelDefend+1","PrismaMod:IllyaUncommonDefend+1"],"relics":["PrismaMod:PrismaRuby","Letter Opener","Odd Mushroom","HornCleat","White Beast Statue","Astrolabe","PrismaMod:AliceRelic","Matryoshka","Bag of Marbles","Eternal Feather","Sozu","CatCart","StrikeDummy","Toxic Egg 2","ClockworkSouvenir","Lantern","Regal Pillow","Incense Burner"],"acts_visited":["Exordium","TheCity","TheBeyond","TheEnding"],"potions_floor_usage":[14,55,55,55],"damage_taken":[{"damage":0,"enemies":"Small Slimes","floor":1,"turns":4},{"damage":4,"enemies":"2 Louse","floor":2,"turns":4},{"damage":0,"enemies":"Jaw Worm","floor":4,"turns":4},{"damage":34,"enemies":"Gremlin Nob","floor":6,"turns":5},{"damage":0,"enemies":"The Mushroom Lair","floor":8,"turns":4},{"damage":4,"enemies":"Gremlin Gang","floor":11,"turns":4},{"damage":0,"enemies":"3 Louse","floor":13,"turns":2},{"damage":6,"enemies":"Lagavulin","floor":14,"turns":5},{"damage":0,"enemies":"The Guardian","floor":16,"turns":7},{"damage":0,"enemies":"Chosen","floor":18,"turns":4},{"damage":0,"enemies":"Spheric Guardian","floor":19,"turns":5},{"damage":2,"enemies":"Chosen and Byrds","floor":22,"turns":5},{"damage":0,"enemies":"3 Cultists","floor":24,"turns":4},{"damage":22,"enemies":"Slavers","floor":25,"turns":5},{"damage":6,"enemies":"Champ","floor":33,"turns":9},{"damage":0,"enemies":"3 Darklings","floor":35,"turns":3},{"damage":39,"enemies":"Orin","floor":36,"turns":9},{"damage":0,"enemies":"3 Shapes","floor":37,"turns":3},{"damage":0,"enemies":"Maw","floor":38,"turns":5},{"damage":3,"enemies":"4 Shapes","floor":41,"turns":2},{"damage":0,"enemies":"Nemesis","floor":42,"turns":5},{"damage":0,"enemies":"Jaw Worm Horde","floor":46,"turns":2},{"damage":14,"enemies":"Time Eater","floor":50,"turns":7},{"damage":16,"enemies":"Shield and Spear","floor":54,"turns":5},{"damage":10,"enemies":"The Heart","floor":55,"turns":7}],"seed_played":"-2878210777930334902","potions_obtained":[{"floor":8,"key":"DuplicationPotion"},{"floor":11,"key":"SteroidPotion"},{"floor":13,"key":"Fruit Juice"},{"floor":16,"key":"LiquidMemories"},{"floor":18,"key":"Ancient Potion"}],"is_trial":false,"path_per_floor":["M","M","$","M","?","E","R","?","T","R","M","R","M","E","R","B",null,"M","M","?","$","M","R","M","E","T","$","?","R","$","?","R","B",null,"M","?","M","M","?","R","M","E","T","$","R","M","R","T","R","B",null,"R","$","E","B",null],"character_chosen":"ILLYA","items_purchased":["PrismaMod:IllyaCarnivalDefend","ClockworkSouvenir","Lantern","PrismaMod:IllyaBride+1","PrismaMod:IllyaUncommonDefend+1"],"campfire_rested":0,"item_purchase_floors":[27,44,44,44,53],"current_hp_per_floor":[75,71,71,75,75,46,46,51,51,51,52,52,52,56,56,61,80,80,80,80,80,80,80,80,73,73,73,58,70,70,70,82,82,85,85,51,56,71,71,83,82,85,85,85,85,85,85,85,85,76,85,85,85,74,74],"gold":29,"neow_bonus":"ONE_RANDOM_RARE_CARD","is_daily":false,"chose_seed":false,"campfire_upgraded":11,"win_rate":0.0,"timestamp":1611467979,"path_taken":["M","M","$","M","?","E","R","?","T","R","M","R","M","E","R","BOSS","M","M","?","$","M","R","?","E","T","$","?","R","$","?","R","BOSS","M","?","M","M","?","R","M","E","T","$","R","M","R","?","R","BOSS","R","$","E","BOSS"],"items_purchased_type":["Card","Relic","Relic","Card","Card"],"build_version":"2020-12-22","purchased_purges":2,"victory":true,"max_hp_per_floor":[75,75,75,75,75,75,75,75,75,75,75,75,75,80,80,80,80,80,80,80,80,80,80,80,80,80,80,85,85,85,85,85,85,85,85,85,85,85,85,85,85,85,85,85,85,85,85,85,85,85,85,85,85,85,85],"card_choices":[{"not_picked":["PrismaMod:IllyaStunPoison","PrismaMod:IllyaRussianRoulette"],"picked":"PrismaMod:IllyaRubysPotion","floor":1},{"not_picked":["PrismaMod:IllyaStunPoison","PrismaMod:IllyaReinForce"],"picked":"PrismaMod:IllyaBlindPoisonToss","floor":2},{"not_picked":["PrismaMod:IllyaDevil","PrismaMod:IllyaMaid"],"picked":"PrismaMod:IllyaCarnivalAttack","floor":4},{"not_picked":["PrismaMod:IllyaPartialInstallAssassin","PrismaMod:IllyaFeed"],"picked":"PrismaMod:IllyaGrail","floor":6},{"not_picked":["PrismaMod:IllyaAOECommonAttack","PrismaMod:IllyaBerserCAR"],"picked":"PrismaMod:IllyaCheapChannelDefend","floor":8},{"not_picked":["PrismaMod:IllyaPoisoningPhantasm","PrismaMod:IllyaMinorRapidFire"],"picked":"PrismaMod:IllyaGrail","floor":11},{"not_picked":["PrismaMod:IllyaCheapChannelPoison","PrismaMod:IllyaGrailKun"],"picked":"PrismaMod:IllyaSaphire","floor":13},{"not_picked":["PrismaMod:IllyaAssassinRevenge","PrismaMod:IllyaCheapChannelDefend"],"picked":"PrismaMod:IllyaUncommonAOEAttack","floor":14},{"not_picked":["PrismaMod:IllyaRussianRoulette","PrismaMod:IllyaCheapChannelAttack+1","PrismaMod:IllyaCheapChannelPoison"],"picked":"SKIP","floor":18},{"not_picked":["PrismaMod:IllyaPoisoningPhantasm","PrismaMod:IllyaMaid","PrismaMod:IllyaRussianRoulette"],"picked":"SKIP","floor":19},{"not_picked":["PrismaMod:IllyaRussianRoulette","PrismaMod:IllyaDetonatingBlow+1","PrismaMod:IllyaCommonEvoke+1"],"picked":"SKIP","floor":22},{"not_picked":["PrismaMod:IllyaStunPoison","PrismaMod:IllyaFeed"],"picked":"PrismaMod:IllyaPartialInstallAssassin+1","floor":24},{"not_picked":["PrismaMod:IllyaUncommonAOEAttack","PrismaMod:IllyaInstallCaster","PrismaMod:IllyaCheapChannelAttack+1"],"picked":"SKIP","floor":25},{"not_picked":["PrismaMod:IllyaCarnivalAttack","PrismaMod:IllyaZwei"],"picked":"PrismaMod:IllyaCarnivalOrbs","floor":33},{"not_picked":["PrismaMod:IllyaUpgradeOrbs+1","PrismaMod:IllyaPartialInstallAssassin"],"picked":"PrismaMod:IllyaBride+1","floor":35},{"not_picked":["PrismaMod:IllyaRussianRoulette","PrismaMod:IllyaRapidFire"],"picked":"PrismaMod:IllyaBerserCAR+1","floor":36},{"not_picked":["PrismaMod:IllyaGun+1","PrismaMod:IllyaFriendMaker"],"picked":"PrismaMod:IllyaGrail+1","floor":37},{"not_picked":["PrismaMod:IllyaCheapChannelAttack+1","PrismaMod:IllyaMaid+1","PrismaMod:IllyaGun+1"],"picked":"SKIP","floor":38},{"not_picked":["PrismaMod:IllyaCommonEvoke+1","PrismaMod:IllyaCheapChannelDefend"],"picked":"PrismaMod:IllyaFriendMaker+1","floor":41},{"not_picked":["PrismaMod:IllyaRussianRoulette+1","PrismaMod:IllyaMaid+1"],"picked":"PrismaMod:IllyaGrail+1","floor":42},{"not_picked":["PrismaMod:IllyaBoysLove+1","PrismaMod:IllyaPartialInstallAssassin+1"],"picked":"PrismaMod:IllyaCheapChannelDefend+1","floor":46},{"not_picked":["PrismaMod:IllyaInstallCaster","PrismaMod:IllyaAOECommonAttack","PrismaMod:IllyaRussianRoulette+1"],"picked":"SKIP","floor":54}],"player_experience":577883,"relics_obtained":[{"floor":6,"key":"Letter Opener"},{"floor":8,"key":"Odd Mushroom"},{"floor":9,"key":"HornCleat"},{"floor":14,"key":"White Beast Statue"},{"floor":25,"key":"Matryoshka"},{"floor":26,"key":"Bag of Marbles"},{"floor":26,"key":"Eternal Feather"},{"floor":36,"key":"CatCart"},{"floor":42,"key":"StrikeDummy"},{"floor":43,"key":"Toxic Egg 2"},{"floor":48,"key":"Regal Pillow"},{"floor":54,"key":"Incense Burner"}],"event_choices":[{"damage_healed":0,"gold_gain":0,"player_choice":"Grow","damage_taken":0,"max_hp_gain":0,"max_hp_loss":0,"event_name":"Living Wall","floor":5,"gold_loss":0,"cards_upgraded":["PrismaMod:IllyaUncommonDefend"]},{"damage_healed":0,"gold_gain":0,"player_choice":"Fought Mushrooms","damage_taken":0,"max_hp_gain":0,"max_hp_loss":0,"event_name":"Mushrooms","floor":8,"gold_loss":0},{"cards_removed":["PrismaMod:IllyaRussianRoulette"],"damage_healed":0,"gold_gain":0,"player_choice":"Card Removal","damage_taken":0,"max_hp_gain":0,"max_hp_loss":0,"event_name":"Wheel of Change","floor":20,"gold_loss":0},{"damage_healed":0,"gold_gain":0,"player_choice":"Shed Blood","damage_taken":20,"max_hp_gain":5,"max_hp_loss":0,"event_name":"Forgotten Altar","floor":28,"gold_loss":0},{"damage_healed":0,"gold_gain":0,"player_choice":"Ignored","damage_taken":0,"max_hp_gain":0,"max_hp_loss":0,"event_name":"Ghosts","floor":31,"gold_loss":0},{"damage_healed":0,"gold_gain":0,"player_choice":"Fight","damage_taken":0,"max_hp_gain":0,"max_hp_loss":0,"event_name":"OrinTheCat","floor":36,"gold_loss":0},{"cards_removed":["PrismaMod:IllyaCommonDefend"],"damage_healed":0,"gold_gain":0,"player_choice":"Removed Skill","damage_taken":0,"max_hp_gain":0,"max_hp_loss":0,"event_name":"Falling","floor":39,"gold_loss":0}],"is_beta":false,"boss_relics":[{"not_picked":["Empty Cage","Calling Bell"],"picked":"Astrolabe"},{"not_picked":["Tiny House","PrismaMod:PrismaZwei"],"picked":"Sozu"}],"items_purged_floors":[3,21],"is_endless":false,"potions_floor_spawned":[8,11,13,16,18,19,22,24,25,33,35,36,37,38,41,42,46,54],"ascension_level":0}}