{"host":"mj8akmyfd5lo602f","time":1611530613,"event":{"mods":["2.2 Compatiblity","Act Like it!","BaseMod","Bestiary","BshForSts","Colored Map","Colored Powertips","Downfall","Highlight Path","Minty Spire (QoL Compilation)","Permanent Neow","Relic Stats","StSLib","The Servant 0.9.4"],"gold_per_floor":[99,119,136,150,166,166,166,151,166,166,176,176,176,210,222,319,319,319,337,337,355,204,230,256,256,285,319,16,29,29,55,65,176,176,76,95,122,144,310,336,336,136,155,171,171,204,204,220,246,246,246,246,246,246],"floor_reached":52,"language":"ENG","playtime":5758,"items_purged":[],"score":707,"play_id":"247cd95d-c654-4ce1-8761-0b0ca5a052ba","local_time":"20210124232333","is_ascension_mode":false,"campfire_choices":[{"data":"Slimebound:Split","floor":1.0,"key":"SMITH"},{"data":"Slimebound:SlimeSlap","floor":6.0,"key":"SMITH"},{"data":"Slimebound:GoopSpray","floor":12.0,"key":"SMITH"},{"floor":18.0,"key":"RECALL"},{"floor":30.0,"key":"REST"},{"data":"Slimebound:TagTeam","floor":35.0,"key":"SMITH"},{"data":"Apotheosis","floor":42.0,"key":"SMITH"},{"data":"Slimebound:SplitSpecialist","floor":45.0,"key":"SMITH"},{"floor":47.0,"key":"REST"}],"circlet_count":0,"master_deck":["Slimebound:Strike_Slimebound","Slimebound:Strike_Slimebound","Slimebound:Strike_Slimebound","Slimebound:Defend_Slimebound","Slimebound:Defend_Slimebound","Slimebound:Defend_Slimebound","Slimebound:Defend_Slimebound","Slimebound:Split+1","Slimebound:CorrosiveSpit","Slimebound:SlimeSlap+1","Slimebound:GoopSpray+1","Slimebound:GrowthPunch","Slimebound:LivingWall","Slimebound:LeechEnergy","Slimebound:LivingWall","Slimebound:SlimeSpikes","Slimebound:TagTeam+1","Slimebound:SlimeSpikes","Slimebound:DuplicatedForm+1","Slimebound:Nibble","Slimebound:LivingWall+1","Slimebound:AcidTongue+1","Slimebound:GoopSpray+1","Slimebound:Teamwork","Slimebound:Gluttony+1","Slimebound:MegaLick+1","Slimebound:SplitSpecialist+1","Apotheosis+1","Slimebound:SplitSpecialist","Slimebound:SlimeBarrage"],"relics":["Slimebound:AbsorbEndCombat","Matryoshka","Gambling Chip","expansioncontent:StudyCardRelic","Frozen Egg 2","hexamod:CandleOfCauterizing","CeramicFish","Orichalcum","Pocketwatch","Incense Burner","Cursed Key","downfall:HeartBlessingGreen","downfall:HeartBlessingRed","downfall:HeartBlessingBlue","Ginger"],"acts_visited":["Exordium","TheCity","TheBeyond","TheEnding"],"potions_floor_usage":[],"damage_taken":[{"damage":0.0,"enemies":"Cultist","floor":2.0,"turns":4.0},{"damage":1.0,"enemies":"2 Louse","floor":3.0,"turns":3.0},{"damage":5.0,"enemies":"Small Slimes","floor":4.0,"turns":3.0},{"damage":1.0,"enemies":"Red Slaver","floor":5.0,"turns":5.0},{"damage":0.0,"enemies":"downfall:FleeingMerchant","floor":8.0,"turns":4.0},{"damage":0.0,"enemies":"3 Louse","floor":9.0,"turns":3.0},{"damage":21.0,"enemies":"Gremlin Gang","floor":11.0,"turns":5.0},{"damage":5.0,"enemies":"3 Sentries","floor":14.0,"turns":8.0},{"damage":0.0,"enemies":"Large Slime","floor":15.0,"turns":3.0},{"damage":28.0,"enemies":"IC_STATUS_ARCHETYPE","floor":16.0,"turns":9.0},{"damage":4.0,"enemies":"Shell Parasite","floor":19.0,"turns":4.0},{"damage":13.0,"enemies":"3 Cultists","floor":21.0,"turns":5.0},{"damage":0.0,"enemies":"downfall:FleeingMerchant","floor":22.0,"turns":4.0},{"damage":40.0,"enemies":"Book of Stabbing","floor":23.0,"turns":8.0},{"damage":7.0,"enemies":"Centurion and Healer","floor":26.0,"turns":5.0},{"damage":19.0,"enemies":"Gremlin Leader","floor":27.0,"turns":4.0},{"damage":0.0,"enemies":"downfall:FleeingMerchant","floor":28.0,"turns":4.0},{"damage":2.0,"enemies":"Shelled Parasite and Fungi","floor":29.0,"turns":4.0},{"damage":15.0,"enemies":"Snecko","floor":31.0,"turns":3.0},{"damage":8.0,"enemies":"Centurion and Healer","floor":32.0,"turns":6.0},{"damage":37.0,"enemies":"SI_MIRROR_ARCHETYPE","floor":33.0,"turns":9.0},{"damage":5.0,"enemies":"Orb Walker","floor":36.0,"turns":3.0},{"damage":17.0,"enemies":"3 Shapes","floor":37.0,"turns":3.0},{"damage":1.0,"enemies":"Spire Growth","floor":38.0,"turns":6.0},{"damage":0.0,"enemies":"downfall:FleeingMerchant","floor":39.0,"turns":3.0},{"damage":5.0,"enemies":"3 Darklings","floor":40.0,"turns":3.0},{"damage":14.0,"enemies":"4 Shapes","floor":43.0,"turns":5.0},{"damage":10.0,"enemies":"Maw","floor":44.0,"turns":6.0},{"damage":53.0,"enemies":"Reptomancer","floor":46.0,"turns":6.0},{"damage":26.0,"enemies":"Transient","floor":48.0,"turns":5.0},{"damage":0.0,"enemies":"4 Shapes","floor":49.0,"turns":4.0},{"damage":39.0,"enemies":"WA_ARCHETYPE_DIVINITY","floor":50.0,"turns":12.0},{"damage":112,"enemies":"downfall:CharBossMerchant","floor":52,"turns":8}],"seed_played":"-8589044619889600157","potions_obtained":[{"floor":5.0,"key":"bronze:BurnAndBuffPotion"},{"floor":11.0,"key":"Weak Potion"},{"floor":14.0,"key":"LiquidMemories"},{"floor":16.0,"key":"ColorlessPotion"},{"floor":21.0,"key":"Strength Potion"},{"floor":23.0,"key":"Slimebound:SlimedPotion"},{"floor":27.0,"key":"BlessingOfTheForge"},{"floor":29.0,"key":"SkillPotion"},{"floor":37.0,"key":"Ancient Potion"}],"is_trial":false,"path_per_floor":["R","M","M","M","M","R","T","$","M","?","M","R","?","E","M","B",null,"R","M","T","M","$","E","T","?","M","E","$","M","R","M","M","B",null,"R","M","M","M","$","M","T","R","M","M","R","E","R","M","M","B",null,"E"],"character_chosen":"SLIMEBOUND","items_purchased":["Slimebound:DuplicatedForm+1","Incense Burner","Apotheosis"],"campfire_rested":2,"item_purchase_floors":[22,28,39],"current_hp_per_floor":[65,65,65,62,65,65,65,65,65,65,52,52,52,55,63,41,65,65,63,63,52,60,28,28,28,29,18,26,32,51,59,59,28,65,65,65,54,65,65,62,62,72,61,74,74,44,66,46,54,38,75,0,0,0],"gold":246,"neow_bonus":"TRANSFORM_CARD","is_daily":false,"chose_seed":false,"campfire_upgraded":6,"win_rate":0.0,"timestamp":1611530613,"path_taken":["R","M","?","M","M","R","T","$","M","?","M","R","?","E","M","BOSS","R","M","?","M","$","E","T","?","M","E","$","M","R","M","M","BOSS","R","M","M","M","$","M","T","R","M","M","R","E","R","?","M","BOSS","E"],"items_purchased_type":["Card","Relic","Card"],"build_version":"2020-12-22","purchased_purges":0,"victory":false,"max_hp_per_floor":[65,65,65,65,65,65,65,65,65,65,65,65,65,65,65,65,65,65,65,65,65,65,65,65,65,65,65,65,65,65,65,65,65,65,65,65,65,65,65,65,65,75,75,75,75,75,75,75,75,75,75,75,75,75],"relic_stats":{"counters":[33,165],"Gambling Chip":[63],"CeramicFish":90,"Ginger":[17],"Orichalcum":[66],"Cursed Key":0,"obtain_stats":[{"hexamod:CandleOfCauterizing":23,"downfall:HeartBlessingRed":42,"CeramicFish":24,"downfall:HeartBlessingGreen":35,"expansioncontent:StudyCardRelic":17,"Incense Burner":28,"Ginger":46,"Frozen Egg 2":20,"Orichalcum":24,"Cursed Key":34,"Matryoshka":7,"downfall:HeartBlessingBlue":42,"Gambling Chip":14,"Slimebound:AbsorbEndCombat":0,"Pocketwatch":27},{"hexamod:CandleOfCauterizing":14,"downfall:HeartBlessingRed":26,"CeramicFish":14,"downfall:HeartBlessingGreen":21,"expansioncontent:StudyCardRelic":10,"Incense Burner":17,"Ginger":29,"Frozen Egg 2":11,"Orichalcum":14,"Cursed Key":21,"Matryoshka":4,"downfall:HeartBlessingBlue":26,"Gambling Chip":8,"Slimebound:AbsorbEndCombat":0,"Pocketwatch":16},{"hexamod:CandleOfCauterizing":67,"downfall:HeartBlessingRed":120,"CeramicFish":67,"downfall:HeartBlessingGreen":102,"expansioncontent:StudyCardRelic":46,"Incense Burner":80,"Ginger":136,"Frozen Egg 2":50,"Orichalcum":67,"Cursed Key":102,"Matryoshka":15,"downfall:HeartBlessingBlue":120,"Gambling Chip":34,"Slimebound:AbsorbEndCombat":0,"Pocketwatch":76}],"Pocketwatch":[81]},"card_choices":[{"not_picked":["Slimebound:ComboTackle","Slimebound:SplitLeeching"],"picked":"Slimebound:GoopSpray","floor":2.0},{"not_picked":["Slimebound:LeechEnergy","Slimebound:SplitLeeching"],"picked":"Slimebound:GrowthPunch","floor":3.0},{"not_picked":["Slimebound:Repurpose","Slimebound:SplitAcid"],"picked":"Slimebound:LivingWall","floor":4.0},{"not_picked":["Slimebound:ItLooksTasty","Slimebound:GrowthPunch"],"picked":"Slimebound:LeechEnergy","floor":5.0},{"not_picked":["Slimebound:Repurpose","Slimebound:SlimeSlap","Slimebound:SplitBruiser"],"picked":"SKIP","floor":8.0},{"not_picked":["Slimebound:ItLooksTasty","Slimebound:SplitLeeching","Slimebound:SplitAcid"],"picked":"SKIP","floor":9.0},{"not_picked":["Slimebound:FinishingTackle","Slimebound:SlimeSlap","Slimebound:ComboTackle"],"picked":"SKIP","floor":11.0},{"not_picked":["Slimebound:ServeAndProtect","Slimebound:FlameTackle"],"picked":"Slimebound:LivingWall","floor":14.0},{"not_picked":["Slimebound:BestDefense","Slimebound:PressTheAttack"],"picked":"Slimebound:SlimeSpikes","floor":15.0},{"not_picked":["Slimebound:WasteNot","Slimebound:FirmFortitude"],"picked":"Slimebound:TagTeam","floor":16.0},{"not_picked":["Slimebound:SlimeBrawl","Slimebound:Schlurp+1","Slimebound:HungryTackle+1"],"picked":"SKIP","floor":19.0},{"not_picked":["Slimebound:RejuvenatingLick","Slimebound:FinishingTackle","Slimebound:FlameTackle"],"picked":"SKIP","floor":21.0},{"not_picked":["Slimebound:GoopSpray","Slimebound:FinishingTackle"],"picked":"Slimebound:SlimeSpikes","floor":22.0},{"not_picked":["Slimebound:LeechEnergy","Slimebound:Overexert+1"],"picked":"Slimebound:Nibble","floor":23.0},{"not_picked":["Slimebound:PressTheAttack+1","Slimebound:Schlurp"],"picked":"Slimebound:LivingWall+1","floor":26.0},{"not_picked":["Slimebound:SplitAcid","Slimebound:BestDefense+1","Slimebound:SplitMire"],"picked":"SKIP","floor":27.0},{"not_picked":["Slimebound:GoopSpray+1","Slimebound:SlimeBrawl"],"picked":"Slimebound:AcidTongue+1","floor":28.0},{"not_picked":["Slimebound:HungryTackle","Slimebound:SlimeSpikes","Slimebound:FormOfPuddle"],"picked":"SKIP","floor":29.0},{"not_picked":["Slimebound:ComboTackle+1","Slimebound:Repurpose"],"picked":"Slimebound:GoopSpray+1","floor":31.0},{"not_picked":["Slimebound:SplitAcid","Slimebound:HauntingLick","Slimebound:LeadByExample+1"],"picked":"SKIP","floor":32.0},{"not_picked":["Slimebound:OozeBath","Slimebound:FirmFortitude"],"picked":"Slimebound:Teamwork","floor":33.0},{"not_picked":["Slimebound:SlimeTap","Slimebound:SplitAcid+1"],"picked":"Slimebound:Gluttony+1","floor":36.0},{"not_picked":["Slimebound:Schlurp","Slimebound:PressTheAttack"],"picked":"Slimebound:MegaLick+1","floor":37.0},{"not_picked":["Slimebound:LeechEnergy","Slimebound:Nibble+1"],"picked":"Slimebound:SplitSpecialist","floor":38.0},{"not_picked":["Slimebound:OneTwoCombo","Slimebound:FinishingTackle","Slimebound:LeechEnergy+1"],"picked":"SKIP","floor":39.0},{"not_picked":["Slimebound:SplitAcid","Slimebound:Schlurp"],"picked":"Slimebound:SplitSpecialist","floor":40.0},{"not_picked":["Slimebound:HauntingLick+1","Slimebound:PressTheAttack+1","Slimebound:LivingWall+1"],"picked":"SKIP","floor":43.0},{"not_picked":["Slimebound:Equalize","Slimebound:Grow+1","Slimebound:PressTheAttack"],"picked":"SKIP","floor":44.0},{"not_picked":["Slimebound:HauntingLick","Slimebound:SplitMire","Slimebound:LeechingTouch+1"],"picked":"SKIP","floor":46.0},{"not_picked":["Slimebound:MassFeed","Slimebound:SplitAcid+1","Slimebound:TongueLash"],"picked":"SKIP","floor":48.0},{"not_picked":["Slimebound:ComboTackle","Slimebound:BestDefense+1"],"picked":"Slimebound:SlimeBarrage","floor":49.0}],"player_experience":483443,"relics_obtained":[{"floor":7.0,"key":"Matryoshka"},{"floor":14.0,"key":"Gambling Chip"},{"floor":20.0,"key":"Frozen Egg 2"},{"floor":23.0,"key":"hexamod:CandleOfCauterizing"},{"floor":24.0,"key":"CeramicFish"},{"floor":24.0,"key":"Orichalcum"},{"floor":27.0,"key":"Pocketwatch"},{"floor":46.0,"key":"Ginger"}],"event_choices":[{"damage_healed":0.0,"max_hp_gain":0.0,"max_hp_loss":0.0,"gold_gain":0.0,"event_name":"FaceTrader","player_choice":"Leave","floor":13.0,"gold_loss":0.0,"damage_taken":0.0}],"is_beta":false,"boss_relics":[{"not_picked":["Calling Bell","Astrolabe"],"picked":"expansioncontent:StudyCardRelic"},{"not_picked":["Empty Cage","Velvet Choker"],"picked":"Cursed Key"}],"items_purged_floors":[],"is_endless":false,"potions_floor_spawned":[5,11,14,16,19,21,23,27,29,37,38,40,44,49],"killed_by":"downfall:CharBossMerchant","ascension_level":0}}