{"host":"o6j8h35axmoodbwy","time":1611462591,"event":{"mods":["2.2 Compatiblity","BaseMod","Colored Map","Colored Powertips","MarisaÅiñ∂âJÅ@ñÇóùçπÅj","Minty Spire (QoL Compilation)","Prisma Mod","Quick Restart","Shop Mod","StSLib","SuperFastMode","Td1madao Mod"],"gold_per_floor":[112,112,112,126,140,140,164,164,191,212,283,302,258,238,238,238,238],"floor_reached":16,"language":"JPN","playtime":921,"items_purged":[],"score":152,"play_id":"15b44eb1-81ff-4ca0-bf6d-373d3be852a7","local_time":"20210124132951","is_ascension_mode":true,"campfire_choices":[{"data":"True Grit","floor":6,"key":"SMITH"},{"data":"Flame Barrier","floor":8,"key":"SMITH"},{"floor":15,"key":"REST"}],"circlet_count":0,"master_deck":["AscendersBane","Strike_R","Strike_R","Strike_R","Defend_R","Defend_R","Defend_R","Defend_R","Bash","Flame Barrier+1","Intimidate","True Grit+1","Seeing Red","Sentinel","Spot Weakness","Body Slam","Carnage","Metallicize"],"relics":["Burning Blood","Golden Idol","Strawberry","Centennial Puzzle"],"acts_visited":["Exordium"],"potions_floor_usage":[10,12,16,16],"damage_taken":[{"damage":8,"enemies":"Small Slimes","floor":1,"turns":6},{"damage":4,"enemies":"Jaw Worm","floor":4,"turns":4},{"damage":0,"enemies":"2 Louse","floor":5,"turns":4},{"damage":22,"enemies":"Large Slime","floor":7,"turns":8},{"damage":10,"enemies":"Lots of Slimes","floor":10,"turns":5},{"damage":39,"enemies":"3 Sentries","floor":11,"turns":12},{"damage":6,"enemies":"2 Fungi Beasts","floor":12,"turns":4},{"damage":54,"enemies":"The Guardian","floor":16,"turns":13}],"seed_played":"-7537913572883245326","potions_obtained":[{"floor":1,"key":"EssenceOfSteel"},{"floor":5,"key":"Fire Potion"},{"floor":12,"key":"Block Potion"},{"floor":14,"key":"Energy Potion"}],"is_trial":false,"path_per_floor":["M","?","?","M","M","R","M","R","T","M","?","M","?","?","R","B"],"character_chosen":"IRONCLAD","items_purchased":[],"campfire_rested":1,"item_purchase_floors":[],"current_hp_per_floor":[49,49,49,51,57,57,41,41,48,44,11,11,11,11,37,0,0],"gold":238,"neow_bonus":"TRANSFORM_TWO_CARDS","is_daily":false,"chose_seed":false,"campfire_upgraded":2,"win_rate":0.0,"timestamp":1611462591,"path_taken":["M","?","?","M","M","R","M","R","T","M","?","M","?","?","R","BOSS"],"items_purchased_type":[],"build_version":"2020-12-22","purchased_purges":0,"victory":false,"max_hp_per_floor":[80,80,80,80,80,80,80,80,87,87,87,87,87,87,87,87,87],"card_choices":[{"not_picked":["Iron Wave","Combust"],"picked":"True Grit","floor":1},{"not_picked":["Perfected Strike","Second Wind"],"picked":"Seeing Red","floor":4},{"not_picked":["Dark Embrace","True Grit"],"picked":"Sentinel","floor":5},{"not_picked":["Clothesline","Feed"],"picked":"Spot Weakness","floor":7},{"not_picked":["Iron Wave","Combust"],"picked":"Body Slam","floor":10},{"not_picked":["Sentinel","Intimidate"],"picked":"Carnage","floor":11},{"not_picked":["Feel No Pain","Wild Strike"],"picked":"Metallicize","floor":12}],"player_experience":576253,"relics_obtained":[{"floor":9,"key":"Strawberry"},{"floor":11,"key":"Centennial Puzzle"}],"event_choices":[{"damage_healed":0,"gold_gain":0,"player_choice":"Take Wound","damage_taken":0,"relics_obtained":["Golden Idol"],"max_hp_gain":0,"max_hp_loss":0,"event_name":"Golden Idol","floor":2,"gold_loss":0,"cards_obtained":["Injury"]},{"cards_removed":["Injury"],"damage_healed":0,"gold_gain":0,"player_choice":"Forget","damage_taken":0,"max_hp_gain":0,"max_hp_loss":0,"event_name":"Living Wall","floor":3,"gold_loss":0},{"damage_healed":0,"gold_gain":30,"player_choice":"Searched \u00272\u0027 times","damage_taken":0,"max_hp_gain":0,"max_hp_loss":0,"event_name":"Dead Adventurer","floor":11,"gold_loss":0},{"damage_healed":0,"gold_gain":0,"player_choice":"Left Gold","damage_taken":0,"max_hp_gain":0,"max_hp_loss":0,"event_name":"World of Goop","floor":13,"gold_loss":44},{"damage_healed":0,"gold_gain":0,"player_choice":"Bought 1 Potion","damage_taken":0,"max_hp_gain":0,"max_hp_loss":0,"event_name":"The Woman in Blue","floor":14,"gold_loss":0}],"is_beta":false,"boss_relics":[],"items_purged_floors":[],"is_endless":false,"potions_floor_spawned":[1,5,7,12],"killed_by":"The Guardian","ascension_level":13}}