{"host":"dzit4ljil6490tuf","time":1611472082,"event":{"mods":["BaseMod","Downfall","Hermit","Hubris","Minty Spire (QoL Compilation)","StSLib","The Cursed","The Runesmith","The Servant 0.9.4"],"gold_per_floor":[99,118,129,129,0,35,60,70,90,90,104,115,130,65,85,181,181,181,201,43,56,25,43,43,68,17,37,55,72,72,104,119,216,216,116,127,82,95,95,108,108,121,121,121,150,170,170,182,200,200],"floor_reached":51,"language":"ITA","playtime":3168,"items_purged":["bronze:Strike"],"score":779,"play_id":"dceb0bb9-781a-4ea6-a7f1-e06f1bc49788","local_time":"20210124080802","is_ascension_mode":false,"campfire_choices":[{"data":"bronze:Goto","floor":1,"key":"SMITH"},{"floor":10,"key":"REST"},{"data":"bronze:Boost","floor":18,"key":"SMITH"},{"data":"bronze:CleanCode","floor":35,"key":"SMITH"},{"data":"bronze:Defend","floor":44,"key":"SMITH"},{"data":"bronze:Invalidate","floor":47,"key":"SMITH"}],"circlet_count":0,"master_deck":["bronze:Defend","bronze:Defend","bronze:Defend+1","bronze:Replicate","bronze:Goto+1","bronze:FindAndReplace","bronze:ChosenStrike","bronze:ChosenStrike","bronze:Iterate","bronze:Boost+1","bronze:NullPointer","bronze:DelayedSlice","bronze:FineTuning","bronze:Overheat","bronze:Repair","bronze:Overheat","bronze:DelayedGuard","bronze:CleanCode+1","bronze:WhirlingStrike","bronze:WhirlingStrike","bronze:BronzeOrb","bronze:DelayedSlice+1","bronze:Philosophize","bronze:GetLatest","bronze:FineTuning","bronze:Overload+1","bronze:Virus+1","bronze:Shield+1","bronze:Invalidate+1"],"relics":["bronze:BronzeCore","Ginger","Potion Belt","Busted Crown","FossilizedHelix","hubris:MysteriousPyramids","hubris:SlimyHat","Oddly Smooth Stone","Astrolabe","downfall:HeartBlessingGreen","Bag of Preparation","Bird Faced Urn"],"acts_visited":["Exordium","TheCity","TheBeyond"],"potions_floor_usage":[21,27,27,29,31,33,50],"damage_taken":[{"damage":3,"enemies":"2 Louse","floor":2,"turns":2},{"damage":1,"enemies":"Cultist","floor":3,"turns":3},{"damage":0,"enemies":"downfall:FleeingMerchant","floor":5,"turns":4},{"damage":29,"enemies":"Lagavulin","floor":6,"turns":6},{"damage":6,"enemies":"Jaw Worm","floor":8,"turns":2},{"damage":0,"enemies":"Blue Slaver","floor":9,"turns":3},{"damage":0,"enemies":"Large Slime","floor":11,"turns":2},{"damage":13,"enemies":"Red Slaver","floor":12,"turns":2},{"damage":1,"enemies":"Exordium Wildlife","floor":13,"turns":3},{"damage":6,"enemies":"downfall:FleeingMerchant","floor":14,"turns":4},{"damage":8,"enemies":"Exordium Thugs","floor":15,"turns":4},{"damage":5,"enemies":"SI_SHIV_ARCHETYPE","floor":16,"turns":7},{"damage":0,"enemies":"Spheric Guardian","floor":19,"turns":3},{"damage":13,"enemies":"downfall:FleeingMerchant","floor":20,"turns":4},{"damage":21,"enemies":"Snake Plant","floor":21,"turns":3},{"damage":1,"enemies":"downfall:FleeingMerchant","floor":22,"turns":4},{"damage":0,"enemies":"Snecko","floor":23,"turns":3},{"damage":32,"enemies":"Slavers","floor":25,"turns":4},{"damage":10,"enemies":"Centurion and Healer","floor":27,"turns":3},{"damage":6,"enemies":"3 Cultists","floor":28,"turns":4},{"damage":0,"enemies":"Snecko","floor":29,"turns":3},{"damage":0,"enemies":"Gremlin Leader","floor":31,"turns":2},{"damage":1,"enemies":"Cultist and Chosen","floor":32,"turns":5},{"damage":58,"enemies":"DF_ARCHETYPE_CLAW","floor":33,"turns":8},{"damage":0,"enemies":"Orb Walker","floor":36,"turns":3},{"damage":0,"enemies":"3 Shapes","floor":38,"turns":3},{"damage":0,"enemies":"Maw","floor":40,"turns":6},{"damage":18,"enemies":"4 Shapes","floor":42,"turns":3},{"damage":0,"enemies":"Reptomancer","floor":45,"turns":4},{"damage":0,"enemies":"3 Darklings","floor":46,"turns":4},{"damage":0,"enemies":"Jaw Worm Horde","floor":48,"turns":2},{"damage":0,"enemies":"Transient","floor":49,"turns":5},{"damage":71,"enemies":"WA_ARCHETYPE_DIVINITY","floor":50,"turns":9}],"seed_played":"-4962639914537276459","potions_obtained":[{"floor":2,"key":"SpeedPotion"},{"floor":6,"key":"FairyPotion"},{"floor":8,"key":"Fire Potion"},{"floor":15,"key":"FearPotion"},{"floor":19,"key":"sneckomod:MuddlingPotion"},{"floor":25,"key":"Fire Potion"},{"floor":28,"key":"bronze:FreeFunctionsPotion"},{"floor":29,"key":"EssenceOfSteel"},{"floor":33,"key":"Block Potion"},{"floor":38,"key":"bronze:FreeFunctionsPotion"},{"floor":40,"key":"SteroidPotion"},{"floor":48,"key":"champ:CounterPotion"}],"is_trial":false,"path_per_floor":["R","M","M","?","$","E","T","M","M","R","M","M","M","$","M","B",null,"R","M","$","M","$","M","T","E","$","M","M","M","?","E","M","B",null,"R","M","$","M","$","M","T","M","?","R","E","M","R","M","M","B",null],"character_chosen":"THE_AUTOMATON","items_purchased":["bronze:Boost","bronze:NullPointer","bronze:DelayedGuard","bronze:Optimize","FossilizedHelix","bronze:Philosophize","bronze:FineTuning","bronze:Invalidate"],"campfire_rested":1,"item_purchase_floors":[5,5,14,20,22,22,26,37],"current_hp_per_floor":[70,67,66,66,66,37,37,31,31,52,52,39,45,46,45,48,70,70,70,64,43,50,50,50,25,25,24,18,25,80,80,79,22,80,80,80,80,80,80,80,80,70,70,70,77,80,80,80,80,9],"gold":200,"neow_bonus":"ONE_RANDOM_RARE_CARD","is_daily":false,"chose_seed":false,"campfire_upgraded":5,"win_rate":0.0,"timestamp":1611472082,"path_taken":["R","M","M","?","$","E","T","M","M","R","M","M","?","?","M","BOSS","R","M","$","M","$","M","T","E","$","M","M","?","?","E","M","BOSS","R","M","$","M","$","M","T","M","?","R","E","M","R","M","M","BOSS"],"items_purchased_type":["Card","Card","Card","Card","Relic","Card","Card","Card"],"build_version":"2020-12-22","purchased_purges":1,"victory":true,"max_hp_per_floor":[70,70,70,70,70,70,70,70,70,70,70,70,70,70,70,70,70,70,70,70,70,70,70,70,70,70,70,70,70,80,80,80,80,80,80,80,80,80,80,80,80,80,80,80,80,80,80,80,80,80],"card_choices":[{"not_picked":["bronze:FollowUp","bronze:Backtrace"],"picked":"bronze:ChosenStrike","floor":2},{"not_picked":["bronze:Branch","bronze:Optimize"],"picked":"bronze:ChosenStrike","floor":3},{"not_picked":["bronze:Deprecate","bronze:Fortify"],"picked":"bronze:Iterate","floor":5},{"not_picked":["bronze:Frontload","bronze:MaxOutput"],"picked":"bronze:RecursiveStrike","floor":6},{"not_picked":["bronze:Shell","bronze:Turbo"],"picked":"bronze:DelayedSlice","floor":8},{"not_picked":["bronze:Invalidate","bronze:Repulsor"],"picked":"bronze:FineTuning","floor":9},{"not_picked":["bronze:Return","bronze:DelayedSlice"],"picked":"bronze:Overheat","floor":11},{"not_picked":["bronze:Allocate","bronze:WildBeam"],"picked":"bronze:Repair","floor":12},{"not_picked":["bronze:NullPointer","bronze:BuggyMess","bronze:BugBarrage"],"picked":"SKIP","floor":13},{"not_picked":["bronze:Branch","bronze:Fortify"],"picked":"bronze:Overheat","floor":14},{"not_picked":["bronze:Return","bronze:DarkDash","bronze:Repulsor"],"picked":"SKIP","floor":15},{"not_picked":["bronze:Virus","bronze:Break"],"picked":"bronze:CleanCode","floor":16},{"not_picked":[],"picked":"bronze:WhirlingStrike","floor":19},{"not_picked":[],"picked":"bronze:WhirlingStrike","floor":20},{"not_picked":[],"picked":"bronze:BronzeOrb","floor":21},{"not_picked":[],"picked":"bronze:DelayedSlice+1","floor":22},{"not_picked":["bronze:Turbo"],"picked":"SKIP","floor":23},{"not_picked":[],"picked":"bronze:GetLatest","floor":25},{"not_picked":["bronze:BugBarrage"],"picked":"SKIP","floor":27},{"not_picked":["bronze:Turbo"],"picked":"SKIP","floor":28},{"not_picked":["bronze:Turbo"],"picked":"SKIP","floor":29},{"not_picked":["bronze:CutThrough"],"picked":"SKIP","floor":31},{"not_picked":["bronze:ItsAFeature"],"picked":"SKIP","floor":32},{"not_picked":["bronze:Philosophize"],"picked":"SKIP","floor":36},{"not_picked":["bronze:Optimize+1"],"picked":"SKIP","floor":38},{"not_picked":["bronze:Optimize+1"],"picked":"SKIP","floor":40},{"not_picked":["bronze:CutThrough"],"picked":"SKIP","floor":42},{"not_picked":["bronze:ThunderWave"],"picked":"SKIP","floor":45},{"not_picked":["bronze:Turbo+1"],"picked":"SKIP","floor":46},{"not_picked":["bronze:ItsAFeature"],"picked":"SKIP","floor":48},{"not_picked":["bronze:BuggyMess+1"],"picked":"SKIP","floor":49}],"player_experience":597281,"relics_obtained":[{"floor":6,"key":"Ginger"},{"floor":7,"key":"Potion Belt"},{"floor":24,"key":"hubris:MysteriousPyramids"},{"floor":25,"key":"hubris:SlimyHat"},{"floor":31,"key":"Oddly Smooth Stone"},{"floor":41,"key":"Bag of Preparation"},{"floor":45,"key":"Bird Faced Urn"}],"event_choices":[{"cards_removed":["bronze:Optimize"],"damage_healed":0,"gold_gain":0,"player_choice":"Removed Power","damage_taken":0,"max_hp_gain":0,"max_hp_loss":0,"event_name":"Falling","floor":43,"gold_loss":0}],"is_beta":false,"boss_relics":[{"not_picked":["hubris:BlackHole","Calling Bell"],"picked":"Busted Crown"},{"not_picked":["Snecko Eye","hubris:VirtuousBlindfold"],"picked":"Astrolabe"}],"items_purged_floors":[20],"is_endless":false,"potions_floor_spawned":[2,6,8,15,19,25,28,29,33,38,40,45,48,49],"ascension_level":0}}