{"host":"aqym1xxr3lb31d9m","time":1611509458,"event":{"mods":["BaseMod","Block Reminder","Colored Map","Colored Powertips","DeckTracker","Highlight Path","Minty Spire (QoL Compilation)","Quick Restart","Random Character Button","StSLib","SuperFastMode","UnlockEverythingMod"],"gold_per_floor":[110,129,145,145,115,115,147,147,172,172,232,252,252,285,285,363,363,378,44,44,60,92,92,121,36,63,88,88,88,13,13,13,13,13],"floor_reached":33,"language":"JPN","playtime":1326,"items_purged":[],"score":574,"play_id":"c464f2c0-a7a6-4f27-81b2-0c94e7fb8bce","local_time":"20210125023058","is_ascension_mode":true,"campfire_choices":[{"data":"Ball Lightning","floor":6,"key":"SMITH"},{"data":"Chill","floor":8,"key":"SMITH"},{"data":"Zap","floor":10,"key":"SMITH"},{"floor":15,"key":"REST"},{"floor":23,"key":"REST"},{"floor":29,"key":"REST"},{"data":"Creative AI","floor":32,"key":"SMITH"}],"circlet_count":0,"master_deck":["AscendersBane","Strike_B","Strike_B","Defend_B","Defend_B","Defend_B","Defend_B","Zap+1","Dualcast","Gash","Ball Lightning","White Noise","Storm","Conserve Battery","Ball Lightning+1","Chill+1","Stack","Gash","Electrodynamics","Creative AI+1","Coolheaded","Hologram","Stack+1","Doom and Gloom","Multi-Cast","Capacitor","Leap","Scrape"],"relics":["Runic Dome","Vajra","Oddly Smooth Stone","Strawberry","Regal Pillow","Nuclear Battery","FossilizedHelix","Red Mask","Symbiotic Virus","PreservedInsect","TungstenRod"],"acts_visited":["Exordium","TheCity"],"potions_floor_usage":[14,22,27,33],"damage_taken":[{"damage":4,"enemies":"Small Slimes","floor":1,"turns":3},{"damage":1,"enemies":"Cultist","floor":2,"turns":3},{"damage":9,"enemies":"2 Louse","floor":3,"turns":3},{"damage":20,"enemies":"Lagavulin","floor":7,"turns":6},{"damage":5,"enemies":"3 Sentries","floor":11,"turns":8},{"damage":3,"enemies":"Looter","floor":12,"turns":4},{"damage":22,"enemies":"Gremlin Nob","floor":14,"turns":4},{"damage":12,"enemies":"Hexaghost","floor":16,"turns":9},{"damage":24,"enemies":"Shell Parasite","floor":18,"turns":4},{"damage":0,"enemies":"2 Thieves","floor":21,"turns":4},{"damage":10,"enemies":"Masked Bandits","floor":22,"turns":3},{"damage":31,"enemies":"Slavers","floor":24,"turns":5},{"damage":7,"enemies":"Book of Stabbing","floor":27,"turns":4},{"damage":57,"enemies":"Collector","floor":33,"turns":7}],"seed_played":"2836230772447501005","potions_obtained":[{"floor":3,"key":"Dexterity Potion"},{"floor":7,"key":"GamblersBrew"},{"floor":16,"key":"BlessingOfTheForge"},{"floor":24,"key":"BlessingOfTheForge"}],"is_trial":false,"path_per_floor":["M","M","M","?","$","R","E","R","T","R","?","M","?","E","R","B",null,"M","$","?","M","?","R","E","?","T","E","?","R","$","?","R","B"],"character_chosen":"DEFECT","items_purchased":["Ball Lightning","FossilizedHelix","Capacitor"],"campfire_rested":3,"item_purchase_floors":[5,19,30],"current_hp_per_floor":[60,59,50,50,50,50,30,30,30,30,32,29,29,7,45,33,67,43,43,21,21,11,50,19,19,19,12,12,51,51,51,51,0,0],"gold":13,"neow_bonus":"BOSS_RELIC","is_daily":false,"chose_seed":false,"campfire_upgraded":4,"win_rate":0.0,"timestamp":1611509458,"path_taken":["M","M","M","?","?","R","E","R","T","R","?","M","?","E","R","BOSS","M","$","?","M","?","R","E","?","T","E","?","R","$","?","R","BOSS"],"items_purchased_type":["Card","Relic","Card"],"build_version":"2020-12-22","purchased_purges":0,"victory":false,"max_hp_per_floor":[71,71,71,71,71,71,71,71,71,71,78,78,78,78,78,78,78,78,78,83,83,83,83,83,83,83,83,83,83,83,83,83,83,83],"card_choices":[{"not_picked":["Conserve Battery","Barrage"],"picked":"Gash","floor":1},{"not_picked":["Darkness","Steam"],"picked":"Ball Lightning","floor":2},{"not_picked":["Leap","Cold Snap"],"picked":"White Noise","floor":3},{"not_picked":["Sweeping Beam","Ball Lightning"],"picked":"Chill","floor":7},{"not_picked":["Streamline","Ball Lightning"],"picked":"Stack","floor":11},{"not_picked":["Hello World","Compile Driver"],"picked":"Gash","floor":12},{"not_picked":["Redo","Stack"],"picked":"Electrodynamics","floor":14},{"not_picked":["Hyperbeam","Amplify"],"picked":"Creative AI","floor":16},{"not_picked":["Compile Driver","Aggregate"],"picked":"Coolheaded","floor":18},{"not_picked":["Ball Lightning","Cold Snap"],"picked":"Hologram","floor":21},{"not_picked":["FTL","Hologram"],"picked":"Stack+1","floor":22},{"not_picked":["Steam","Rebound"],"picked":"Doom and Gloom","floor":24},{"not_picked":["Streamline","Hologram"],"picked":"Multi-Cast","floor":27}],"player_experience":4034118,"relics_obtained":[{"floor":7,"key":"Vajra"},{"floor":9,"key":"Oddly Smooth Stone"},{"floor":11,"key":"Strawberry"},{"floor":14,"key":"Regal Pillow"},{"floor":22,"key":"Red Mask"},{"floor":24,"key":"Symbiotic Virus"},{"floor":27,"key":"TungstenRod"}],"event_choices":[{"damage_healed":0,"gold_gain":0,"player_choice":"2 cards matched","damage_taken":0,"max_hp_gain":0,"max_hp_loss":0,"event_name":"Match and Keep!","floor":4,"gold_loss":0,"cards_obtained":["Storm","Conserve Battery"]},{"damage_healed":0,"gold_gain":0,"player_choice":"Searched \u00271\u0027 times","damage_taken":0,"max_hp_gain":0,"max_hp_loss":0,"event_name":"Dead Adventurer","floor":11,"gold_loss":0},{"damage_healed":0,"gold_gain":0,"player_choice":"Ignored","damage_taken":0,"max_hp_gain":0,"max_hp_loss":0,"event_name":"Shining Light","floor":13,"gold_loss":0},{"damage_healed":0,"gold_gain":0,"player_choice":"Shed Blood","damage_taken":27,"max_hp_gain":5,"max_hp_loss":0,"event_name":"Forgotten Altar","floor":20,"gold_loss":0},{"damage_healed":0,"gold_gain":0,"player_choice":"Fought Bandits","damage_taken":0,"max_hp_gain":0,"max_hp_loss":0,"event_name":"Masked Bandits","floor":22,"gold_loss":0},{"damage_healed":0,"gold_gain":0,"player_choice":"Obtained Relic","damage_taken":0,"relics_obtained":["PreservedInsect"],"max_hp_gain":0,"max_hp_loss":0,"event_name":"Addict","floor":25,"gold_loss":85},{"damage_healed":0,"gold_gain":0,"player_choice":"Ignored","damage_taken":0,"max_hp_gain":0,"max_hp_loss":0,"event_name":"Vampires","floor":28,"gold_loss":0},{"damage_healed":0,"gold_gain":0,"cards_transformed":["Strike_B","Strike_B"],"player_choice":"Became Test Subject","damage_taken":0,"max_hp_gain":0,"max_hp_loss":0,"event_name":"Drug Dealer","floor":31,"gold_loss":0,"cards_obtained":["Leap","Scrape"]}],"is_beta":false,"boss_relics":[{"not_picked":["Empty Cage","Cursed Key"],"picked":"Nuclear Battery"}],"items_purged_floors":[],"is_endless":false,"potions_floor_spawned":[3,7,16,18,24],"killed_by":"Collector","ascension_level":20}}