{"host":"qgrlfjrqk9z96gfi","time":1611512321,"event":{"mods":["BaseMod","Block Reminder","Colored Map","Custom Start","DeckTracker","Minty Spire (QoL Compilation)"],"gold_per_floor":[117,117,128,46,46,80,80,80,80],"floor_reached":8,"language":"ENG","playtime":260,"items_purged":[],"score":108,"play_id":"ba8b2e48-d425-415b-837a-387de351359a","local_time":"20210124081841","is_ascension_mode":true,"campfire_choices":[{"data":"Glass Knife","floor":7,"key":"SMITH"}],"circlet_count":0,"master_deck":["AscendersBane","Strike_G","Strike_G","Strike_G","Strike_G","Defend_G","Defend_G","Defend_G","Defend_G","Defend_G","Survivor","Neutralize","Clumsy","Glass Knife+1","Quick Slash","Leg Sweep","Endless Agony","Blade Dance","Dagger Spray","Cloak And Dagger"],"relics":["Ring of the Snake","Gremlin Horn","Calipers"],"acts_visited":["Exordium"],"potions_floor_usage":[],"damage_taken":[{"damage":0,"enemies":"2 Louse","floor":1,"turns":2},{"damage":0,"enemies":"Cultist","floor":3,"turns":3},{"damage":10,"enemies":"3 Sentries","floor":6,"turns":8},{"damage":52,"enemies":"Lagavulin","floor":8,"turns":9}],"seed_played":"-16940153217870716","potions_obtained":[],"is_trial":false,"path_per_floor":["M","?","M","$","T","E","R","E"],"character_chosen":"THE_SILENT","items_purchased":["Blade Dance","Dagger Spray"],"campfire_rested":0,"item_purchase_floors":[4,4],"current_hp_per_floor":[59,59,59,59,59,49,49,0,0],"gold":80,"neow_bonus":"THREE_RARE_CARDS","is_daily":false,"chose_seed":false,"campfire_upgraded":1,"win_rate":0.0,"timestamp":1611512321,"path_taken":["M","?","M","$","?","E","R","E"],"items_purchased_type":["Card","Card"],"build_version":"2020-12-22","purchased_purges":0,"victory":false,"max_hp_per_floor":[66,66,66,66,66,66,66,66,66],"card_choices":[{"not_picked":["Burst","Bullet Time"],"picked":"Glass Knife","floor":0},{"not_picked":["PiercingWail","Deadly Poison"],"picked":"Quick Slash","floor":1},{"not_picked":["Choke","Poisoned Stab"],"picked":"Endless Agony","floor":3},{"not_picked":["Bane","Doppelganger"],"picked":"Cloak And Dagger","floor":6}],"player_experience":1051792,"relics_obtained":[{"floor":5,"key":"Gremlin Horn"},{"floor":6,"key":"Calipers"}],"event_choices":[{"damage_healed":0,"gold_gain":0,"cards_transformed":["Strike_G"],"player_choice":"Transformed","damage_taken":0,"max_hp_gain":0,"max_hp_loss":0,"event_name":"Transmorgrifier","floor":2,"gold_loss":0,"cards_obtained":["Leg Sweep"]}],"is_beta":false,"boss_relics":[],"items_purged_floors":[],"is_endless":false,"potions_floor_spawned":[],"killed_by":"Lagavulin","ascension_level":20}}