{"host":"4akf6f7tvzk9vus6","time":1611532654,"event":{"mods":["BaseMod","Downfall","Minty Spire (QoL Compilation)","StSLib"],"gold_per_floor":[99,99,549,564,564,583,583,599,618,27,27,127,154,39,52,150,150,150,169,184,184,184,184,184,201,219,239,18,29,29,14,32,32,32,32],"floor_reached":33,"language":"ENG","playtime":5249,"items_purged":["Regret","downfall:Icky"],"score":274,"play_id":"61743664-5ae8-487a-a126-2b18ec66c3ab","local_time":"20210124175734","is_ascension_mode":false,"campfire_choices":[{"floor":1,"key":"RECALL"},{"data":"champ:TripleStrike","floor":18,"key":"SMITH"},{"data":"champ:IronFortress","floor":23,"key":"SMITH"}],"circlet_count":0,"master_deck":["champ:Strike+1","champ:Strike","champ:Strike","champ:Defend+1","champ:Defend+1","champ:Defend","champ:Execute+1","champ:Taunt","champ:IronFortress+1","champ:StanceDance+1","champ:StanceDance","champ:BringItOn","champ:Haymaker","champ:ShieldWall","champ:BladeFlurry","champ:BringItOn","champ:FlashCut","champ:RisingSlash","champ:FlashCut","champ:Backstep","champ:Parry","champ:Backstep","champ:TripleStrike+1","champ:AdrenalArmor","champ:ShieldWall","champ:Shatter","champ:GladiatorStyle","champ:GutPunch+1","champ:IronFortress","HandOfGreed","champ:EnGarde","champ:VampiricStrike","champ:StanceDance+1"],"relics":["champ:ChampionCrown","Shuriken","War Paint","Lee\u0027s Waffle","MealTicket","Pantograph","Sozu","Mummified Hand","downfall:RedIOU"],"acts_visited":["Exordium","TheCity"],"potions_floor_usage":[16],"damage_taken":[{"damage":27,"enemies":"Jaw Worm","floor":4,"turns":5},{"damage":5,"enemies":"2 Louse","floor":6,"turns":4},{"damage":5,"enemies":"Cultist","floor":8,"turns":5},{"damage":24,"enemies":"3 Louse","floor":9,"turns":7},{"damage":17,"enemies":"downfall:FleeingMerchant","floor":10,"turns":4},{"damage":59,"enemies":"downfall:Heads","floor":12,"turns":7},{"damage":21,"enemies":"3 Sentries","floor":13,"turns":6},{"damage":5,"enemies":"downfall:FleeingMerchant","floor":14,"turns":4},{"damage":11,"enemies":"Blue Slaver","floor":15,"turns":2},{"damage":36,"enemies":"IC_STATUS_ARCHETYPE","floor":16,"turns":9},{"damage":13,"enemies":"3 Byrds","floor":19,"turns":5},{"damage":12,"enemies":"Spheric Guardian","floor":20,"turns":4},{"damage":22,"enemies":"Snake Plant","floor":25,"turns":3},{"damage":16,"enemies":"Snecko","floor":26,"turns":5},{"damage":19,"enemies":"Centurion and Healer","floor":27,"turns":4},{"damage":25,"enemies":"downfall:FleeingMerchant","floor":28,"turns":4},{"damage":25,"enemies":"Cultist and Chosen","floor":29,"turns":6},{"damage":24,"enemies":"downfall:FleeingMerchant","floor":31,"turns":4},{"damage":19,"enemies":"Shelled Parasite and Fungi","floor":32,"turns":5},{"damage":79,"enemies":"DF_ARCHETYPE_CLAW","floor":33,"turns":7}],"seed_played":"8485587021121067906","potions_obtained":[{"floor":9,"key":"SpeedPotion"},{"floor":12,"key":"SmokeBomb"},{"floor":15,"key":"Regen Potion"}],"is_trial":false,"path_per_floor":["R","?","?","M","?","M","T","M","M","$","T","?","E","$","M","B",null,"R","M","M","?","?","R","T","M","M","M","$","M","?","$","M","B"],"character_chosen":"THE_CHAMP","items_purchased":["Lee\u0027s Waffle","champ:ShieldWall","champ:BladeFlurry","champ:BringItOn","Whetstone","champ:FlashCut","champ:IronFortress","HandOfGreed"],"campfire_rested":0,"item_purchase_floors":[10,10,10,10,10,10,28,28],"current_hp_per_floor":[99,99,99,92,74,69,69,64,50,106,106,62,41,56,50,54,106,106,103,91,91,91,91,91,69,58,44,59,44,44,50,41,0,0,0],"gold":32,"neow_bonus":"TEN_PERCENT_HP_BONUS","is_daily":false,"chose_seed":false,"campfire_upgraded":2,"win_rate":0.0,"timestamp":1611532654,"path_taken":["R","?","?","M","?","M","T","?","M","$","?","?","E","?","M","BOSS","R","M","M","?","?","R","T","M","M","M","?","M","?","$","M","BOSS"],"items_purchased_type":["Relic","Card","Card","Card","Relic","Card","Card","Card"],"build_version":"2020-12-22","purchased_purges":2,"victory":false,"max_hp_per_floor":[99,99,99,99,99,99,99,99,99,106,106,106,106,106,106,106,106,106,106,106,106,106,106,106,106,106,106,106,106,106,106,106,106,106,106],"card_choices":[{"not_picked":["champ:AdrenalArmor","champ:GutPunch"],"picked":"champ:IronFortress","floor":4},{"not_picked":["champ:FaceSlap","champ:ArenaPreparation"],"picked":"champ:StanceDance","floor":6},{"not_picked":["champ:FlashCut","champ:DeathBlow"],"picked":"champ:StanceDance","floor":8},{"not_picked":["champ:FaceSlap","champ:GutPunch"],"picked":"champ:BringItOn","floor":9},{"not_picked":["champ:CheapShot","champ:TornadoPunch"],"picked":"champ:Haymaker","floor":10},{"not_picked":["champ:DancingMaster","champ:RapidStrikes"],"picked":"champ:FlashCut","floor":12},{"not_picked":["champ:ShieldWall","champ:PerfectedStrike"],"picked":"champ:Backstep","floor":13},{"not_picked":["champ:ShieldWall","champ:FalseCounter"],"picked":"champ:Parry","floor":14},{"not_picked":["champ:TornadoPunch","champ:Haymaker"],"picked":"champ:Backstep","floor":15},{"not_picked":["champ:SteelEdge","champ:CheapShot"],"picked":"champ:TripleStrike","floor":16},{"not_picked":["champ:PreciseThrust","champ:BerserkersShout"],"picked":"champ:AdrenalArmor","floor":19},{"not_picked":["champ:ShieldSlam","champ:StanceDance+1","champ:StrikeOfGenius"],"picked":"SKIP","floor":20},{"not_picked":["champ:CrownThrow","champ:EndlessRage"],"picked":"champ:Shatter","floor":25},{"not_picked":["champ:AdrenalArmor","champ:HeartStrike+1"],"picked":"champ:GladiatorStyle","floor":26},{"not_picked":["champ:BringItOn+1","champ:PreciseThrust+1"],"picked":"champ:GutPunch+1","floor":27},{"not_picked":["champ:FlashCut","champ:GutPunch","champ:BerserkersShout"],"picked":"SKIP","floor":28},{"not_picked":["champ:BerserkersShout","champ:Shatter"],"picked":"champ:EnGarde","floor":29},{"not_picked":["champ:FocusedBerserking","champ:HeartStrike+1"],"picked":"champ:VampiricStrike","floor":31},{"not_picked":["champ:FaceSlap+1","champ:BerserkersShout+1"],"picked":"champ:StanceDance+1","floor":32}],"player_experience":297012,"relics_obtained":[{"floor":11,"key":"MealTicket"},{"floor":13,"key":"Pantograph"},{"floor":24,"key":"Mummified Hand"}],"event_choices":[{"damage_healed":0,"gold_gain":0,"player_choice":"Box","damage_taken":0,"relics_obtained":["Shuriken"],"max_hp_gain":0,"max_hp_loss":0,"event_name":"Big Fish","floor":2,"gold_loss":0,"cards_obtained":["Regret"]},{"damage_healed":0,"gold_gain":0,"player_choice":"Success","damage_taken":18,"relics_obtained":["War Paint"],"max_hp_gain":0,"max_hp_loss":0,"event_name":"Scrap Ooze","floor":5,"gold_loss":0},{"damage_healed":0,"gold_gain":0,"cards_transformed":["downfall:Icky","champ:Defend"],"player_choice":"Became Test Subject","damage_taken":0,"max_hp_gain":0,"max_hp_loss":0,"event_name":"Drug Dealer","floor":21,"gold_loss":0,"cards_obtained":["Shame","champ:ShieldWall"]}],"is_beta":false,"boss_relics":[{"not_picked":["SacredBark","Coffee Dripper"],"picked":"Sozu"}],"items_purged_floors":[10,14],"is_endless":false,"potions_floor_spawned":[9,12,15,20,26,29,32],"killed_by":"DF_ARCHETYPE_CLAW","ascension_level":0}}