{"host":"nh70f3bv2bgakzh3","time":1611490616,"event":{"mods":["BaseMod","Downfall","Minty Spire (QoL Compilation)","StSLib","The Construct","The Mystic"],"gold_per_floor":[113,113,125,137,157,157,186,186,259,259,259,259,259],"floor_reached":11,"language":"ENG","playtime":687,"items_purged":[],"score":73,"play_id":"91413081-65d2-4c2d-875b-9b063ef5b587","local_time":"20210124071656","is_ascension_mode":false,"campfire_choices":[{"data":"Madness","floor":6,"key":"SMITH"},{"data":"bronze:Goto","floor":8,"key":"SMITH"}],"circlet_count":0,"master_deck":["bronze:Strike","bronze:Strike","bronze:Defend","bronze:Defend","bronze:Defend","bronze:Defend","bronze:Replicate","bronze:Goto+1","Madness+1","bronze:Invalidate","bronze:Return","bronze:DelayedGuard","bronze:Backtrace"],"relics":["bronze:BronzeCore","TungstenRod","Letter Opener"],"acts_visited":["Exordium"],"potions_floor_usage":[7,11],"damage_taken":[{"damage":3,"enemies":"Jaw Worm","floor":1,"turns":5},{"damage":0,"enemies":"Cultist","floor":3,"turns":3},{"damage":5,"enemies":"2 Louse","floor":4,"turns":2},{"damage":2,"enemies":"Large Slime","floor":5,"turns":6},{"damage":29,"enemies":"3 Sentries","floor":7,"turns":10},{"damage":34,"enemies":"Gremlin Nob","floor":11,"turns":4}],"seed_played":"-966467806272085041","potions_obtained":[{"floor":5,"key":"SneckoOil"},{"floor":7,"key":"Energy Potion"}],"is_trial":false,"path_per_floor":["M","?","M","M","M","R","E","R","T","?","E"],"character_chosen":"THE_AUTOMATON","items_purchased":[],"campfire_rested":0,"item_purchase_floors":[],"current_hp_per_floor":[67,67,67,62,60,60,31,31,31,31,0,0,0],"gold":259,"neow_bonus":"RANDOM_COLORLESS","is_daily":false,"chose_seed":false,"campfire_upgraded":2,"win_rate":0.0,"timestamp":1611490616,"path_taken":["M","?","M","?","M","R","E","R","T","?","E"],"items_purchased_type":[],"build_version":"2020-12-22","purchased_purges":0,"victory":false,"max_hp_per_floor":[70,70,70,70,70,70,70,70,70,70,70,70,70],"card_choices":[{"not_picked":["Blind","Enlightenment"],"picked":"Madness","floor":0},{"not_picked":["bronze:Allocate","bronze:WhirlingStrike"],"picked":"bronze:Invalidate","floor":1},{"not_picked":["bronze:BitShift","bronze:OilSpill","bronze:Return"],"picked":"SKIP","floor":3},{"not_picked":["bronze:DarkDash","bronze:Branch","bronze:Overload"],"picked":"SKIP","floor":4},{"not_picked":["bronze:BugBarrage","bronze:RecursiveStrike"],"picked":"bronze:Return","floor":5},{"not_picked":["bronze:ClassDefault","bronze:DarkDash"],"picked":"bronze:DelayedGuard","floor":7}],"player_experience":71518,"relics_obtained":[{"floor":7,"key":"TungstenRod"},{"floor":9,"key":"Letter Opener"}],"event_choices":[{"cards_removed":["bronze:Strike"],"damage_healed":0,"gold_gain":0,"player_choice":"Offered Basic","damage_taken":0,"max_hp_gain":0,"max_hp_loss":0,"event_name":"Bonfire Elementals","floor":2,"gold_loss":0}],"is_beta":false,"boss_relics":[],"items_purged_floors":[],"is_endless":false,"potions_floor_spawned":[5,7],"killed_by":"Gremlin Nob","ascension_level":0}}