{"host":"gtv41eena9h15rk5","time":1611475654,"event":{"mods":["BaseMod","Colored Powertips","Downfall","Marisa£®ÏF”Í°°ƒß¿Ì…≥£©","Minty Spire (QoL Compilation)","Replay The Spire","Shop Mod","StSLib","The Bug Knight","The Construct","The Cursed","The Runesmith","The Servant 0.9.4","[IsaacMod]“‘»ˆº‚À˛"],"gold_per_floor":[232,244,244,263,307,340,340,25,100,100,100,31,97,62,62,191,191,211,225,46,46,46],"floor_reached":21,"language":"ZHS","playtime":848,"items_purged":[],"score":319,"play_id":"f33b323c-88ca-4749-8828-e5843ad518e4","local_time":"20210124160734","is_ascension_mode":true,"campfire_choices":[{"data":"True Grit","floor":7,"key":"SMITH"},{"data":"Bludgeon","floor":11,"key":"SMITH"},{"floor":15,"key":"REST"}],"circlet_count":0,"master_deck":["Strike_R","Strike_R","Strike_R","Strike_R","Strike_R","Defend_R","Defend_R","Defend_R","Defend_R","Bash","BettingIsNotGood+1","Hemokinesis","Bludgeon+1","True Grit+1","Demon Form","ReplayTheSpireMod:Brewmster","Inflame","Flash of Steel","Forethought","Ghostly Armor","Battle Trance+1","Whirlwind"],"relics":["Burning Blood","HushsDoor","GuppysTail","Anchor","Strawberry","MerchantsRug","Replay:Bottled Steam","Golden Idol","Mango","Replay:Grab Bag","Philosopher\u0027s Stone","Fusion Hammer","SacredBark","Orrery"],"acts_visited":["Exordium","TheCity"],"potions_floor_usage":[5,6,13,13,16,16,16,18,19],"damage_taken":[{"damage":6,"enemies":"Cultist","floor":1,"turns":4},{"damage":5,"enemies":"Small Slimes","floor":2,"turns":4},{"damage":2,"enemies":"Jaw Worm","floor":4,"turns":1},{"damage":2,"enemies":"Gremlin Nob","floor":6,"turns":2},{"damage":40,"enemies":"Lagavulin","floor":13,"turns":6},{"damage":32,"enemies":"Fading Forest","floor":16,"turns":8},{"damage":24,"enemies":"Spheric Guardian","floor":18,"turns":3},{"damage":46,"enemies":"Shell Parasite","floor":19,"turns":4},{"damage":47,"enemies":"Cultist and Chosen","floor":21,"turns":6}],"seed_played":"-653378449754584554","potions_obtained":[{"floor":2,"key":"Block Potion"},{"floor":4,"key":"Adrenaline Potion"},{"floor":5,"key":"Fruit Juice"},{"floor":18,"key":"Languid Potion"}],"is_trial":false,"path_per_floor":["M","M","?","M","?","E","R","$","T","?","R","$","E","$","R","B",null,"M","M","$","M"],"character_chosen":"IRONCLAD","items_purchased":["MerchantsRug","ReplayTheSpireMod:Brewmster","Inflame","Flash of Steel","Forethought","Orrery"],"campfire_rested":1,"item_purchase_floors":[8,8,12,14,20,20],"current_hp_per_floor":[80,80,80,80,53,64,64,64,64,41,41,41,31,31,62,54,93,75,35,35,0,0],"gold":46,"neow_bonus":"HUNDRED_GOLD","is_daily":false,"chose_seed":false,"campfire_upgraded":2,"win_rate":0.0,"timestamp":1611475654,"path_taken":["M","?","?","M","?","E","R","$","T","?","R","?","E","$","R","BOSS","M","?","$","M"],"items_purchased_type":["Relic","Card","Card","Card","Card","Relic"],"build_version":"2020-12-22","purchased_purges":0,"victory":false,"max_hp_per_floor":[80,80,80,80,85,92,92,92,92,92,92,92,106,106,106,106,106,106,106,106,106,106],"card_choices":[{"not_picked":[],"picked":"BettingIsNotGood","floor":0},{"not_picked":["Run Through","Anger"],"picked":"Hemokinesis","floor":1},{"not_picked":["Body Slam","ReplayTheSpireMod:Strike From Hell","Power Through"],"picked":"SKIP","floor":2},{"not_picked":["Sword Boomerang","Armaments"],"picked":"Bludgeon","floor":4},{"not_picked":["Flex","Massacre"],"picked":"True Grit","floor":5},{"not_picked":["Body Slam","Ghostly Armor"],"picked":"Demon Form","floor":6},{"not_picked":["ReplayTheSpireMod:Limb From Limb","Twin Strike","Run Through"],"picked":"SKIP","floor":13},{"not_picked":["Headbutt","Armaments","ReplayTheSpireMod:Limb From Limb+1"],"picked":"SKIP","floor":18},{"not_picked":["Rage","True Grit","Warcry+1"],"picked":"SKIP","floor":19},{"not_picked":["Clash+1","Shrug It Off+1"],"picked":"Ghostly Armor","floor":20},{"not_picked":["Armaments","Havoc"],"picked":"Battle Trance+1","floor":20},{"not_picked":["Evolve+1","Perfected Strike"],"picked":"Whirlwind","floor":20}],"player_experience":216343,"relics_obtained":[{"floor":5,"key":"Anchor"},{"floor":6,"key":"Strawberry"},{"floor":9,"key":"Replay:Bottled Steam"},{"floor":13,"key":"Mango"}],"event_choices":[{"damage_healed":0,"gold_gain":0,"player_choice":"Grow","damage_taken":0,"max_hp_gain":0,"max_hp_loss":0,"event_name":"Living Wall","floor":3,"gold_loss":0,"cards_upgraded":["BettingIsNotGood"]},{"damage_healed":0,"gold_gain":0,"player_choice":"Take Damage","damage_taken":23,"relics_obtained":["Golden Idol"],"max_hp_gain":0,"max_hp_loss":0,"event_name":"Golden Idol","floor":10,"gold_loss":0}],"is_beta":false,"boss_relics":[{"not_picked":["Astrolabe","Kintsugi"],"picked":"Replay:Grab Bag"},{"not_picked":["Cursed Key","SlaversCollar"],"picked":"Philosopher\u0027s Stone"},{"not_picked":["Runic Dome","Busted Crown"],"picked":"Fusion Hammer"},{"not_picked":["Empty Cage","Black Star"],"picked":"SacredBark"},{"not_picked":[]}],"items_purged_floors":[],"is_endless":false,"potions_floor_spawned":[2,4,18],"killed_by":"Cultist and Chosen","ascension_level":5}}