{"host":"dv29tre2e7vje47n","time":1611499400,"event":{"mods":["AchievementEnabler","BaseMod","Colored Map","Colored Powertips","DeckTracker","Displayed Cursed Tome","Downfall","Friendly Minions","Googly Eyes","Highlight Path","Infinite Spire","Key Reminder","Minty Spire (QoL Compilation)","Quick Restart","Random Character Button","Rare Cards Sparkle","Relic Sorter","Relic Stats","Replay The Spire","Spire Arcade","Spire Birthday Party","StSLib","SuperFastMode","Unceasing Turn Reminder"],"gold_per_floor":[99,119,269,269,269,294,294,306,4,14,0,33,47,63,78,78,78,78],"floor_reached":16,"language":"ENG","playtime":754,"items_purged":[],"score":118,"play_id":"7cd8cbf4-5c60-439c-8821-f5234e0709b3","local_time":"20210124154320","is_ascension_mode":true,"campfire_choices":[{"data":"sneckomod:TailWhip","floor":1,"key":"SMITH"}],"circlet_count":0,"master_deck":["sneckomod:Strike","sneckomod:Strike","sneckomod:Strike","sneckomod:Defend","sneckomod:Defend","sneckomod:Defend","sneckomod:TailWhip+1","sneckomod:SnekBite","sneckomod:Unknown","sneckomod:Unknown","sneckomod:QuickMove","downfall:Icky","infinitespire:SevenWalls","sneckomod:RainOfDice","sneckomod:UnknownStrength","sneckomod:Unknown2Cost+1","sneckomod:UnknownDexterity+1","sneckomod:UnknownDraw+1","sneckomod:SoulRoll"],"relics":["sneckomod:SneckoSoul","infinitespire:Magic Flask","Vajra","sneckomod:UnknownEgg","Bag of Preparation"],"acts_visited":["Exordium"],"potions_floor_usage":[],"damage_taken":[{"damage":1,"enemies":"Cultist","floor":2,"turns":3},{"damage":10,"enemies":"Gremlin Nob","floor":6,"turns":3},{"damage":0,"enemies":"Small Slimes","floor":8,"turns":2},{"damage":0,"enemies":"downfall:FleeingMerchant","floor":9,"turns":4},{"damage":6,"enemies":"Jaw Worm","floor":10,"turns":3},{"damage":0,"enemies":"downfall:FleeingMerchant","floor":11,"turns":4},{"damage":13,"enemies":"3 Sentries","floor":12,"turns":8},{"damage":0,"enemies":"Lots of Slimes","floor":13,"turns":4},{"damage":9,"enemies":"Gremlin Gang","floor":14,"turns":5},{"damage":12,"enemies":"Blue Slaver","floor":15,"turns":5},{"damage":49,"enemies":"WA_ARCHETYPE_RETAIN","floor":16,"turns":7}],"seed_played":"-9161497864955148057","potions_obtained":[{"floor":2,"key":"Strength Potion"},{"floor":8,"key":"Swift Potion"},{"floor":10,"key":"sneckomod:DiceRollPotion"}],"is_trial":false,"path_per_floor":["R","M","?","?","?","E","T","M","$","M","$","E","M","M","M","B"],"character_chosen":"THE_SNECKO","items_purchased":["sneckomod:UnknownEgg"],"campfire_rested":0,"item_purchase_floors":[9],"current_hp_per_floor":[99,98,98,74,74,64,64,64,64,58,58,45,45,36,24,0,0,0],"gold":78,"neow_bonus":"TEN_PERCENT_HP_BONUS","is_daily":false,"chose_seed":false,"campfire_upgraded":1,"win_rate":0.0,"timestamp":1611499400,"path_taken":["R","M","?","?","?","E","T","M","$","M","?","E","?","?","M","BOSS"],"items_purchased_type":["Relic"],"build_version":"2020-12-22","purchased_purges":0,"victory":false,"max_hp_per_floor":[99,99,99,99,99,99,99,99,99,99,99,99,99,99,99,99,99,99],"relic_stats":{"counters":[11,48],"Bag of Preparation":[8],"obtain_stats":[{"sneckomod:UnknownEgg":9,"Vajra":7,"Bag of Preparation":12,"infinitespire:Magic Flask":6,"sneckomod:SneckoSoul":0},{"sneckomod:UnknownEgg":4,"Vajra":2,"Bag of Preparation":7,"infinitespire:Magic Flask":2,"sneckomod:SneckoSoul":0},{"sneckomod:UnknownEgg":12,"Vajra":6,"Bag of Preparation":27,"infinitespire:Magic Flask":6,"sneckomod:SneckoSoul":0}]},"card_choices":[{"not_picked":["sneckomod:SoulRoll","sneckomod:QuickBite"],"picked":"sneckomod:QuickMove","floor":2},{"not_picked":["Replay:Fractal Strike","infinitespire:Oblivion"],"picked":"infinitespire:SevenWalls","floor":4},{"not_picked":["sneckomod:Unknown1Cost","sneckomod:QuickBite","sneckomod:UnknownVulnerable"],"picked":"SKIP","floor":6},{"not_picked":["sneckomod:Memorize","sneckomod:UnknownDraw"],"picked":"sneckomod:RainOfDice","floor":8},{"not_picked":["sneckomod:RainOfDice","sneckomod:MasterEye"],"picked":"sneckomod:UnknownStrength","floor":9},{"not_picked":["sneckomod:CheapStock","sneckomod:UnknownCommonAttack+1","sneckomod:Memorize"],"picked":"SKIP","floor":10},{"not_picked":["sneckomod:RainOfDice","sneckomod:QuickBite"],"picked":"sneckomod:Unknown2Cost+1","floor":11},{"not_picked":["sneckomod:UnknownBlock+1","sneckomod:DiceBlock"],"picked":"sneckomod:UnknownDexterity+1","floor":12},{"not_picked":["sneckomod:SoulRoll","sneckomod:SnekBeam"],"picked":"sneckomod:UnknownDraw+1","floor":13},{"not_picked":["sneckomod:UnknownStrength+1","sneckomod:Memorize","sneckomod:UnknownDraw+1"],"picked":"SKIP","floor":14},{"not_picked":["sneckomod:SoulCleanse","sneckomod:SerpentMind"],"picked":"sneckomod:SoulRoll","floor":15}],"player_experience":124822,"relics_obtained":[{"floor":6,"key":"infinitespire:Magic Flask"},{"floor":7,"key":"Vajra"},{"floor":12,"key":"Bag of Preparation"}],"event_choices":[],"is_beta":false,"boss_relics":[],"items_purged_floors":[],"is_endless":false,"potions_floor_spawned":[2,8,10,12,15],"killed_by":"WA_ARCHETYPE_RETAIN","ascension_level":1}}