{"host":"j7au2ovow4c9pz79","time":1611498126,"event":{"mods":["AchievementEnabler","BaseMod","Better Third Choice","BetterRewards","Colored Powertips","Defuse TimeMaze Blight","Energized Spire","Googly Eyes","Hubris","Infinite Spire","Minty Spire (QoL Compilation)","Quick Restart","Spicy Shops","StSLib","SuperFastMode","Transform Curses"],"gold_per_floor":[136,136,136,136,161,161,161,161,161,12,12,23,98,148,148,277,277,293,293,332,332,5,5,13,13],"floor_reached":24,"language":"ENG","playtime":1440,"items_purged":["Pain"],"score":203,"play_id":"ea0a35a4-e992-4266-97d1-7f8f7dcf8343","local_time":"20210124152206","daily_mods":["Specialized","Vintage","Allstar","Colorless Cards","Heirloom","Time Dilation","Flight","Elite Swarm","Lethality"],"is_ascension_mode":false,"campfire_choices":[{"data":"Wraith Form v2","floor":6,"key":"SMITH"},{"data":"HandOfGreed","floor":7,"key":"SMITH"},{"data":"Transmutation","floor":8,"key":"SMITH"},{"data":"DevaForm","floor":11,"key":"SMITH"},{"data":"Echo Form","floor":15,"key":"SMITH"},{"data":"Limit Break","floor":23,"key":"SMITH"}],"circlet_count":0,"master_deck":["Demon Form+1","Wraith Form v2+1","Echo Form+1","DevaForm+1","Strike_R","Strike_R","Strike_R","Strike_R","Strike_R","Defend_R","Defend_R","Defend_R","Defend_R","Bash","Bandage Up","Bandage Up","Bandage Up","Bandage Up","Bandage Up","Transmutation+1","HandOfGreed+1","Madness","Swift Strike","Thinking Ahead","Cleave","Limit Break+1","Mind Blast"],"relics":["Unceasing Top","Peace Pipe","hubris:SphereOfDissonance","hubris:Icosahedron","hubris:Towel","Pen Nib","TungstenRod","Blood Vial","Paper Frog","Odd Mushroom","Sozu","infinitespire:ShieldingShard","hubris:ChampionShield","infinitespire:Midas Blood","WarpedTongs","Oddly Smooth Stone"],"acts_visited":["Exordium","TheCity"],"potions_floor_usage":[],"damage_taken":[{"damage":15,"enemies":"Jaw Worm","floor":1,"turns":4},{"damage":0,"enemies":"2 Louse","floor":12,"turns":1},{"damage":31,"enemies":"The Mushroom Lair","floor":14,"turns":4},{"damage":55,"enemies":"The Guardian","floor":16,"turns":9},{"damage":27,"enemies":"Shell Parasite","floor":18,"turns":3},{"damage":49,"enemies":"3 Byrds","floor":20,"turns":6},{"damage":45,"enemies":"Slavers","floor":24,"turns":2}],"seed_played":"-2763476216261536958","potions_obtained":[{"floor":14,"key":"Swift Potion"}],"is_trial":true,"path_per_floor":["M","?","?","?","T","R","R","R","T","$","R","M","?","?","R","B",null,"M","?","M","?","$","R","E"],"character_chosen":"IRONCLAD","items_purchased":["Blood Vial","Oddly Smooth Stone","Mind Blast"],"campfire_rested":0,"item_purchase_floors":[10,22,22],"current_hp_per_floor":[69,69,69,69,69,69,69,69,69,69,69,75,65,48,48,15,80,64,64,37,37,37,37,0,0],"gold":13,"neow_bonus":"","is_daily":false,"chose_seed":false,"campfire_upgraded":6,"win_rate":0.0,"timestamp":1611498126,"path_taken":["M","?","?","?","?","R","R","R","T","$","R","?","?","?","R","BOSS","M","?","M","?","$","R","E"],"items_purchased_type":["Relic","Relic","Card"],"build_version":"2020-12-22","purchased_purges":1,"victory":false,"max_hp_per_floor":[80,80,80,80,80,80,80,80,80,80,80,80,80,80,80,80,80,80,80,80,80,80,80,80,80],"card_choices":[{"not_picked":["Wild Strike","Havoc"],"picked":"Cleave","floor":14},{"not_picked":["Demon Form","Juggernaut"],"picked":"Limit Break","floor":16}],"player_experience":1911882,"relics_obtained":[{"floor":1,"key":"hubris:SphereOfDissonance"},{"floor":5,"key":"Pen Nib"},{"floor":9,"key":"TungstenRod"},{"floor":12,"key":"Paper Frog"},{"floor":14,"key":"Odd Mushroom"},{"floor":18,"key":"infinitespire:ShieldingShard"},{"floor":20,"key":"infinitespire:Midas Blood"}],"event_choices":[{"damage_healed":0,"gold_gain":75,"player_choice":"Gold","damage_taken":11,"max_hp_gain":0,"max_hp_loss":0,"event_name":"betterThird:BetterGoop","floor":13,"gold_loss":0},{"damage_healed":0,"gold_gain":0,"player_choice":"Fought Mushrooms","damage_taken":0,"max_hp_gain":0,"max_hp_loss":0,"event_name":"Mushrooms","floor":14,"gold_loss":0},{"damage_healed":0,"gold_gain":0,"player_choice":"Opened","damage_taken":0,"relics_obtained":["hubris:ChampionShield"],"max_hp_gain":0,"max_hp_loss":0,"event_name":"The Mausoleum","floor":19,"gold_loss":0},{"damage_healed":0,"gold_gain":0,"player_choice":"Rummage","damage_taken":0,"relics_obtained":["WarpedTongs"],"max_hp_gain":0,"max_hp_loss":0,"event_name":"Accursed Blacksmith","floor":21,"gold_loss":0,"cards_obtained":["Pain"]}],"is_beta":false,"boss_relics":[{"not_picked":["Pandora\u0027s Box","hubris:TerracottaHorce"],"picked":"Sozu"}],"items_purged_floors":[22],"is_endless":false,"potions_floor_spawned":[14,18,20],"killed_by":"Slavers","ascension_level":0}}