{"host":"pcbz64t4k17ey4z1","time":1611496941,"event":{"mods":["2.2 Compatiblity","AchievementEnabler","Act Like it!","Aspiration","BaseMod","Beaked The Cultist","Better Match","Better Third Choice","BetterRewards","Card Forge","Colored Map","Colored Powertips","Conspire","Disable Question Mark Monsters","Fireblade Mod","Friendly Minions","Gensokyo","GifTheSpireLib","Glutton Mod","Googly Eyes","Gremlin Mod","Hermit","Hubris","Infinite Spire","Koishi","Marisa????????","Minty Spire (QoL Compilation)","Permanent Neow","Potionbrewer","Quick Restart","Random Character Button","Rare Cards Sparkle","Relic Filter","Replay The Spire","Robot Space Explorer","Shade Mod","Shop Mod","Spicy Shops","StSLib","Stuff the Spire","SuperFastMode","The Cursed","The Druid","The Gatherer","The Hierophant","The IronCluck","The Jungle","The Marked","The Runesmith","Virulent Crown","Waifu the Spire","Wandering Minibosses","vexMod"],"gold_per_floor":[215,229,229,244,254,283,359,359,359,392,392,34,34,44,44,149,149,167,186,203,220,220,220,249,249,275,308,328,361,374,408,408,513,513,531,542,559,570,590,590,621,634,688,720,734,221,248,267,267,267,267,267,16,65,101,101],"floor_reached":55,"language":"ENG","playtime":3979,"items_purged":[],"score":1209,"play_id":"f62ba792-4049-4cd4-8694-a15e5f0429b6","local_time":"20210124140221","is_ascension_mode":true,"campfire_choices":[{"data":"Runesmith:OneForEveryone","floor":13,"key":"SMITH"},{"data":"Runesmith:EarthShield","floor":15,"key":"SMITH"},{"floor":23,"key":"REST"},{"data":"Runesmith:Firewall","floor":25,"key":"SMITH"},{"data":"Runesmith:MetallurgicalResearch","floor":32,"key":"SMITH"},{"data":"Runesmith:CraftObretio","floor":40,"key":"SMITH"},{"floor":49,"key":"RECALL"},{"data":"hubris:Fate","floor":52,"key":"SMITH"}],"circlet_count":0,"master_deck":["Runesmith:Defend_RS+1","Runesmith:Defend_RS+1","Runesmith:CraftFirestone+1","Runesmith:Fortify+1","Runesmith:PerfectChisel+1","Runesmith:Firestorm+1","Runesmith:HeatedChisel","Runesmith:Firewall+1","Runesmith:OneForEveryone+1","Runesmith:LithiumIon+1","Runesmith:LightningRod+1","Runesmith:GoWithTheFlow+1","Runesmith:Augment+1","Runesmith:LithiumIon+1","Runesmith:EarthShield+1","Runesmith:CraftMagma","hubris:Fate+1","Runesmith:CraftObretio+1","Runesmith:MetallurgicalResearch+1","Runesmith:CreatorForm+1","Runesmith:BackupBattery+4","Runesmith:Accelerate+1","Finesse","Runesmith:GoWithTheFlow+1","Runesmith:GoWithTheFlow","Runesmith:PoweredAnvil+1"],"relics":["Runesmith:BrokenRuby","Hammer of Thor","Seething Fire","FaceOfCleric","ReplayFunnel","hubris:ToyBattleship","Potion Belt","Frozen Egg 2","potionbrewer:Keyblade","Bag of Marbles","vexMod:MysteryBossChallenge","Runic Dome","StuffTheSpire:Mouthbags","potionbrewer:ToyAutogyro","Vajra","Bag of Preparation","wanderingMiniBosses:ThiefScarf","Anvil of the Gods","StuffTheSpire:Rhapsscallions","potionbrewer:BhaskarasWheel","Orichalcum","Replay:Baseball","hubris:64BitClover","Medical Kit","potionbrewer:SlideRule","infinitespire:Midas Blood","Replay:WaspNest","Gremlin Food","infinitespire:Satchel","Ice Cream"],"acts_visited":["Exordium","TheCity","TheBeyond","TheEnding"],"potions_floor_usage":[6,6,24,27,39,47,48,54,55],"damage_taken":[{"damage":0,"enemies":"Jaw Worm","floor":1,"turns":3},{"damage":0,"enemies":"Cultist","floor":2,"turns":3},{"damage":0,"enemies":"Small Slimes","floor":4,"turns":3},{"damage":0,"enemies":"2 Fungi Beasts","floor":5,"turns":3},{"damage":23,"enemies":"Gremlin Nob","floor":6,"turns":4},{"damage":0,"enemies":"Lagavulin","floor":10,"turns":7},{"damage":0,"enemies":"Looter","floor":14,"turns":2},{"damage":0,"enemies":"Slime Boss","floor":16,"turns":4},{"damage":0,"enemies":"Chosen","floor":18,"turns":3},{"damage":0,"enemies":"Shell Parasite","floor":19,"turns":3},{"damage":0,"enemies":"Cultist and Chosen","floor":20,"turns":6},{"damage":0,"enemies":"Sentry and Sphere","floor":21,"turns":5},{"damage":0,"enemies":"Book of Stabbing","floor":24,"turns":3},{"damage":28,"enemies":"Slavers","floor":27,"turns":2},{"damage":10,"enemies":"Snecko","floor":28,"turns":4},{"damage":7,"enemies":"Nightmare","floor":29,"turns":6},{"damage":9,"enemies":"Centurion and Healer","floor":30,"turns":6},{"damage":0,"enemies":"Slavers","floor":31,"turns":5},{"damage":0,"enemies":"Champ","floor":33,"turns":6},{"damage":0,"enemies":"Orb Walker","floor":35,"turns":2},{"damage":0,"enemies":"3 Darklings","floor":36,"turns":4},{"damage":0,"enemies":"Transient","floor":37,"turns":5},{"damage":3,"enemies":"4 Shapes","floor":38,"turns":3},{"damage":12,"enemies":"Writhing Mass","floor":39,"turns":4},{"damage":0,"enemies":"Giant Head","floor":41,"turns":6},{"damage":41,"enemies":"Jaw Worm Horde","floor":42,"turns":4},{"damage":0,"enemies":"Reptomancer","floor":44,"turns":6},{"damage":0,"enemies":"Sphere and 2 Shapes","floor":45,"turns":4},{"damage":0,"enemies":"Nightmare","floor":47,"turns":7},{"damage":0,"enemies":"Maw","floor":48,"turns":5},{"damage":0,"enemies":"infinitespire:MassOfShapes","floor":50,"turns":2},{"damage":40,"enemies":"Shield and Spear","floor":54,"turns":7},{"damage":92,"enemies":"The Heart","floor":55,"turns":3}],"seed_played":"6436641656761812318","potions_obtained":[{"floor":2,"key":"Fire Potion"},{"floor":5,"key":"FearPotion"},{"floor":19,"key":"Energy Potion"},{"floor":21,"key":"Strength Potion"},{"floor":24,"key":"potionbrewer:DiscountPotion"},{"floor":29,"key":"potionbrewer:NoxiousPotion"},{"floor":37,"key":"potionbrewer:CleansingPotion"},{"floor":38,"key":"potionbrewer:HastePotion"},{"floor":44,"key":"potionbrewer:AcidPotion"},{"floor":47,"key":"Adrenaline Potion"}],"is_trial":false,"path_per_floor":["M","M","?","M","M","E","T","?","T","E","?","$","R","M","R","B",null,"M","M","M","M","?","R","E","R","T","E","M","NM","M","E","R","B",null,"M","M","M","M","M","R","E","M","T","E","M","$","NM","M","R","B",null,"R","$","E","B"],"character_chosen":"RUNESMITH_CLASS","items_purchased":["potionbrewer:Keyblade","Runesmith:LithiumIon+1","Bag of Marbles","Medical Kit","potionbrewer:SlideRule","Finesse","Replay:WaspNest"],"campfire_rested":1,"item_purchase_floors":[12,12,12,46,46,46,53],"current_hp_per_floor":[70,70,70,71,72,50,50,50,50,51,51,51,51,52,52,53,76,77,78,79,80,60,80,81,81,81,54,45,39,46,65,65,66,90,91,92,93,91,80,80,81,41,41,42,43,43,44,45,45,46,99,99,99,60,0,0],"gold":101,"neow_bonus":"HUNDRED_GOLD","is_daily":false,"chose_seed":false,"campfire_upgraded":6,"win_rate":0.0,"timestamp":1611496941,"path_taken":["M","M","?","M","?","E","?","?","T","E","?","$","R","M","R","BOSS","M","M","M","M","?","R","E","R","T","E","M","NM","M","E","R","BOSS","M","M","M","M","M","R","E","M","T","E","M","$","NM","M","R","BOSS","R","$","E","BOSS"],"items_purchased_type":["Relic","Card","Relic","Relic","Relic","Card","Relic"],"build_version":"2020-12-22","purchased_purges":0,"victory":false,"max_hp_per_floor":[70,70,70,71,72,73,73,73,73,74,74,74,74,75,75,76,76,77,78,79,80,80,80,81,81,81,82,83,84,85,89,89,90,90,91,92,93,94,95,95,96,97,94,95,96,96,97,98,98,99,99,99,99,100,100,100],"card_choices":[{"not_picked":["Runesmith:ChargedHammer","Runesmith:Retool"],"picked":"Runesmith:PerfectChisel","floor":1},{"not_picked":["Runesmith:Overpower","Runesmith:CraftProtectio"],"picked":"Runesmith:Firestorm","floor":2},{"not_picked":["Runesmith:CraftProtectio","Runesmith:ShiftingStrike"],"picked":"Runesmith:HeatedChisel","floor":4},{"not_picked":["Runesmith:Accelerate","Runesmith:NegativeSpace","Runesmith:Augment"],"picked":"SKIP","floor":5},{"not_picked":["Runesmith:ChargedHammer","Runesmith:EnergizedChisel"],"picked":"Runesmith:Firewall","floor":6},{"not_picked":["Runesmith:ChiselStab","Runesmith:MakeshiftArmor"],"picked":"Runesmith:OneForEveryone","floor":10},{"not_picked":["Runesmith:DoubleUp","Runesmith:HammerTime"],"picked":"Runesmith:EarthShield","floor":14},{"not_picked":["Runesmith:GenerateForcefield","Runesmith:LastStand"],"picked":"Runesmith:LightningRod","floor":16},{"not_picked":["Runesmith:NanitesCloud","Runesmith:DoubleUp"],"picked":"Runesmith:GoWithTheFlow","floor":18},{"not_picked":["Runesmith:Discharge","Runesmith:HammerAndChisel","Runesmith:Empowerment"],"picked":"SKIP","floor":19},{"not_picked":["Runesmith:HammerThrow+1","Runesmith:CraftProtectio"],"picked":"Runesmith:Augment+1","floor":20},{"not_picked":["Runesmith:ChargedHammer","Runesmith:CraftVitae+1"],"picked":"Runesmith:LithiumIon+1","floor":21},{"not_picked":["Runesmith:Terraform","Runesmith:ShiftingStrike"],"picked":"Runesmith:ChaoticBlast+1","floor":24},{"not_picked":["Runesmith:Prism","Runesmith:CraftReservo","Runesmith:Superposition"],"picked":"SKIP","floor":27},{"not_picked":["Runesmith:HammerTime","Runesmith:Firewall"],"picked":"Runesmith:CraftMagma","floor":28},{"not_picked":["ReplayTheSpireMod:Haul","hubris:Rewind"],"picked":"hubris:Fate","floor":29},{"not_picked":["Runesmith:Prism","Runesmith:HammerThrow","Runesmith:FrozenChisel"],"picked":"SKIP","floor":29},{"not_picked":["Runesmith:Prism","Runesmith:HammerThrow","Runesmith:FrozenChisel"],"picked":"SKIP","floor":29},{"not_picked":["Runesmith:Firewall+1","Runesmith:ElementalConversion"],"picked":"Runesmith:CraftObretio","floor":30},{"not_picked":["Runesmith:StaticCage+1","Runesmith:Repurpose"],"picked":"Runesmith:MetallurgicalResearch","floor":31},{"not_picked":["Runesmith:ArcReactor+1","Runesmith:DuctTape+1"],"picked":"Runesmith:CreatorForm+1","floor":33},{"not_picked":["Runesmith:MakeshiftArmor+1","Runesmith:EnergizedChisel+1"],"picked":"Runesmith:BackupBattery+1","floor":35},{"not_picked":["Runesmith:Prism+1","Runesmith:EnergizedChisel","Runesmith:HeatedChisel+1"],"picked":"SKIP","floor":36},{"not_picked":["Runesmith:ChargedHammer+1","Runesmith:NanitesCloud+1","Runesmith:Discharge"],"picked":"SKIP","floor":37},{"not_picked":["Runesmith:UnstableHammer","Runesmith:MakeshiftArmor","Runesmith:Retool+1"],"picked":"SKIP","floor":38},{"not_picked":["Runesmith:HammerThrow","Runesmith:Grindstone+1","Runesmith:EarthShield"],"picked":"SKIP","floor":39},{"not_picked":["Runesmith:CraftProtectio+1","Runesmith:Repurpose+1","Runesmith:Grindstone+1"],"picked":"SKIP","floor":41},{"not_picked":["Runesmith:UnstableHammer+1","Runesmith:MakeshiftArmor","Runesmith:HammerTime+1"],"picked":"SKIP","floor":42},{"not_picked":["Runesmith:ReplicatingBarrier+1","Runesmith:LightningRod"],"picked":"Runesmith:Accelerate+1","floor":44},{"not_picked":["Runesmith:ChiselStab","Runesmith:CraftObretio+1","Runesmith:PerfectChisel"],"picked":"SKIP","floor":45},{"not_picked":["Runesmith:DuctTape+1","Runesmith:Discharge"],"picked":"Runesmith:GoWithTheFlow+1","floor":47},{"not_picked":["Runesmith:PerfectChisel+1","Runesmith:ChiselStab"],"picked":"Runesmith:GoWithTheFlow","floor":48},{"not_picked":["Runesmith:CraftProtectio","Runesmith:NanitesCloud+1"],"picked":"Runesmith:PoweredAnvil+1","floor":54}],"player_experience":3353446,"relics_obtained":[{"floor":6,"key":"ReplayFunnel"},{"floor":9,"key":"hubris:ToyBattleship"},{"floor":10,"key":"Potion Belt"},{"floor":24,"key":"StuffTheSpire:Mouthbags"},{"floor":26,"key":"potionbrewer:ToyAutogyro"},{"floor":27,"key":"Vajra"},{"floor":29,"key":"Bag of Preparation"},{"floor":30,"key":"wanderingMiniBosses:ThiefScarf"},{"floor":30,"key":"Anvil of the Gods"},{"floor":31,"key":"StuffTheSpire:Rhapsscallions"},{"floor":41,"key":"Orichalcum"},{"floor":43,"key":"Replay:Baseball"},{"floor":44,"key":"hubris:64BitClover"},{"floor":47,"key":"infinitespire:Midas Blood"},{"floor":54,"key":"Gremlin Food"}],"event_choices":[{"damage_healed":0,"gold_gain":0,"player_choice":"Trade","damage_taken":0,"relics_obtained":["FaceOfCleric"],"max_hp_gain":0,"max_hp_loss":0,"event_name":"FaceTrader","floor":3,"gold_loss":0}],"is_beta":false,"boss_relics":[{"not_picked":["hubris:HollowSoul","aspiration:PoetsPen_weak"],"picked":"vexMod:MysteryBossChallenge"},{"not_picked":["aspiration:FutureDiary","vexMod:TanglingVine"],"picked":"potionbrewer:BhaskarasWheel"}],"items_purged_floors":[],"is_endless":false,"potions_floor_spawned":[2,5,19,21,24,29,37,38,44,47,48],"killed_by":"The Heart","ascension_level":4}}