{"host":"363c1o4m0ew2jbar","time":1611531392,"event":{"mods":["AchievementEnabler","BaseMod","Better Note","Downfall","Hubris","Minty Spire (QoL Compilation)","StSLib"],"gold_per_floor":[99,116,136,146,164,182,182,182,182,10,41,66,66,166,184,184,184,184],"floor_reached":16,"language":"ENG","playtime":861,"items_purged":["champ:Strike"],"score":107,"play_id":"bf37ccda-4f3d-4fb1-a1cd-bc7b66d04e16","local_time":"20210124133632","is_ascension_mode":true,"campfire_choices":[{"data":"champ:GladiatorForm","floor":1,"key":"SMITH"},{"floor":9,"key":"RECALL"},{"data":"champ:Taunt","floor":13,"key":"SMITH"}],"circlet_count":0,"master_deck":["champ:Strike","champ:Strike","champ:Defend","champ:Defend","champ:Defend","champ:Defend","champ:Execute","champ:Taunt+1","champ:GladiatorForm+1","champ:CalledShot","champ:RisingSlash","champ:PreemptiveStrike","champ:Endure","champ:FlashCut","champ:HoldFirm","champ:FocusedDefense","champ:EnGarde","champ:PreciseThrust"],"relics":["champ:ChampionCrown","Eternal Feather","Anchor","Odd Mushroom","downfall:GremlinWheel"],"acts_visited":["Exordium"],"potions_floor_usage":[10,12,14,16],"damage_taken":[{"damage":11,"enemies":"Cultist","floor":2,"turns":4},{"damage":18,"enemies":"Small Slimes","floor":3,"turns":4},{"damage":14,"enemies":"2 Louse","floor":4,"turns":3},{"damage":34,"enemies":"Exordium Thugs","floor":5,"turns":5},{"damage":38,"enemies":"Blue Slaver","floor":6,"turns":4},{"damage":15,"enemies":"downfall:FleeingMerchant","floor":10,"turns":4},{"damage":15,"enemies":"3 Sentries","floor":11,"turns":8},{"damage":14,"enemies":"The Mushroom Lair","floor":12,"turns":4},{"damage":30,"enemies":"The Mushroom Lair","floor":14,"turns":6},{"damage":10,"enemies":"2 Fungi Beasts","floor":15,"turns":4},{"damage":52,"enemies":"WA_ARCHETYPE_RETAIN","floor":16,"turns":10}],"seed_played":"-3671974573690187487","potions_obtained":[{"floor":2,"key":"Ancient Potion"},{"floor":6,"key":"champ:CounterPotion"},{"floor":11,"key":"Block Potion"},{"floor":12,"key":"Block Potion"},{"floor":14,"key":"DuplicationPotion"}],"is_trial":false,"path_per_floor":["R","M","M","M","M","M","T","?","R","$","E","?","R","?","M","B"],"character_chosen":"THE_CHAMP","items_purchased":["champ:FocusedDefense"],"campfire_rested":0,"item_purchase_floors":[10],"current_hp_per_floor":[90,89,81,77,63,45,45,45,54,49,44,40,49,39,39,0,0,0],"gold":184,"neow_bonus":"ONE_RANDOM_RARE_CARD","is_daily":false,"chose_seed":false,"campfire_upgraded":2,"win_rate":0.0,"timestamp":1611531392,"path_taken":["R","M","M","?","M","?","T","?","R","$","E","?","R","?","M","BOSS"],"items_purchased_type":["Card"],"build_version":"2020-12-22","purchased_purges":1,"victory":false,"max_hp_per_floor":[90,90,90,90,90,90,90,90,90,90,90,90,90,90,90,90,90,90],"card_choices":[{"not_picked":["champ:TornadoPunch","champ:ShieldSlam"],"picked":"champ:CalledShot","floor":2},{"not_picked":["champ:BerserkersShout","champ:CrownThrow","champ:FanOfKnives"],"picked":"SKIP","floor":3},{"not_picked":["champ:Backstep","champ:RecklessLeap"],"picked":"champ:RisingSlash","floor":4},{"not_picked":["champ:PerfectedStrike","champ:PreciseThrust"],"picked":"champ:PreemptiveStrike","floor":5},{"not_picked":["champ:ShieldSigil","champ:FalseCounter"],"picked":"champ:Endure","floor":6},{"not_picked":["champ:FaceSlap","champ:Backstep"],"picked":"champ:HoldFirm","floor":10},{"not_picked":["champ:Haymaker","champ:FocusedDefense"],"picked":"champ:EnGarde","floor":11},{"not_picked":["champ:FocusedDefense","champ:FlashCut"],"picked":"champ:PreciseThrust","floor":12},{"not_picked":["champ:Endure","champ:ViciousMockery","champ:Encircle"],"picked":"SKIP","floor":15}],"player_experience":1224262,"relics_obtained":[{"floor":7,"key":"Eternal Feather"},{"floor":11,"key":"Anchor"},{"floor":12,"key":"Odd Mushroom"},{"floor":14,"key":"downfall:GremlinWheel"}],"event_choices":[{"damage_healed":0,"gold_gain":0,"cards_transformed":["champ:Strike"],"player_choice":"Change","damage_taken":0,"max_hp_gain":0,"max_hp_loss":0,"event_name":"Living Wall","floor":8,"gold_loss":0,"cards_obtained":["champ:FlashCut"]},{"damage_healed":0,"gold_gain":0,"player_choice":"Fought Mushrooms","damage_taken":0,"max_hp_gain":0,"max_hp_loss":0,"event_name":"Mushrooms","floor":12,"gold_loss":0}],"is_beta":false,"boss_relics":[],"items_purged_floors":[10],"is_endless":false,"potions_floor_spawned":[2,6,11,12,14],"killed_by":"WA_ARCHETYPE_RETAIN","ascension_level":1}}