{"host":"w8jq41i5zn1fudf9","time":1611461652,"event":{"mods":["2.2 Compatiblity","AchievementEnabler","Aspiration","BaseMod","BetterRewards","Colored Map","Colored Powertips","Curses Come First","GifTheSpireLib","Googly Eyes","Hermit","Hubris","Infinite Spire","Jedi Mod","Magitek Elite","Minty Spire (QoL Compilation)","Permanent Neow","Quick Restart","Rare Cards Sparkle","Relic Stats","Replay The Spire","Robot Space Explorer","Shop Mod","StSLib","Td1madao Mod","The Awakened One except there are too many feathers","The Servant 0.9.4","Wandering Minibosses","egg","everything is the same but u backflip on backflip","slay the spire mod where everything is the same but ironclad has a cowboy hat"],"gold_per_floor":[138,140,140,157,9,9,27,27,52,101,131,131,156,44,44,216,216,233,233,233,37,71,71,85,137,161,167,167],"floor_reached":27,"language":"ENG","playtime":1255,"items_purged":["RobotSpaceExplorer:Strike"],"score":381,"play_id":"9ce5897c-07ff-42bc-9168-c426b434ca55","local_time":"20210123211412","is_ascension_mode":true,"campfire_choices":[{"floor":6.0,"key":"REST"},{"floor":12.0,"key":"REST"},{"floor":15.0,"key":"REST"}],"circlet_count":0,"master_deck":["RobotSpaceExplorer:Strike","RobotSpaceExplorer:Strike","RobotSpaceExplorer:Defend","RobotSpaceExplorer:Defend","RobotSpaceExplorer:Defend","RobotSpaceExplorer:Scan","RobotSpaceExplorer:MiniLasers","Flash of Steel","Poisoned Strike","Midas Touch","Specialist","RobotSpaceExplorer:ScrapMissile","RobotSpaceExplorer:FranticSearch","RobotSpaceExplorer:Ammunition","RobotSpaceExplorer:ShovelStrike","RobotSpaceExplorer:DualCore","RobotSpaceExplorer:DoubleFind","RobotSpaceExplorer:Explosion","RobotSpaceExplorer:Explosion","RobotSpaceExplorer:ShockMissile","Ball Lightning","RobotSpaceExplorer:LaserBurst","RobotSpaceExplorer:DoubleBlock","RobotSpaceExplorer:MiniBoosters"],"relics":["RobotSpaceExplorer:RoboCore","infinitespire:Midas Blood","aspiration:AnachronicSnailShell","Golden Idol","MerchantsRug","Art of War","Vajra","aspiration:RunicSpoon","BargainBundle","Shovel","Gremlin Food"],"acts_visited":["Exordium","TheCity"],"potions_floor_usage":[25,25,27],"damage_taken":[{"damage":3.0,"enemies":"Cultist","floor":1.0,"turns":3.0},{"damage":1.0,"enemies":"2 Louse","floor":4.0,"turns":2.0},{"damage":3.0,"enemies":"Jaw Worm","floor":7.0,"turns":2.0},{"damage":9.0,"enemies":"3 Sentries","floor":10.0,"turns":4.0},{"damage":7.0,"enemies":"Lots of Slimes","floor":11.0,"turns":3.0},{"damage":0.0,"enemies":"Looter","floor":13.0,"turns":1.0},{"damage":51.0,"enemies":"Fading Forest","floor":16.0,"turns":11.0},{"damage":11.0,"enemies":"Spheric Guardian","floor":18.0,"turns":3.0},{"damage":25.0,"enemies":"Shell Parasite","floor":22.0,"turns":5.0},{"damage":0,"enemies":"Snecko","floor":24,"turns":3},{"damage":38,"enemies":"Slavers","floor":25,"turns":4},{"damage":13,"enemies":"Centurion and Healer","floor":27,"turns":2}],"seed_played":"-7701740218310028642","potions_obtained":[{"floor":4.0,"key":"infinitespire:BlackPotion"},{"floor":10.0,"key":"Elixir"},{"floor":13.0,"key":"jedi:StrikingPotion"},{"floor":16.0,"key":"Flashbang"}],"is_trial":false,"path_per_floor":["M","?","?","M","$","R","M","?","T","E","M","R","M","$","R","B",null,"M","?","?","$","M","R","M","E","T","M"],"character_chosen":"RobotSpaceExplorer","items_purchased":["infinitespire:Midas Blood","Flash of Steel","Poisoned Strike","Midas Touch","jedi:wingpotion","Specialist","MerchantsRug","RobotSpaceExplorer:Explosion","BargainBundle","RobotSpaceExplorer:LaserBurst","RobotSpaceExplorer:DoubleBlock"],"campfire_rested":3,"item_purchase_floors":[0,0,0,0,0,0,5,14,21,21,21],"current_hp_per_floor":[27,9,9,8,8,30,27,27,27,18,11,33,33,33,55,22,75,64,64,72,72,47,47,47,9,9,0,0],"gold":167,"neow_bonus":"","is_daily":false,"chose_seed":false,"campfire_upgraded":0,"win_rate":0.0,"timestamp":1611461652,"path_taken":["M","?","?","M","$","R","?","?","T","E","M","R","?","$","R","BOSS","M","?","?","$","M","R","?","E","T","M"],"items_purchased_type":["Relic","Card","Card","Card","Potion","Card","Relic","Card","Relic","Card","Card"],"build_version":"2020-12-22","purchased_purges":1,"victory":false,"max_hp_per_floor":[75,75,75,75,75,75,75,75,75,75,75,75,75,75,75,75,75,75,75,75,75,75,75,75,75,75,75,75],"relic_stats":{"Shovel":0,"counters":[77,280],"Golden Idol":181,"aspiration:RunicSpoon":[27],"Art of War":[0],"obtain_stats":[{"RobotSpaceExplorer:ClockworkSextant":39,"jedi:angrymask":9,"RobotSpaceExplorer:SlideRule":0,"Nilry\u0027s Codex":28,"Spirit Poop":4,"Vajra":10,"aspiration:PoetsPen_weak":34,"aspiration:RitualStick":19,"FaceOfCleric":21,"infinitespire:Golems Mask":11,"RobotSpaceExplorer:SearchSpecs":0,"hubris:TinFlute":43,"MerchantsRug":0,"Girya":47,"Happy Flower":23,"ReplayTheSpireMod:CursedCoin":4,"Oddly Smooth Stone":29,"Letter Opener":43,"War Paint":20,"aspiration:IroncladSkillbook":34,"hubris:Zylophone":0,"infinitespire:EvilPickle":37,"Bottled Flame":26,"jedi:hotpepper":17,"MutagenicStrength":19,"Simple Rune":31,"Molten Egg 2":30,"hubris:TenFootPole":26,"ReplayTheSpireMod:TigerMarble":31,"SacredBark":17,"Angel_Ring":43,"aspiration:TomeofQuesting":3,"Blue Doll":41,"wanderingMiniBosses:AbyssPearl":47,"Power_Wrist":11,"Pet Ghost":9,"Replay:Rubber Ducky":44,"Dream Catcher":45,"hubris:Icosahedron":24,"Ring of Fangs":48,"Shovel":25,"aspiration:AnachronicSnailShell":0,"jedi:matchstick":4,"Replay:Bottled Snecko":26,"Replay:Bottled Eggs":19,"hubris:GlazedTorus":0,"Gremlin Food":26,"BargainBundle":38,"NeowsBlessing":0,"Golden Idol":14,"aspiration:RunicSpoon":34,"RobotSpaceExplorer:RoboCore":0,"PreservedInsect":9,"jedi:crownofsimplicity":6,"jedi:kaleidoscope":0,"wanderingMiniBosses:CarrionFlame":36,"Ornamental Fan":10,"hubris:Spice":41,"Snack Pack":21,"Art of War":9,"Gem_Box":17,"Membership Card":0,"Guard_Bracelet":7,"FossilizedHelix":33,"infinitespire:Midas Blood":0},{"RobotSpaceExplorer:ClockworkSextant":36,"jedi:angrymask":47,"RobotSpaceExplorer:SlideRule":19,"Nilry\u0027s Codex":10,"Spirit Poop":20,"Vajra":69,"aspiration:PoetsPen_weak":56,"aspiration:RitualStick":9,"FaceOfCleric":26,"infinitespire:Golems Mask":47,"RobotSpaceExplorer:SearchSpecs":19,"hubris:TinFlute":37,"MerchantsRug":41,"Girya":63,"Happy Flower":28,"ReplayTheSpireMod:CursedCoin":2,"Oddly Smooth Stone":31,"Letter Opener":16,"War Paint":50,"aspiration:IroncladSkillbook":33,"hubris:Zylophone":41,"infinitespire:EvilPickle":58,"Bottled Flame":29,"jedi:hotpepper":25,"MutagenicStrength":26,"Simple Rune":32,"Molten Egg 2":55,"hubris:TenFootPole":52,"ReplayTheSpireMod:TigerMarble":55,"SacredBark":49,"Angel_Ring":61,"aspiration:TomeofQuesting":20,"Blue Doll":37,"wanderingMiniBosses:AbyssPearl":40,"Power_Wrist":6,"Pet Ghost":5,"Replay:Rubber Ducky":61,"Dream Catcher":62,"hubris:Icosahedron":10,"Ring of Fangs":40,"Shovel":76,"aspiration:AnachronicSnailShell":65,"jedi:matchstick":2,"Replay:Bottled Snecko":10,"Replay:Bottled Eggs":50,"hubris:GlazedTorus":19,"Gremlin Food":76,"BargainBundle":36,"NeowsBlessing":0,"Golden Idol":7,"aspiration:RunicSpoon":12,"RobotSpaceExplorer:RoboCore":0,"PreservedInsect":22,"jedi:crownofsimplicity":46,"jedi:kaleidoscope":41,"wanderingMiniBosses:CarrionFlame":58,"Ornamental Fan":23,"hubris:Spice":61,"Snack Pack":10,"Art of War":68,"Gem_Box":8,"Membership Card":41,"Guard_Bracelet":22,"FossilizedHelix":33,"infinitespire:Midas Blood":65},{"RobotSpaceExplorer:ClockworkSextant":125,"jedi:angrymask":169,"RobotSpaceExplorer:SlideRule":65,"Nilry\u0027s Codex":31,"Spirit Poop":67,"Vajra":248,"aspiration:PoetsPen_weak":205,"aspiration:RitualStick":29,"FaceOfCleric":95,"infinitespire:Golems Mask":169,"RobotSpaceExplorer:SearchSpecs":65,"hubris:TinFlute":130,"MerchantsRug":153,"Girya":230,"Happy Flower":101,"ReplayTheSpireMod:CursedCoin":2,"Oddly Smooth Stone":108,"Letter Opener":54,"War Paint":178,"aspiration:IroncladSkillbook":118,"hubris:Zylophone":153,"infinitespire:EvilPickle":211,"Bottled Flame":104,"jedi:hotpepper":92,"MutagenicStrength":95,"Simple Rune":111,"Molten Egg 2":198,"hubris:TenFootPole":186,"ReplayTheSpireMod:TigerMarble":198,"SacredBark":176,"Angel_Ring":225,"aspiration:TomeofQuesting":67,"Blue Doll":130,"wanderingMiniBosses:AbyssPearl":143,"Power_Wrist":18,"Pet Ghost":11,"Replay:Rubber Ducky":225,"Dream Catcher":228,"hubris:Icosahedron":31,"Ring of Fangs":143,"Shovel":278,"aspiration:AnachronicSnailShell":237,"jedi:matchstick":2,"Replay:Bottled Snecko":31,"Replay:Bottled Eggs":178,"hubris:GlazedTorus":65,"Gremlin Food":278,"BargainBundle":125,"NeowsBlessing":0,"Golden Idol":19,"aspiration:RunicSpoon":42,"RobotSpaceExplorer:RoboCore":0,"PreservedInsect":75,"jedi:crownofsimplicity":166,"jedi:kaleidoscope":153,"wanderingMiniBosses:CarrionFlame":211,"Ornamental Fan":80,"hubris:Spice":225,"Snack Pack":31,"Art of War":244,"Gem_Box":26,"Membership Card":153,"Guard_Bracelet":75,"FossilizedHelix":118,"infinitespire:Midas Blood":237}]},"card_choices":[{"not_picked":["RobotSpaceExplorer:ScrapShield","RobotSpaceExplorer:Probe"],"picked":"RobotSpaceExplorer:ScrapMissile","floor":1.0},{"not_picked":["RobotSpaceExplorer:Probe","RobotSpaceExplorer:GlueShot"],"picked":"RobotSpaceExplorer:FranticSearch","floor":4.0},{"not_picked":["RobotSpaceExplorer:Reload","RobotSpaceExplorer:DualCore"],"picked":"RobotSpaceExplorer:Ammunition","floor":7.0},{"not_picked":["RobotSpaceExplorer:Pulsar","RobotSpaceExplorer:Jetpack"],"picked":"RobotSpaceExplorer:ShovelStrike","floor":10.0},{"not_picked":["RobotSpaceExplorer:ShockKick","RobotSpaceExplorer:Reload"],"picked":"RobotSpaceExplorer:DualCore","floor":11.0},{"not_picked":["RobotSpaceExplorer:ShockKick","RobotSpaceExplorer:MetalStrike"],"picked":"RobotSpaceExplorer:DoubleFind","floor":13.0},{"not_picked":["RobotSpaceExplorer:Multitool","RobotSpaceExplorer:HighVoltage"],"picked":"RobotSpaceExplorer:ShockMissile","floor":16.0},{"not_picked":["RobotSpaceExplorer:GlueShot","RobotSpaceExplorer:SurgingShield","RobotSpaceExplorer:Calculate+1"],"picked":"SKIP","floor":18.0},{"not_picked":["RobotSpaceExplorer:FreezingShield","RobotSpaceExplorer:SurgingShield","RobotSpaceExplorer:ShovelStrike"],"picked":"SKIP","floor":22.0},{"not_picked":["RobotSpaceExplorer:DualCore","RobotSpaceExplorer:GlueShot+1","RobotSpaceExplorer:SelfCleaning"],"picked":"SKIP","floor":24},{"not_picked":["RobotSpaceExplorer:BlastShield","RobotSpaceExplorer:Comet"],"picked":"RobotSpaceExplorer:MiniBoosters","floor":25}],"player_experience":218933,"relics_obtained":[{"floor":9.0,"key":"Art of War"},{"floor":10.0,"key":"Vajra"},{"floor":25,"key":"Shovel"},{"floor":26,"key":"Gremlin Food"}],"event_choices":[{"damage_healed":0.0,"max_hp_gain":0.0,"max_hp_loss":0.0,"gold_gain":0.0,"event_name":"Golden Idol","player_choice":"Take Damage","floor":2.0,"gold_loss":0.0,"damage_taken":18.0,"relics_obtained":["Golden Idol"]},{"cards_removed":["RobotSpaceExplorer:Strike"],"damage_healed":0.0,"max_hp_gain":0.0,"max_hp_loss":0.0,"gold_gain":0.0,"event_name":"Purifier","player_choice":"Purged","floor":3.0,"gold_loss":0.0,"damage_taken":0.0},{"cards_removed":["RobotSpaceExplorer:Defend"],"damage_healed":0.0,"max_hp_gain":0.0,"max_hp_loss":0.0,"gold_gain":0.0,"event_name":"Bonfire Elementals","player_choice":"Offered Basic","floor":8.0,"gold_loss":0.0,"damage_taken":0.0},{"damage_healed":0.0,"max_hp_gain":0.0,"max_hp_loss":0.0,"gold_gain":0.0,"event_name":"The Library","player_choice":"Read","floor":19.0,"gold_loss":0.0,"damage_taken":0.0,"cards_obtained":["Ball Lightning"]}],"is_beta":false,"boss_relics":[{"not_picked":["aspiration:FutureDiary","Kintsugi"],"picked":"aspiration:RunicSpoon"}],"items_purged_floors":[0],"is_endless":false,"potions_floor_spawned":[4,10,13,16,18,24],"killed_by":"Centurion and Healer","ascension_level":3}}