{"host":"83ve8bsuvg15pdqh","time":1611448527,"event":{"mods":["2.2 Compatiblity","AchievementEnabler","BaseMod","Colored Map","Colored Powertips","Downfall","Highlight Path","Minty Spire (QoL Compilation)","Relic Stats","StSLib","everything is the same but u backflip on backflip"],"gold_per_floor":[99,109,121,132,150,150,150,150,176,191,221,239,249,263,277,277,277,277],"floor_reached":16,"language":"ENG","playtime":1016,"items_purged":[],"score":143,"play_id":"6483caf9-d842-48e9-acf0-367825664b3b","local_time":"20210123183527","is_ascension_mode":false,"campfire_choices":[],"circlet_count":0,"master_deck":["sneckomod:Strike","sneckomod:Strike","sneckomod:Defend","sneckomod:Defend","sneckomod:Defend","sneckomod:TailWhip","sneckomod:SnekBite","sneckomod:Unknown","Guardian:ConstructionForm","sneckomod:DiceCrush","sneckomod:CheapStock","sneckomod:SerpentIdol","sneckomod:SerpentMind","sneckomod:UnknownUncommonPower","sneckomod:UnknownCommonSkill","sneckomod:SnakeSap","sneckomod:CheapStock","sneckomod:UnknownWeak","sneckomod:RainOfDice","sneckomod:UnknownRareSkill"],"relics":["sneckomod:SneckoSoul","downfall:ShatteredFragment","CaptainsWheel","Girya","Centennial Puzzle"],"acts_visited":["Exordium"],"potions_floor_usage":[11,11,16,16,16],"damage_taken":[{"damage":0,"enemies":"2 Louse","floor":2,"turns":2},{"damage":0,"enemies":"Small Slimes","floor":3,"turns":2},{"damage":0,"enemies":"Cultist","floor":4,"turns":4},{"damage":23,"enemies":"2 Fungi Beasts","floor":5,"turns":5},{"damage":9,"enemies":"Gremlin Nob","floor":9,"turns":4},{"damage":26,"enemies":"Lots of Slimes","floor":10,"turns":5},{"damage":0,"enemies":"Lagavulin","floor":11,"turns":4},{"damage":11,"enemies":"Exordium Wildlife","floor":12,"turns":4},{"damage":7,"enemies":"3 Louse","floor":13,"turns":3},{"damage":0,"enemies":"Blue Slaver","floor":14,"turns":3},{"damage":6,"enemies":"Exordium Thugs","floor":15,"turns":4},{"damage":22,"enemies":"WA_ARCHETYPE_RETAIN","floor":16,"turns":6}],"seed_played":"4472375537889021191","potions_obtained":[{"floor":2,"key":"Regen Potion"},{"floor":5,"key":"DistilledChaos"},{"floor":10,"key":"ColorlessPotion"},{"floor":11,"key":"sneckomod:CheatPotion"},{"floor":12,"key":"BlessingOfTheForge"}],"is_trial":false,"path_per_floor":["R","M","M","M","M","?","T","?","E","M","E","M","M","M","M","B"],"character_chosen":"THE_SNECKO","items_purchased":[],"campfire_rested":0,"item_purchase_floors":[],"current_hp_per_floor":[99,99,99,99,76,55,55,55,46,20,32,21,21,21,15,0,0,0],"gold":277,"neow_bonus":"TEN_PERCENT_HP_BONUS","is_daily":false,"chose_seed":false,"campfire_upgraded":0,"win_rate":0.0,"timestamp":1611448527,"path_taken":["R","M","M","M","M","?","T","?","E","M","E","M","M","?","M","BOSS"],"items_purchased_type":[],"build_version":"2020-12-22","purchased_purges":0,"victory":false,"max_hp_per_floor":[99,99,99,99,99,99,99,99,99,99,99,99,99,99,99,99,99,99],"relic_stats":{"Centennial Puzzle":[12],"counters":[12,46],"obtain_stats":[{"Girya":9,"CaptainsWheel":7,"Centennial Puzzle":11,"downfall:ShatteredFragment":6,"sneckomod:SneckoSoul":0},{"Girya":5,"CaptainsWheel":4,"Centennial Puzzle":7,"downfall:ShatteredFragment":4,"sneckomod:SneckoSoul":0},{"Girya":17,"CaptainsWheel":13,"Centennial Puzzle":26,"downfall:ShatteredFragment":13,"sneckomod:SneckoSoul":0}]},"card_choices":[{"not_picked":["sneckomod:QuickBite","sneckomod:IronFang"],"picked":"sneckomod:DiceCrush","floor":2},{"not_picked":["sneckomod:IronFang","sneckomod:DiceBlock"],"picked":"sneckomod:CheapStock","floor":3},{"not_picked":["sneckomod:UnknownUncommonAttack","sneckomod:Unknown1Cost"],"picked":"sneckomod:SerpentIdol","floor":4},{"not_picked":["sneckomod:Nope","sneckomod:DefensiveFlair"],"picked":"sneckomod:SerpentMind","floor":5},{"not_picked":["sneckomod:QuickMove","sneckomod:UnknownCommonSkill"],"picked":"sneckomod:UnknownUncommonPower","floor":9},{"not_picked":["sneckomod:SnekBeam","sneckomod:QuickMove"],"picked":"sneckomod:UnknownCommonSkill","floor":10},{"not_picked":["sneckomod:UnknownCommonAttack","sneckomod:SoulCleanse"],"picked":"sneckomod:SnakeSap","floor":11},{"not_picked":["sneckomod:ImprovisedGuard","sneckomod:SoulRoll"],"picked":"sneckomod:CheapStock","floor":12},{"not_picked":["sneckomod:UnknownCommonSkill","sneckomod:DiceCrush"],"picked":"sneckomod:UnknownWeak","floor":13},{"not_picked":["sneckomod:QuickMove","sneckomod:UnknownCommonSkill"],"picked":"sneckomod:RainOfDice","floor":14},{"not_picked":["sneckomod:SnekBeam","sneckomod:WideSting"],"picked":"sneckomod:UnknownRareSkill","floor":15}],"player_experience":15391,"relics_obtained":[{"floor":7,"key":"CaptainsWheel"},{"floor":9,"key":"Girya"},{"floor":11,"key":"Centennial Puzzle"}],"event_choices":[],"is_beta":false,"boss_relics":[],"items_purged_floors":[],"is_endless":false,"potions_floor_spawned":[2,5,10,11,12,13],"killed_by":"WA_ARCHETYPE_RETAIN","ascension_level":0}}