{"host":"njo8qgvy2a57fcny","time":1611469595,"event":{"mods":["Ascension Unlocker","Aspiration","BaseMod","BetterRewards","CCEM","Colored Map","Colored Powertips","Conspire","Custom Start","Downfall","Energized Spire","GifTheSpireLib","Halation","Hermit","Hubris","Infinite Spire","Jedi Mod","Jorbs\u0027s Wanderer Trilogy","Mimic Mod","Minty Spire (QoL Compilation)","Quick Restart","Random Character Button","Random Character Mod","Rare Cards Sparkle","Relic Sorter","Replay The Spire","Shop Mod","StSLib","Stuff the Spire","The Animator","The Jungle","The Runesmith","The Servant 0.9.4","Unceasing Turn Reminder","thorton","vexMod"],"gold_per_floor":[114,151,163,178,22,57,74,74,74],"floor_reached":8,"language":"ENG","playtime":456,"items_purged":[],"score":116,"play_id":"5910b634-93f1-483f-b003-931b988365f6","local_time":"20210124172635","is_ascension_mode":true,"campfire_choices":[],"circlet_count":0,"master_deck":["AscendersBane","Strike_S","Strike_S","Strike_S","Strike_S","Defend_S","Defend_S","Defend_S","Defend_S","KidneyShot","Exchange","GearUp","ShatteredReality","SilverBlades","Contraction","SoulSculpture","Moonlight","Starlight","Potential"],"relics":["Uniform","Bronze Scales","halation:LettersToHer"],"acts_visited":["Exordium"],"potions_floor_usage":[6,7,8],"damage_taken":[{"damage":3,"enemies":"2 Louse","floor":1,"turns":4},{"damage":30,"enemies":"conspire:MimicChest","floor":2,"turns":9},{"damage":0,"enemies":"Jaw Worm","floor":3,"turns":5},{"damage":0,"enemies":"Cultist","floor":4,"turns":4},{"damage":21,"enemies":"Gremlin Nob","floor":6,"turns":3},{"damage":4,"enemies":"3 Louse","floor":7,"turns":2},{"damage":2,"enemies":"3 Sentries","floor":8,"turns":1}],"seed_played":"5163984605794801251","potions_obtained":[{"floor":3,"key":"PowerPotion"},{"floor":6,"key":"ColorlessPotion"},{"floor":7,"key":"Milkshake"}],"is_trial":false,"path_per_floor":["M","?","M","M","$","E","M","E"],"character_chosen":"THE_SERVANT","items_purchased":["SoulSculpture","Moonlight"],"campfire_rested":0,"item_purchase_floors":[5,5],"current_hp_per_floor":[57,27,27,27,27,6,2,0,0],"gold":74,"neow_bonus":"TEN_PERCENT_HP_BONUS","is_daily":false,"chose_seed":false,"campfire_upgraded":0,"win_rate":0.0,"timestamp":1611469595,"path_taken":["M","?","M","?","$","E","M","E"],"items_purchased_type":["Card","Card"],"build_version":"2020-12-22","purchased_purges":0,"victory":false,"max_hp_per_floor":[66,66,66,66,66,66,66,66,66],"card_choices":[{"not_picked":["SpecialFormula","StarChef"],"picked":"GearUp","floor":1},{"not_picked":["Rewind","BottledTime"],"picked":"ShatteredReality","floor":2},{"not_picked":["BottledTime","Potential"],"picked":"SilverBlades","floor":3},{"not_picked":["Starlight","FastForward"],"picked":"Contraction","floor":4},{"not_picked":["Read","WasteNot"],"picked":"Starlight","floor":6},{"not_picked":["ShatteredReality","Rearm"],"picked":"Potential","floor":7}],"player_experience":680452,"relics_obtained":[{"floor":2,"key":"Bronze Scales"},{"floor":6,"key":"halation:LettersToHer"}],"event_choices":[],"is_beta":false,"boss_relics":[],"items_purged_floors":[],"is_endless":false,"potions_floor_spawned":[3,6,7],"killed_by":"3 Sentries","ascension_level":20}}