{"host":"c52z9ixzgdjttcmx","time":1611451901,"event":{"mods":["BaseMod","Colored Powertips","Downfall","Filter the Spire","Minty Spire (QoL Compilation)","Rare Cards Sparkle","Relic Stats","StSLib"],"gold_per_floor":[99,117,137,137,137,149,149,172,185,204,224,224,224,324,344,441,441,441,454,454,467,479,479,533,551,571,588,688,688,705,705,722,821,821,821,821,839,893,912,962,1040,1056,1074,375,400,400,438,338,362,362,362,362],"floor_reached":50,"language":"ENG","playtime":3828,"items_purged":["downfall:Haunted"],"score":522,"play_id":"cdae395c-f7f0-4774-8213-a91b78d955b4","local_time":"20210123193141","is_ascension_mode":false,"campfire_choices":[{"data":"Slimebound:CorrosiveSpit","floor":1,"key":"SMITH"},{"data":"Slimebound:Split","floor":13,"key":"SMITH"},{"data":"Slimebound:SlimeSlap","floor":18,"key":"SMITH"},{"data":"Slimebound:SlimeSpikes","floor":23,"key":"SMITH"},{"data":"Slimebound:DouseInSlime","floor":29,"key":"SMITH"},{"data":"Slimebound:FirmFortitude","floor":35,"key":"SMITH"},{"data":"expansioncontent:QuickStudy","floor":46,"key":"SMITH"},{"floor":48,"key":"REST"}],"circlet_count":0,"master_deck":["Slimebound:Strike_Slimebound+1","Slimebound:Tackle","Slimebound:Defend_Slimebound+1","Slimebound:Split+1","Slimebound:CorrosiveSpit+1","Slimebound:LivingWall","Slimebound:HauntingLick+1","Slimebound:Repurpose+1","Slimebound:Prepare","Slimebound:SplitMire","Slimebound:GrowthPunch","Slimebound:DisruptingSlam","Slimebound:GoopSpray","Slimebound:SlimeSpikes","Slimebound:SlimeSlap+1","Slimebound:HauntingLick","Slimebound:SlimeSpikes+1","Slimebound:SplitLeeching+1","Clumsy","Slimebound:FirmFortitude+1","Slimebound:GoopSpray","Slimebound:SlimeBarrage","Slimebound:DouseInSlime+1","Slimebound:PressTheAttack","J.A.X.","Slimebound:SplitAcid","Slimebound:RollThrough","Slimebound:SplitLeeching","Slimebound:RallyTheTroops","Slimebound:MegaLick","Slimebound:Nibble","Slimebound:SplitMire","downfall:Bewildered","Slimebound:TongueLash+1","Slimebound:HauntingLick","Slimebound:SlimeTap+1","expansioncontent:QuickStudy+1","Slimebound:SpikyOuterGoop+1","Slimebound:MinionMaster","Slimebound:GoopSpray+1"],"relics":["Slimebound:AbsorbEndCombatUpgraded","Ginger","Odd Mushroom","Cursed Key","Anchor","MutagenicStrength","Slimebound:AggressiveSlimeRelic","Ice Cream","Question Card","Nunchaku","CeramicFish","Toolbox","Juzu Bracelet","downfall:HeartBlessingGreen"],"acts_visited":["Exordium","TheCity","TheBeyond"],"potions_floor_usage":[50,50],"damage_taken":[{"damage":0,"enemies":"Cultist","floor":2,"turns":4},{"damage":8,"enemies":"2 Louse","floor":3,"turns":4},{"damage":5,"enemies":"Small Slimes","floor":6,"turns":4},{"damage":17,"enemies":"The Mushroom Lair","floor":8,"turns":5},{"damage":0,"enemies":"2 Fungi Beasts","floor":9,"turns":4},{"damage":0,"enemies":"Red Slaver","floor":10,"turns":3},{"damage":7,"enemies":"Blue Slaver","floor":11,"turns":3},{"damage":18,"enemies":"downfall:Heads","floor":14,"turns":5},{"damage":0,"enemies":"2 Fungi Beasts","floor":15,"turns":2},{"damage":12,"enemies":"IC_STATUS_ARCHETYPE","floor":16,"turns":7},{"damage":0,"enemies":"3 Byrds","floor":19,"turns":4},{"damage":1,"enemies":"Chosen","floor":21,"turns":4},{"damage":3,"enemies":"Snecko","floor":22,"turns":5},{"damage":7,"enemies":"Centurion and Healer","floor":25,"turns":6},{"damage":9,"enemies":"Sentry and Sphere","floor":26,"turns":5},{"damage":0,"enemies":"3 Cultists","floor":27,"turns":5},{"damage":13,"enemies":"downfall:Augmenter","floor":28,"turns":6},{"damage":7,"enemies":"Snake Plant","floor":30,"turns":4},{"damage":3,"enemies":"Centurion and Healer","floor":32,"turns":6},{"damage":39,"enemies":"WA_ARCHETYPE_CALM","floor":33,"turns":10},{"damage":0,"enemies":"3 Shapes","floor":37,"turns":3},{"damage":29,"enemies":"3 Darklings","floor":39,"turns":5},{"damage":3,"enemies":"3 Darklings","floor":40,"turns":6},{"damage":10,"enemies":"Spire Growth","floor":42,"turns":4},{"damage":11,"enemies":"Sphere and 2 Shapes","floor":43,"turns":4},{"damage":8,"enemies":"downfall:FleeingMerchant","floor":44,"turns":4},{"damage":15,"enemies":"Maw","floor":45,"turns":6},{"damage":29,"enemies":"Nemesis","floor":47,"turns":9},{"damage":17,"enemies":"4 Shapes","floor":49,"turns":3},{"damage":78,"enemies":"SI_POISON_ARCHETYPE","floor":50,"turns":6}],"seed_played":"-2304714895032547226","potions_obtained":[{"floor":3,"key":"SpeedPotion"},{"floor":8,"key":"ColorlessPotion"},{"floor":11,"key":"PowerPotion"},{"floor":21,"key":"Dexterity Potion"},{"floor":39,"key":"Slimebound:SlimedPotion"},{"floor":47,"key":"LiquidMemories"}],"is_trial":false,"path_per_floor":["R","M","M","?","?","M","T","?","M","M","M","?","R","?","M","B",null,"R","M","?","M","M","R","T","M","M","M","?","R","M","?","M","B",null,"R","?","M","?","M","?","T","M","M","$","M","R","E","R","M","B"],"character_chosen":"SLIMEBOUND","items_purchased":["Nunchaku","CeramicFish","Toolbox","expansioncontent:QuickStudy"],"campfire_rested":1,"item_purchase_floors":[44,44,44,44],"current_hp_per_floor":[71,71,67,67,67,66,66,57,61,67,66,66,66,56,62,58,71,71,71,71,71,70,70,70,66,65,71,64,64,59,71,71,38,71,71,71,71,71,54,63,63,65,60,61,61,61,47,68,54,0,0,0],"gold":362,"neow_bonus":"TEN_PERCENT_HP_BONUS","is_daily":false,"chose_seed":false,"campfire_upgraded":7,"win_rate":0.0,"timestamp":1611451901,"path_taken":["R","M","M","?","?","M","T","?","M","M","M","?","R","?","M","BOSS","R","M","?","M","M","R","T","?","M","M","?","R","M","?","M","BOSS","R","?","M","?","M","?","T","M","M","$","M","R","E","R","M","BOSS"],"items_purchased_type":["Relic","Relic","Relic","Card"],"build_version":"2020-12-22","purchased_purges":1,"victory":false,"max_hp_per_floor":[71,71,71,71,71,71,71,71,71,71,71,71,71,71,71,71,71,71,71,71,71,71,71,71,71,71,71,71,71,71,71,71,71,71,71,71,71,71,71,71,71,71,71,71,71,71,71,71,71,71,71,71],"relic_stats":{"Nunchaku":[3],"counters":[30,142],"CeramicFish":36,"Juzu Bracelet":0,"Ginger":[18],"Cursed Key":3,"Question Card":6,"obtain_stats":[{"Ice Cream":40,"Slimebound:AggressiveSlimeRelic":38,"CeramicFish":44,"downfall:HeartBlessingGreen":48,"Juzu Bracelet":47,"Ginger":7,"Odd Mushroom":8,"Cursed Key":17,"Question Card":41,"Anchor":24,"Nunchaku":44,"MutagenicStrength":28,"Toolbox":44,"Slimebound:AbsorbEndCombat":0,"Slimebound:AbsorbEndCombatUpgraded":34},{"Ice Cream":23,"Slimebound:AggressiveSlimeRelic":21,"CeramicFish":26,"downfall:HeartBlessingGreen":28,"Juzu Bracelet":28,"Ginger":3,"Odd Mushroom":4,"Cursed Key":10,"Question Card":23,"Anchor":13,"Nunchaku":26,"MutagenicStrength":17,"Toolbox":26,"Slimebound:AbsorbEndCombat":0,"Slimebound:AbsorbEndCombatUpgraded":20},{"Ice Cream":106,"Slimebound:AggressiveSlimeRelic":96,"CeramicFish":118,"downfall:HeartBlessingGreen":133,"Juzu Bracelet":133,"Ginger":11,"Odd Mushroom":16,"Cursed Key":40,"Question Card":106,"Anchor":53,"Nunchaku":118,"MutagenicStrength":74,"Toolbox":118,"Slimebound:AbsorbEndCombat":0,"Slimebound:AbsorbEndCombatUpgraded":94}]},"card_choices":[{"not_picked":["Slimebound:ItLooksTasty","Slimebound:SplitAcid"],"picked":"Slimebound:LivingWall","floor":2},{"not_picked":["Slimebound:RainOfGoop","Slimebound:Repurpose"],"picked":"Slimebound:HauntingLick","floor":3},{"not_picked":["Slimebound:DouseInSlime","Slimebound:Equalize"],"picked":"Slimebound:LeechEnergy","floor":6},{"not_picked":["Slimebound:FinishingTackle","Slimebound:SamplingLick"],"picked":"Slimebound:Repurpose","floor":8},{"not_picked":["Slimebound:LeechEnergy","Slimebound:SlimeTap"],"picked":"Slimebound:Prepare","floor":9},{"not_picked":["Slimebound:SelfFormingGoo","Slimebound:FormOfPuddle"],"picked":"Slimebound:SplitMire","floor":10},{"not_picked":["Slimebound:Gluttony","Slimebound:TongueLash"],"picked":"Slimebound:GrowthPunch","floor":11},{"not_picked":["Slimebound:SplitAcid","Slimebound:Schlurp"],"picked":"Slimebound:GoopSpray","floor":14},{"not_picked":["Slimebound:Chomp","Slimebound:GoopTackle"],"picked":"Slimebound:SlimeSpikes","floor":15},{"not_picked":["Slimebound:SelfFormingGoo","Slimebound:DouseInSlime"],"picked":"Slimebound:SlimeSlap","floor":16},{"not_picked":["Slimebound:Prepare","Slimebound:Grow"],"picked":"Slimebound:HauntingLick","floor":19},{"not_picked":["Slimebound:PressTheAttack","Slimebound:DisruptingSlam"],"picked":"Slimebound:SlimeSpikes","floor":21},{"not_picked":["Slimebound:LeechingTouch","Slimebound:ComboTackle"],"picked":"Slimebound:SplitLeeching+1","floor":22},{"not_picked":["Slimebound:LivingWall+1","Slimebound:SlimeBrawl"],"picked":"Slimebound:FirmFortitude","floor":25},{"not_picked":["Slimebound:RainOfGoop","Slimebound:LeechingTouch"],"picked":"Slimebound:GoopSpray","floor":26},{"not_picked":["Slimebound:RejuvenatingLick","Slimebound:ItLooksTasty"],"picked":"Slimebound:SlimeBarrage","floor":27},{"not_picked":[],"picked":"J.A.X.","floor":28},{"not_picked":["Slimebound:TongueLash","Slimebound:SlimeSpikes"],"picked":"Slimebound:SplitAcid","floor":28},{"not_picked":["Slimebound:DouseInSlime","Slimebound:DisruptingSlam"],"picked":"Slimebound:RollThrough","floor":30},{"not_picked":["Slimebound:DisruptingSlam","Slimebound:Prepare"],"picked":"Slimebound:SplitLeeching","floor":32},{"not_picked":["Slimebound:DuplicatedForm","Slimebound:DouseInSlime"],"picked":"Slimebound:RallyTheTroops","floor":33},{"not_picked":["Slimebound:GoopTackle","Slimebound:SamplingLick"],"picked":"Slimebound:MegaLick","floor":37},{"not_picked":["Slimebound:PressTheAttack+1","Slimebound:Repurpose"],"picked":"Slimebound:Nibble","floor":39},{"not_picked":["Slimebound:ComboTackle+1","Slimebound:FlameTackle+1"],"picked":"Slimebound:SplitMire","floor":40},{"not_picked":["Slimebound:GoopSpray","Slimebound:SelfFormingGoo","Slimebound:SlimeSpikes"],"picked":"Slimebound:TongueLash+1","floor":42},{"not_picked":["Slimebound:Chomp","Slimebound:Schlurp","Slimebound:LeechingTouch+1"],"picked":"Slimebound:HauntingLick","floor":43},{"not_picked":["Slimebound:FinishingTackle","Slimebound:LeechingTouch","Slimebound:TongueLash+1"],"picked":"Slimebound:SlimeTap+1","floor":44},{"not_picked":["Slimebound:LeechingTouch","Slimebound:RejuvenatingLick+1","Slimebound:SplitLeeching+1"],"picked":"Slimebound:SpikyOuterGoop+1","floor":45},{"not_picked":["Slimebound:ViciousTackle+1","Slimebound:SamplingLick","Slimebound:Schlurp"],"picked":"Slimebound:MinionMaster","floor":47},{"not_picked":["Slimebound:ItLooksTasty","Slimebound:PressTheAttack","Slimebound:Schlurp"],"picked":"Slimebound:GoopSpray+1","floor":49}],"player_experience":3330027,"relics_obtained":[{"floor":7,"key":"Ginger"},{"floor":8,"key":"Odd Mushroom"},{"floor":24,"key":"Anchor"},{"floor":28,"key":"MutagenicStrength"},{"floor":38,"key":"Slimebound:AggressiveSlimeRelic"},{"floor":40,"key":"Ice Cream"},{"floor":41,"key":"Question Card"},{"floor":47,"key":"Juzu Bracelet"}],"event_choices":[{"damage_healed":0,"gold_gain":0,"player_choice":"Fought Mushrooms","damage_taken":0,"max_hp_gain":0,"max_hp_loss":0,"event_name":"Mushrooms","floor":8,"gold_loss":0},{"cards_removed":["downfall:Malfunctioning"],"damage_healed":0,"gold_gain":0,"player_choice":"Card Removal","damage_taken":0,"max_hp_gain":0,"max_hp_loss":0,"event_name":"The Cleric","floor":12,"gold_loss":0},{"damage_healed":12,"gold_gain":0,"player_choice":"Full Heal","damage_taken":0,"max_hp_gain":0,"max_hp_loss":0,"event_name":"Wheel of Change","floor":31,"gold_loss":0},{"cards_removed":["Slimebound:LeechEnergy"],"damage_healed":0,"gold_gain":0,"player_choice":"Removed Attack","damage_taken":0,"max_hp_gain":0,"max_hp_loss":0,"event_name":"Falling","floor":36,"gold_loss":0}],"is_beta":false,"boss_relics":[{"not_picked":["Black Star","Runic Pyramid"],"picked":"Cursed Key"},{"not_picked":["bronze:MakeshiftBattery","SlaversCollar"],"picked":"Slimebound:AbsorbEndCombatUpgraded"}],"items_purged_floors":[44],"is_endless":false,"potions_floor_spawned":[3,8,11,14,16,19,21,22,28,30,33,39,42,43,45,47,49],"killed_by":"SI_POISON_ARCHETYPE","ascension_level":0}}