{"host":"yq2wmfr0u0wuvxc0","time":1611481177,"event":{"mods":["Act Like it!","BaseMod","Curses Come First","Downfall","Friendly Minions","Gensokyo","Hero for Fun","Hubris","Minty Spire (QoL Compilation)","Shop Mod","StSLib","vexMod"],"gold_per_floor":[99,119,134,134,146,146,146,158,184,200,200,226,238,235,259,271,271,271],"floor_reached":16,"language":"ZHS","playtime":884,"items_purged":[],"score":123,"play_id":"1e9ee970-18d5-44e0-b50c-93b99829b0f4","local_time":"20210124013937","is_ascension_mode":true,"campfire_choices":[{"data":"Guardian:TwinSlam","floor":1,"key":"SMITH"},{"data":"Guardian:WalkerClaw","floor":6,"key":"SMITH"}],"circlet_count":0,"master_deck":["Guardian:Strike_Guardian","Guardian:Strike_Guardian","Guardian:Strike_Guardian","Guardian:Defend_Guardian","Guardian:Defend_Guardian","Guardian:Defend_Guardian+1","Guardian:CurlUp","Guardian:TwinSlam+1","Guardian:WalkerClaw+1","Guardian:RollAttack","Guardian:ShieldSpikes+1","Guardian:Gem_Green","Guardian:BronzeOrb+1","Guardian:Repulse","downfall:Malfunctioning","Guardian:DecasProtection"],"relics":["Velvet Choker","Girya","MawBank"],"acts_visited":["Exordium"],"potions_floor_usage":[16,16],"damage_taken":[{"damage":0,"enemies":"2 Louse","floor":2,"turns":2},{"damage":0,"enemies":"Cultist","floor":3,"turns":3},{"damage":6,"enemies":"Jaw Worm","floor":5,"turns":3},{"damage":1,"enemies":"2 Fungi Beasts","floor":8,"turns":3},{"damage":16,"enemies":"Gremlin Nob","floor":9,"turns":4},{"damage":10,"enemies":"Gremlin Gang","floor":10,"turns":4},{"damage":12,"enemies":"3 Sentries","floor":12,"turns":7},{"damage":0,"enemies":"downfall:FleeingMerchant","floor":14,"turns":4},{"damage":0,"enemies":"Exordium Wildlife","floor":15,"turns":3},{"damage":46,"enemies":"IC_STATUS_ARCHETYPE","floor":16,"turns":13}],"seed_played":"3071748426029343873","potions_obtained":[{"floor":2,"key":"SneckoOil"},{"floor":5,"key":"PowerPotion"},{"floor":9,"key":"Dexterity Potion"},{"floor":15,"key":"BlessingOfTheForge"}],"is_trial":false,"path_per_floor":["R","M","M","?","M","R","T","M","E","M","?","E","?","$","M","B"],"character_chosen":"GUARDIAN","items_purchased":[],"campfire_rested":0,"item_purchase_floors":[],"current_hp_per_floor":[80,80,80,80,74,74,74,73,57,47,47,35,35,35,35,0,0,0],"gold":271,"neow_bonus":"BOSS_RELIC","is_daily":false,"chose_seed":false,"campfire_upgraded":2,"win_rate":0.0,"timestamp":1611481177,"path_taken":["R","M","M","?","M","R","T","?","E","M","?","E","?","$","M","BOSS"],"items_purchased_type":[],"build_version":"2020-12-22","purchased_purges":0,"victory":false,"max_hp_per_floor":[80,80,80,80,80,80,80,80,80,80,80,80,80,80,80,80,80,80],"card_choices":[{"not_picked":["Guardian:Harden","Guardian:Gem_Lightblue"],"picked":"Guardian:WalkerClaw","floor":2},{"not_picked":["Guardian:Gem_Lightblue","Guardian:PiercingHide"],"picked":"Guardian:Gem_Green","floor":3},{"not_picked":["Guardian:PrismaticBarrier","Guardian:Harden"],"picked":"Guardian:RollAttack","floor":5},{"not_picked":["Guardian:Gem_Crimson","Guardian:TemporalStrike"],"picked":"Guardian:ShieldSpikes","floor":8},{"not_picked":["Guardian:Planning","Guardian:Gem_Lightblue"],"picked":"Guardian:Gem_Green","floor":9},{"not_picked":["Guardian:Planning","Guardian:PrismaticBarrier"],"picked":"Guardian:BronzeOrb","floor":10},{"not_picked":["Guardian:Gem_Red","Guardian:MultiBeam"],"picked":"Guardian:Repulse","floor":12},{"not_picked":["Guardian:Repulse","Guardian:PiercingHide"],"picked":"Guardian:DecasProtection","floor":14},{"not_picked":["Guardian:Reroute","Guardian:PrimingBeam","Guardian:Gem_Lightblue"],"picked":"SKIP","floor":15}],"player_experience":233278,"relics_obtained":[{"floor":9,"key":"Girya"},{"floor":12,"key":"MawBank"}],"event_choices":[{"cards_removed":["Guardian:Strike_Guardian"],"damage_healed":0,"gold_gain":0,"player_choice":"Offered Basic","damage_taken":0,"max_hp_gain":0,"max_hp_loss":0,"event_name":"Bonfire Elementals","floor":4,"gold_loss":0},{"cards_removed":["Guardian:Defend_Guardian"],"damage_healed":0,"gold_gain":0,"player_choice":"Card Removal","damage_taken":0,"max_hp_gain":0,"max_hp_loss":0,"event_name":"The Cleric","floor":11,"gold_loss":0}],"is_beta":false,"boss_relics":[],"items_purged_floors":[],"is_endless":false,"potions_floor_spawned":[2,5,9,15],"killed_by":"IC_STATUS_ARCHETYPE","ascension_level":2}}