{"host":"52jmisti11ysmja4","time":1611446804,"event":{"mods":["Aspiration","BaseMod","Better Third Choice","Minty Spire (QoL Compilation)","Remove Card Discount Mod","StSLib","The Bug Knight"],"gold_per_floor":[118,49,49,49,97,97,130,130,130,130,146,180,205,239,239,369,432,450,475,490,490,490,523,539,575,601,641,641,674,699,734,734,871,871,894,894,918,945,473,512,539,572,572,591,591,643,339,359,359,359],"floor_reached":51,"language":"ENG","playtime":5531,"items_purged":["HollowMod:NailStrikeStart","HollowMod:NailStrikeStart","HollowMod:NailStrikeStart","HollowMod:QuickDashStart","HollowMod:QuickDashStart","HollowMod:QuickDashStart","HollowMod:QuickDashStart","HollowMod:FocusHealStart","HollowMod:NailStrikeStart","HollowMod:HeavyBlow+1","HollowMod:SharpenedNail","HollowMod:PureNailStrike","HollowMod:ChannelNail"],"score":1044,"play_id":"2ffff052-93af-42d0-922e-de85bbbe8b23","local_time":"20210123160644","is_ascension_mode":true,"campfire_choices":[{"data":"HollowMod:PogoStrike","floor":6,"key":"SMITH"},{"data":"HollowMod:CornifersMapStart","floor":8,"key":"SMITH"},{"floor":10,"key":"REST"},{"data":"HollowMod:RecoilStrike","floor":15,"key":"SMITH"},{"floor":32,"key":"REST"},{"floor":45,"key":"REST"},{"floor":49,"key":"REST"}],"circlet_count":0,"master_deck":["HollowMod:PogoStrike+1","HollowMod:DashSlash+1","HollowMod:CornifersMapStart+1","HollowMod:SiblingsSouls+1","HollowMod:RecoilStrike","HollowMod:AwokenDreamNail","HollowMod:RecoilStrike+1","HollowMod:HerrahsAnger+1","HollowMod:SoulStrike+1","HollowMod:ChannelNail+1","HollowMod:ChannelNail+1","HollowMod:SoulSplash+1","HollowMod:CloakDash+1","HollowMod:LifebloodCocoon+1","HollowMod:GrimmsGift+1","HollowMod:SlysStrikes","HollowMod:SoulVessel+1","HollowMod:PureNailStrike+1","HollowMod:MonarchWings+1","HollowMod:BaldurShell+1"],"relics":["HollowMod:VesselMask","Potion Belt","Golden Idol","Anchor","Whetstone","Dead Branch","Bottled Flame","Omamori","Tiny House","aspiration:Stabinomicon","Ancient Tea Set","Question Card","CeramicFish","Lantern","Red Mask","Sozu","aspiration:HatOfInfinitePower","Vajra","Thread and Needle","Regal Pillow","Du-Vu Doll","Ice Cream","War Paint","Happy Flower"],"acts_visited":["Exordium","TheCity","TheBeyond"],"potions_floor_usage":[14,16,25,27,31,37,42,48,48],"damage_taken":[{"damage":2,"enemies":"2 Louse","floor":1,"turns":3},{"damage":6,"enemies":"Gremlin Nob","floor":7,"turns":3},{"damage":0,"enemies":"Jaw Worm","floor":11,"turns":2},{"damage":8,"enemies":"3 Sentries","floor":12,"turns":5},{"damage":0,"enemies":"Small Slimes","floor":13,"turns":2},{"damage":15,"enemies":"Lagavulin","floor":14,"turns":5},{"damage":16,"enemies":"Hexaghost","floor":16,"turns":8},{"damage":0,"enemies":"Chosen","floor":18,"turns":4},{"damage":11,"enemies":"Spheric Guardian","floor":19,"turns":3},{"damage":3,"enemies":"Snake Plant","floor":20,"turns":3},{"damage":6,"enemies":"Gremlin Leader","floor":23,"turns":4},{"damage":7,"enemies":"Centurion and Healer","floor":24,"turns":3},{"damage":5,"enemies":"Slavers","floor":25,"turns":4},{"damage":0,"enemies":"Gremlin Leader","floor":27,"turns":4},{"damage":5,"enemies":"Chosen and Byrds","floor":29,"turns":5},{"damage":0,"enemies":"Snecko","floor":30,"turns":2},{"damage":2,"enemies":"Masked Bandits","floor":31,"turns":3},{"damage":8,"enemies":"Champ","floor":33,"turns":7},{"damage":1,"enemies":"3 Darklings","floor":35,"turns":4},{"damage":12,"enemies":"3 Shapes","floor":37,"turns":3},{"damage":30,"enemies":"Jaw Worm Horde","floor":38,"turns":4},{"damage":21,"enemies":"Nemesis","floor":40,"turns":3},{"damage":0,"enemies":"Spire Growth","floor":41,"turns":3},{"damage":0,"enemies":"Reptomancer","floor":42,"turns":5},{"damage":0,"enemies":"4 Shapes","floor":44,"turns":5},{"damage":30,"enemies":"Nemesis","floor":46,"turns":5},{"damage":14,"enemies":"Sphere and 2 Shapes","floor":48,"turns":4},{"damage":45,"enemies":"HollowMod:Radiance","floor":50,"turns":6}],"seed_played":"-7310759048567100044","potions_obtained":[{"floor":7,"key":"Dexterity Potion"},{"floor":12,"key":"GamblersBrew"},{"floor":13,"key":"SkillPotion"},{"floor":17,"key":"Ancient Potion"},{"floor":20,"key":"SneckoOil"},{"floor":24,"key":"LiquidMemories"},{"floor":25,"key":"Weak Potion"},{"floor":27,"key":"Dexterity Potion"},{"floor":30,"key":"SpeedPotion"},{"floor":33,"key":"AttackPotion"}],"is_trial":false,"path_per_floor":["M","$","?","?","T","R","E","R","T","R","M","E","M","E","R","B",null,"M","M","M","$","?","E","M","E","T","E","?","M","M","?","R","B",null,"M","?","M","M","$","E","M","E","T","M","R","E","$","M","R","B",null],"character_chosen":"THE_BUGKNIGHT","items_purchased":["HollowMod:DashSlash","aspiration:HatOfInfinitePower","Vajra","War Paint","Happy Flower"],"campfire_rested":4,"item_purchase_floors":[2,39,39,47,47],"current_hp_per_floor":[73,73,58,58,58,58,52,52,52,69,69,61,61,46,46,30,64,64,53,50,50,34,28,21,16,16,16,16,11,11,12,34,29,63,65,65,53,24,24,3,3,9,9,9,46,18,18,7,44,1],"gold":359,"neow_bonus":"RANDOM_COMMON_RELIC","is_daily":false,"chose_seed":false,"campfire_upgraded":3,"win_rate":0.0,"timestamp":1611446804,"path_taken":["M","$","?","?","?","R","E","R","T","R","M","E","M","E","R","BOSS","M","M","M","$","?","E","M","E","T","E","?","M","?","?","R","BOSS","M","?","M","M","$","E","M","E","T","M","R","E","$","?","R","BOSS"],"items_purchased_type":["Card","Relic","Relic","Relic","Relic"],"build_version":"2020-12-22","purchased_purges":13,"victory":true,"max_hp_per_floor":[75,75,75,69,69,69,69,69,69,69,69,69,69,69,69,69,74,74,74,74,74,74,74,74,74,74,74,74,74,74,74,74,74,74,74,74,74,74,74,74,74,74,74,74,74,74,74,74,74,74],"card_choices":[{"not_picked":["HollowMod:CoiledNail","HollowMod:VengefulVoid"],"picked":"HollowMod:HeavyBlow","floor":1},{"not_picked":["HollowMod:ShadowDash","HollowMod:NewJinnsSoul"],"picked":"HollowMod:CornifersMapStart","floor":7},{"not_picked":["HollowMod:NewJinnsSoul","HollowMod:SiblingsShadow"],"picked":"HollowMod:SiblingsSouls","floor":11},{"not_picked":["HollowMod:NewLittleFool","HollowMod:VengefulVoid"],"picked":"HollowMod:RecoilStrike","floor":12},{"not_picked":["HollowMod:VengefulVoid","HollowMod:CornifersMapStart"],"picked":"HollowMod:AwokenDreamNail","floor":13},{"not_picked":["HollowMod:FallenFury","HollowMod:InfectedAttack"],"picked":"HollowMod:RecoilStrike","floor":14},{"not_picked":["HollowMod:LordofShades","HollowMod:LifebloodCore"],"picked":"HollowMod:HerrahsAnger","floor":16},{"not_picked":["HollowMod:Grubsong","HollowMod:SiblingsSouls"],"picked":"HollowMod:SharpenedNail","floor":17},{"not_picked":["HollowMod:CloakDash","HollowMod:VengefulVoid"],"picked":"HollowMod:SoulStrike+1","floor":18},{"not_picked":["HollowMod:ShadowDash","HollowMod:SoulEater+1"],"picked":"HollowMod:ChannelNail+1","floor":19},{"not_picked":["HollowMod:CornifersMapStart","HollowMod:SharpenedNail"],"picked":"HollowMod:ChannelNail+1","floor":20},{"not_picked":["HollowMod:LuriensSpire","HollowMod:DoubleDash"],"picked":"HollowMod:SoulSplash","floor":23},{"not_picked":["HollowMod:ShadowDash","HollowMod:DreamGate"],"picked":"HollowMod:CloakDash+1","floor":24},{"not_picked":["HollowMod:DungDefenderAura","HollowMod:CrystalDash"],"picked":"HollowMod:LifebloodCocoon+1","floor":25},{"not_picked":["HollowMod:NewInfectedGuardian","HollowMod:CloakDash","HollowMod:LuriensSpire"],"picked":"HollowMod:GrimmsGift","floor":27},{"not_picked":["HollowMod:ShadowDash","HollowMod:GoodIntentions","HollowMod:CloakDash"],"picked":"HollowMod:ChannelNail","floor":29},{"not_picked":["HollowMod:HowlingWraiths","HollowMod:WraithStrike","HollowMod:AwokenDreamNail","HollowMod:CornifersMapStart"],"picked":"SKIP","floor":30},{"not_picked":["HollowMod:SoulMaster","HollowMod:LordofShades","HollowMod:VoidDash"],"picked":"HollowMod:SlysStrikes","floor":33},{"not_picked":["HollowMod:HeavyBlow+1","HollowMod:LifebloodCocoon+1","HollowMod:SoulStrike+1"],"picked":"HollowMod:SoulVessel+1","floor":35},{"not_picked":["HollowMod:FallenFury+1","HollowMod:Grubsong","HollowMod:MonomonsArchive+1"],"picked":"HollowMod:PureNailStrike","floor":37},{"not_picked":["HollowMod:SoulSplash","HollowMod:CornifersMapStart","HollowMod:DreamGate"],"picked":"HollowMod:PureNailStrike+1","floor":38},{"not_picked":["HollowMod:DescendingDark+1","HollowMod:CrystalDash","HollowMod:SiblingsSouls","HollowMod:CycloneSlash"],"picked":"SKIP","floor":40},{"not_picked":["HollowMod:DungDefenderAura+1","HollowMod:ShadowDash","HollowMod:GoodIntentions"],"picked":"HollowMod:MonarchWings+1","floor":41},{"not_picked":["HollowMod:MidwifesHunger","HollowMod:QuirrelsAssistance","HollowMod:CrystalDash","HollowMod:HeavyBlow"],"picked":"SKIP","floor":42},{"not_picked":["HollowMod:MonarchWings+1","HollowMod:CornifersMapStart","HollowMod:DoubleDash+1","HollowMod:DesolateDive"],"picked":"SKIP","floor":44},{"not_picked":["HollowMod:DashSlash","HollowMod:LifebloodCore","HollowMod:TaintedHusks+1"],"picked":"HollowMod:BaldurShell+1","floor":46},{"not_picked":["HollowMod:DashSlash","HollowMod:CrystalDash","HollowMod:TaintedHusks","HollowMod:ShapeofUnn+1"],"picked":"SKIP","floor":48}],"player_experience":563032,"relics_obtained":[{"floor":5,"key":"Anchor"},{"floor":7,"key":"Whetstone"},{"floor":9,"key":"Dead Branch"},{"floor":12,"key":"Bottled Flame"},{"floor":14,"key":"Omamori"},{"floor":22,"key":"aspiration:Stabinomicon"},{"floor":23,"key":"Ancient Tea Set"},{"floor":25,"key":"Question Card"},{"floor":26,"key":"CeramicFish"},{"floor":27,"key":"Lantern"},{"floor":31,"key":"Red Mask"},{"floor":40,"key":"Thread and Needle"},{"floor":42,"key":"Regal Pillow"},{"floor":43,"key":"Du-Vu Doll"},{"floor":46,"key":"Ice Cream"}],"event_choices":[{"damage_healed":73,"gold_gain":0,"player_choice":"Upgrade","damage_taken":15,"max_hp_gain":0,"max_hp_loss":75,"event_name":"betterThird:BetterShining","floor":3,"gold_loss":0,"cards_upgraded":["HollowMod:DashSlash","HollowMod:HeavyBlow"]},{"damage_healed":0,"gold_gain":0,"player_choice":"Lose Max HP","damage_taken":0,"relics_obtained":["Golden Idol"],"max_hp_gain":0,"max_hp_loss":6,"event_name":"Golden Idol","floor":4,"gold_loss":0},{"damage_healed":0,"gold_gain":0,"player_choice":"Obtained Book","damage_taken":16,"max_hp_gain":0,"max_hp_loss":0,"event_name":"Cursed Tome","floor":22,"gold_loss":0},{"damage_healed":0,"gold_gain":0,"player_choice":"Forge","damage_taken":0,"max_hp_gain":0,"max_hp_loss":0,"event_name":"Accursed Blacksmith","floor":28,"gold_loss":0,"cards_upgraded":["HollowMod:HerrahsAnger"]},{"damage_healed":0,"gold_gain":0,"player_choice":"Fought Bandits","damage_taken":0,"max_hp_gain":0,"max_hp_loss":0,"event_name":"Masked Bandits","floor":31,"gold_loss":0},{"damage_healed":0,"gold_gain":0,"player_choice":"0 cards matched","damage_taken":0,"max_hp_gain":0,"max_hp_loss":0,"event_name":"Match and Keep!","floor":36,"gold_loss":0,"cards_obtained":[]}],"is_beta":false,"boss_relics":[{"not_picked":["aspiration:PoetsPen_weak","Runic Dome"],"picked":"Tiny House"},{"not_picked":["Snecko Eye","Coffee Dripper"],"picked":"Sozu"}],"items_purged_floors":[2,2,2,2,2,2,2,2,2,39,39,39,39],"is_endless":false,"potions_floor_spawned":[7,12,13,20,24,25,27,30,33,35,41,46],"ascension_level":5}}