{"host":"kiczkwpc36uxnkg8","time":1611513021,"event":{"mods":["AchievementEnabler","Act Like it!","Aspiration","BaseMod","Colored Powertips","Energized Spire","GifTheSpireLib","Hubris","Infinite Spire","Koishi","Minty Spire (QoL Compilation)","Pale of the Ancients","Permanent Neow","Quick Restart","Relic Filter","Remilia??????","Replay The Spire","Spicy Shops","StSLib","Stuff the Spire","The Alterego","The Bug Knight","The Servant 0.9.4","Wandering Minibosses"],"gold_per_floor":[111,111,126,136,75,102,119,119,119,119,119,119,145,158,158,253,253,269,269,269,288,300,331,381,396,442,442,460,460,460,478,478,575,575,591,591,641,315,190,216,216,248,248,265,284,284,313,326,326,326,336,346,346,346,346,363,363,69,69,69],"floor_reached":61,"language":"ENG","playtime":3285,"items_purged":["Replay:Hysterical Blindness","Strike_S","Strike_S","Strike_S","KidneyShot"],"score":2228,"play_id":"c2b013d2-9662-40cc-8048-6e771817a77a","local_time":"20210124183021","is_ascension_mode":true,"campfire_choices":[{"floor":8.0,"key":"REST"},{"data":"Barrier","floor":15,"key":"SMITH"},{"data":"Unruled","floor":29,"key":"SMITH"},{"data":"FlawlessForm","floor":32,"key":"SMITH"},{"data":"Defend_S","floor":49,"key":"PURGE"},{"data":"Finesse","floor":55,"key":"SMITH"},{"data":"StuffTheSpire:BrainWave","floor":57,"key":"SMITH"}],"circlet_count":0,"master_deck":["Defend_S+1","Defend_S+1","Exchange","Spin","DoubleEdge","Unruled+1","Defy","Dilation+1","Defy","Barrier+1","StarChef+1","Hightail+1","Revamp","ShiftingGears","FlawlessForm+1","Unruled","Finesse+1","Collapse","Hightail","Contraction+1","StuffTheSpire:BrainWave+1"],"relics":["Uniform","ReplayTheSpireMod:CursedCoin","infinitespire:Broken Mirror","Singing Bowl","hubris:Icosahedron","hubris:BottledRain","Replay:Grab Bag","hubris:TerracottaHorce","aspiration:FutureDiary","Replay:Drink Me","ReplayTheSpireMod:ShopPack","War Paint","Omamori","StuffTheSpire:Kangaroo","Girya","StuffTheSpire:Experiment12","Blue Doll","Replay:Bottled Steam","Molten Egg 2","StoneCalendar","paleoftheancients:Timepiece","paleoftheancients:KeyRelic","paleoftheancients:SoulOfTheCollector","Letter Opener","StuffTheSpire:Gunfinga"],"acts_visited":["Exordium","TheCity","TheBeyond","paleoftheancients:PaleOfTheAncients"],"potions_floor_usage":[14,33,40,51,60],"damage_taken":[{"damage":0.0,"enemies":"Small Slimes","floor":1.0,"turns":2.0},{"damage":4.0,"enemies":"2 Louse","floor":3.0,"turns":2.0},{"damage":3.0,"enemies":"Jaw Worm","floor":4.0,"turns":3.0},{"damage":15.0,"enemies":"Gremlin Nob","floor":6.0,"turns":4.0},{"damage":4.0,"enemies":"Blue Slaver","floor":7.0,"turns":3.0},{"damage":0.0,"enemies":"Lagavulin","floor":13.0,"turns":6.0},{"damage":0,"enemies":"Exordium Thugs","floor":14,"turns":3},{"damage":5,"enemies":"The Guardian","floor":16,"turns":16},{"damage":0,"enemies":"Shell Parasite","floor":18,"turns":5},{"damage":7,"enemies":"Spheric Guardian","floor":21,"turns":5},{"damage":3,"enemies":"Cultist and Chosen","floor":22,"turns":8},{"damage":0,"enemies":"Book of Stabbing","floor":23,"turns":8},{"damage":0,"enemies":"Shelled Parasite and Fungi","floor":25,"turns":8},{"damage":0,"enemies":"Snake Plant","floor":28,"turns":3},{"damage":0,"enemies":"Centurion and Healer","floor":31,"turns":4},{"damage":0,"enemies":"hubris:MusketHawk","floor":33,"turns":9},{"damage":0,"enemies":"3 Shapes","floor":35,"turns":6},{"damage":0,"enemies":"Mind Bloom Boss Battle","floor":37,"turns":12},{"damage":0,"enemies":"Giant Head","floor":40,"turns":6},{"damage":0,"enemies":"HollowMod:StalkingDevout","floor":42,"turns":5},{"damage":0,"enemies":"3 Darklings","floor":44,"turns":5},{"damage":0,"enemies":"Sphere and 2 Shapes","floor":45,"turns":4},{"damage":0,"enemies":"Nemesis","floor":47,"turns":3},{"damage":0,"enemies":"4 Shapes","floor":48,"turns":3},{"damage":0,"enemies":"Time Eater","floor":50,"turns":7},{"damage":0,"enemies":"Time Eater","floor":51,"turns":13},{"damage":0,"enemies":"Time Eater","floor":52,"turns":5},{"damage":0,"enemies":"Time Eater","floor":56,"turns":8},{"damage":0,"enemies":"paleoftheancients:N","floor":60,"turns":10}],"seed_played":"2083147643535638520","potions_obtained":[{"floor":3.0,"key":"Block Potion"},{"floor":6.0,"key":"SteroidPotion"},{"floor":14,"key":"Reflective Coating"},{"floor":21,"key":"BlessingOfTheForge"},{"floor":22,"key":"Fire Potion"},{"floor":31,"key":"Strength Potion"},{"floor":33,"key":"SkillPotion"},{"floor":44,"key":"AttackPotion"},{"floor":51,"key":"Swift Potion"},{"floor":52,"key":"PowerPotion"}],"is_trial":false,"path_per_floor":["M","?","M","M","$","E","M","R","T","?","?","?","E","M","R","B",null,"M","?","AVR","M","M","E","?","M","T","?","M","R","?","M","R","B",null,"M","?","?","$","$","E","?","E","T","M","M","?","E","M","R","B","M","M","?","T","R","M","R","$","?","B",null],"character_chosen":"THE_SERVANT","items_purchased":["ReplayTheSpireMod:CursedCoin","Dilation","Collapse","StuffTheSpire:Experiment12","StuffTheSpire:Gunfinga"],"campfire_rested":1,"item_purchase_floors":[5,5,38,38,58],"current_hp_per_floor":[65,65,61,58,58,43,39,58,58,58,58,58,60,62,62,59,54,54,54,60,53,52,54,54,56,56,56,58,58,58,58,58,60,68,68,68,70,70,70,72,72,74,74,74,74,69,71,73,73,76,78,80,80,80,80,82,82,82,82,82],"gold":69,"neow_bonus":"THREE_CARDS","is_daily":false,"chose_seed":false,"campfire_upgraded":5,"win_rate":0.0,"timestamp":1611513021,"path_taken":["M","?","M","M","$","E","M","R","T","?","?","?","E","M","R","BOSS","M","?","AVR","M","M","E","?","?","T","?","M","R","?","M","R","BOSS","M","?","?","?","$","E","?","E","T","M","M","?","E","M","R","BOSS","M","M","?","T","R","M","R","$","?","BOSS"],"items_purchased_type":["Relic","Card","Card","Relic","Relic"],"build_version":"2020-12-22","purchased_purges":5,"victory":true,"max_hp_per_floor":[65,65,65,65,65,65,65,65,65,65,65,65,67,69,69,71,54,54,54,60,60,62,64,64,66,66,66,68,68,68,68,68,70,70,70,70,72,72,72,74,74,76,76,76,76,69,71,73,73,76,78,80,80,80,80,82,82,82,82,82],"card_choices":[{"not_picked":["Revamp","Hightail"],"picked":"Spin","floor":0.0},{"not_picked":["SpecialFormula","Rewind"],"picked":"DoubleEdge","floor":1.0},{"not_picked":["Manipulate","Defy"],"picked":"Unruled","floor":3.0},{"not_picked":["SpecialFormula","ShatteredReality"],"picked":"Defy","floor":4.0},{"not_picked":["Sabotage","BottledTime","Ricochet"],"picked":"SKIP","floor":6.0},{"not_picked":["FanOfKnives","Replace"],"picked":"Defy","floor":7.0},{"not_picked":["Ricochet","TimeWarp","Deny"],"picked":"Singing Bowl","floor":13.0},{"not_picked":["Replace","SurpressingFire","Moonlight"],"picked":"Singing Bowl","floor":14},{"not_picked":["SoulSculpture","Initiator","FloweringNight"],"picked":"Singing Bowl","floor":16},{"not_picked":["Rewind","BottledTime+1"],"picked":"StarChef+1","floor":18},{"not_picked":["ReplayTheSpireMod:Necrogeddon","The Bomb","Secret Technique"],"picked":"Singing Bowl","floor":20},{"not_picked":["Specialist","Panacea","Good Instincts"],"picked":"Singing Bowl","floor":20},{"not_picked":["Impatience","Jack Of All Trades","Mind Blast"],"picked":"Singing Bowl","floor":20},{"not_picked":["Spin","StarChef"],"picked":"Hightail+1","floor":21},{"not_picked":["BottledTime","RealityMarble","DualDimension"],"picked":"Singing Bowl","floor":22},{"not_picked":["Misdirection+1","ShatteredReality","TimeWarp"],"picked":"Singing Bowl","floor":23},{"not_picked":["Ricochet","Advance","BottledTime"],"picked":"Singing Bowl","floor":25},{"not_picked":["StarChef","Ricochet","Starlight+1"],"picked":"Singing Bowl","floor":28},{"not_picked":["RealityMarble+1","Defy"],"picked":"FlawlessForm","floor":31},{"not_picked":["SoulSculpture","KillingDoll","PendulumOfEternity"],"picked":"Singing Bowl","floor":33},{"not_picked":["Collapse","Comet"],"picked":"Unruled","floor":35},{"not_picked":["StuffTheSpire:PlasmaPulse","Master of Strategy"],"picked":"Finesse","floor":36},{"not_picked":["Desolation+1","Comet","Alleviate"],"picked":"Singing Bowl","floor":37},{"not_picked":["Potential","Revamp","Manipulate+1"],"picked":"Singing Bowl","floor":40},{"not_picked":["Sabotage","DoubleEdge+1","Revamp+1"],"picked":"Singing Bowl","floor":42},{"not_picked":["Alleviate","StarChef+1"],"picked":"Hightail","floor":44},{"not_picked":["Rearm+1","Potential+1"],"picked":"Contraction+1","floor":45},{"not_picked":["Alleviate+1","SpecialFormula","TheWorld"],"picked":"Singing Bowl","floor":47},{"not_picked":["Revamp","TimeWarp+1","Desolation+1"],"picked":"Singing Bowl","floor":48},{"not_picked":["Revamp","ShiftingGears+1","Moondial+1"],"picked":"Singing Bowl","floor":51},{"not_picked":["Contraction","Defy+1","Alleviate+1"],"picked":"Singing Bowl","floor":52},{"not_picked":["TimeWarp+1","Ricochet+1","Potential+1"],"picked":"Singing Bowl","floor":56}],"player_experience":632931,"relics_obtained":[{"floor":6.0,"key":"infinitespire:Broken Mirror"},{"floor":9.0,"key":"Singing Bowl"},{"floor":13.0,"key":"hubris:BottledRain"},{"floor":23,"key":"War Paint"},{"floor":26,"key":"Omamori"},{"floor":37,"key":"Girya"},{"floor":40,"key":"Blue Doll"},{"floor":42,"key":"Replay:Bottled Steam"},{"floor":43,"key":"Molten Egg 2"},{"floor":47,"key":"StoneCalendar"},{"floor":52,"key":"paleoftheancients:SoulOfTheCollector"},{"floor":54,"key":"Letter Opener"},{"floor":56,"key":"paleoftheancients:SoulOfTheDefect"}],"event_choices":[{"damage_healed":0.0,"max_hp_gain":0.0,"max_hp_loss":0.0,"gold_gain":0.0,"event_name":"Liars Game","player_choice":"Ignored","floor":2.0,"gold_loss":0.0,"damage_taken":0.0},{"damage_healed":0,"gold_gain":100,"player_choice":"Bet on Murderer","damage_taken":0,"max_hp_gain":0,"max_hp_loss":0,"event_name":"The Joust","floor":24,"gold_loss":50},{"damage_healed":0,"gold_gain":0,"cards_transformed":["Foresight","Manipulate"],"player_choice":"Became Test Subject","damage_taken":0,"max_hp_gain":0,"max_hp_loss":0,"event_name":"Drug Dealer","floor":27,"gold_loss":0,"cards_obtained":["Revamp","ShiftingGears"]},{"damage_healed":0,"gold_gain":0,"player_choice":"Ignored","damage_taken":0,"max_hp_gain":0,"max_hp_loss":0,"event_name":"Ghosts","floor":30,"gold_loss":0},{"damage_healed":0,"gold_gain":0,"player_choice":"Memory 1","damage_taken":0,"max_hp_gain":0,"max_hp_loss":0,"event_name":"SensoryStone","floor":36,"gold_loss":0},{"damage_healed":0,"gold_gain":0,"player_choice":"Fight","damage_taken":0,"max_hp_gain":0,"max_hp_loss":0,"event_name":"MindBloom","floor":37,"gold_loss":0},{"cards_removed":["Defend_S"],"damage_healed":0,"gold_gain":0,"player_choice":"Purged","damage_taken":0,"max_hp_gain":0,"max_hp_loss":0,"event_name":"Purifier","floor":53,"gold_loss":0}],"is_beta":false,"boss_relics":[{"not_picked":["Velvet Choker","energizedSpire:CursedPentagram"],"picked":"Replay:Grab Bag"},{"not_picked":["ReplayTheSpireMod:DimensionalGlitch","Fusion Hammer"],"picked":"hubris:TerracottaHorce"},{"not_picked":["hubris:VirtuousBlindfold","hubris:GrandSneckoEye"],"picked":"aspiration:FutureDiary"},{"not_picked":["SlaversCollar","Ring of Chaos"],"picked":"Replay:Drink Me"},{"not_picked":["aspiration:WatcherSkillbook","StoneMask"],"picked":"StuffTheSpire:Kangaroo"}],"items_purged_floors":[5,20,38,39,58],"is_endless":false,"potions_floor_spawned":[3,6,14,21,22,31,33,37,44,47,51,52],"ascension_level":7}}