{"host":"edc6wmn2qug8wnvl","time":1611480058,"event":{"mods":["AchievementEnabler","BaseMod","Colored Map","Colored Powertips","Minty Spire (QoL Compilation)","StSLib"],"gold_per_floor":[114,114,114,114,129,129,155,171,220,220,231,231,246,256,256,359,359,345,355,454,454,480,480,491,491,491,507,13,13,30,30,30,126,126,136,155,174,57,73,73,25,25,107,9,24,24,24,24],"floor_reached":47,"language":"ENG","playtime":3628,"items_purged":[],"score":452,"play_id":"3572c51c-c7be-4951-90b9-21d57385c975","local_time":"20210124012058","is_ascension_mode":false,"campfire_choices":[{"floor":6.0,"key":"REST"},{"floor":10.0,"key":"REST"},{"floor":12.0,"key":"REST"},{"floor":15,"key":"REST"},{"floor":23,"key":"REST"},{"floor":25,"key":"REST"},{"floor":32,"key":"REST"},{"floor":40,"key":"REST"}],"circlet_count":0,"master_deck":["Strike_B+1","Strike_B+1","Strike_B+1","Defend_B+1","Defend_B+1","Defend_B+1","Defend_B+1","Zap","Dualcast","CurseOfTheBell","Reinforced Body","Hologram","Conserve Battery","Multi-Cast","Doom and Gloom","Redo","Biased Cognition","White Noise+1","Leap+1","Hologram+1","Apotheosis","Loop","Shame","Ball Lightning+1","Auto Shields+1","Aggregate+1","White Noise","Self Repair","Aggregate+1","Stack","Stack+1","FTL+1"],"relics":["Calling Bell","PreservedInsect","Pear","Calipers","Potion Belt","Centennial Puzzle","Runic Pyramid","Toy Ornithopter","Bottled Lightning","Regal Pillow","Happy Flower","Astrolabe","Bottled Tornado"],"acts_visited":["TheCity","TheBeyond"],"potions_floor_usage":[14,16,16,18,19,30,33,39,45,45,45,47],"damage_taken":[{"damage":7.0,"enemies":"Small Slimes","floor":1.0,"turns":4.0},{"damage":3.0,"enemies":"2 Louse","floor":5.0,"turns":4.0},{"damage":59.0,"enemies":"Gremlin Nob","floor":7.0,"turns":6.0},{"damage":3.0,"enemies":"Jaw Worm","floor":8.0,"turns":6.0},{"damage":1.0,"enemies":"2 Fungi Beasts","floor":11.0,"turns":5.0},{"damage":17.0,"enemies":"Large Slime","floor":13.0,"turns":9.0},{"damage":0,"enemies":"Blue Slaver","floor":14,"turns":5},{"damage":10,"enemies":"Slime Boss","floor":16,"turns":6},{"damage":20,"enemies":"2 Thieves","floor":18,"turns":4},{"damage":25,"enemies":"Shell Parasite","floor":19,"turns":6},{"damage":46,"enemies":"Cultist and Chosen","floor":24,"turns":10},{"damage":22,"enemies":"Centurion and Healer","floor":27,"turns":7},{"damage":14,"enemies":"Snake Plant","floor":30,"turns":4},{"damage":33,"enemies":"Collector","floor":33,"turns":14},{"damage":5,"enemies":"Orb Walker","floor":35,"turns":5},{"damage":37,"enemies":"3 Darklings","floor":36,"turns":5},{"damage":47,"enemies":"Sphere and 2 Shapes","floor":37,"turns":7},{"damage":41,"enemies":"Spire Growth","floor":39,"turns":6},{"damage":34,"enemies":"Maw","floor":45,"turns":11},{"damage":55,"enemies":"Jaw Worm Horde","floor":47,"turns":5}],"seed_played":"-3864283168405109867","potions_obtained":[{"floor":7.0,"key":"GamblersBrew"},{"floor":8.0,"key":"DistilledChaos"},{"floor":11.0,"key":"EssenceOfSteel"},{"floor":13,"key":"SneckoOil"},{"floor":14,"key":"SpeedPotion"},{"floor":18,"key":"AttackPotion"},{"floor":30,"key":"SpeedPotion"},{"floor":37,"key":"Explosive Potion"},{"floor":45,"key":"FocusPotion"}],"is_trial":false,"path_per_floor":["M","?","?","?","M","R","E","M","T","R","M","R","M","M","R","B",null,"M","M","?","?","T","R","M","R","T","M","$","?","M","$","R","B",null,"M","M","M","$","M","R","$","?","T","$","M","?","M"],"character_chosen":"DEFECT","items_purchased":["Regal Pillow","Apotheosis","Swift Potion","Aggregate","Loop","FairyPotion","Stack","Block Potion","Fire Potion","Energy Potion"],"campfire_rested":8,"item_purchase_floors":[28,28,28,28,28,38,38,41,44,44],"current_hp_per_floor":[78,78,83,65,62,89,30,27,27,54,53,80,63,63,90,80,90,70,45,45,45,45,72,26,53,53,31,31,31,22,22,64,36,90,85,48,8,8,9,51,51,51,51,51,42,42,0,0],"gold":24,"neow_bonus":"BOSS_RELIC","is_daily":false,"chose_seed":false,"campfire_upgraded":0,"win_rate":0.0,"timestamp":1611480058,"path_taken":["M","?","?","?","M","R","E","M","T","R","?","R","M","M","R","BOSS","M","M","?","?","?","R","M","R","T","M","?","?","?","$","R","BOSS","M","M","?","?","M","R","$","?","T","$","M","?","M"],"items_purchased_type":["Relic","Card","Potion","Card","Card","Potion","Card","Potion","Potion","Potion"],"build_version":"2020-12-22","purchased_purges":0,"victory":false,"max_hp_per_floor":[85,85,90,90,90,90,90,90,90,90,90,90,90,90,90,90,90,90,90,90,90,90,90,90,90,90,90,90,90,90,90,90,90,90,90,90,90,90,90,90,90,90,90,90,90,90,90,90],"card_choices":[{"not_picked":["Double Energy","Compile Driver"],"picked":"Reinforced Body","floor":1.0},{"not_picked":["Storm","Coolheaded"],"picked":"Hologram","floor":5.0},{"not_picked":["Barrage","Beam Cell"],"picked":"Conserve Battery","floor":7.0},{"not_picked":["Reinforced Body","Storm"],"picked":"Multi-Cast","floor":8.0},{"not_picked":["Static Discharge","Cold Snap"],"picked":"Reinforced Body","floor":11.0},{"not_picked":["Ball Lightning","Defragment"],"picked":"Doom and Gloom","floor":13},{"not_picked":["Compile Driver","Steam"],"picked":"Redo","floor":14},{"not_picked":["Machine Learning","Fission"],"picked":"Biased Cognition","floor":16},{"not_picked":["Hologram","Force Field+1"],"picked":"White Noise+1","floor":18},{"not_picked":["Storm","Cold Snap","Beam Cell"],"picked":"SKIP","floor":19},{"not_picked":["Steam+1","Hologram"],"picked":"Leap+1","floor":24},{"not_picked":["Tempest+1","Beam Cell+1"],"picked":"Hologram+1","floor":27},{"not_picked":["Cold Snap","Compile Driver","Ball Lightning"],"picked":"SKIP","floor":30},{"not_picked":["Rainbow","Machine Learning"],"picked":"Seek","floor":33},{"not_picked":["Barrage","Compile Driver"],"picked":"White Noise","floor":35},{"not_picked":["Leap","Sweeping Beam+1"],"picked":"Self Repair","floor":36},{"not_picked":["Static Discharge+1","Chaos+1"],"picked":"Aggregate+1","floor":37},{"not_picked":["Beam Cell","Steam+1"],"picked":"Stack+1","floor":39},{"not_picked":["Coolheaded+1","Cold Snap"],"picked":"FTL+1","floor":45}],"player_experience":11666,"relics_obtained":[{"floor":0.0,"key":"PreservedInsect"},{"floor":0.0,"key":"Pear"},{"floor":0.0,"key":"Calipers"},{"floor":7.0,"key":"Potion Belt"},{"floor":9.0,"key":"Centennial Puzzle"},{"floor":22,"key":"Toy Ornithopter"},{"floor":26,"key":"Bottled Lightning"},{"floor":43,"key":"Bottled Tornado"}],"event_choices":[{"damage_healed":0.0,"max_hp_gain":0.0,"max_hp_loss":0.0,"gold_gain":0.0,"event_name":"The Cleric","player_choice":"Leave","floor":2.0,"gold_loss":0.0,"damage_taken":0.0},{"damage_healed":0.0,"max_hp_gain":5.0,"max_hp_loss":0.0,"gold_gain":0.0,"event_name":"Big Fish","player_choice":"Donut","floor":3.0,"gold_loss":0.0,"damage_taken":0.0},{"damage_healed":0.0,"max_hp_gain":0.0,"max_hp_loss":0.0,"gold_gain":0.0,"event_name":"Shining Light","player_choice":"Entered Light","floor":4.0,"gold_loss":0.0,"damage_taken":18.0,"cards_upgraded":["Defend_B","Strike_B"]},{"damage_healed":0,"gold_gain":99,"player_choice":"Stole From Cult","damage_taken":0,"max_hp_gain":0,"max_hp_loss":0,"event_name":"Nest","floor":20,"gold_loss":0},{"damage_healed":0,"gold_gain":0,"player_choice":"Simplicity","damage_taken":0,"max_hp_gain":0,"max_hp_loss":0,"event_name":"Back to Basics","floor":21,"gold_loss":0,"cards_upgraded":["Strike_B","Strike_B","Strike_B","Defend_B","Defend_B","Defend_B"]},{"damage_healed":0,"gold_gain":0,"player_choice":"Stole Relic","damage_taken":0,"relics_obtained":["Happy Flower"],"max_hp_gain":0,"max_hp_loss":0,"event_name":"Addict","floor":29,"gold_loss":0,"cards_obtained":["Shame"]},{"cards_removed":["Strike_B"],"damage_healed":0,"gold_gain":0,"player_choice":"Removed Attack","damage_taken":0,"max_hp_gain":0,"max_hp_loss":0,"event_name":"Falling","floor":42,"gold_loss":0},{"damage_healed":0,"gold_gain":0,"player_choice":"Ignored","damage_taken":0,"max_hp_gain":0,"max_hp_loss":0,"event_name":"Mysterious Sphere","floor":46,"gold_loss":0}],"is_beta":false,"boss_relics":[{"not_picked":["Philosopher\u0027s Stone","Black Star"],"picked":"Runic Pyramid"},{"not_picked":["Coffee Dripper","Snecko Eye"],"picked":"Astrolabe"}],"items_purged_floors":[],"is_endless":false,"potions_floor_spawned":[7,8,11,13,14,18,30,37,45],"killed_by":"Jaw Worm Horde","ascension_level":0}}