{"host":"w7o06k3e8uel8euj","time":1611492007,"event":{"mods":["AchievementEnabler","BaseMod","Colored Powertips","Custom Start","DeckTracker","Keyboard Shortcuts","Minty Spire (QoL Compilation)","Quick Restart","Relic Stats","StSLib","SuperFastMode","everything is the same but u backflip on backflip"],"gold_per_floor":[219,63,75,75,87,87,128,128,179,179,199,199,219,109,109,109,109],"floor_reached":16,"language":"KOR","playtime":304,"items_purged":["Parasite"],"score":115,"play_id":"d0f8f864-77fe-410d-91c9-3d7bbf93d9e7","local_time":"20210124214007","is_ascension_mode":true,"campfire_choices":[{"data":"Eviscerate","floor":10.0,"key":"SMITH"},{"data":"Escape Plan","floor":12,"key":"SMITH"},{"data":"Blur","floor":15,"key":"SMITH"}],"circlet_count":0,"master_deck":["Strike_G","Strike_G","Strike_G","Strike_G","Strike_G","Defend_G","Defend_G","Defend_G","Defend_G","Defend_G","Survivor","Neutralize","Escape Plan+1","Eviscerate+1","Prepared+1","Prepared+1","Crippling Poison+1","Blur+1"],"relics":["Ring of the Snake","Orrery","Golden Idol","Potion Belt","War Paint"],"acts_visited":["Exordium"],"potions_floor_usage":[16],"damage_taken":[{"damage":18.0,"enemies":"Jaw Worm","floor":1.0,"turns":5.0},{"damage":6.0,"enemies":"Cultist","floor":3.0,"turns":3.0},{"damage":5.0,"enemies":"2 Louse","floor":5.0,"turns":3.0},{"damage":26.0,"enemies":"Gremlin Nob","floor":7.0,"turns":5.0},{"damage":1,"enemies":"Large Slime","floor":11,"turns":6},{"damage":0,"enemies":"2 Fungi Beasts","floor":13,"turns":2},{"damage":15,"enemies":"Hexaghost","floor":16,"turns":14}],"seed_played":"833038919211462517","potions_obtained":[{"floor":1.0,"key":"PowerPotion"},{"floor":5.0,"key":"EssenceOfSteel"}],"is_trial":false,"path_per_floor":["M","$","M","?","M","?","E","?","T","R","M","R","M","$","R","B"],"character_chosen":"THE_SILENT","items_purchased":["Orrery","Blur"],"campfire_rested":0,"item_purchase_floors":[2,14],"current_hp_per_floor":[52,52,46,46,41,41,15,31,31,31,30,30,30,30,30,15,15],"gold":109,"neow_bonus":"HUNDRED_GOLD","is_daily":false,"chose_seed":false,"campfire_upgraded":3,"win_rate":0.0,"timestamp":1611492007,"path_taken":["M","$","M","?","?","?","E","?","T","R","M","R","M","$","R","BOSS"],"items_purchased_type":["Relic","Card"],"build_version":"2020-12-22","purchased_purges":1,"victory":false,"max_hp_per_floor":[70,70,70,70,70,65,65,65,65,65,65,65,65,62,62,62,62],"relic_stats":{"counters":[7,38],"Golden Idol":16,"War Paint":["Prepared","Crippling Poison"],"obtain_stats":[{"Potion Belt":7,"Golden Idol":6,"Orrery":2,"War Paint":9,"Ring of the Snake":0},{"Potion Belt":4,"Golden Idol":3,"Orrery":1,"War Paint":4,"Ring of the Snake":0},{"Potion Belt":16,"Golden Idol":11,"Orrery":5,"War Paint":16,"Ring of the Snake":0}],"Ring of the Snake":[14]},"card_choices":[{"not_picked":["Distraction","Sucker Punch"],"picked":"Escape Plan","floor":1.0},{"not_picked":["Acrobatics","Unload"],"picked":"Eviscerate","floor":2.0},{"not_picked":["Flechettes","Finisher"],"picked":"Prepared","floor":2.0},{"not_picked":["Distraction","Underhanded Strike","Catalyst"],"picked":"SKIP","floor":3.0},{"not_picked":["Dagger Spray","Sucker Punch"],"picked":"Prepared","floor":5.0},{"not_picked":["Dodge and Roll","All Out Attack","Crippling Poison"],"picked":"SKIP","floor":7.0},{"not_picked":["Dodge and Roll","All Out Attack"],"picked":"Crippling Poison","floor":7.0},{"not_picked":["PiercingWail","All Out Attack","Dagger Spray"],"picked":"SKIP","floor":11},{"not_picked":["Poisoned Stab","Outmaneuver","Die Die Die"],"picked":"SKIP","floor":13}],"player_experience":504715,"relics_obtained":[{"floor":7.0,"key":"Potion Belt"},{"floor":9.0,"key":"War Paint"}],"event_choices":[{"damage_healed":0.0,"max_hp_gain":0.0,"max_hp_loss":0.0,"gold_gain":0.0,"event_name":"Accursed Blacksmith","player_choice":"Forge","floor":4.0,"gold_loss":0.0,"damage_taken":0.0,"cards_upgraded":["Prepared"]},{"damage_healed":0.0,"max_hp_gain":0.0,"max_hp_loss":5.0,"gold_gain":0.0,"event_name":"Golden Idol","player_choice":"Lose Max HP","floor":6.0,"gold_loss":0.0,"damage_taken":0.0,"relics_obtained":["Golden Idol"]},{"damage_healed":16.0,"max_hp_gain":0.0,"max_hp_loss":0.0,"gold_gain":0.0,"event_name":"Mushrooms","player_choice":"Healed and dodged fight","floor":8.0,"gold_loss":0.0,"damage_taken":0.0,"cards_obtained":["Parasite"]}],"is_beta":false,"boss_relics":[],"items_purged_floors":[14],"is_endless":false,"potions_floor_spawned":[1,5],"killed_by":"Hexaghost","ascension_level":3}}