{"host":"yuoancq4cku3x8wq","time":1611510760,"event":{"mods":["AchievementEnabler","BaseMod","Minty Spire (QoL Compilation)","Quick Restart","StSLib","SuperFastMode"],"gold_per_floor":[119,119,138,138,138,176,197,233,286,299,324,349,380,380,380,471,471,490,490,490,503,170,215,115,128,155,171,204,129,163,176,176,275,275,288,302,30,55,68,99,132,152,152,205,205,226,279,291,303,315,327,339,351,35,87,87],"floor_reached":57,"language":"ZHS","playtime":1991,"items_purged":["Strike_P","Strike_P"],"score":3627,"play_id":"9a8f5aa0-d775-4c27-ba32-158115d39609","local_time":"20210125015240","is_ascension_mode":true,"campfire_choices":[{"floor":15.0,"key":"RECALL"},{"floor":32.0,"key":"REST"},{"floor":49.0,"key":"REST"},{"floor":53.0,"key":"REST"}],"circlet_count":0,"master_deck":["AscendersBane","Strike_P+1","Defend_P+1","Defend_P+1","Eruption+1","Vigilance+1","BowlingBash+1","WheelKick+1","FlurryOfBlows+1","ClearTheMind+1","Tantrum+1","Ragnarok+1","Weave+1","LessonLearned+1","Adaptation+1","FearNoEvil+1","Brilliance+1","Crescendo+1","Calculated Gamble+1","Power Through+1","Turbo","Adaptation+1","MentalFortress+1","Machine Learning+1"],"relics":["Fusion Hammer","PreservedInsect","Golden Idol","Ice Cream","Damaru","Potion Belt","Eternal Feather","Art of War","Black Star","PrismaticShard","Mercury Hourglass","CeramicFish","MealTicket","Kunai","The Courier","HornCleat","SacredBark","Medical Kit","Centennial Puzzle","Blue Candle","Anchor","Frozen Egg 2","Orichalcum","Boot","MawBank","Happy Flower","Mummified Hand","FossilizedHelix","Letter Opener"],"acts_visited":["Exordium","TheCity","TheBeyond","TheEnding"],"potions_floor_usage":[56],"damage_taken":[{"damage":0.0,"enemies":"Cultist","floor":1.0,"turns":2.0},{"damage":0.0,"enemies":"Small Slimes","floor":3.0,"turns":2.0},{"damage":7.0,"enemies":"3 Sentries","floor":6.0,"turns":2.0},{"damage":0.0,"enemies":"2 Louse","floor":7.0,"turns":2.0},{"damage":3.0,"enemies":"Gremlin Nob","floor":8.0,"turns":3.0},{"damage":0.0,"enemies":"Exordium Wildlife","floor":10.0,"turns":2.0},{"damage":4.0,"enemies":"2 Fungi Beasts","floor":11.0,"turns":3.0},{"damage":7.0,"enemies":"3 Louse","floor":12.0,"turns":4.0},{"damage":0.0,"enemies":"3 Sentries","floor":13.0,"turns":2.0},{"damage":40.0,"enemies":"The Guardian","floor":16.0,"turns":10.0},{"damage":0.0,"enemies":"Shell Parasite","floor":18.0,"turns":1.0},{"damage":6.0,"enemies":"Spheric Guardian","floor":21.0,"turns":3.0},{"damage":0.0,"enemies":"Gremlin Leader","floor":23.0,"turns":3.0},{"damage":0.0,"enemies":"Cultist and Chosen","floor":25.0,"turns":2.0},{"damage":0.0,"enemies":"Snake Plant","floor":27.0,"turns":1.0},{"damage":14.0,"enemies":"Book of Stabbing","floor":28.0,"turns":2.0},{"damage":8.0,"enemies":"Slavers","floor":30.0,"turns":2.0},{"damage":12.0,"enemies":"Shelled Parasite and Fungi","floor":31.0,"turns":4.0},{"damage":2.0,"enemies":"Automaton","floor":33.0,"turns":4.0},{"damage":0.0,"enemies":"3 Darklings","floor":35.0,"turns":2.0},{"damage":18.0,"enemies":"3 Shapes","floor":36.0,"turns":12.0},{"damage":9.0,"enemies":"Writhing Mass","floor":38.0,"turns":4.0},{"damage":10.0,"enemies":"Spire Growth","floor":39.0,"turns":4.0},{"damage":9.0,"enemies":"Reptomancer","floor":40.0,"turns":2.0},{"damage":1.0,"enemies":"Maw","floor":41.0,"turns":4.0},{"damage":2.0,"enemies":"Writhing Mass","floor":42.0,"turns":3.0},{"damage":3.0,"enemies":"Nemesis","floor":44.0,"turns":3.0},{"damage":0.0,"enemies":"Sphere and 2 Shapes","floor":46.0,"turns":4.0},{"damage":0.0,"enemies":"Reptomancer","floor":47.0,"turns":2.0},{"damage":12.0,"enemies":"Donu and Deca","floor":50.0,"turns":5.0},{"damage":27.0,"enemies":"Awakened One","floor":51.0,"turns":9.0},{"damage":4,"enemies":"Shield and Spear","floor":55,"turns":4},{"damage":77,"enemies":"The Heart","floor":56,"turns":8}],"seed_played":"-3129120239100749772","potions_obtained":[{"floor":3.0,"key":"Energy Potion"},{"floor":7.0,"key":"LiquidBronze"},{"floor":13.0,"key":"Swift Potion"},{"floor":16.0,"key":"FearPotion"},{"floor":21.0,"key":"BottledMiracle"},{"floor":25.0,"key":"FairyPotion"},{"floor":27.0,"key":"Strength Potion"},{"floor":30.0,"key":"GamblersBrew"},{"floor":41.0,"key":"SpeedPotion"},{"floor":42.0,"key":"AttackPotion"},{"floor":44.0,"key":"LiquidMemories"},{"floor":47.0,"key":"DistilledChaos"}],"is_trial":false,"path_per_floor":["M","T","M","?","?","E","M","E","T","M","M","M","E","?","R","B",null,"M","?","?","M","$","E","$","M","T","M","E","?","E","M","R","B",null,"M","M","$","M","M","E","M","M","T","E","?","M","E","?","R","B","B",null,"R","$","E","B",null],"character_chosen":"WATCHER","items_purchased":["PrismaticShard","Adaptation","Medical Kit","Centennial Puzzle","Mummified Hand","Adaptation+1","MentalFortress+1"],"campfire_rested":3,"item_purchase_floors":[22,22,37,37,54,54,54],"current_hp_per_floor":[61,61,61,61,61,54,54,51,51,51,47,40,40,35,44,4,48,48,48,48,42,42,42,42,42,42,42,28,28,20,8,35,33,55,55,37,52,43,33,24,23,21,21,18,18,18,18,18,48,36,9,49,62,62,58,37],"gold":87,"neow_bonus":"BOSS_RELIC","is_daily":false,"chose_seed":false,"campfire_upgraded":0,"win_rate":0.0,"timestamp":1611510760,"path_taken":["M","?","M","?","?","E","M","E","T","M","?","M","E","?","R","BOSS","M","?","?","?","$","E","$","M","T","M","E","?","E","M","R","BOSS","M","M","$","M","M","E","M","M","T","E","?","?","E","?","R","BOSS","BOSS","R","$","E","BOSS"],"items_purchased_type":["Relic","Card","Relic","Relic","Relic","Card","Card"],"build_version":"2020-12-22","purchased_purges":2,"victory":true,"max_hp_per_floor":[68,68,68,68,62,62,62,62,62,62,62,62,62,62,62,62,62,62,62,62,62,62,62,62,62,62,62,62,62,62,62,62,62,62,62,62,62,62,62,62,62,62,62,62,62,62,62,62,62,62,62,62,62,62,62,62],"card_choices":[{"not_picked":["Protect","FlurryOfBlows"],"picked":"BowlingBash","floor":1.0},{"not_picked":["PathToVictory","Consecrate"],"picked":"WheelKick","floor":3.0},{"not_picked":["Study","SashWhip","DeceiveReality"],"picked":"SKIP","floor":6.0},{"not_picked":["WreathOfFlame","FollowUp","Evaluate"],"picked":"SKIP","floor":7.0},{"not_picked":["Consecrate","Worship"],"picked":"FlurryOfBlows","floor":8.0},{"not_picked":["EmptyBody","Perseverance"],"picked":"ClearTheMind","floor":10.0},{"not_picked":["Prostrate","WreathOfFlame","Consecrate"],"picked":"SKIP","floor":11.0},{"not_picked":["FollowUp","Evaluate","Protect"],"picked":"SKIP","floor":12.0},{"not_picked":["Establishment","SashWhip"],"picked":"Tantrum","floor":13.0},{"not_picked":["ConjureBlade","Devotion"],"picked":"Ragnarok","floor":16.0},{"not_picked":["Halt","Prostrate","FlurryOfBlows"],"picked":"SKIP","floor":18.0},{"not_picked":["SignatureMove","SashWhip","WaveOfTheHand"],"picked":"SKIP","floor":21.0},{"not_picked":["Bludgeon","Crescendo"],"picked":"FearNoEvil","floor":23.0},{"not_picked":["Rage","Double Energy","WindmillStrike"],"picked":"SKIP","floor":25.0},{"not_picked":["CrushJoints","Anger","SignatureMove"],"picked":"SKIP","floor":27.0},{"not_picked":["Bane+1","Spot Weakness","Panacea"],"picked":"SKIP","floor":28.0},{"not_picked":["Sweeping Beam","Mind Blast","Glacier"],"picked":"SKIP","floor":30.0},{"not_picked":["Steam","Perfected Strike","Barrage"],"picked":"SKIP","floor":31.0},{"not_picked":["Metamorphosis","Phantasmal Killer"],"picked":"Brilliance","floor":33.0},{"not_picked":["Heavy Blade","Compile Driver","Enlightenment"],"picked":"SKIP","floor":35.0},{"not_picked":["CrushJoints","Barrage+1","Rampage+1"],"picked":"SKIP","floor":36.0},{"not_picked":["Evaluate","Dash"],"picked":"Crescendo","floor":38.0},{"not_picked":["Glacier+1","Second Wind+1","Backstab"],"picked":"SKIP","floor":39.0},{"not_picked":["Leap+1","Streamline","Blade Dance+1"],"picked":"SKIP","floor":40.0},{"not_picked":["Body Slam","ThirdEye"],"picked":"Calculated Gamble","floor":41.0},{"not_picked":["Dodge and Roll","Weave","Deflect"],"picked":"SKIP","floor":42.0},{"not_picked":["Trip","Ragnarok"],"picked":"Power Through+1","floor":44.0},{"not_picked":["Sword Boomerang","Stack","Static Discharge+1"],"picked":"SKIP","floor":46.0},{"not_picked":["Accuracy+1","Deep Breath"],"picked":"Turbo","floor":47.0},{"not_picked":["Compile Driver","Brilliance"],"picked":"Machine Learning+1","floor":55}],"player_experience":298381,"relics_obtained":[{"floor":2.0,"key":"PreservedInsect"},{"floor":6.0,"key":"Ice Cream"},{"floor":8.0,"key":"Damaru"},{"floor":9.0,"key":"Potion Belt"},{"floor":13.0,"key":"Eternal Feather"},{"floor":23.0,"key":"Mercury Hourglass"},{"floor":23.0,"key":"CeramicFish"},{"floor":28.0,"key":"MealTicket"},{"floor":28.0,"key":"Kunai"},{"floor":30.0,"key":"The Courier"},{"floor":30.0,"key":"HornCleat"},{"floor":40.0,"key":"Blue Candle"},{"floor":40.0,"key":"Anchor"},{"floor":43.0,"key":"Frozen Egg 2"},{"floor":44.0,"key":"Orichalcum"},{"floor":44.0,"key":"Boot"},{"floor":47.0,"key":"MawBank"},{"floor":47.0,"key":"Happy Flower"},{"floor":55,"key":"FossilizedHelix"},{"floor":55,"key":"Letter Opener"}],"event_choices":[{"damage_healed":0.0,"max_hp_gain":0.0,"max_hp_loss":0.0,"gold_gain":0.0,"event_name":"Shining Light","player_choice":"Ignored","floor":4.0,"gold_loss":0.0,"damage_taken":0.0},{"damage_healed":0.0,"max_hp_gain":0.0,"max_hp_loss":6.0,"gold_gain":0.0,"event_name":"Golden Idol","player_choice":"Lose Max HP","floor":5.0,"gold_loss":0.0,"damage_taken":0.0,"relics_obtained":["Golden Idol"]},{"damage_healed":0.0,"max_hp_gain":0.0,"max_hp_loss":0.0,"gold_gain":0.0,"event_name":"Scrap Ooze","player_choice":"Success","floor":14.0,"gold_loss":0.0,"damage_taken":5.0,"relics_obtained":["Art of War"]},{"damage_healed":0.0,"max_hp_gain":0.0,"max_hp_loss":0.0,"gold_gain":0.0,"cards_transformed":["Defend_P","Defend_P"],"event_name":"Drug Dealer","player_choice":"Became Test Subject","floor":19.0,"gold_loss":0.0,"damage_taken":0.0,"cards_obtained":["Weave","LessonLearned"]},{"damage_healed":0.0,"max_hp_gain":0.0,"max_hp_loss":0.0,"gold_gain":0.0,"event_name":"Accursed Blacksmith","player_choice":"Forge","floor":20.0,"gold_loss":0.0,"damage_taken":0.0,"cards_upgraded":["Ragnarok"]},{"cards_removed":["Strike_P"],"damage_healed":0.0,"max_hp_gain":0.0,"max_hp_loss":0.0,"gold_gain":0.0,"event_name":"Beggar","player_choice":"Gave Gold","floor":29.0,"gold_loss":75.0,"damage_taken":0.0},{"damage_healed":0.0,"max_hp_gain":0.0,"max_hp_loss":0.0,"gold_gain":0.0,"event_name":"Upgrade Shrine","player_choice":"Upgraded","floor":45.0,"gold_loss":0.0,"damage_taken":0.0,"cards_upgraded":["Calculated Gamble"]},{"damage_healed":0.0,"max_hp_gain":0.0,"max_hp_loss":0.0,"gold_gain":0.0,"event_name":"Tomb of Lord Red Mask","player_choice":"Ignored","floor":48.0,"gold_loss":0.0,"damage_taken":0.0}],"is_beta":false,"boss_relics":[{"not_picked":["Snecko Eye","Philosopher\u0027s Stone"],"picked":"Black Star"},{"not_picked":["Sozu","Cursed Key"],"picked":"SacredBark"}],"items_purged_floors":[22,24],"is_endless":false,"potions_floor_spawned":[3,7,13,16,21,25,27,30,41,42,44,47],"ascension_level":20}}