{"host":"0fm1w3v00gid44jl","time":1611519034,"event":{"mods":["AchievementEnabler","BaseMod","Colored Map","Colored Powertips","Displayed Cursed Tome","Downfall","Googly Eyes","Highlight Path","Minty Spire (QoL Compilation)","Permanent Neow","Relic Stats","StSLib","SuperFastMode","slay the spire mod where everything is the same but ironclad has a cowboy hat"],"gold_per_floor":[0,13,13,0,16,46,46,46,46,46,46,71,71,88,105,203,203,203,223,323,323,323,355,402,430,430,430,430],"floor_reached":26,"language":"ENG","playtime":732,"items_purged":[],"score":233,"play_id":"e8307e26-d985-426a-8b41-8589089350f7","local_time":"20210124141034","is_ascension_mode":true,"campfire_choices":[{"data":"bronze:Replicate","floor":1.0,"key":"SMITH"},{"data":"bronze:Iterate","floor":8.0,"key":"SMITH"},{"data":"bronze:InfiniteBeams","floor":10.0,"key":"SMITH"},{"data":"bronze:WhirlingStrike","floor":13.0,"key":"SMITH"},{"data":"bronze:RecursiveStrike","floor":18.0,"key":"SMITH"}],"circlet_count":0,"master_deck":["bronze:Strike","bronze:Strike+1","bronze:Strike","bronze:Defend+1","bronze:Defend","bronze:Defend","bronze:Defend","bronze:Replicate+1","bronze:Goto","bronze:Verify","bronze:Frontload+1","bronze:InfiniteBeams+1","bronze:Iterate+1","downfall:Malfunctioning","bronze:WhirlingStrike+1","bronze:Invalidate","bronze:RecursiveStrike+1","bronze:Shell","bronze:DonuBeam","bronze:FineTuning","bronze:Philosophize","bronze:FineTuning"],"relics":["bronze:BronzeCore","Boot","Potion Belt","bronze:BottledCode","Runic Pyramid","downfall:RedIOU","Unceasing Top","CeramicFish"],"acts_visited":["Exordium","TheCity"],"potions_floor_usage":[20,23],"damage_taken":[{"damage":3.0,"enemies":"Small Slimes","floor":2.0,"turns":3.0},{"damage":0.0,"enemies":"downfall:FleeingMerchant","floor":4.0,"turns":4.0},{"damage":0.0,"enemies":"Cultist","floor":5.0,"turns":4.0},{"damage":1.0,"enemies":"Lagavulin","floor":12.0,"turns":5.0},{"damage":5.0,"enemies":"2 Louse","floor":14.0,"turns":2.0},{"damage":0.0,"enemies":"Large Slime","floor":15.0,"turns":4.0},{"damage":32.0,"enemies":"SI_SHIV_ARCHETYPE","floor":16.0,"turns":9.0},{"damage":0,"enemies":"Spheric Guardian","floor":19,"turns":3},{"damage":13,"enemies":"Spheric Guardian","floor":20,"turns":5},{"damage":44,"enemies":"Book of Stabbing","floor":23,"turns":4},{"damage":5,"enemies":"Shell Parasite","floor":25,"turns":3},{"damage":10,"enemies":"downfall:FleeingMerchant","floor":26,"turns":2}],"seed_played":"8265113134485840395","potions_obtained":[{"floor":5.0,"key":"Block Potion"},{"floor":12.0,"key":"GamblersBrew"},{"floor":16.0,"key":"champ:CounterPotion"},{"floor":19,"key":"Regen Potion"},{"floor":23,"key":"champ:CounterPotion"}],"is_trial":false,"path_per_floor":["R","M","?","$","M","?","T","R","?","R","?","E","R","M","M","B",null,"R","M","?","?","?","E","T","M","$"],"character_chosen":"THE_AUTOMATON","items_purchased":[],"campfire_rested":0,"item_purchase_floors":[],"current_hp_per_floor":[70,67,67,67,67,67,67,67,67,67,60,59,59,54,54,22,60,60,60,47,47,47,15,15,10,0,0,0],"gold":430,"neow_bonus":"THREE_RARE_CARDS","is_daily":false,"chose_seed":false,"campfire_upgraded":5,"win_rate":0.0,"timestamp":1611519034,"path_taken":["R","M","?","?","?","?","T","R","?","R","?","E","R","M","M","BOSS","R","M","?","?","?","E","T","?","$"],"items_purchased_type":[],"build_version":"2020-12-22","purchased_purges":0,"victory":false,"max_hp_per_floor":[70,70,70,70,70,70,70,70,70,70,60,60,60,60,60,60,60,60,60,60,60,60,60,60,60,60,60,60],"relic_stats":{"counters":[12,48],"CeramicFish":9,"Boot":[106],"obtain_stats":[{"Potion Belt":7,"bronze:BottledCode":11,"bronze:BronzeCore":0,"CeramicFish":24,"Oddly Smooth Stone":12,"downfall:RedIOU":22,"Boot":6,"Unceasing Top":23,"Runic Pyramid":17},{"Potion Belt":3,"bronze:BottledCode":3,"bronze:BronzeCore":0,"CeramicFish":10,"Oddly Smooth Stone":4,"downfall:RedIOU":9,"Boot":3,"Unceasing Top":10,"Runic Pyramid":7},{"Potion Belt":11,"bronze:BottledCode":11,"bronze:BronzeCore":0,"CeramicFish":43,"Oddly Smooth Stone":16,"downfall:RedIOU":39,"Boot":11,"Unceasing Top":43,"Runic Pyramid":31}],"Unceasing Top":[1]},"card_choices":[{"not_picked":["bronze:Virus","bronze:ThunderWave"],"picked":"bronze:Verify","floor":0.0},{"not_picked":["bronze:Turbo","bronze:ForceShield"],"picked":"bronze:Frontload","floor":2.0},{"not_picked":["bronze:Turbo","bronze:Deprecate"],"picked":"bronze:Iterate","floor":4.0},{"not_picked":["bronze:WildBeam","bronze:Shield","bronze:DelayedSlice"],"picked":"SKIP","floor":5.0},{"not_picked":["bronze:CloningBeam","bronze:Refactor"],"picked":"bronze:WhirlingStrike","floor":12.0},{"not_picked":["bronze:ForceShield","bronze:WildBeam","bronze:Safeguard"],"picked":"SKIP","floor":14.0},{"not_picked":["bronze:ItsAFeature","bronze:Deprecate"],"picked":"bronze:Invalidate","floor":15.0},{"not_picked":["bronze:ShipIt","bronze:Library"],"picked":"bronze:RecursiveStrike","floor":16.0},{"not_picked":["bronze:Constructor","bronze:Shield"],"picked":"bronze:Shell","floor":19},{"not_picked":[],"picked":"bronze:DonuBeam","floor":20},{"not_picked":["bronze:CutThrough","bronze:BronzeOrb"],"picked":"bronze:FineTuning","floor":20},{"not_picked":["bronze:CleanCode","bronze:Overheat"],"picked":"bronze:Philosophize","floor":23},{"not_picked":["bronze:DelayedSlice","bronze:Overheat"],"picked":"bronze:FineTuning","floor":25}],"player_experience":1495196,"relics_obtained":[{"floor":7.0,"key":"Potion Belt"},{"floor":12.0,"key":"Oddly Smooth Stone"},{"floor":23,"key":"Unceasing Top"},{"floor":24,"key":"CeramicFish"}],"event_choices":[],"is_beta":false,"boss_relics":[{"not_picked":["Sozu","Philosopher\u0027s Stone"],"picked":"Runic Pyramid"}],"items_purged_floors":[],"is_endless":false,"potions_floor_spawned":[5,12,16,19,23],"killed_by":"downfall:FleeingMerchant","ascension_level":1}}