{"host":"shb6fs4xkmgx64v4","time":1611507910,"event":{"mods":["AchievementEnabler","BaseMod","Colored Map","Downfall","Minty Spire (QoL Compilation)","StSLib"],"gold_per_floor":[99,115,127,37,37,37,37,37,47,47,47,74,74,104,114,211,211,11,25,110,129,129,129,129,154,173,185,185,185,17,17,28,28,28,28],"floor_reached":33,"language":"ENG","playtime":1619,"items_purged":["sneckomod:Strike"],"score":253,"play_id":"6f8de827-6393-4688-83cf-b5893384746a","local_time":"20210124120510","is_ascension_mode":false,"campfire_choices":[{"data":"sneckomod:TailWhip","floor":1,"key":"SMITH"},{"floor":6,"key":"RECALL"},{"floor":8,"key":"REST"},{"data":"sneckomod:SnekBite","floor":11,"key":"SMITH"},{"data":"sneckomod:UnknownDexterity","floor":13,"key":"SMITH"},{"data":"sneckomod:SerpentMind","floor":18,"key":"SMITH"},{"data":"sneckomod:CheapStock","floor":23,"key":"SMITH"},{"floor":29,"key":"REST"}],"circlet_count":0,"master_deck":["sneckomod:TailWhip+1","sneckomod:SnekBite+1","sneckomod:Unknown","sneckomod:Unknown","sneckomod:UnknownDexterity","sneckomod:UnknownDexterity+1","sneckomod:UnknownVulnerable","sneckomod:UnknownDexterity","sneckomod:QuickMove","sneckomod:QuickMove","sneckomod:SerpentMind+1","sneckomod:UnknownUncommonSkill","sneckomod:CheapStock+1","sneckomod:MasterEye","sneckomod:CheapStock","sneckomod:SoulDraw+1","sneckomod:QuickBite+1","sneckomod:UnknownBlock","sneckomod:MasterEye","sneckomod:ImprovisedGuard","sneckomod:UnknownX+1"],"relics":["sneckomod:SneckoSoul","Blood Vial","Odd Mushroom","Empty Cage","downfall:HeartBlessingRed","downfall:HeartBlessingBlue","Akabeko","Toy Ornithopter","Dream Catcher","MealTicket","MutagenicStrength"],"acts_visited":["Exordium","TheCity"],"potions_floor_usage":[14,14,25,25,33],"damage_taken":[{"damage":3,"enemies":"Jaw Worm","floor":2,"turns":2},{"damage":0,"enemies":"2 Louse","floor":3,"turns":2},{"damage":0,"enemies":"downfall:FleeingMerchant","floor":4,"turns":4},{"damage":6,"enemies":"Small Slimes","floor":9,"turns":2},{"damage":13,"enemies":"The Mushroom Lair","floor":14,"turns":3},{"damage":3,"enemies":"Blue Slaver","floor":15,"turns":3},{"damage":55,"enemies":"IC_STATUS_ARCHETYPE","floor":16,"turns":12},{"damage":10,"enemies":"Spheric Guardian","floor":19,"turns":5},{"damage":2,"enemies":"3 Cultists","floor":21,"turns":3},{"damage":42,"enemies":"Slavers","floor":25,"turns":8},{"damage":20,"enemies":"Snecko","floor":26,"turns":6},{"damage":29,"enemies":"Shelled Parasite and Fungi","floor":27,"turns":6},{"damage":15,"enemies":"downfall:FleeingMerchant","floor":30,"turns":4},{"damage":34,"enemies":"Sentry and Sphere","floor":32,"turns":7},{"damage":11,"enemies":"DF_ARCHETYPE_CLAW","floor":33,"turns":3}],"seed_played":"-874947873417133304","potions_obtained":[{"floor":2,"key":"Explosive Potion"},{"floor":9,"key":"sneckomod:DiceRollPotion"},{"floor":14,"key":"EssenceOfSteel"},{"floor":19,"key":"Block Potion"},{"floor":26,"key":"GamblersBrew"},{"floor":27,"key":"LiquidBronze"},{"floor":32,"key":"Fire Potion"}],"is_trial":false,"path_per_floor":["R","M","M","$","?","R","T","R","M","?","R","T","R","?","M","B",null,"R","M","?","M","?","R","T","E","M","M","T","R","$","?","M","B"],"character_chosen":"THE_SNECKO","items_purchased":["sneckomod:MasterEye","sneckomod:ImprovisedGuard"],"campfire_rested":2,"item_purchase_floors":[30,30],"current_hp_per_floor":[63,60,60,60,60,60,60,87,81,81,81,81,81,70,69,16,90,100,90,76,76,76,76,76,46,28,1,1,31,33,33,1,0,0,0],"gold":28,"neow_bonus":"REMOVE_TWO","is_daily":false,"chose_seed":false,"campfire_upgraded":5,"win_rate":0.0,"timestamp":1611507910,"path_taken":["R","M","M","$","?","R","T","R","M","?","R","?","R","?","M","BOSS","R","M","?","M","?","R","T","E","M","M","?","R","$","?","M","BOSS"],"items_purchased_type":["Card","Card"],"build_version":"2020-12-22","purchased_purges":1,"victory":false,"max_hp_per_floor":[90,90,90,90,90,90,90,90,90,90,90,90,90,90,90,90,90,100,100,100,100,100,100,100,100,100,100,100,100,100,100,100,100,100,100],"card_choices":[{"not_picked":["sneckomod:UnknownDraw","sneckomod:DiceBlock"],"picked":"sneckomod:UnknownDexterity","floor":2},{"not_picked":["sneckomod:SerpentIdol","sneckomod:DiceBlock"],"picked":"sneckomod:UnknownDexterity","floor":3},{"not_picked":["sneckomod:Unknown1Cost","sneckomod:SoulDraw"],"picked":"sneckomod:UnknownVulnerable","floor":4},{"not_picked":["sneckomod:Memorize","sneckomod:DiceBlock"],"picked":"sneckomod:UnknownDexterity","floor":9},{"not_picked":["sneckomod:UnknownCommonSkill","sneckomod:UnknownWeak"],"picked":"sneckomod:QuickMove","floor":14},{"not_picked":["sneckomod:DiceBlock","sneckomod:UnknownDexterity"],"picked":"sneckomod:QuickMove","floor":15},{"not_picked":["sneckomod:Unknown3Cost","sneckomod:MorePower"],"picked":"sneckomod:SerpentMind","floor":16},{"not_picked":["sneckomod:Rotation","sneckomod:Nope"],"picked":"sneckomod:UnknownUncommonSkill","floor":19},{"not_picked":["sneckomod:UnknownDraw","sneckomod:Rotation"],"picked":"sneckomod:CheapStock","floor":21},{"not_picked":["sneckomod:UnendingSupply","sneckomod:DiceBlock"],"picked":"sneckomod:MasterEye","floor":25},{"not_picked":["sneckomod:RainOfDice","sneckomod:UnknownCommonAttack"],"picked":"sneckomod:CheapStock","floor":26},{"not_picked":["sneckomod:Unknown1Cost","sneckomod:UnknownClassTHE_BRONZE_AUTOMATON"],"picked":"sneckomod:SoulDraw+1","floor":27},{"not_picked":["sneckomod:DiceCrush+1","sneckomod:IronFang+1"],"picked":"sneckomod:QuickBite+1","floor":29},{"not_picked":["sneckomod:Restock","sneckomod:UnknownCommonSkill"],"picked":"sneckomod:UnknownBlock","floor":30},{"not_picked":["sneckomod:SlitherStrike","sneckomod:UnknownClassRED"],"picked":"sneckomod:UnknownX+1","floor":32}],"player_experience":272596,"relics_obtained":[{"floor":12,"key":"Blood Vial"},{"floor":14,"key":"Odd Mushroom"},{"floor":24,"key":"Toy Ornithopter"},{"floor":25,"key":"Dream Catcher"},{"floor":28,"key":"MealTicket"}],"event_choices":[{"cards_removed":["sneckomod:Defend"],"damage_healed":0,"gold_gain":0,"player_choice":"Card Removal","damage_taken":0,"max_hp_gain":0,"max_hp_loss":0,"event_name":"The Cleric","floor":10,"gold_loss":0},{"damage_healed":0,"gold_gain":0,"player_choice":"Fought Mushrooms","damage_taken":0,"max_hp_gain":0,"max_hp_loss":0,"event_name":"Mushrooms","floor":14,"gold_loss":0},{"damage_healed":0,"gold_gain":0,"player_choice":"Inject Mutagens","damage_taken":0,"relics_obtained":["MutagenicStrength"],"max_hp_gain":0,"max_hp_loss":0,"event_name":"Drug Dealer","floor":31,"gold_loss":0}],"is_beta":false,"boss_relics":[{"not_picked":["Astrolabe","Coffee Dripper"],"picked":"Empty Cage"}],"items_purged_floors":[4],"is_endless":false,"potions_floor_spawned":[2,9,14,19,26,27,32],"killed_by":"DF_ARCHETYPE_CLAW","ascension_level":0}}