{"host":"cjhtzh7tp54jdfyv","time":1611447630,"event":{"mods":["AchievementEnabler","BaseMod","Colored Map","Colored Powertips","Curses Come First","DeckTracker","Filter the Spire","Minty Spire (QoL Compilation)","RNG Fix","Relic Sorter","Relic Stats","StSLib","UnlockEverythingMod","ojb\u0027s Better Paths Mod","ojb\u0027s Info Mod"],"gold_per_floor":[112,37,37,57,57,57,91,91,91,91,114,147,172,216,216,307,307,320,112,37,37,52,83,83,106,106,142,142,181,222,246,246,335,335,353,187,187,59,90,126,126,167,194,227,227,251,251,271,271,271,271,271,271,48,84,84],"floor_reached":57,"language":"ENG","playtime":4462,"items_purged":["Defend_P","Defend_P","Strike_P+1","LessonLearned+1"],"score":3120,"play_id":"b878a0b5-de67-48d2-a2cc-29f456160450","local_time":"20210123192030","is_ascension_mode":true,"campfire_choices":[{"data":"Eruption","floor":10.0,"key":"SMITH"},{"data":"Wallop","floor":15.0,"key":"SMITH"},{"floor":32,"key":"REST"},{"floor":41,"key":"RECALL"},{"data":"Consecrate","floor":45,"key":"PURGE"},{"data":"BowlingBash+1","floor":47,"key":"PURGE"},{"data":"FlurryOfBlows+1","floor":49,"key":"PURGE"},{"data":"SpiritShield+1","floor":53,"key":"PURGE"}],"circlet_count":0,"master_deck":["AscendersBane","Eruption+1","Vigilance+1","InnerPeace+1","Wallop+1","Purity+1","TalkToTheHand+1","Vault+1","Halt+1","Madness+1","Madness+1","Adaptation+1"],"relics":["Runic Pyramid","InkBottle","Nunchaku","Golden Idol","Juzu Bracelet","Yang","Odd Mushroom","Strawberry","Fusion Hammer","MealTicket","Smiling Mask","Red Mask","Empty Cage","Orrery","Peace Pipe","Mercury Hourglass","Boot","War Paint","ClockworkSouvenir","Mango"],"acts_visited":["Exordium","TheCity","TheBeyond","TheEnding"],"potions_floor_usage":[27,33,40,55],"damage_taken":[{"damage":0.0,"enemies":"Cultist","floor":1.0,"turns":3.0},{"damage":7.0,"enemies":"Jaw Worm","floor":4.0,"turns":3.0},{"damage":14.0,"enemies":"Lagavulin","floor":7.0,"turns":6.0},{"damage":0.0,"enemies":"Small Slimes","floor":11.0,"turns":4.0},{"damage":16.0,"enemies":"3 Sentries","floor":12.0,"turns":7.0},{"damage":0.0,"enemies":"The Mushroom Lair","floor":13.0,"turns":3.0},{"damage":0.0,"enemies":"Lagavulin","floor":14.0,"turns":5.0},{"damage":0.0,"enemies":"The Guardian","floor":16.0,"turns":9.0},{"damage":0.0,"enemies":"Chosen","floor":18.0,"turns":3.0},{"damage":11.0,"enemies":"2 Thieves","floor":22.0,"turns":3.0},{"damage":1.0,"enemies":"Book of Stabbing","floor":23.0,"turns":3.0},{"damage":7.0,"enemies":"Snake Plant","floor":25.0,"turns":5.0},{"damage":10,"enemies":"Slavers","floor":27,"turns":4},{"damage":0,"enemies":"Masked Bandits","floor":29,"turns":3},{"damage":6,"enemies":"Book of Stabbing","floor":30,"turns":6},{"damage":5,"enemies":"Snecko","floor":31,"turns":3},{"damage":26,"enemies":"Automaton","floor":33,"turns":8},{"damage":6,"enemies":"3 Shapes","floor":35,"turns":4},{"damage":0,"enemies":"Mind Bloom Boss Battle","floor":39,"turns":6},{"damage":15,"enemies":"Nemesis","floor":40,"turns":6},{"damage":0,"enemies":"Reptomancer","floor":42,"turns":3},{"damage":3,"enemies":"Nemesis","floor":44,"turns":3},{"damage":0,"enemies":"Orb Walker","floor":46,"turns":3},{"damage":0,"enemies":"Transient","floor":48,"turns":7},{"damage":0,"enemies":"Awakened One","floor":50,"turns":5},{"damage":4,"enemies":"Donu and Deca","floor":51,"turns":4},{"damage":0,"enemies":"Shield and Spear","floor":55,"turns":4},{"damage":4,"enemies":"The Heart","floor":56,"turns":6}],"seed_played":"-9187742887511479961","potions_obtained":[{"floor":4.0,"key":"DistilledChaos"},{"floor":7.0,"key":"SkillPotion"},{"floor":13.0,"key":"SpeedPotion"},{"floor":14.0,"key":"FearPotion"},{"floor":23.0,"key":"Block Potion"},{"floor":29,"key":"CultistPotion"},{"floor":31,"key":"SkillPotion"},{"floor":39,"key":"GamblersBrew"},{"floor":44,"key":"Swift Potion"}],"is_trial":false,"path_per_floor":["M","$","?","M","$","?","E","?","T","R","M","E","?","E","R","B",null,"M","$","?","?","M","E","$","M","T","E","?","?","E","M","R","B",null,"M","$","?","$","?","E","R","E","T","E","R","M","R","M","R","B","B",null,"R","$","E","B",null],"character_chosen":"WATCHER","items_purchased":["Purity","Orrery","Adaptation","ClockworkSouvenir"],"campfire_rested":1,"item_purchase_floors":[19,36,38,54],"current_hp_per_floor":[61,61,61,54,54,54,40,40,40,40,40,24,24,31,31,31,60,60,60,60,60,49,48,63,56,56,46,46,46,40,35,55,29,59,53,68,56,69,69,54,54,54,54,51,51,51,51,51,51,51,47,64,64,69,83,79],"gold":84,"neow_bonus":"BOSS_RELIC","is_daily":false,"chose_seed":false,"campfire_upgraded":2,"win_rate":0.0,"timestamp":1611447630,"path_taken":["M","$","?","M","?","?","E","?","T","R","M","E","?","E","R","BOSS","M","?","?","?","M","E","$","M","T","E","?","?","E","M","R","BOSS","M","$","?","$","?","E","R","E","T","E","R","M","R","M","R","BOSS","BOSS","R","$","E","BOSS"],"items_purchased_type":["Card","Relic","Card","Relic"],"build_version":"2020-12-22","purchased_purges":4,"victory":true,"max_hp_per_floor":[68,68,62,62,62,62,62,62,62,62,62,62,62,69,69,69,69,69,69,69,69,69,69,69,69,69,69,69,69,69,69,69,69,69,69,69,69,69,69,69,69,69,69,69,69,69,69,69,69,69,69,69,69,69,83,83],"relic_stats":{"counters":[28,129],"Golden Idol":222,"Yang":[485],"Juzu Bracelet":2,"War Paint":[],"Smiling Mask":175,"Boot":[0],"Mercury Hourglass":[118],"Peace Pipe":5,"Nunchaku":[34],"MealTicket":48,"obtain_stats":[{"Golden Idol":3,"Yang":9,"Mango":55,"Juzu Bracelet":7,"Odd Mushroom":13,"War Paint":44,"Smiling Mask":27,"Empty Cage":34,"Boot":43,"Mercury Hourglass":42,"ClockworkSouvenir":54,"Peace Pipe":39,"Nunchaku":30,"Strawberry":14,"Orrery":36,"MealTicket":23,"Fusion Hammer":17,"Red Mask":29,"PureWater":0,"InkBottle":40,"Runic Pyramid":0},{"Golden Idol":1,"Yang":3,"Mango":27,"Juzu Bracelet":3,"Odd Mushroom":6,"War Paint":22,"Smiling Mask":13,"Empty Cage":17,"Boot":21,"Mercury Hourglass":21,"ClockworkSouvenir":26,"Peace Pipe":19,"Nunchaku":15,"Strawberry":7,"Orrery":18,"MealTicket":11,"Fusion Hammer":8,"Red Mask":14,"PureWater":0,"InkBottle":20,"Runic Pyramid":0},{"Golden Idol":3,"Yang":12,"Mango":123,"Juzu Bracelet":12,"Odd Mushroom":26,"War Paint":100,"Smiling Mask":58,"Empty Cage":78,"Boot":97,"Mercury Hourglass":97,"ClockworkSouvenir":119,"Peace Pipe":88,"Nunchaku":67,"Strawberry":31,"Orrery":82,"MealTicket":49,"Fusion Hammer":40,"Red Mask":61,"PureWater":0,"InkBottle":94,"Runic Pyramid":0}],"InkBottle":[32]},"card_choices":[{"not_picked":["ClearTheMind","SashWhip"],"picked":"Consecrate","floor":1.0},{"not_picked":["Indignation","SignatureMove"],"picked":"InnerPeace","floor":4.0},{"not_picked":["Prostrate","ForeignInfluence"],"picked":"SpiritShield","floor":7.0},{"not_picked":["EmptyFist","SandsOfTime","InnerPeace"],"picked":"SKIP","floor":11.0},{"not_picked":["BattleHymn","ClearTheMind"],"picked":"Wallop","floor":12.0},{"not_picked":["SashWhip","DeceiveReality","Study"],"picked":"SKIP","floor":14.0},{"not_picked":["DevaForm","Omniscience"],"picked":"LessonLearned","floor":16.0},{"not_picked":["WheelKick","FollowUp"],"picked":"BowlingBash+1","floor":18.0},{"not_picked":["FearNoEvil","FlyingSleeves","EmptyFist"],"picked":"SKIP","floor":22.0},{"not_picked":["Establishment","ClearTheMind"],"picked":"TalkToTheHand","floor":23.0},{"not_picked":["SashWhip","Vengeance","CutThroughFate+1"],"picked":"SKIP","floor":25.0},{"not_picked":["EmptyBody","EmptyFist","LikeWater+1"],"picked":"SKIP","floor":27},{"not_picked":["CutThroughFate","BattleHymn+1","InnerPeace"],"picked":"SKIP","floor":30},{"not_picked":["Evaluate","Crescendo+1","Wireheading"],"picked":"SKIP","floor":31},{"not_picked":["ConjureBlade","Blasphemy"],"picked":"Vault","floor":33},{"not_picked":["PathToVictory+1","Fasting2","SandsOfTime"],"picked":"SKIP","floor":35},{"not_picked":["ThirdEye","FlyingSleeves"],"picked":"Halt+1","floor":36},{"not_picked":["Evaluate","JustLucky"],"picked":"FlurryOfBlows+1","floor":36},{"not_picked":["EmptyBody","CutThroughFate","ReachHeaven"],"picked":"SKIP","floor":40},{"not_picked":["EmptyBody","CutThroughFate","Crescendo+1"],"picked":"SKIP","floor":42},{"not_picked":["LikeWater","Protect","Ragnarok"],"picked":"SKIP","floor":44},{"not_picked":["FlyingSleeves","EmptyFist","CrushJoints"],"picked":"SKIP","floor":46},{"not_picked":["Crescendo","Indignation+1","ClearTheMind"],"picked":"SKIP","floor":48},{"not_picked":["Prostrate+1","FearNoEvil","Brilliance"],"picked":"SKIP","floor":55}],"player_experience":4620454,"relics_obtained":[{"floor":7.0,"key":"Juzu Bracelet"},{"floor":9.0,"key":"Yang"},{"floor":13.0,"key":"Odd Mushroom"},{"floor":14.0,"key":"Strawberry"},{"floor":23.0,"key":"MealTicket"},{"floor":27,"key":"Smiling Mask"},{"floor":29,"key":"Red Mask"},{"floor":30,"key":"Nunchaku"},{"floor":39,"key":"Peace Pipe"},{"floor":40,"key":"InkBottle"},{"floor":42,"key":"Mercury Hourglass"},{"floor":43,"key":"Boot"},{"floor":44,"key":"War Paint"},{"floor":55,"key":"Mango"}],"event_choices":[{"damage_healed":0.0,"max_hp_gain":0.0,"max_hp_loss":6.0,"gold_gain":0.0,"event_name":"Golden Idol","player_choice":"Lose Max HP","floor":3.0,"gold_loss":0.0,"damage_taken":0.0,"relics_obtained":["Golden Idol"]},{"damage_healed":0.0,"max_hp_gain":0.0,"max_hp_loss":0.0,"gold_gain":0.0,"cards_transformed":["Defend_P"],"event_name":"Transmorgrifier","player_choice":"Transformed","floor":6.0,"gold_loss":0.0,"damage_taken":0.0,"cards_obtained":["Nirvana"]},{"damage_healed":0.0,"max_hp_gain":0.0,"max_hp_loss":0.0,"gold_gain":0.0,"event_name":"Dead Adventurer","player_choice":"Searched \u00270\u0027 times","floor":8.0,"gold_loss":0.0,"damage_taken":0.0},{"damage_healed":0.0,"max_hp_gain":0.0,"max_hp_loss":0.0,"gold_gain":0.0,"event_name":"Mushrooms","player_choice":"Fought Mushrooms","floor":13.0,"gold_loss":0.0,"damage_taken":0.0},{"cards_removed":["Defend_P"],"damage_healed":0.0,"max_hp_gain":0.0,"max_hp_loss":0.0,"gold_gain":0.0,"event_name":"Beggar","player_choice":"Gave Gold","floor":20.0,"gold_loss":75.0,"damage_taken":0.0},{"cards_removed":["Nirvana"],"damage_healed":0.0,"max_hp_gain":0.0,"max_hp_loss":0.0,"gold_gain":0.0,"event_name":"Wheel of Change","player_choice":"Card Removal","floor":21.0,"gold_loss":0.0,"damage_taken":0.0},{"cards_removed":["Strike_P"],"damage_healed":0,"gold_gain":0,"player_choice":"Elegance","damage_taken":0,"max_hp_gain":0,"max_hp_loss":0,"event_name":"Back to Basics","floor":28,"gold_loss":0},{"damage_healed":0,"gold_gain":0,"player_choice":"Fought Bandits","damage_taken":0,"max_hp_gain":0,"max_hp_loss":0,"event_name":"Masked Bandits","floor":29,"gold_loss":0},{"damage_healed":0,"gold_gain":0,"player_choice":"Embrace Madness","damage_taken":12,"max_hp_gain":0,"max_hp_loss":0,"event_name":"Winding Halls","floor":37,"gold_loss":0,"cards_obtained":["Madness","Madness"]},{"damage_healed":0,"gold_gain":0,"player_choice":"Fight","damage_taken":0,"max_hp_gain":0,"max_hp_loss":0,"event_name":"MindBloom","floor":39,"gold_loss":0}],"is_beta":false,"boss_relics":[{"not_picked":["Coffee Dripper","Tiny House"],"picked":"Fusion Hammer"},{"not_picked":["SlaversCollar","Cursed Key"],"picked":"Empty Cage"}],"items_purged_floors":[2,19,38,54],"is_endless":false,"potions_floor_spawned":[4,7,13,14,23,29,31,39,44],"ascension_level":20}}