{"host":"d61fcf2p3sjwe6yo","time":1611497209,"event":{"mods":["AchievementEnabler","BaseMod","Colored Map","Downfall","Minty Spire (QoL Compilation)","StSLib","SuperFastMode"],"gold_per_floor":[99,115,115,125,125,125,125,225,125,140,166,166,166,177,196,295,295,295,306,306,306,32,32,32,65,65,78,107,121,153,167,177,177,177,177],"floor_reached":33,"language":"ENG","playtime":1701,"items_purged":[],"score":488,"play_id":"d5f3daef-db4b-4491-8338-0905b204b175","local_time":"20210124170649","is_ascension_mode":true,"campfire_choices":[{"floor":1.0,"key":"RECALL"}],"circlet_count":0,"master_deck":["AscendersBane","sneckomod:Strike","sneckomod:Strike","sneckomod:Defend","sneckomod:Defend+1","sneckomod:Defend","sneckomod:TailWhip","sneckomod:SnekBite","sneckomod:Unknown","sneckomod:Unknown+1","sneckomod:SoulExchange","sneckomod:UnknownDraw","Leg Sweep+1","sneckomod:SerpentIdol","champ:Duel","sneckomod:SerpentIdol","sneckomod:UnknownRareSkill","Guardian:SphericShield","sneckomod:UnknownCommonAttack","downfall:Malfunctioning","sneckomod:UnknownBlock","Infinite Blades","sneckomod:Memorize","sneckomod:UnknownBlock","sneckomod:UnknownStrength","sneckomod:UnknownDraw","sneckomod:UnknownRarePower","sneckomod:UnknownDexterity"],"relics":["sneckomod:SneckoSoul","downfall:ShatteredFragment","hexamod:CandleOfCauterizing","downfall:HeartBlessingRed","War Paint","Cursed Key","Shuriken","Orichalcum","Ginger","Strawberry"],"acts_visited":["Exordium","TheCity"],"potions_floor_usage":[25,28,28,30],"damage_taken":[{"damage":12,"enemies":"Jaw Worm","floor":2,"turns":3},{"damage":1,"enemies":"Cultist","floor":4,"turns":3},{"damage":6,"enemies":"2 Louse","floor":10,"turns":2},{"damage":15,"enemies":"3 Sentries","floor":11,"turns":7},{"damage":0,"enemies":"2 Fungi Beasts","floor":14,"turns":4},{"damage":0,"enemies":"Blue Slaver","floor":15,"turns":2},{"damage":28,"enemies":"SI_SHIV_ARCHETYPE","floor":16,"turns":9},{"damage":0,"enemies":"Spheric Guardian","floor":19,"turns":3},{"damage":35,"enemies":"downfall:FleeingMerchant","floor":22,"turns":4},{"damage":35,"enemies":"Gremlin Leader","floor":25,"turns":7},{"damage":4,"enemies":"Snecko","floor":27,"turns":4},{"damage":2,"enemies":"Book of Stabbing","floor":28,"turns":4},{"damage":13,"enemies":"Snake Plant","floor":29,"turns":3},{"damage":12,"enemies":"Gremlin Leader","floor":30,"turns":7},{"damage":6,"enemies":"3 Cultists","floor":31,"turns":5},{"damage":8,"enemies":"Snecko","floor":32,"turns":3},{"damage":0,"enemies":"DF_ARCHETYPE_CLAW","floor":33,"turns":2}],"seed_played":"-1970489900853408751","potions_obtained":[{"floor":14,"key":"BlessingOfTheForge"},{"floor":15,"key":"sneckomod:CheatPotion"},{"floor":16,"key":"Strength Potion"},{"floor":25,"key":"DuplicationPotion"},{"floor":29,"key":"Fire Potion"}],"is_trial":false,"path_per_floor":["R","M","?","M","?","?","T","?","R","M","E","?","R","M","M","B",null,"R","M","?","?","$","?","T","E","R","M","E","M","E","M","M","B"],"character_chosen":"THE_SNECKO","items_purchased":["Shuriken"],"campfire_rested":0,"item_purchase_floors":[22],"current_hp_per_floor":[81,69,69,68,68,47,47,47,47,41,26,56,56,56,56,28,75,75,75,75,75,75,75,75,40,40,36,34,21,16,10,2,2,2,2],"gold":177,"neow_bonus":"ONE_RANDOM_RARE_CARD","is_daily":false,"chose_seed":false,"campfire_upgraded":0,"win_rate":0.0,"timestamp":1611497209,"path_taken":["R","M","?","?","?","?","T","?","R","M","E","?","R","M","M","BOSS","R","M","?","?","$","?","T","E","R","M","E","M","E","M","M","BOSS"],"items_purchased_type":["Relic"],"build_version":"2020-12-22","purchased_purges":0,"victory":false,"max_hp_per_floor":[90,90,90,90,90,90,90,90,90,90,90,90,90,90,90,90,90,90,90,90,90,90,90,90,90,90,90,90,90,97,97,97,97,97,97],"card_choices":[{"not_picked":["sneckomod:QuickBite","sneckomod:UnknownExhaust"],"picked":"sneckomod:UnknownBlock","floor":2},{"not_picked":["sneckomod:SoulRoll","sneckomod:DiceCrush"],"picked":"sneckomod:UnknownDraw","floor":4},{"not_picked":["sneckomod:Memorize","sneckomod:SnakeSap"],"picked":"sneckomod:SerpentIdol","floor":10},{"not_picked":["sneckomod:UnendingSupply","sneckomod:DefensiveFlair"],"picked":"sneckomod:UnknownBlock","floor":11},{"not_picked":["sneckomod:UnknownStrike","sneckomod:Unknown0Cost"],"picked":"sneckomod:SerpentIdol","floor":14},{"not_picked":["sneckomod:SoulDraw","sneckomod:Unknown1Cost"],"picked":"sneckomod:UnknownExhaust","floor":15},{"not_picked":["sneckomod:Mudshield","sneckomod:UnlimitedRolls"],"picked":"sneckomod:UnknownRareSkill","floor":16},{"not_picked":["sneckomod:WideSting","sneckomod:SoulCleanse"],"picked":"sneckomod:UnknownUncommonPower","floor":19},{"not_picked":["sneckomod:WideSting","sneckomod:DiceBoulder"],"picked":"sneckomod:UnknownCommonAttack","floor":22},{"not_picked":["sneckomod:DiceCrush","sneckomod:RainOfDice"],"picked":"sneckomod:UnknownBlock","floor":25},{"not_picked":["sneckomod:CheapStock","sneckomod:Rotation"],"picked":"sneckomod:Memorize","floor":27},{"not_picked":["sneckomod:DiceBlock","sneckomod:IronFang"],"picked":"sneckomod:UnknownBlock","floor":28},{"not_picked":["sneckomod:DiceBlock","sneckomod:DiceBoulder"],"picked":"sneckomod:UnknownStrength","floor":29},{"not_picked":["sneckomod:DiceBlock","sneckomod:RainOfDice"],"picked":"sneckomod:UnknownDraw","floor":30},{"not_picked":["sneckomod:QuickBite","sneckomod:DiceBlock"],"picked":"sneckomod:UnknownRarePower","floor":31},{"not_picked":["sneckomod:UnknownDraw","sneckomod:Unknown1Cost"],"picked":"sneckomod:UnknownDexterity","floor":32}],"player_experience":684188,"relics_obtained":[{"floor":7,"key":"hexamod:CandleOfCauterizing"},{"floor":11,"key":"War Paint"},{"floor":25,"key":"Orichalcum"},{"floor":28,"key":"Ginger"},{"floor":30,"key":"Strawberry"}],"event_choices":[{"damage_healed":0,"gold_gain":0,"player_choice":"Forge","damage_taken":0,"max_hp_gain":0,"max_hp_loss":0,"event_name":"Accursed Blacksmith","floor":3,"gold_loss":0,"cards_upgraded":["sneckomod:UnknownBlock"]},{"cards_removed":["sneckomod:Strike"],"damage_healed":0,"gold_gain":0,"player_choice":"Card Removal","damage_taken":0,"max_hp_gain":0,"max_hp_loss":0,"event_name":"The Cleric","floor":5,"gold_loss":0},{"damage_healed":30,"gold_gain":0,"player_choice":"Banana","damage_taken":0,"max_hp_gain":0,"max_hp_loss":0,"event_name":"Big Fish","floor":12,"gold_loss":0},{"damage_healed":0,"gold_gain":0,"player_choice":"Ignored","damage_taken":0,"max_hp_gain":0,"max_hp_loss":0,"event_name":"Vampires","floor":20,"gold_loss":0}],"is_beta":false,"boss_relics":[{"not_picked":["Empty Cage","SacredBark"],"picked":"Cursed Key"}],"items_purged_floors":[],"is_endless":false,"potions_floor_spawned":[14,15,16,19,25,29],"killed_by":"DF_ARCHETYPE_CLAW","ascension_level":12}}