{"host":"fr3ip57hl52y255p","time":1611496091,"event":{"mods":["Act Like it!","Arknights The Spire","BaseMod","Challenge The Spire","Colored Powertips","Downfall","Good Game Mod","Luminous","Mari Mod (Legacy)","Mari\u0027s V1 Patch","Minty Spire (QoL Compilation)","READ ME - Guardian Mod","Relic Filter Mod","Relic Stats","StSLib","The Hierophant","UnlockEverythingMod","[GremlinLeader]The Maniac"],"gold_per_floor":[115,115,125,143,218,218,143,172,172,172,189,208,208,224,224,224,224],"floor_reached":16,"language":"ZHS","playtime":1133,"items_purged":["ats:Strike G"],"score":102,"play_id":"fa619668-3c17-449e-ae0e-ff9a165af374","local_time":"20210124214811","is_ascension_mode":false,"campfire_choices":[{"data":"ats:Guardian Obelisk","floor":6.0,"key":"SMITH"},{"data":"ats:Emotion Absorption","floor":10,"key":"SMITH"},{"floor":13,"key":"REST"},{"data":"ats:Apocalypse","floor":15,"key":"SMITH"}],"circlet_count":0,"master_deck":["ats:Strike C","ats:Strike S","ats:Strike V","ats:Armor Crushing Shot","ats:Defend","ats:Defend","ats:Defend","ats:Defend","ats:Emotion Absorption+1","hexamod:ApocalypseNow","ats:Guardian Obelisk+1","ats:Burning Ground","ats:Curse Doll","ats:Support Order","ats:Ignite","ats:Apocalypse+1","ats:Shell Defense"],"relics":["ats:Sanity","REME:ComplimentaryCards","NeowsBlessing","ats:Bonebreaker","ats:Originium","Unceasing Top","StrikeDummy"],"acts_visited":["Exordium"],"potions_floor_usage":[11,16],"damage_taken":[{"damage":0.0,"enemies":"Small Slimes","floor":1.0,"turns":1.0},{"damage":0.0,"enemies":"Cultist","floor":3.0,"turns":1.0},{"damage":0.0,"enemies":"2 Louse","floor":4.0,"turns":1.0},{"damage":40.0,"enemies":"Lagavulin","floor":8.0,"turns":9.0},{"damage":7,"enemies":"Gremlin Gang","floor":11,"turns":5},{"damage":9,"enemies":"3 Louse","floor":12,"turns":4},{"damage":6,"enemies":"2 Fungi Beasts","floor":14,"turns":4},{"damage":77,"enemies":"Hexaghost","floor":16,"turns":14}],"seed_played":"6185648269697043074","potions_obtained":[{"floor":1.0,"key":"BlessingOfTheForge"},{"floor":8,"key":"SkillPotion"},{"floor":12,"key":"Slimebound:ThreeZeroPotion"}],"is_trial":false,"path_per_floor":["M","?","M","M","?","R","$","E","T","R","M","M","R","M","R","B"],"character_chosen":"DOCTOR_CLASS","items_purchased":[],"campfire_rested":1,"item_purchase_floors":[],"current_hp_per_floor":[72,72,72,72,61,61,61,21,21,21,14,5,26,30,30,0,0],"gold":224,"neow_bonus":"THREE_ENEMY_KILL","is_daily":false,"chose_seed":false,"campfire_upgraded":3,"win_rate":0.0,"timestamp":1611496091,"path_taken":["M","?","?","M","?","R","$","E","T","R","M","M","R","M","R","BOSS"],"items_purchased_type":[],"build_version":"2020-12-22","purchased_purges":1,"victory":false,"max_hp_per_floor":[72,72,72,72,72,72,72,72,72,72,72,72,72,72,72,72,72],"relic_stats":{"counters":[8,37],"obtain_stats":[{"REME:ComplimentaryCards":0,"NeowsBlessing":0,"ats:Originium":8,"ats:Sanity":0,"ats:Bonebreaker":2,"StrikeDummy":9,"Unceasing Top":8},{"REME:ComplimentaryCards":0,"NeowsBlessing":0,"ats:Originium":4,"ats:Sanity":0,"ats:Bonebreaker":1,"StrikeDummy":4,"Unceasing Top":4},{"REME:ComplimentaryCards":0,"NeowsBlessing":0,"ats:Originium":11,"ats:Sanity":0,"ats:Bonebreaker":1,"StrikeDummy":11,"Unceasing Top":11}],"Unceasing Top":[8]},"card_choices":[{"not_picked":["ats:Poison Spread","ats:Apocalypse"],"picked":"ats:Guardian Obelisk","floor":1.0},{"not_picked":["ats:Leaping Hammer","ats:Very Hot Blade"],"picked":"ats:Burning Ground","floor":3.0},{"not_picked":["ats:Leaping Hammer","ats:Very Hot Blade"],"picked":"ats:Curse Doll","floor":4.0},{"not_picked":["ats:Very Hot Blade","ats:Healing Strengthening"],"picked":"ats:Support Order","floor":8},{"not_picked":["ats:Collapsing Strike","ats:Hammer On"],"picked":"ats:Ignite","floor":11},{"not_picked":["ats:Hammer On","ats:Revitalization"],"picked":"ats:Apocalypse","floor":12},{"not_picked":["ats:Leaping Hammer","ats:Flexible Camouflage"],"picked":"ats:Shell Defense","floor":14}],"player_experience":163568,"relics_obtained":[{"floor":8,"key":"ats:Originium"},{"floor":8,"key":"Unceasing Top"},{"floor":9,"key":"StrikeDummy"}],"event_choices":[{"damage_healed":0.0,"max_hp_gain":0.0,"max_hp_loss":0.0,"gold_gain":0.0,"event_name":"WeMeetAgain","player_choice":"Gave Potion","floor":2.0,"gold_loss":0.0,"damage_taken":0.0,"relics_obtained":["ats:Bonebreaker"]},{"damage_healed":0.0,"max_hp_gain":0.0,"max_hp_loss":0.0,"gold_gain":75.0,"event_name":"World of Goop","player_choice":"Gather Gold","floor":5.0,"gold_loss":0.0,"damage_taken":11.0}],"is_beta":false,"boss_relics":[],"items_purged_floors":[7],"is_endless":false,"potions_floor_spawned":[1,8,12],"killed_by":"Hexaghost","ascension_level":0}}