{"host":"uv5ws9rdk87e8i5k","time":1611469787,"event":{"mods":["AchievementEnabler","BaseMod","Colored Map","Minty Spire (QoL Compilation)","StSLib","SuperFastMode"],"gold_per_floor":[112,112,132,52,65,96,96,125,162,174,186,217,264,17,17,122,122,134,134,149,149,149],"floor_reached":21,"language":"ENG","playtime":476,"items_purged":[],"score":276,"play_id":"4b2c407d-d4b7-4ff9-8d09-b4c3b68039ec","local_time":"20210124002947","is_ascension_mode":true,"campfire_choices":[{"data":"Wraith Form v2","floor":7.0,"key":"SMITH"},{"data":"Noxious Fumes","floor":10.0,"key":"SMITH"},{"floor":15,"key":"REST"}],"circlet_count":0,"master_deck":["Strike_G","Strike_G","Strike_G","Strike_G","Defend_G","Defend_G","Defend_G","Defend_G","Defend_G","Survivor","Neutralize","Dagger Throw","PiercingWail","Noxious Fumes+1","Backflip","Wraith Form v2+1","Footwork","Escape Plan","Corpse Explosion","Adrenaline","Bane+1","Deflect+1"],"relics":["Ring of the Snake","Happy Flower","MawBank","Blood Vial","WingedGreaves","Mercury Hourglass","Runic Dome"],"acts_visited":["Exordium","TheCity"],"potions_floor_usage":[],"damage_taken":[{"damage":2.0,"enemies":"Small Slimes","floor":1.0,"turns":3.0},{"damage":0.0,"enemies":"Cultist","floor":3.0,"turns":4.0},{"damage":0.0,"enemies":"2 Louse","floor":5.0,"turns":3.0},{"damage":25.0,"enemies":"Gremlin Nob","floor":6.0,"turns":6.0},{"damage":13.0,"enemies":"Lagavulin","floor":8.0,"turns":10.0},{"damage":6.0,"enemies":"Blue Slaver","floor":12.0,"turns":5.0},{"damage":17.0,"enemies":"Gremlin Nob","floor":13.0,"turns":6.0},{"damage":22,"enemies":"Slime Boss","floor":16,"turns":10},{"damage":0,"enemies":"Spheric Guardian","floor":18,"turns":5},{"damage":11,"enemies":"Shell Parasite","floor":20,"turns":5}],"seed_played":"-2182488701375443962","potions_obtained":[{"floor":5.0,"key":"BlessingOfTheForge"},{"floor":6.0,"key":"LiquidBronze"},{"floor":8.0,"key":"SteroidPotion"},{"floor":20,"key":"FairyPotion"}],"is_trial":false,"path_per_floor":["M","?","M","$","M","E","R","E","T","R","?","M","E","$","R","B",null,"M","?","M","?"],"character_chosen":"THE_SILENT","items_purchased":["Noxious Fumes","Mercury Hourglass"],"campfire_rested":1,"item_purchase_floors":[4,14],"current_hp_per_floor":[68,77,77,77,77,52,52,39,39,39,32,28,13,13,36,16,62,64,55,46,46,46],"gold":149,"neow_bonus":"TEN_PERCENT_HP_BONUS","is_daily":false,"chose_seed":false,"campfire_upgraded":2,"win_rate":0.0,"timestamp":1611469787,"path_taken":["M","?","M","?","M","E","R","E","T","R","?","M","E","$","R","BOSS","M","?","M","?"],"items_purchased_type":["Card","Relic"],"build_version":"2020-12-22","purchased_purges":0,"victory":false,"max_hp_per_floor":[77,77,77,77,77,77,77,77,77,77,77,77,77,77,77,77,77,77,77,77,77,77],"card_choices":[{"not_picked":["Slice","Underhanded Strike"],"picked":"Dagger Throw","floor":1.0},{"not_picked":["Terror","Flying Knee"],"picked":"PiercingWail","floor":3.0},{"not_picked":["Deflect","Dagger Throw"],"picked":"Backflip","floor":5.0},{"not_picked":["Underhanded Strike","Flying Knee"],"picked":"Wraith Form v2","floor":6.0},{"not_picked":["Underhanded Strike","Dagger Throw"],"picked":"Footwork","floor":8.0},{"not_picked":["Calculated Gamble","Dodge and Roll"],"picked":"Escape Plan","floor":12.0},{"not_picked":["Dodge and Roll","Skewer"],"picked":"Corpse Explosion","floor":13.0},{"not_picked":["A Thousand Cuts","Grand Finale"],"picked":"Adrenaline","floor":16},{"not_picked":["Cloak And Dagger+1","Setup"],"picked":"Bane+1","floor":18},{"not_picked":["Flying Knee","Choke"],"picked":"Deflect+1","floor":20}],"player_experience":224153,"relics_obtained":[{"floor":6.0,"key":"Happy Flower"},{"floor":8.0,"key":"MawBank"},{"floor":9.0,"key":"Blood Vial"},{"floor":13.0,"key":"WingedGreaves"}],"event_choices":[{"damage_healed":9.0,"max_hp_gain":0.0,"max_hp_loss":0.0,"gold_gain":0.0,"event_name":"Wheel of Change","player_choice":"Full Heal","floor":2.0,"gold_loss":0.0,"damage_taken":0.0},{"cards_removed":["Strike_G"],"damage_healed":0.0,"max_hp_gain":0.0,"max_hp_loss":0.0,"gold_gain":0.0,"event_name":"Golden Wing","player_choice":"Card Removal","floor":11.0,"gold_loss":0.0,"damage_taken":7.0},{"damage_healed":0,"gold_gain":0,"player_choice":"Stopped","damage_taken":9,"max_hp_gain":0,"max_hp_loss":0,"event_name":"Cursed Tome","floor":19,"gold_loss":0}],"is_beta":false,"boss_relics":[{"not_picked":["Philosopher\u0027s Stone","Empty Cage"],"picked":"Runic Dome"}],"items_purged_floors":[],"is_endless":false,"potions_floor_spawned":[5,6,8,20],"ascension_level":8}}