{"host":"ysj15tgd1sneq0s0","time":1611459394,"event":{"mods":["AchievementEnabler","BaseMod","DeckTracker","Highlight Path","Minty Spire (QoL Compilation)","Permanent Neow","Quick Restart","StSLib","SuperFastMode","everything is the same but u backflip on backflip"],"gold_per_floor":[113,125,140,140,153,182,182,198,222,222,234,247,247,259,259,259,259],"floor_reached":16,"language":"KOR","playtime":853,"items_purged":[],"score":156,"play_id":"0dcb410d-9fa5-4e54-b246-802d1c14dab9","local_time":"20210124123634","is_ascension_mode":false,"campfire_choices":[{"floor":7,"key":"REST"},{"floor":10,"key":"REST"},{"data":"Deadly Poison","floor":15,"key":"SMITH"}],"circlet_count":0,"master_deck":["Strike_G","Strike_G","Strike_G","Strike_G","Defend_G","Defend_G","Defend_G","Defend_G","Defend_G","Survivor","Neutralize+1","Backstab","Flying Knee","Dagger Throw","Underhanded Strike","Prepared","Finisher","Eviscerate","A Thousand Cuts","Deadly Poison+1"],"relics":["Ring of the Snake","Unceasing Top","Bag of Marbles","Nunchaku"],"acts_visited":[],"potions_floor_usage":[16,16,16],"damage_taken":[{"damage":6.0,"enemies":"Jaw Worm","floor":1.0,"turns":5.0},{"damage":0.0,"enemies":"Cultist","floor":2.0,"turns":3.0},{"damage":0.0,"enemies":"2 Louse","floor":3.0,"turns":2.0},{"damage":15,"enemies":"Large Slime","floor":5,"turns":6},{"damage":31,"enemies":"3 Sentries","floor":6,"turns":8},{"damage":4,"enemies":"Gremlin Gang","floor":8,"turns":5},{"damage":1,"enemies":"3 Louse","floor":11,"turns":2},{"damage":0,"enemies":"Red Slaver","floor":12,"turns":1},{"damage":10,"enemies":"Exordium Thugs","floor":14,"turns":3},{"damage":51,"enemies":"The Guardian","floor":16,"turns":7}],"seed_played":"3350438050950690316","potions_obtained":[{"floor":1.0,"key":"Regen Potion"},{"floor":2.0,"key":"PowerPotion"},{"floor":5,"key":"Strength Potion"},{"floor":11,"key":"Swift Potion"}],"is_trial":false,"path_per_floor":["M","M","M","?","M","E","R","M","T","R","M","M","?","M","R","B"],"character_chosen":"THE_SILENT","items_purchased":[],"campfire_rested":2,"item_purchase_floors":[],"current_hp_per_floor":[64,64,64,64,49,18,39,35,35,56,55,55,48,38,38,0,0],"gold":259,"neow_bonus":"UPGRADE_CARD","is_daily":false,"chose_seed":false,"campfire_upgraded":1,"win_rate":0.0,"timestamp":1611459394,"path_taken":["M","M","M","?","M","E","R","M","T","R","?","M","?","M","R","BOSS"],"items_purchased_type":[],"build_version":"2020-12-22","purchased_purges":0,"victory":false,"max_hp_per_floor":[70,70,70,70,70,70,70,70,70,70,70,70,70,70,70,70,70],"card_choices":[{"not_picked":["Outmaneuver","PiercingWail"],"picked":"Backstab","floor":1.0},{"not_picked":["Caltrops","Deadly Poison"],"picked":"Flying Knee","floor":2.0},{"not_picked":["Skewer","Escape Plan"],"picked":"Dagger Throw","floor":3.0},{"not_picked":["Leg Sweep","Sucker Punch"],"picked":"Underhanded Strike","floor":5},{"not_picked":["Well Laid Plans","Blur"],"picked":"Prepared","floor":6},{"not_picked":["Predator","Dagger Throw"],"picked":"Finisher","floor":8},{"not_picked":["Dash","Predator"],"picked":"Eviscerate","floor":11},{"not_picked":["Terror","Dagger Throw"],"picked":"A Thousand Cuts","floor":12},{"not_picked":["Dagger Throw","Poisoned Stab"],"picked":"Deadly Poison","floor":14}],"player_experience":23244,"relics_obtained":[{"floor":6,"key":"Bag of Marbles"},{"floor":9,"key":"Nunchaku"}],"event_choices":[{"damage_healed":0.0,"max_hp_gain":0.0,"max_hp_loss":0.0,"gold_gain":0.0,"event_name":"WeMeetAgain","player_choice":"Gave Potion","floor":4.0,"gold_loss":0.0,"damage_taken":0.0,"relics_obtained":["Unceasing Top"]},{"cards_removed":["Strike_G"],"damage_healed":0,"gold_gain":0,"player_choice":"Card Removal","damage_taken":7,"max_hp_gain":0,"max_hp_loss":0,"event_name":"Golden Wing","floor":13,"gold_loss":0}],"is_beta":false,"boss_relics":[],"items_purged_floors":[],"is_endless":false,"potions_floor_spawned":[1,2,5,11,14],"killed_by":"The Guardian","ascension_level":0}}