{"host":"3j2m8n0ywf988fwb","time":1611483906,"event":{"mods":["2.2 Compatiblity","AchievementEnabler","Act Like it!","Aspiration","Astrologer","BaseMod","Beaked The Cultist","Better Altar","Better Match","Better Note","Better Sensory Stone","Better Skull","Better Third Choice","CCEM","ChefMod","Colored Map","Colored Powertips","Conspire","Dark Map","Energized Spire","Evolution","Fireblade Mod","GifTheSpireLib","Googly Eyes","Halation","Hallownest","Highlight Path","Hubris","Infinite Spire","Jedi Mod","Marisa????????","Marked Mod","Mimic Mod","Minty Spire (QoL Compilation)","Random Character Button","Relic Stats","Reliquary","Replay The Spire","Robot Space Explorer","Shop Mod","Somnambulant","Spire Arcade","StSLib","Stuff the Spire","The Bug Knight","The Hierophant","The Marked","The Runesmith","TheFirefly","Unceasing Turn Reminder","everything is the same but u backflip on backflip"],"gold_per_floor":[119,119,137,137,157,157,33,5,45,65,65,65,97,117,117,216,216,227,239,239,239,249,249,259,274,274,274,274],"floor_reached":27,"language":"ENG","playtime":986,"items_purged":["Strike_R+1"],"score":288,"play_id":"d9ffe05d-4389-4826-984a-a03daf65c15b","local_time":"20210124042506","is_ascension_mode":true,"campfire_choices":[{"data":"Blood for Blood","floor":6.0,"key":"SMITH"},{"data":"StuffTheSpire:Incineration","floor":12.0,"key":"SMITH"},{"data":"Havoc","floor":23,"key":"SMITH"}],"circlet_count":0,"master_deck":["Cleave","Cleave","Defend_R","Defend_R+1","Defend_R","Defend_R","Bash","Blood for Blood+1","Pommel Strike+1","jedi:fear+1","Shockwave","StuffTheSpire:Incineration+1","Inflame","Brutality","True Grit+1","Havoc+1","Pommel Strike","ReplayTheSpireMod:Strike From Hell"],"relics":["Black Blood","EVO:Axolotl","NeowsBlessing","hubris:Icosahedron","betterThird:SlimedRelic","Ancient Tea Set","HollowMod:LifeEnderRelic","CCEMRelics:OverlyComfyChair"],"acts_visited":["Exordium","TheCity"],"potions_floor_usage":[16,19],"damage_taken":[{"damage":0.0,"enemies":"Jaw Worm","floor":1.0,"turns":1.0},{"damage":0.0,"enemies":"conspire:RoseBush","floor":3.0,"turns":1.0},{"damage":0.0,"enemies":"Small Slimes","floor":5.0,"turns":1.0},{"damage":6.0,"enemies":"Looter","floor":9.0,"turns":7.0},{"damage":19.0,"enemies":"Looter","floor":10.0,"turns":3.0},{"damage":0,"enemies":"Replay:BlueRogue","floor":13,"turns":4},{"damage":10,"enemies":"3 Louse","floor":14,"turns":2},{"damage":21,"enemies":"Fading Forest","floor":16,"turns":11},{"damage":28,"enemies":"Spheric Guardian","floor":18,"turns":4},{"damage":39,"enemies":"Shelled Parasite and Fungi","floor":19,"turns":6},{"damage":26,"enemies":"Cultist and Chosen","floor":22,"turns":5},{"damage":28,"enemies":"Centurion and Healer","floor":24,"turns":5},{"damage":10,"enemies":"Snake Plant","floor":25,"turns":2},{"damage":33,"enemies":"Nightmare","floor":27,"turns":4}],"seed_played":"-2010603112265339857","potions_obtained":[{"floor":3.0,"key":"BloodPotion"},{"floor":5.0,"key":"Ancient Potion"},{"floor":14,"key":"Block Potion"},{"floor":16,"key":"SteroidPotion"},{"floor":25,"key":"BloodPotion"}],"is_trial":false,"path_per_floor":["M","?","M","?","M","R","$","?","MIM","M","?","R","E","M","R_BF","B",null,"M","M","?","?","M","R","M","M","T","NM"],"character_chosen":"IRONCLAD","items_purchased":["jedi:fear"],"campfire_rested":0,"item_purchase_floors":[7],"current_hp_per_floor":[80,64,70,70,76,76,76,65,65,52,52,52,58,54,78,73,80,64,53,53,53,39,39,23,25,25,0,0],"gold":274,"neow_bonus":"THREE_ENEMY_KILL","is_daily":false,"chose_seed":false,"campfire_upgraded":3,"win_rate":0.0,"timestamp":1611483906,"path_taken":["M","?","M","?","M","R","?","?","MIM","?","?","R","E","M","R_BF","BOSS","M","M","?","?","?","R","M","?","T","NM"],"items_purchased_type":["Card"],"build_version":"2020-12-22","purchased_purges":1,"victory":false,"max_hp_per_floor":[80,80,80,80,80,80,80,80,80,80,80,80,80,80,80,80,80,80,80,80,80,80,80,80,80,80,80,80],"relic_stats":{"counters":[14,56],"Black Blood":102,"obtain_stats":[{"hubris:Icosahedron":4,"HollowMod:LifeEnderRelic":13,"NeowsBlessing":0,"CCEMRelics:OverlyComfyChair":26,"betterThird:SlimedRelic":8,"Black Blood":17,"EVO:Axolotl":0,"Ancient Tea Set":9,"Burning Blood":0},{"hubris:Icosahedron":2,"HollowMod:LifeEnderRelic":6,"NeowsBlessing":0,"CCEMRelics:OverlyComfyChair":13,"betterThird:SlimedRelic":3,"Black Blood":8,"EVO:Axolotl":0,"Ancient Tea Set":4,"Burning Blood":0},{"hubris:Icosahedron":2,"HollowMod:LifeEnderRelic":17,"NeowsBlessing":0,"CCEMRelics:OverlyComfyChair":52,"betterThird:SlimedRelic":3,"Black Blood":30,"EVO:Axolotl":0,"Ancient Tea Set":10,"Burning Blood":0}]},"card_choices":[{"not_picked":["Run Through","StuffTheSpire:Incineration"],"picked":"Blood for Blood","floor":1.0},{"not_picked":["StuffTheSpire:RockThrow","Perfected Strike"],"picked":"Pommel Strike","floor":3.0},{"not_picked":["Dual Wield","jedi:MakeshiftSword","Entrench"],"picked":"SKIP","floor":5.0},{"not_picked":["Shrug It Off","Sword Boomerang"],"picked":"Shockwave","floor":9.0},{"not_picked":["Headbutt","Pommel Strike"],"picked":"StuffTheSpire:Incineration","floor":10.0},{"not_picked":["Blood for Blood","hubris:ReadiedAction"],"picked":"Inflame","floor":13},{"not_picked":["Rupture","Perfected Strike","StuffTheSpire:Slingshot"],"picked":"SKIP","floor":14},{"not_picked":["conspire:HitWhereItHurts","Fiend Fire"],"picked":"Brutality","floor":16},{"not_picked":["Flame Barrier+1","Hemokinesis"],"picked":"True Grit+1","floor":18},{"not_picked":["ReplayTheSpireMod:Stacked+1","hubris:CleavingFinish+1"],"picked":"Havoc","floor":19},{"not_picked":["Cleave","Warcry","Power Through"],"picked":"SKIP","floor":22},{"not_picked":["Heavy Blade","Rampage"],"picked":"ReplayTheSpireMod:Strike From Hell","floor":24},{"not_picked":["Warcry","Fire Breathing","jedi:controlledanger"],"picked":"SKIP","floor":25}],"player_experience":1089224,"relics_obtained":[{"floor":9.0,"key":"Ancient Tea Set"},{"floor":13,"key":"HollowMod:LifeEnderRelic"},{"floor":26,"key":"CCEMRelics:OverlyComfyChair"}],"event_choices":[{"damage_healed":80.0,"max_hp_gain":0.0,"max_hp_loss":80.0,"gold_gain":0.0,"event_name":"betterThird:BetterShining","player_choice":"Upgrade","floor":2.0,"gold_loss":0.0,"damage_taken":16.0,"cards_upgraded":["Strike_R","Defend_R"]},{"damage_healed":0.0,"max_hp_gain":0.0,"max_hp_loss":0.0,"gold_gain":0.0,"event_name":"betterThird:BetterGoop","player_choice":"Slimed","floor":8.0,"gold_loss":28.0,"damage_taken":11.0},{"cards_removed":["Cleave"],"damage_healed":0,"gold_gain":0,"player_choice":"Purged","damage_taken":0,"max_hp_gain":0,"max_hp_loss":0,"event_name":"Purifier","floor":20,"gold_loss":0},{"damage_healed":0,"gold_gain":0,"cards_transformed":["Cleave"],"player_choice":"Transformed","damage_taken":0,"max_hp_gain":0,"max_hp_loss":0,"event_name":"Transmorgrifier","floor":21,"gold_loss":0,"cards_obtained":["Pommel Strike"]}],"is_beta":false,"boss_relics":[{"not_picked":["Tiny House","Philosopher\u0027s Stone"],"picked":"Black Blood"}],"items_purged_floors":[7],"is_endless":false,"potions_floor_spawned":[3,5,14,16,18,25],"killed_by":"Nightmare","ascension_level":4}}