{"host":"g8ufh7m4frdlkxwv","time":1611463471,"event":{"mods":["AchievementEnabler","BaseMod","Colored Map","Dark Map","Minty Spire (QoL Compilation)","Relic Stats","StSLib","ojb\u0027s Info Mod"],"gold_per_floor":[113,36,36,36,53,87,87,87,87,106,138,153,164,191,191,191,191],"floor_reached":16,"language":"ENG","playtime":635,"items_purged":[],"score":290,"play_id":"421a1753-4f2b-415b-9bb3-b9422de0001c","local_time":"20210124054431","is_ascension_mode":true,"campfire_choices":[{"data":"Dash","floor":7,"key":"SMITH"},{"data":"Flying Knee","floor":15,"key":"SMITH"}],"circlet_count":0,"master_deck":["AscendersBane","Strike_G","Strike_G","Strike_G","Strike_G","Strike_G","Defend_G","Defend_G","Defend_G","Defend_G","Defend_G","Survivor","Neutralize","Slice","Dash+1","Backflip","Backflip","Flying Knee+1","After Image","Endless Agony"],"relics":["Ring of the Snake","NeowsBlessing","Ice Cream","Eternal Feather","MealTicket","Bottled Flame"],"acts_visited":["Exordium"],"potions_floor_usage":[11,13],"damage_taken":[{"damage":0,"enemies":"Small Slimes","floor":1,"turns":1},{"damage":0,"enemies":"Cultist","floor":5,"turns":1},{"damage":0,"enemies":"Lagavulin","floor":6,"turns":1},{"damage":0,"enemies":"2 Louse","floor":10,"turns":2},{"damage":22,"enemies":"Gremlin Nob","floor":11,"turns":4},{"damage":0,"enemies":"Looter","floor":12,"turns":3},{"damage":7,"enemies":"Large Slime","floor":13,"turns":9},{"damage":24,"enemies":"3 Sentries","floor":14,"turns":15},{"damage":18,"enemies":"Hexaghost","floor":16,"turns":11}],"seed_played":"-425627143433477048","potions_obtained":[{"floor":1,"key":"Fire Potion"},{"floor":3,"key":"SkillPotion"},{"floor":13,"key":"Ancient Potion"},{"floor":14,"key":"Energy Potion"}],"is_trial":false,"path_per_floor":["M","$","?","$","M","E","R","?","T","M","E","M","M","E","R","B"],"character_chosen":"THE_SILENT","items_purchased":["Dash"],"campfire_rested":0,"item_purchase_floors":[2],"current_hp_per_floor":[59,59,59,59,59,59,59,59,59,59,37,37,30,6,18,0,0],"gold":191,"neow_bonus":"THREE_ENEMY_KILL","is_daily":false,"chose_seed":false,"campfire_upgraded":2,"win_rate":0.0,"timestamp":1611463471,"path_taken":["M","$","?","?","M","E","R","?","T","?","E","M","M","E","R","BOSS"],"items_purchased_type":["Card"],"build_version":"2020-12-22","purchased_purges":0,"victory":false,"max_hp_per_floor":[66,66,66,66,66,66,66,66,66,66,66,66,66,66,66,66,66],"relic_stats":{"counters":[9,47],"Eternal Feather":12,"MealTicket":0,"obtain_stats":[{"Ice Cream":6,"Bottled Flame":14,"NeowsBlessing":0,"Eternal Feather":9,"MealTicket":11,"Ring of the Snake":0},{"Ice Cream":3,"Bottled Flame":8,"NeowsBlessing":0,"Eternal Feather":3,"MealTicket":5,"Ring of the Snake":0},{"Ice Cream":3,"Bottled Flame":36,"NeowsBlessing":0,"Eternal Feather":3,"MealTicket":9,"Ring of the Snake":0}],"Ring of the Snake":[18]},"card_choices":[{"not_picked":["Blur","Underhanded Strike"],"picked":"Slice","floor":1},{"not_picked":["Riddle With Holes","Underhanded Strike"],"picked":"Backflip","floor":5},{"not_picked":["Night Terror","Dodge and Roll","Concentrate"],"picked":"SKIP","floor":6},{"not_picked":["Bane","Blade Dance","Deflect"],"picked":"SKIP","floor":10},{"not_picked":["Outmaneuver","Skewer"],"picked":"Backflip","floor":11},{"not_picked":["Dagger Throw","Quick Slash"],"picked":"Flying Knee","floor":12},{"not_picked":["Cloak And Dagger","Leg Sweep"],"picked":"After Image","floor":13},{"not_picked":["Accuracy","Cloak And Dagger"],"picked":"Endless Agony","floor":14}],"player_experience":1098140,"relics_obtained":[{"floor":6,"key":"Ice Cream"},{"floor":9,"key":"Eternal Feather"},{"floor":11,"key":"MealTicket"},{"floor":14,"key":"Bottled Flame"}],"event_choices":[{"damage_healed":0,"gold_gain":0,"player_choice":"Got Potions","damage_taken":0,"max_hp_gain":0,"max_hp_loss":0,"event_name":"Lab","floor":3,"gold_loss":0},{"damage_healed":0,"gold_gain":0,"player_choice":"0 cards matched","damage_taken":0,"max_hp_gain":0,"max_hp_loss":0,"event_name":"Match and Keep!","floor":8,"gold_loss":0,"cards_obtained":[]}],"is_beta":false,"boss_relics":[],"items_purged_floors":[],"is_endless":false,"potions_floor_spawned":[1,6,13,14],"killed_by":"Hexaghost","ascension_level":20}}