{"host":"ggy1mjjy92c62u6a","time":1611493956,"event":{"mods":["10 clothes from DAL","ATMod(∞¢Ë™Mod)","Act Like it!","BaseMod","Colored Powertips","Downfall","GifTheSpireLib","Minty Spire (QoL Compilation)","Quick Restart","Relic Stats","Shop Mod","Spicy Shops","StSLib","TestMod","°æπ¶ƒ‹Mod°øªÏ„Á÷Æª∑–ﬁ∏¥≤π∂°","°æ“≈ŒÔMod°øÀ¿¡È∑® ¶NEW","°æ“≈ŒÔø®≈∆°øREMEMod"],"gold_per_floor":[99,118,118,118,44,56,56,88,88,114,30,30,49,80,96,96,96],"floor_reached":16,"language":"ZHS","playtime":552,"items_purged":["downfall:Malfunctioning"],"score":336,"play_id":"5aa7b38d-9313-4ed8-bec9-8be34b1789cb","local_time":"20210124211236","daily_mods":["Draft","Heirloom","Flight","downfall:Lament","DeadlyEvents","Binary"],"is_ascension_mode":true,"campfire_choices":[{"data":"Bone_Armory","floor":1.0,"key":"SMITH"},{"data":"Toxic_Smoke_Screen+1","floor":9.0,"key":"SMITH"},{"floor":12,"key":"REST"}],"circlet_count":0,"master_deck":["AscendersBane","REME_MusicOfDeath","Siphon_Strength","PosionArmor","PosionRing","Summon_Undead_Army","Bone_Armor","PosionWeak","Life_Tap","Violent_Necrosis","Shackles_Of_Pain+1","Bone_Shift","PosionRing+1","Spectral_Walk","Toxic_Smoke_Screen+2","ZombiePosion","Bone_Armory+1"],"relics":["Vampire_Amulet","Busted Crown","REME_ComplimentaryCards","AT_ATBox","testmod-TestBox","NeowsBlessing","testmod-HeartOfDaVinci","DALC_FIVE","downfall:ShatteredFragment","Membership Card","Orrery","MerchantsRug","Blue Candle","DALC_SIX","testmod-Register","StrikeDummy"],"acts_visited":["Exordium"],"potions_floor_usage":[],"damage_taken":[{"damage":0.0,"enemies":"Cultist","floor":2.0,"turns":2.0},{"damage":0.0,"enemies":"downfall:FleeingMerchant","floor":5.0,"turns":1.0},{"damage":0.0,"enemies":"2 Louse","floor":6.0,"turns":1.0},{"damage":27.0,"enemies":"3 Sentries","floor":8.0,"turns":7.0},{"damage":19.0,"enemies":"Lagavulin","floor":10.0,"turns":4.0},{"damage":12,"enemies":"Jaw Worm","floor":13,"turns":2},{"damage":32,"enemies":"3 Sentries","floor":14,"turns":6},{"damage":2,"enemies":"Blue Slaver","floor":15,"turns":2},{"damage":26,"enemies":"DF_ARCHETYPE_STREAMLINE","floor":16,"turns":3}],"seed_played":"-545095456082224935","potions_obtained":[{"floor":8.0,"key":"testmod-SpacePotion"},{"floor":10.0,"key":"BlessingOfTheForge"},{"floor":13,"key":"Explosive Potion"},{"floor":15,"key":"AttackPotion"}],"is_trial":true,"path_per_floor":["R","M","?","?","$","M","T","E","R","E","$","R","M","E","M","B"],"character_chosen":"NECROMANCER","items_purchased":["Membership Card","Orrery","MerchantsRug","testmod-Register"],"campfire_rested":1,"item_purchase_floors":[5,5,5,11],"current_hp_per_floor":[59,65,35,35,43,51,51,32,32,21,21,40,36,12,18,0,0],"gold":96,"neow_bonus":"","is_daily":false,"chose_seed":false,"campfire_upgraded":2,"win_rate":0.0,"timestamp":1611493956,"path_taken":["R","M","?","?","$","?","T","E","R","?","$","R","?","?","M","BOSS"],"items_purchased_type":["Relic","Relic","Relic","Relic"],"build_version":"2020-12-22","purchased_purges":1,"victory":false,"max_hp_per_floor":[65,65,65,65,65,65,65,65,65,65,65,65,65,65,65,65,65],"relic_stats":{"Busted Crown":26,"counters":[9,28],"Blue Candle":[2],"obtain_stats":[{"MerchantsRug":5,"AT_ATBox":0,"testmod-TestBox":0,"downfall:ShatteredFragment":3,"NeowsBlessing":0,"testmod-Register":11,"Blue Candle":7,"DALC_SIX":8,"Busted Crown":0,"Orrery":5,"Vampire_Amulet":0,"Membership Card":5,"StrikeDummy":14,"DALC_FIVE":0,"REME_ComplimentaryCards":0,"testmod-HeartOfDaVinci":0},{"MerchantsRug":2,"AT_ATBox":0,"testmod-TestBox":0,"downfall:ShatteredFragment":1,"NeowsBlessing":0,"testmod-Register":5,"Blue Candle":3,"DALC_SIX":4,"Busted Crown":0,"Orrery":2,"Vampire_Amulet":0,"Membership Card":2,"StrikeDummy":7,"DALC_FIVE":0,"REME_ComplimentaryCards":0,"testmod-HeartOfDaVinci":0},{"MerchantsRug":3,"AT_ATBox":0,"testmod-TestBox":0,"downfall:ShatteredFragment":2,"NeowsBlessing":0,"testmod-Register":15,"Blue Candle":4,"DALC_SIX":11,"Busted Crown":0,"Orrery":3,"Vampire_Amulet":0,"Membership Card":3,"StrikeDummy":23,"DALC_FIVE":0,"REME_ComplimentaryCards":0,"testmod-HeartOfDaVinci":0}]},"card_choices":[{"not_picked":["PosionRing","Negative_Energy_Mist"],"picked":"Siphon_Strength","floor":0.0},{"not_picked":["Vampiric_Strike","Thousand_Bone_Knives"],"picked":"PosionArmor","floor":0.0},{"not_picked":["Strike_from_Beyond","Negative_Energy_Javelin"],"picked":"PosionRing","floor":0.0},{"not_picked":["Strike_from_Beyond","Detonate_Bones"],"picked":"Summon_Undead_Army","floor":0.0},{"not_picked":["Blood_Curse","Hellfire"],"picked":"Bone_Armor","floor":0.0},{"not_picked":["PosionArmor","Bone_Armory"],"picked":"PosionWeak","floor":0.0},{"not_picked":["Vampiric_Strike","Bone_Spikes"],"picked":"Life_Tap","floor":0.0},{"not_picked":["Bone_Spikes","Summon_Undead_Army"],"picked":"Violent_Necrosis","floor":0.0},{"not_picked":["finger_Of_Death","Negative_Energy_Mist"],"picked":"Shackles_Of_Pain","floor":0.0},{"not_picked":["Negative_Energy_Mist","finger_Of_Death"],"picked":"Bone_Shift","floor":0.0},{"not_picked":["finger_Of_Death","Uncharnel"],"picked":"PosionRing","floor":0.0},{"not_picked":["Negative_Energy_Sphere","Bone_Armory"],"picked":"Spectral_Walk","floor":0.0},{"not_picked":["Negative_Energy_Javelin","finger_Of_Death"],"picked":"Toxic_Smoke_Screen","floor":0.0},{"not_picked":["Hellfire","Bone_Armory"],"picked":"ZombiePosion","floor":0.0},{"not_picked":["Negative_Energy_Javelin","Negative_Energy_Sphere"],"picked":"Bone_Armory","floor":0.0}],"player_experience":75808,"relics_obtained":[{"floor":7.0,"key":"Blue Candle"},{"floor":8.0,"key":"DALC_SIX"},{"floor":14,"key":"StrikeDummy"}],"event_choices":[],"is_beta":false,"boss_relics":[],"items_purged_floors":[5],"is_endless":true,"potions_floor_spawned":[8,10,13,15],"killed_by":"DF_ARCHETYPE_STREAMLINE","ascension_level":20}}