{"host":"bq8ii4ghyb2mkf8g","time":1611495477,"event":{"mods":["BaseMod","Colored Map","Minty Spire (QoL Compilation)","Quick Restart","Replay The Spire","StSLib"],"gold_per_floor":[109,120,120,195,207,110,127,157,157,157,168,188,205,225,225,328,328,347,447,81,97,107,107,137,151,151,151,151],"floor_reached":27,"language":"ZHS","playtime":1319,"items_purged":["Strike_G","Strike_G"],"score":502,"play_id":"0dc9d0f0-965d-4af5-b593-7a44eaa3d660","local_time":"20210124213757","is_ascension_mode":true,"campfire_choices":[{"data":"Calculated Gamble","floor":15,"key":"SMITH"},{"data":"Calculated Gamble","floor":23,"key":"SMITH"}],"circlet_count":0,"master_deck":["AscendersBane","Strike_G","Strike_G","Defend_G+1","Defend_G","Defend_G","Defend_G","Defend_G","Survivor+1","Neutralize","Slice","Calculated Gamble+1","Blade Dance","Backflip","Well Laid Plans","ReplayTheSpireMod:The Works","Envenom","Calculated Gamble+1","Purity","Acrobatics","Prepared"],"relics":["WristBlade","Snack Pack","Mercury Hourglass","SlaversCollar","Membership Card","Ornamental Fan","Blue Candle","HornCleat"],"acts_visited":["Exordium","TheCity"],"potions_floor_usage":[16,16],"damage_taken":[{"damage":1,"enemies":"Cultist","floor":1,"turns":4},{"damage":4,"enemies":"Jaw Worm","floor":2,"turns":4},{"damage":2,"enemies":"Small Slimes","floor":5,"turns":3},{"damage":4,"enemies":"Red Slaver","floor":7,"turns":3},{"damage":9,"enemies":"3 Sentries","floor":8,"turns":9},{"damage":0,"enemies":"Looter","floor":11,"turns":2},{"damage":0,"enemies":"Lots of Slimes","floor":12,"turns":3},{"damage":0,"enemies":"Blue Slaver","floor":13,"turns":2},{"damage":0,"enemies":"Gremlin Gang","floor":14,"turns":3},{"damage":0,"enemies":"Hexaghost","floor":16,"turns":9},{"damage":3,"enemies":"3 Byrds","floor":18,"turns":4},{"damage":2,"enemies":"Spheric Guardian","floor":21,"turns":3},{"damage":27,"enemies":"Centurion and Healer","floor":22,"turns":9},{"damage":33,"enemies":"Gremlin Leader","floor":24,"turns":7},{"damage":16,"enemies":"Shelled Parasite and Fungi","floor":25,"turns":5},{"damage":0,"enemies":"Sentry and Sphere","floor":27,"turns":3}],"seed_played":"-1120150255787625964","potions_obtained":[{"floor":1,"key":"Weak Potion"},{"floor":8,"key":"Energy Potion"},{"floor":12,"key":"Strength Potion"},{"floor":16,"key":"Reflective Coating"},{"floor":24,"key":"FearPotion"}],"is_trial":false,"path_per_floor":["M","M","?","?","M","$","M","E","T","?","M","M","M","M","R","B",null,"M","?","$","M","M","R","E","M","T","M"],"character_chosen":"THE_SILENT","items_purchased":["Blade Dance","Membership Card","Ornamental Fan","Purity"],"campfire_rested":0,"item_purchase_floors":[6,20,20,20],"current_hp_per_floor":[62,58,44,37,35,35,31,22,22,22,24,26,28,32,32,46,64,69,69,69,70,47,47,24,14,14,18,18],"gold":151,"neow_bonus":"BOSS_RELIC","is_daily":false,"chose_seed":false,"campfire_upgraded":2,"win_rate":0.0,"timestamp":1611495477,"path_taken":["M","?","?","?","M","$","?","E","T","?","M","M","?","M","R","BOSS","M","?","$","?","M","R","E","M","T","M"],"items_purchased_type":["Card","Relic","Relic","Card"],"build_version":"2020-12-22","purchased_purges":2,"victory":false,"max_hp_per_floor":[70,70,70,70,70,70,70,70,70,70,70,70,70,70,70,70,70,70,70,70,70,70,70,70,70,70,70,70],"card_choices":[{"not_picked":["Replay:Poison Smokescreen","Concentrate","Quick Slash"],"picked":"SKIP","floor":1},{"not_picked":["Bane","Distraction"],"picked":"Slice","floor":2},{"not_picked":["Slice","Prepared"],"picked":"Calculated Gamble","floor":5},{"not_picked":["Deadly Poison","Underhanded Strike","Distraction"],"picked":"SKIP","floor":7},{"not_picked":["Slice","Toxin Wave"],"picked":"Backflip","floor":8},{"not_picked":["Fluid Movement","Dodge and Roll","ReplayTheSpireMod:Speed Training"],"picked":"SKIP","floor":11},{"not_picked":["Flying Knee","Fluid Movement"],"picked":"Well Laid Plans","floor":12},{"not_picked":["Deadly Poison","Cloak And Dagger","Poisoned Stab"],"picked":"SKIP","floor":13},{"not_picked":["Masterful Stab","Deadly Poison"],"picked":"ReplayTheSpireMod:The Works","floor":14},{"not_picked":["ReplayTheSpireMod:From All Sides","Die Die Die"],"picked":"Envenom","floor":16},{"not_picked":["Hidden Blade","Dagger Spray"],"picked":"Calculated Gamble","floor":18},{"not_picked":["Quick Slash","Slice"],"picked":"Acrobatics","floor":21},{"not_picked":["Quick Slash","ReplayTheSpireMod:Tripwire","Outmaneuver"],"picked":"SKIP","floor":22},{"not_picked":["Deadly Poison+1","Concentrate"],"picked":"Prepared","floor":24},{"not_picked":["Well Laid Plans","Sucker Punch","Distraction"],"picked":"SKIP","floor":25}],"player_experience":126347,"relics_obtained":[{"floor":8,"key":"Snack Pack"},{"floor":9,"key":"Mercury Hourglass"},{"floor":24,"key":"Blue Candle"},{"floor":26,"key":"HornCleat"}],"event_choices":[{"damage_healed":0,"gold_gain":0,"player_choice":"Entered Light","damage_taken":14,"max_hp_gain":0,"max_hp_loss":0,"event_name":"Shining Light","floor":3,"gold_loss":0,"cards_upgraded":["Defend_G","Survivor"]},{"damage_healed":0,"gold_gain":75,"player_choice":"Touch","damage_taken":7,"max_hp_gain":0,"max_hp_loss":0,"event_name":"FaceTrader","floor":4,"gold_loss":0},{"cards_removed":["Strike_G"],"damage_healed":0,"gold_gain":0,"player_choice":"Offered Basic","damage_taken":0,"max_hp_gain":0,"max_hp_loss":0,"event_name":"Bonfire Elementals","floor":10,"gold_loss":0},{"damage_healed":0,"gold_gain":100,"player_choice":"Pray","damage_taken":0,"max_hp_gain":0,"max_hp_loss":0,"event_name":"Golden Shrine","floor":19,"gold_loss":0}],"is_beta":false,"boss_relics":[{"not_picked":["Replay:Bronze Core","Replay:Wanted Poster"],"picked":"SlaversCollar"}],"items_purged_floors":[6,20],"is_endless":false,"potions_floor_spawned":[1,8,12,16,24],"killed_by":"Sentry and Sphere","ascension_level":12}}