{"host":"k2mw1od0xoi9pcfj","time":1611523261,"event":{"mods":["BaseMod","Hermit","Highlight Path","Minty Spire (QoL Compilation)","Permanent Neow","Relic Stats","StSLib"],"gold_per_floor":[119,119,38,58,58,89,89,89,115,115,115,135,166,14,14,116,116,134,152,166,234,234,234,234],"floor_reached":23,"language":"ENG","playtime":1272,"items_purged":[],"score":217,"play_id":"307a2515-d624-4bd5-947b-7e21be15ebef","local_time":"20210124152101","is_ascension_mode":true,"campfire_choices":[{"data":"Discovery","floor":7,"key":"SMITH"},{"floor":11,"key":"REST"},{"floor":15,"key":"RECALL"}],"circlet_count":0,"master_deck":["Strike_R","Strike_R","Strike_R","Defend_R","Defend_R","Defend_R","Defend_R","Bash","Discovery+1","Rampage","Spot Weakness+1","Inflame","Shrug It Off","Battle Trance","True Grit","CurseOfTheBell","True Grit"],"relics":["Burning Blood","Meat on the Bone","Art of War","Lantern","Oddly Smooth Stone","Calling Bell","Boot","Paper Frog","Thread and Needle","Sundial","Gremlin Horn"],"acts_visited":["Exordium","TheCity"],"potions_floor_usage":[18,20],"damage_taken":[{"damage":12,"enemies":"Jaw Worm","floor":1,"turns":5},{"damage":9,"enemies":"Small Slimes","floor":4,"turns":4},{"damage":36,"enemies":"Lagavulin","floor":6,"turns":5},{"damage":0,"enemies":"Cultist","floor":12,"turns":4},{"damage":18,"enemies":"3 Sentries","floor":13,"turns":7},{"damage":52,"enemies":"Slime Boss","floor":16,"turns":8},{"damage":30,"enemies":"2 Thieves","floor":18,"turns":5},{"damage":21,"enemies":"Shell Parasite","floor":19,"turns":7},{"damage":29,"enemies":"Cultist and Chosen","floor":20,"turns":8},{"damage":22,"enemies":"Gremlin Leader","floor":23,"turns":2}],"seed_played":"-2139411825181423115","potions_obtained":[{"floor":12,"key":"GamblersBrew"},{"floor":13,"key":"SteroidPotion"},{"floor":18,"key":"Regen Potion"},{"floor":20,"key":"EssenceOfSteel"}],"is_trial":false,"path_per_floor":["M","?","$","M","T","E","R","?","T","?","R","M","E","$","R","B",null,"M","M","M","T","T","E"],"character_chosen":"IRONCLAD","items_purchased":["Spot Weakness","Oddly Smooth Stone"],"campfire_rested":1,"item_purchase_floors":[3,14],"current_hp_per_floor":[74,67,67,64,64,46,46,46,46,46,70,76,64,64,64,30,80,56,53,42,42,42,20,20],"gold":234,"neow_bonus":"RANDOM_COLORLESS","is_daily":false,"chose_seed":false,"campfire_upgraded":1,"win_rate":0.0,"timestamp":1611523261,"path_taken":["M","?","$","M","?","E","R","?","T","?","R","M","E","$","R","BOSS","M","M","M","?","?","E"],"items_purchased_type":["Card","Relic"],"build_version":"2020-12-22","purchased_purges":0,"victory":false,"max_hp_per_floor":[80,80,80,80,80,80,80,80,80,80,80,80,80,80,80,80,80,80,80,80,80,80,80,80],"relic_stats":{"Gremlin Horn":[0,0],"counters":[10,55],"Sundial":[0],"Art of War":[5],"Boot":[0],"obtain_stats":[{"Calling Bell":17,"Lantern":13,"Gremlin Horn":22,"Sundial":21,"Oddly Smooth Stone":14,"Thread and Needle":17,"Art of War":6,"Boot":17,"Burning Blood":0,"Meat on the Bone":5,"Paper Frog":17},{"Calling Bell":6,"Lantern":5,"Gremlin Horn":9,"Sundial":9,"Oddly Smooth Stone":5,"Thread and Needle":6,"Art of War":3,"Boot":6,"Burning Blood":0,"Meat on the Bone":2,"Paper Frog":6},{"Calling Bell":33,"Lantern":25,"Gremlin Horn":53,"Sundial":53,"Oddly Smooth Stone":25,"Thread and Needle":33,"Art of War":14,"Boot":33,"Burning Blood":0,"Meat on the Bone":9,"Paper Frog":33}],"Burning Blood":54,"Meat on the Bone":48},"card_choices":[{"not_picked":["Impatience","Swift Strike"],"picked":"Discovery","floor":0},{"not_picked":["Pommel Strike","Armaments"],"picked":"Rampage","floor":1},{"not_picked":["Bloodletting","Carnage","Hemokinesis"],"picked":"SKIP","floor":4},{"not_picked":["Rupture","Anger"],"picked":"Inflame","floor":6},{"not_picked":["Sword Boomerang","Ghostly Armor"],"picked":"Battle Trance","floor":12},{"not_picked":["Armaments","Anger"],"picked":"True Grit","floor":13},{"not_picked":["Burning Pact+1","Armaments+1"],"picked":"True Grit","floor":18},{"not_picked":["Wild Strike","Reckless Charge","Second Wind"],"picked":"SKIP","floor":19},{"not_picked":["Brutality","Dark Embrace","Second Wind"],"picked":"SKIP","floor":20}],"player_experience":668900,"relics_obtained":[{"floor":5,"key":"Meat on the Bone"},{"floor":6,"key":"Art of War"},{"floor":13,"key":"Lantern"},{"floor":17,"key":"Boot"},{"floor":17,"key":"Paper Frog"},{"floor":17,"key":"Thread and Needle"},{"floor":21,"key":"Sundial"},{"floor":22,"key":"Gremlin Horn"}],"event_choices":[{"cards_removed":["Strike_R"],"damage_healed":0,"gold_gain":0,"player_choice":"Card Removal","damage_taken":7,"max_hp_gain":0,"max_hp_loss":0,"event_name":"Golden Wing","floor":2,"gold_loss":0},{"damage_healed":0,"gold_gain":0,"player_choice":"Grow","damage_taken":0,"max_hp_gain":0,"max_hp_loss":0,"event_name":"Living Wall","floor":8,"gold_loss":0,"cards_upgraded":["Spot Weakness"]},{"damage_healed":0,"gold_gain":0,"cards_transformed":["Strike_R"],"player_choice":"Transformed","damage_taken":0,"max_hp_gain":0,"max_hp_loss":0,"event_name":"Transmorgrifier","floor":10,"gold_loss":0,"cards_obtained":["Shrug It Off"]}],"is_beta":false,"boss_relics":[{"not_picked":["Snecko Eye","SacredBark"],"picked":"Calling Bell"}],"items_purged_floors":[],"is_endless":false,"potions_floor_spawned":[12,13,18,20],"killed_by":"Gremlin Leader","ascension_level":2}}