{"host":"lh7nevhqohhhg5q0","time":1611466708,"event":{"mods":["Act Like it!","BaseMod","Better Altar","Better Match","Better Note","Better Sensory Stone","Better Skull","Better Third Choice","BetterRewards","Colored Powertips","Googly Eyes","Hermit","Marisa????????","Minty Spire (QoL Compilation)","Permanent Neow","Replay The Spire","StSLib","The Cursed","The Servant 0.9.4"],"gold_per_floor":[118,135,135,67,67,67,102,127,150,150,150,174,212,237,237,358,358,377,393,413,413,413,413,436,449,475,475,514,538,563,588,588,716,716,730,44,62,62,0,39,39,39,39],"floor_reached":42,"language":"ENG","playtime":4203,"items_purged":["Regret"],"score":610,"play_id":"d6092d95-7c90-4371-9670-2a254965a6d3","local_time":"20210124003828","is_ascension_mode":false,"campfire_choices":[{"data":"Iron Wave","floor":6,"key":"SMITH"},{"floor":11,"key":"REST"},{"floor":23,"key":"REST"},{"floor":27,"key":"REST"},{"floor":32,"key":"REST"},{"floor":41,"key":"REST"}],"circlet_count":0,"master_deck":["Strike_R","Strike_R+1","Strike_R","Strike_R","Defend_R+1","Defend_R+1","Defend_R+1","Bash","Cleave","Iron Wave+1","Headbutt","Inflame","Heavy Blade","Shrug It Off","Metallicize","ReplayTheSpireMod:LeadingStrike","Replay:Many Hands","Demon Form","Shrug It Off+1","Shrug It Off","Armaments+1","Replay:Undeath\u0027s Touch+1","Berserk","Feed","ReplayTheSpireMod:Doomed","Parasite","Iron Wave+1","Clothesline+1","Madness","Madness","Burning Pact+1"],"relics":["Burning Blood","Golden Idol","Simple Rune","ReplayTheSpireMod:Spearhead","Snack Pack","Runic Pyramid","Bronze Scales","Replay:Bottled Flurry","Replay:Ancient Bell","MealTicket","Molten Egg 2","Incense Burner","Another Sword","Bird Faced Urn","Red Mask","ReplayTheSpireMod:Shallot"],"acts_visited":["Exordium","TheCity","TheBeyond"],"potions_floor_usage":[16,16,28,33,33],"damage_taken":[{"damage":0,"enemies":"Cultist","floor":1,"turns":4},{"damage":0,"enemies":"Small Slimes","floor":2,"turns":2},{"damage":25,"enemies":"Gremlin Nob","floor":7,"turns":5},{"damage":11,"enemies":"Jaw Worm","floor":8,"turns":3},{"damage":5,"enemies":"Looter","floor":12,"turns":3},{"damage":2,"enemies":"Replay:BlueRogue","floor":13,"turns":6},{"damage":4,"enemies":"Gremlin Gang","floor":14,"turns":3},{"damage":65,"enemies":"Hexaghost","floor":16,"turns":11},{"damage":44,"enemies":"3 Byrds","floor":18,"turns":6},{"damage":11,"enemies":"Shell Parasite","floor":19,"turns":9},{"damage":37,"enemies":"Shelled Parasite and Fungi","floor":20,"turns":8},{"damage":15,"enemies":"Centurion and Healer","floor":24,"turns":6},{"damage":13,"enemies":"Snake Plant","floor":25,"turns":8},{"damage":34,"enemies":"Book of Stabbing","floor":28,"turns":6},{"damage":9,"enemies":"Sentry and Sphere","floor":29,"turns":5},{"damage":0,"enemies":"Chosen and Byrds","floor":30,"turns":5},{"damage":28,"enemies":"Snake Plant","floor":31,"turns":5},{"damage":25,"enemies":"Pondfish","floor":33,"turns":7},{"damage":27,"enemies":"3 Darklings","floor":35,"turns":8},{"damage":28,"enemies":"Orb Walker","floor":37,"turns":5},{"damage":40,"enemies":"Nemesis","floor":40,"turns":5},{"damage":83,"enemies":"Giant Head","floor":42,"turns":10}],"seed_played":"-1333208915248831992","potions_obtained":[{"floor":7,"key":"Elixir"},{"floor":8,"key":"Elixir"},{"floor":13,"key":"BloodPotion"},{"floor":14,"key":"Death Potion"},{"floor":24,"key":"BlessingOfTheForge"},{"floor":25,"key":"Regen Potion"},{"floor":28,"key":"LiquidBronze"},{"floor":35,"key":"Toxic Potion"}],"is_trial":false,"path_per_floor":["M","M","?","$","?","R","E","M","T","?","R","M","E","M","R","B",null,"M","M","M","?","?","R","M","M","T","R","E","M","M","M","R","B",null,"M","$","M","?","?","E","R","E"],"character_chosen":"IRONCLAD","items_purchased":["Inflame","Another Sword","Bird Faced Urn"],"campfire_rested":5,"item_purchase_floors":[4,36,36],"current_hp_per_floor":[80,80,64,64,64,64,45,40,40,40,64,65,69,73,73,32,80,44,41,10,10,10,34,29,24,24,48,29,28,38,20,44,31,80,65,80,70,59,59,35,60,0,0],"gold":39,"neow_bonus":"TRANSFORM_CARD","is_daily":false,"chose_seed":false,"campfire_upgraded":1,"win_rate":0.0,"timestamp":1611466708,"path_taken":["M","?","?","$","?","R","E","M","T","?","R","M","E","M","R","BOSS","M","?","M","?","?","R","M","M","T","R","E","M","?","M","R","BOSS","M","$","M","?","?","E","R","E"],"items_purchased_type":["Card","Relic","Relic"],"build_version":"2020-12-22","purchased_purges":1,"victory":false,"max_hp_per_floor":[80,80,80,80,80,80,80,80,80,80,80,80,80,80,80,80,80,80,80,80,80,80,80,80,80,80,80,80,80,80,80,80,80,80,80,80,84,84,84,84,84,84,84],"card_choices":[{"not_picked":["ReplayTheSpireMod:Strike From Hell","Clash"],"picked":"Iron Wave","floor":1},{"not_picked":["Abandon","Intimidate"],"picked":"Headbutt","floor":2},{"not_picked":["Cleave","Armaments"],"picked":"Heavy Blade","floor":7},{"not_picked":["Ghostly Armor","Run Through"],"picked":"Shrug It Off","floor":8},{"not_picked":["Uppercut","Life Link","Armaments"],"picked":"SKIP","floor":12},{"not_picked":["Reaper","Twin Strike"],"picked":"Metallicize","floor":13},{"not_picked":["Twin Strike","Feel No Pain"],"picked":"ReplayTheSpireMod:LeadingStrike","floor":14},{"not_picked":["Impervious","Corruption"],"picked":"Demon Form","floor":16},{"not_picked":["Warcry+1","ReplayReversal"],"picked":"Shrug It Off+1","floor":18},{"not_picked":["Iron Wave","ReplayReversal+1"],"picked":"Shrug It Off","floor":19},{"not_picked":["Cleave","True Grit+1"],"picked":"Armaments+1","floor":20},{"not_picked":["Clash+1","Whirlwind","Defy Death"],"picked":"SKIP","floor":24},{"not_picked":["Clothesline","Shockwave","Bloodletting+1"],"picked":"SKIP","floor":25},{"not_picked":["Feel No Pain","Dual Wield","Cleave"],"picked":"SKIP","floor":28},{"not_picked":["Power Through","Flex"],"picked":"Replay:Undeath\u0027s Touch+1","floor":29},{"not_picked":["Shrug It Off+1","Pummel"],"picked":"Berserk","floor":30},{"not_picked":["ReplayTheSpireMod:LeadingStrike","Clothesline","Armaments"],"picked":"SKIP","floor":31},{"not_picked":["Demon Form","Impervious"],"picked":"Feed","floor":33},{"not_picked":["Replay:Sluggish","CurseOfTheBell"],"picked":"ReplayTheSpireMod:Doomed","floor":34},{"not_picked":["hermit:ImpendingDoom","AbeCurse"],"picked":"Regret","floor":34},{"not_picked":["Looming Evil","ReplayTheSpireMod:Faulty Equipment"],"picked":"Parasite","floor":34},{"not_picked":["Hemogenesis+1","True Grit"],"picked":"Iron Wave+1","floor":35},{"not_picked":["Twin Strike+1","Body Slam+1"],"picked":"Clothesline+1","floor":37},{"not_picked":["Sword Boomerang+1","Battle Trance"],"picked":"Burning Pact+1","floor":40}],"player_experience":60628,"relics_obtained":[{"floor":7,"key":"Simple Rune"},{"floor":9,"key":"ReplayTheSpireMod:Spearhead"},{"floor":13,"key":"Snack Pack"},{"floor":26,"key":"Bronze Scales"},{"floor":28,"key":"Replay:Bottled Flurry"},{"floor":40,"key":"ReplayTheSpireMod:Shallot"}],"event_choices":[{"damage_healed":0,"gold_gain":0,"player_choice":"Entered Light","damage_taken":16,"max_hp_gain":0,"max_hp_loss":0,"event_name":"Shining Light","floor":3,"gold_loss":0,"cards_upgraded":["Defend_R","Defend_R"]},{"damage_healed":0,"gold_gain":0,"player_choice":"Take Wound","damage_taken":0,"relics_obtained":["Golden Idol"],"max_hp_gain":0,"max_hp_loss":0,"event_name":"Golden Idol","floor":5,"gold_loss":0,"cards_obtained":["Injury"]},{"damage_healed":0,"gold_gain":0,"player_choice":"Leave","damage_taken":0,"max_hp_gain":0,"max_hp_loss":0,"event_name":"FaceTrader","floor":10,"gold_loss":0},{"cards_removed":["Shrug It Off"],"damage_healed":0,"gold_gain":0,"player_choice":"Give","damage_taken":0,"max_hp_gain":0,"max_hp_loss":0,"event_name":"betterNote:BetterNote","floor":21,"gold_loss":0,"cards_obtained":["Strike_MRS"]},{"cards_removed":["Injury"],"damage_healed":0,"gold_gain":0,"player_choice":"Purged","damage_taken":0,"max_hp_gain":0,"max_hp_loss":0,"event_name":"Purifier","floor":22,"gold_loss":0},{"damage_healed":0,"gold_gain":0,"player_choice":"Embrace Madness","damage_taken":11,"max_hp_gain":0,"max_hp_loss":0,"event_name":"Winding Halls","floor":38,"gold_loss":0,"cards_obtained":["Madness","Madness"]},{"damage_healed":0,"gold_gain":0,"player_choice":"Paid","damage_taken":0,"relics_obtained":["Red Mask"],"max_hp_gain":0,"max_hp_loss":0,"event_name":"Tomb of Lord Red Mask","floor":39,"gold_loss":62}],"is_beta":false,"boss_relics":[{"not_picked":["Replay:Wanted Poster","ChewingGum"],"picked":"Runic Pyramid"},{"not_picked":["Mark of Pain","Empty Cage"],"picked":"Replay:Ancient Bell"},{"not_picked":["ReplayTheSpireMod:Lightbulb","Blue Doll"],"picked":"MealTicket"},{"not_picked":["Letter Opener","Golden Egg"],"picked":"Molten Egg 2"},{"not_picked":["Magic Flower","Replay:PocketPolymizer"],"picked":"Incense Burner"}],"items_purged_floors":[36],"is_endless":false,"potions_floor_spawned":[7,8,13,14,24,25,28,30,35],"killed_by":"Giant Head","ascension_level":0}}