{"host":"j4g6ia6asvpyu2b0","time":1611450611,"event":{"mods":["BaseMod","Colored Map","Minty Spire (QoL Compilation)","Permanent Neow","Quick Restart","Relic Stats","StSLib","Unceasing Turn Reminder"],"gold_per_floor":[117,135,149,166,180,180,199,228,228,228,256,268,296,296,296,371,371,381,392,392,392,152,152,178,178,230,245,275,275,285,301,301,373,373,392,392,405,405,69,69,119,119,144,144,26,41,70,85,85,85,85],"floor_reached":50,"language":"ENG","playtime":1289,"items_purged":["Writhe"],"score":1065,"play_id":"4e2bb205-5555-494e-a4d9-612e007d2584","local_time":"20210123181011","is_ascension_mode":true,"campfire_choices":[{"data":"Immolate","floor":6.0,"key":"SMITH"},{"data":"Inflame","floor":10,"key":"SMITH"},{"data":"Clothesline","floor":15,"key":"SMITH"},{"data":"Limit Break","floor":23,"key":"SMITH"},{"data":"Sword Boomerang","floor":25,"key":"SMITH"},{"data":"Feel No Pain","floor":29,"key":"SMITH"},{"data":"Seeing Red","floor":32,"key":"SMITH"},{"data":"Shrug It Off","floor":40,"key":"SMITH"},{"data":"Flame Barrier","floor":42,"key":"SMITH"},{"floor":44,"key":"RECALL"},{"floor":49,"key":"REST"}],"circlet_count":0,"master_deck":["AscendersBane","Strike_R","Strike_R","Strike_R","Strike_R","Strike_R","Defend_R","Defend_R","Defend_R","Defend_R","Bash+1","Immolate+1","Inflame+1","Iron Wave","Twin Strike","Shrug It Off+1","Sword Boomerang+1","Clothesline+1","Feel No Pain+1","Twin Strike","Limit Break+1","Flame Barrier+1","Second Wind+1","Twin Strike","Dropkick","Seeing Red+1","Headbutt","Inflame","Sword Boomerang+1","HandOfGreed","Feel No Pain","Shockwave","Evolve","Shrug It Off+1","Havoc+1"],"relics":["Burning Blood","Bottled Lightning","Eternal Feather","Akabeko","Art of War","Busted Crown","Prayer Wheel","Brimstone","Ginger","Dead Branch","Snecko Eye","Happy Flower","Bag of Marbles","Boot","Blood Vial","Singing Bowl"],"acts_visited":["Exordium","TheCity","TheBeyond"],"potions_floor_usage":[24,30,41],"damage_taken":[{"damage":1.0,"enemies":"Cultist","floor":1.0,"turns":3.0},{"damage":3.0,"enemies":"Small Slimes","floor":2.0,"turns":2.0},{"damage":7.0,"enemies":"Jaw Worm","floor":3.0,"turns":3.0},{"damage":7.0,"enemies":"Looter","floor":4.0,"turns":3.0},{"damage":8.0,"enemies":"Exordium Wildlife","floor":5.0,"turns":3.0},{"damage":12.0,"enemies":"Gremlin Gang","floor":7.0,"turns":2.0},{"damage":16.0,"enemies":"Gremlin Nob","floor":8.0,"turns":3.0},{"damage":25,"enemies":"Lagavulin","floor":11,"turns":6},{"damage":1,"enemies":"Blue Slaver","floor":12,"turns":3},{"damage":27,"enemies":"3 Sentries","floor":13,"turns":4},{"damage":33,"enemies":"The Guardian","floor":16,"turns":13},{"damage":13,"enemies":"Shell Parasite","floor":18,"turns":3},{"damage":12,"enemies":"Chosen","floor":19,"turns":3},{"damage":31,"enemies":"Gremlin Leader","floor":24,"turns":4},{"damage":3,"enemies":"Sentry and Sphere","floor":27,"turns":3},{"damage":22,"enemies":"Book of Stabbing","floor":28,"turns":3},{"damage":0,"enemies":"Cultist and Chosen","floor":30,"turns":3},{"damage":7,"enemies":"Snecko","floor":31,"turns":3},{"damage":39,"enemies":"Champ","floor":33,"turns":6},{"damage":21,"enemies":"3 Shapes","floor":35,"turns":3},{"damage":4,"enemies":"Orb Walker","floor":37,"turns":3},{"damage":2,"enemies":"Nemesis","floor":41,"turns":3},{"damage":33,"enemies":"Transient","floor":46,"turns":6},{"damage":21,"enemies":"Reptomancer","floor":47,"turns":4},{"damage":15,"enemies":"Writhing Mass","floor":48,"turns":3},{"damage":60,"enemies":"Awakened One","floor":50,"turns":5}],"seed_played":"-6644217160081934881","potions_obtained":[{"floor":1.0,"key":"DistilledChaos"},{"floor":4.0,"key":"DuplicationPotion"},{"floor":8,"key":"Explosive Potion"},{"floor":24,"key":"ElixirPotion"},{"floor":28,"key":"Block Potion"},{"floor":30,"key":"EssenceOfSteel"},{"floor":31,"key":"Regen Potion"},{"floor":33,"key":"AttackPotion"},{"floor":47,"key":"SkillPotion"}],"is_trial":false,"path_per_floor":["M","M","M","M","M","R","M","E","T","R","E","M","E","?","R","B",null,"M","M","?","?","$","R","E","R","T","M","E","R","M","M","R","B",null,"M","?","M","?","$","R","E","R","T","R","$","M","E","M","R","B"],"character_chosen":"IRONCLAD","items_purchased":["Brimstone","Happy Flower","Bag of Marbles","Shockwave","Evolve"],"campfire_rested":1,"item_purchase_floors":[22,39,39,45,45],"current_hp_per_floor":[68,68,67,66,64,64,58,48,48,57,38,43,22,22,34,7,53,46,40,40,40,40,52,27,39,39,42,26,41,47,46,61,28,58,43,43,45,45,45,63,67,68,68,68,68,41,30,27,70,12,12],"gold":85,"neow_bonus":"THREE_RARE_CARDS","is_daily":false,"chose_seed":false,"campfire_upgraded":9,"win_rate":0.0,"timestamp":1611450611,"path_taken":["M","?","M","M","M","R","M","E","T","R","E","M","E","?","R","BOSS","M","M","?","?","?","R","E","R","T","M","E","R","?","M","R","BOSS","M","?","M","?","$","R","E","R","T","R","$","M","E","M","R","BOSS"],"items_purchased_type":["Relic","Relic","Relic","Card","Card"],"build_version":"2020-12-22","purchased_purges":1,"victory":false,"max_hp_per_floor":[68,68,68,68,68,68,68,68,68,68,68,68,68,68,68,68,68,68,68,68,68,68,68,68,68,68,68,68,68,68,68,68,68,68,68,68,68,68,68,68,68,68,68,68,68,68,70,74,74,74,74],"relic_stats":{"Happy Flower":[7],"Singing Bowl":6,"counters":[26,100],"Dead Branch":[26],"Eternal Feather":115,"Ginger":[6],"Boot":[0],"Burning Blood":142,"Blood Vial":6,"Busted Crown":44,"Snecko Eye":[40,53,51,50],"Prayer Wheel":7,"Art of War":[3],"obtain_stats":[{"Happy Flower":39,"Singing Bowl":47,"Dead Branch":28,"Eternal Feather":9,"Ginger":24,"Boot":41,"Burning Blood":0,"Akabeko":11,"Blood Vial":43,"Busted Crown":17,"Brimstone":22,"Snecko Eye":34,"Prayer Wheel":21,"Art of War":13,"Bag of Marbles":39,"Bottled Lightning":8},{"Happy Flower":21,"Singing Bowl":24,"Dead Branch":16,"Eternal Feather":7,"Ginger":14,"Boot":22,"Burning Blood":0,"Akabeko":8,"Blood Vial":22,"Busted Crown":11,"Brimstone":13,"Snecko Eye":19,"Prayer Wheel":13,"Art of War":10,"Bag of Marbles":21,"Bottled Lightning":7},{"Happy Flower":79,"Singing Bowl":92,"Dead Branch":61,"Eternal Feather":19,"Ginger":55,"Boot":82,"Burning Blood":0,"Akabeko":25,"Blood Vial":82,"Busted Crown":45,"Brimstone":51,"Snecko Eye":73,"Prayer Wheel":51,"Art of War":32,"Bag of Marbles":79,"Bottled Lightning":19}]},"card_choices":[{"not_picked":["Exhume","Bludgeon"],"picked":"Immolate","floor":0.0},{"not_picked":["Sentinel","Sword Boomerang"],"picked":"Inflame","floor":1.0},{"not_picked":["Searing Blow","Wild Strike"],"picked":"Iron Wave","floor":2.0},{"not_picked":["Ghostly Armor","Dual Wield"],"picked":"Twin Strike","floor":3.0},{"not_picked":["Searing Blow","Perfected Strike"],"picked":"Shrug It Off","floor":4.0},{"not_picked":["True Grit","Burning Pact"],"picked":"Sword Boomerang","floor":5.0},{"not_picked":["Second Wind","Dropkick","Heavy Blade"],"picked":"SKIP","floor":7.0},{"not_picked":["Rage","Sentinel","Flex"],"picked":"SKIP","floor":8},{"not_picked":["Shrug It Off","Warcry"],"picked":"Clothesline","floor":11},{"not_picked":["Burning Pact","Perfected Strike"],"picked":"Feel No Pain","floor":12},{"not_picked":["Perfected Strike","Warcry"],"picked":"Twin Strike","floor":13},{"not_picked":["Double Tap","Fiend Fire"],"picked":"Limit Break","floor":16},{"not_picked":[],"picked":"Flame Barrier","floor":18},{"not_picked":[],"picked":"Second Wind+1","floor":19},{"not_picked":["Clash"],"picked":"SKIP","floor":24},{"not_picked":[],"picked":"Twin Strike","floor":27},{"not_picked":["Seeing Red"],"picked":"SKIP","floor":27},{"not_picked":[],"picked":"Dropkick","floor":28},{"not_picked":[],"picked":"Seeing Red","floor":30},{"not_picked":["Wild Strike"],"picked":"SKIP","floor":30},{"not_picked":[],"picked":"Headbutt","floor":31},{"not_picked":[],"picked":"Inflame","floor":31},{"not_picked":[],"picked":"Sword Boomerang+1","floor":35},{"not_picked":["Body Slam"],"picked":"SKIP","floor":35},{"not_picked":[],"picked":"HandOfGreed","floor":36},{"not_picked":["Hemokinesis+1"],"picked":"SKIP","floor":37},{"not_picked":["Sword Boomerang"],"picked":"SKIP","floor":37},{"not_picked":[],"picked":"Feel No Pain","floor":41},{"not_picked":[],"picked":"Shrug It Off+1","floor":46},{"not_picked":[],"picked":"Havoc+1","floor":46},{"not_picked":["Wild Strike"],"picked":"Singing Bowl","floor":47},{"not_picked":["Bloodletting"],"picked":"Singing Bowl","floor":48},{"not_picked":["Heavy Blade"],"picked":"Singing Bowl","floor":48}],"player_experience":968019,"relics_obtained":[{"floor":8,"key":"Bottled Lightning"},{"floor":9,"key":"Eternal Feather"},{"floor":11,"key":"Akabeko"},{"floor":13,"key":"Art of War"},{"floor":24,"key":"Ginger"},{"floor":28,"key":"Dead Branch"},{"floor":41,"key":"Boot"},{"floor":43,"key":"Blood Vial"},{"floor":47,"key":"Singing Bowl"}],"event_choices":[{"damage_healed":0,"gold_gain":0,"player_choice":"Grow","damage_taken":0,"max_hp_gain":0,"max_hp_loss":0,"event_name":"Living Wall","floor":14,"gold_loss":0,"cards_upgraded":["Bash"]},{"damage_healed":0,"gold_gain":0,"player_choice":"Ignored","damage_taken":0,"max_hp_gain":0,"max_hp_loss":0,"event_name":"Ghosts","floor":20,"gold_loss":0},{"damage_healed":0,"gold_gain":0,"player_choice":"Opened","damage_taken":0,"relics_obtained":["Prayer Wheel"],"max_hp_gain":0,"max_hp_loss":0,"event_name":"The Mausoleum","floor":21,"gold_loss":0,"cards_obtained":["Writhe"]},{"damage_healed":0,"gold_gain":0,"player_choice":"Memory 1","damage_taken":0,"max_hp_gain":0,"max_hp_loss":0,"event_name":"SensoryStone","floor":36,"gold_loss":0},{"damage_healed":0,"gold_gain":0,"player_choice":"Ignored","damage_taken":0,"max_hp_gain":0,"max_hp_loss":0,"event_name":"Tomb of Lord Red Mask","floor":38,"gold_loss":0}],"is_beta":false,"boss_relics":[{"not_picked":["Sozu","Runic Cube"],"picked":"Busted Crown"},{"not_picked":["Runic Pyramid","Black Star"],"picked":"Snecko Eye"}],"items_purged_floors":[22],"is_endless":false,"potions_floor_spawned":[1,4,8,11,12,24,28,30,31,33,37,47],"killed_by":"Awakened One","ascension_level":17}}