{"host":"aas8f8jvicx6tcxp","time":1611461682,"event":{"mods":["BaseMod","Better Third Choice","BetterRewards","Downfall","Hermit","Minty Spire (QoL Compilation)","Robot Space Explorer","StSLib","The Bladedancer","The Cursed"],"gold_per_floor":[113,78,88,263,279,279,21,40,40,40,40,40,40,90,90,192,192,204,224,404,75,94,94,113,113,113,113,113],"floor_reached":27,"language":"ENG","playtime":4136,"items_purged":[],"score":222,"play_id":"ea503798-f05b-467e-83a2-be7c63179c82","local_time":"20210123221442","is_ascension_mode":true,"campfire_choices":[{"floor":6.0,"key":"REST"},{"data":"Magnetism","floor":10,"key":"SMITH"},{"floor":12,"key":"REST"},{"floor":15,"key":"REST"},{"floor":23,"key":"REST"},{"floor":25,"key":"REST"}],"circlet_count":0,"master_deck":["TheCursedMod:Strike_TheCursed","TheCursedMod:Strike_TheCursed","TheCursedMod:Strike_TheCursed","TheCursedMod:Strike_TheCursed","TheCursedMod:Defend_TheCursed","TheCursedMod:Defend_TheCursed","TheCursedMod:Defend_TheCursed","TheCursedMod:Defend_TheCursed","TheCursedMod:CursedWand","TheCursedMod:CleanUpWorkshop","TheCursedMod:Dregs","Magnetism+1","TheCursedMod:FleshFromBone","TheCursedMod:SpitefulPlan","Doubt","TheCursedMod:HellfireBreathing","TheCursedMod:Hemoplague","TheCursedMod:CursedShiv","TheCursedMod:Mangle","TheCursedMod:HellsGateOpen","TheCursedMod:OutForBlood","TheCursedMod:ReleasedStrength","TheCursedMod:CircleOfFlame+1","TheCursedMod:HellfireBreathing","TheCursedMod:FleshFromBone+1","TheCursedMod:SurpriseAttack+1"],"relics":["TheCursedMod:BlackMagic101","HandDrill","Pear","Blue Candle","Gremlin Horn","SlaversCollar","Kunai","Frozen Egg 2"],"acts_visited":["Exordium","TheCity"],"potions_floor_usage":[16,27],"damage_taken":[{"damage":12.0,"enemies":"Small Slimes","floor":1.0,"turns":4.0},{"damage":6.0,"enemies":"Jaw Worm","floor":3.0,"turns":4.0},{"damage":7.0,"enemies":"Cultist","floor":5.0,"turns":5.0},{"damage":12,"enemies":"Large Slime","floor":8,"turns":9},{"damage":41,"enemies":"3 Sentries","floor":14,"turns":8},{"damage":28,"enemies":"Hexaghost","floor":16,"turns":8},{"damage":17,"enemies":"3 Byrds","floor":18,"turns":5},{"damage":15,"enemies":"Chosen","floor":19,"turns":6},{"damage":23,"enemies":"Snecko","floor":22,"turns":6},{"damage":32,"enemies":"Shelled Parasite and Fungi","floor":24,"turns":10},{"damage":31,"enemies":"Centurion and Healer","floor":27,"turns":3}],"seed_played":"2230328092667912881","potions_obtained":[{"floor":1.0,"key":"LiquidMemories"},{"floor":14,"key":"BlessingOfTheForge"},{"floor":24,"key":"Dexterity Potion"}],"is_trial":false,"path_per_floor":["M","?","M","?","M","R","$","M","T","R","$","R","?","E","R","B",null,"M","M","?","$","M","R","M","R","T","M"],"character_chosen":"THE_CURSED","items_purchased":["TheCursedMod:Hemoplague","HandDrill","TheCursedMod:CursedShiv","Kunai","TheCursedMod:HellfireBreathing"],"campfire_rested":5,"item_purchase_floors":[7,7,7,21,21],"current_hp_per_floor":[42,60,54,54,47,69,69,57,67,67,67,85,80,39,64,36,85,68,53,34,34,11,36,4,29,29,0,0],"gold":113,"neow_bonus":"RANDOM_COLORLESS_2","is_daily":false,"chose_seed":false,"campfire_upgraded":1,"win_rate":0.0,"timestamp":1611461682,"path_taken":["M","?","M","?","M","R","$","M","T","R","?","R","?","E","R","BOSS","M","M","?","$","?","R","M","R","T","M"],"items_purchased_type":["Card","Relic","Card","Relic","Card"],"build_version":"2020-12-22","purchased_purges":0,"victory":false,"max_hp_per_floor":[75,75,75,75,75,75,75,75,85,85,85,85,85,85,85,85,85,85,85,85,85,85,85,85,85,85,85,85],"card_choices":[{"not_picked":["Panache","Mayhem"],"picked":"Magnetism","floor":0.0},{"not_picked":["TheCursedMod:SurpriseAttack","TheCursedMod:Stigma"],"picked":"TheCursedMod:FleshFromBone","floor":1.0},{"not_picked":["TheCursedMod:AbyssShockwave","TheCursedMod:CursedBlade"],"picked":"TheCursedMod:SpitefulPlan","floor":3.0},{"not_picked":["TheCursedMod:SpitefulPray","TheCursedMod:Obscuration"],"picked":"TheCursedMod:HellfireBreathing","floor":5.0},{"not_picked":["TheCursedMod:DoubleShield","TheCursedMod:SpitefulPlan"],"picked":"TheCursedMod:Mangle","floor":8},{"not_picked":["TheCursedMod:AbyssShockwave","TheCursedMod:ShockAndAwe"],"picked":"TheCursedMod:HellsGateOpen","floor":14},{"not_picked":["TheCursedMod:DemonicPact","TheCursedMod:AntiAging"],"picked":"TheCursedMod:OutForBlood","floor":16},{"not_picked":["TheCursedMod:SpitefulStrike","TheCursedMod:CursedShiv+1"],"picked":"TheCursedMod:ReleasedStrength","floor":18},{"not_picked":["TheCursedMod:SpitefulPlan","TheCursedMod:SpitefulStrike"],"picked":"TheCursedMod:CircleOfFlame+1","floor":19},{"not_picked":["TheCursedMod:CircleOfFocus+1","TheCursedMod:WearCloak"],"picked":"TheCursedMod:FleshFromBone+1","floor":22},{"not_picked":["TheCursedMod:Obscuration","TheCursedMod:Torture"],"picked":"TheCursedMod:SurpriseAttack+1","floor":24}],"player_experience":333976,"relics_obtained":[{"floor":9,"key":"Pear"},{"floor":14,"key":"Gremlin Horn"},{"floor":26,"key":"Frozen Egg 2"}],"event_choices":[{"damage_healed":18.0,"max_hp_gain":0.0,"max_hp_loss":0.0,"gold_gain":0.0,"event_name":"The Cleric","player_choice":"Healed","floor":2.0,"gold_loss":35.0,"damage_taken":0.0},{"damage_healed":0.0,"max_hp_gain":0.0,"max_hp_loss":0.0,"gold_gain":175.0,"event_name":"betterThird:BetterSerpent","player_choice":"AGREE","floor":4.0,"gold_loss":0.0,"damage_taken":88.0},{"damage_healed":0,"gold_gain":180,"player_choice":"GOLD GOLD ","damage_taken":19,"max_hp_gain":0,"max_hp_loss":0,"event_name":"Knowing Skull","floor":20,"potions_obtained":[],"gold_loss":0,"cards_obtained":[]}],"is_beta":false,"boss_relics":[{"not_picked":["Astrolabe","Philosopher\u0027s Stone"],"picked":"SlaversCollar"}],"items_purged_floors":[],"is_endless":false,"potions_floor_spawned":[1,14,24],"killed_by":"Centurion and Healer","ascension_level":1}}