{"host":"skvwuvqqk8x6jusd","time":1611526459,"event":{"mods":["AchievementEnabler","BaseMod","Colored Map","Colored Powertips","Highlight Path","Minty Spire (QoL Compilation)","Relic Stats","Slay-I"],"gold_per_floor":[12,25,25,25,25,25,25,25,77,96,96,96,121,142,142,263,263,284,308,308,351,351,351,351],"floor_reached":23,"language":"ENG","playtime":541,"items_purged":[],"score":204,"play_id":"ee0ab07d-dc87-49b7-b23a-4267cb4b7b26","local_time":"20210124221419","is_ascension_mode":false,"campfire_choices":[{"data":"Secret Weapon","floor":6,"key":"SMITH"},{"data":"Bash","floor":8,"key":"SMITH"},{"data":"Flex","floor":12,"key":"SMITH"},{"data":"Clash","floor":15,"key":"SMITH"}],"circlet_count":0,"master_deck":["Defend_R","Defend_R","Defend_R","Defend_R","Bash+1","Secret Weapon+1","Flex+1","Flex+1","Clash+1","Offering","Sword Boomerang","Bite","Bite","Bite","Bite","Bite"],"relics":["Burning Blood","Golden Idol","Shuriken","Bag of Marbles","Mark of Pain","Red Mask","MealTicket"],"acts_visited":["Exordium","TheCity"],"potions_floor_usage":[16,16,17,21],"damage_taken":[{"damage":11,"enemies":"2 Louse","floor":1,"turns":2},{"damage":3,"enemies":"Small Slimes","floor":2,"turns":2},{"damage":11,"enemies":"Jaw Worm","floor":10,"turns":2},{"damage":10,"enemies":"Looter","floor":13,"turns":3},{"damage":2,"enemies":"Large Slime","floor":14,"turns":5},{"damage":31,"enemies":"The Guardian","floor":16,"turns":7},{"damage":36,"enemies":"3 Byrds","floor":18,"turns":6},{"damage":10,"enemies":"2 Thieves","floor":19,"turns":3},{"damage":36,"enemies":"Masked Bandits","floor":21,"turns":4},{"damage":40,"enemies":"Book of Stabbing","floor":23,"turns":3}],"seed_played":"2940547800335991737","potions_obtained":[{"floor":10,"key":"Dexterity Potion"},{"floor":13,"key":"Dexterity Potion"},{"floor":16,"key":"Fruit Juice"},{"floor":18,"key":"Ancient Potion"}],"is_trial":false,"path_per_floor":["M","M","?","$","?","R","?","R","T","M","?","R","M","M","R","B",null,"M","M","?","?","?","E"],"character_chosen":"IRONCLAD","items_purchased":[],"campfire_rested":0,"item_purchase_floors":[],"current_hp_per_floor":[75,78,74,74,56,56,41,41,41,36,60,60,56,60,60,35,79,49,45,45,27,27,0,0],"gold":351,"neow_bonus":"RANDOM_COLORLESS_2","is_daily":false,"chose_seed":false,"campfire_upgraded":4,"win_rate":0.0,"timestamp":1611526459,"path_taken":["M","M","?","$","?","R","?","R","T","M","?","R","M","M","R","BOSS","M","M","?","?","?","E"],"items_purchased_type":[],"build_version":"2020-12-22","purchased_purges":0,"victory":false,"max_hp_per_floor":[80,80,74,74,74,74,74,74,74,74,74,74,74,74,74,74,79,79,79,55,55,55,55,55],"relic_stats":{"counters":[10,37],"Golden Idol":55,"Shuriken":[9],"MealTicket":0,"obtain_stats":[{"Golden Idol":3,"Shuriken":5,"MealTicket":22,"Mark of Pain":17,"Bag of Marbles":9,"Red Mask":21,"Burning Blood":0},{"Golden Idol":2,"Shuriken":2,"MealTicket":9,"Mark of Pain":6,"Bag of Marbles":2,"Red Mask":9,"Burning Blood":0},{"Golden Idol":4,"Shuriken":4,"MealTicket":34,"Mark of Pain":21,"Bag of Marbles":4,"Red Mask":34,"Burning Blood":0}],"Burning Blood":54},"card_choices":[{"not_picked":["Secret Technique","Master of Strategy"],"picked":"Secret Weapon","floor":0},{"not_picked":["Seeing Red","Sword Boomerang"],"picked":"Flex","floor":1},{"not_picked":["Metallicize","Shrug It Off","Warcry"],"picked":"SKIP","floor":2},{"not_picked":["Perfected Strike","Rupture"],"picked":"Flex","floor":10},{"not_picked":["Disarm","Sever Soul","Reaper"],"picked":"SKIP","floor":13},{"not_picked":["Body Slam","Shrug It Off"],"picked":"Clash","floor":14},{"not_picked":["Brutality","Limit Break"],"picked":"Offering","floor":16},{"not_picked":["Bloodletting","Perfected Strike+1"],"picked":"Sword Boomerang","floor":18},{"not_picked":["Uppercut","Armaments","Feel No Pain"],"picked":"SKIP","floor":19}],"player_experience":623810,"relics_obtained":[{"floor":9,"key":"Bag of Marbles"},{"floor":21,"key":"Red Mask"}],"event_choices":[{"damage_healed":0,"gold_gain":0,"player_choice":"Lose Max HP","damage_taken":0,"relics_obtained":["Golden Idol"],"max_hp_gain":0,"max_hp_loss":6,"event_name":"Golden Idol","floor":3,"gold_loss":0},{"damage_healed":0,"gold_gain":0,"player_choice":"Success","damage_taken":18,"relics_obtained":["Shuriken"],"max_hp_gain":0,"max_hp_loss":0,"event_name":"Scrap Ooze","floor":5,"gold_loss":0},{"damage_healed":0,"gold_gain":0,"player_choice":"Entered Light","damage_taken":15,"max_hp_gain":0,"max_hp_loss":0,"event_name":"Shining Light","floor":7,"gold_loss":0,"cards_upgraded":["Strike_R","Flex"]},{"damage_healed":24,"gold_gain":0,"player_choice":"Banana","damage_taken":0,"max_hp_gain":0,"max_hp_loss":0,"event_name":"Big Fish","floor":11,"gold_loss":0},{"damage_healed":0,"gold_gain":0,"player_choice":"Became a vampire","damage_taken":0,"max_hp_gain":0,"max_hp_loss":24,"event_name":"Vampires","floor":20,"gold_loss":0,"cards_obtained":["Bite","Bite","Bite","Bite","Bite"]},{"damage_healed":0,"gold_gain":0,"player_choice":"Fought Bandits","damage_taken":0,"max_hp_gain":0,"max_hp_loss":0,"event_name":"Masked Bandits","floor":21,"gold_loss":0},{"damage_healed":0,"gold_gain":0,"player_choice":"Opened","damage_taken":0,"relics_obtained":["MealTicket"],"max_hp_gain":0,"max_hp_loss":0,"event_name":"The Mausoleum","floor":22,"gold_loss":0}],"is_beta":false,"boss_relics":[{"not_picked":["Runic Dome","Ectoplasm"],"picked":"Mark of Pain"}],"items_purged_floors":[],"is_endless":false,"potions_floor_spawned":[10,13,16,18],"killed_by":"Book of Stabbing","ascension_level":0}}