{"host":"eaiphzh066bwqdh7","time":1611505850,"event":{"mods":["BaseMod","Hubris","Minty Spire (QoL Compilation)","Replay The Spire","StSLib"],"gold_per_floor":[119,139,64,64,84,84,103,122,145,180,198,198,217,217,217,312,312,326,340,265,281,281,281],"floor_reached":22,"language":"ENG","playtime":1015,"items_purged":["Defend_P"],"score":252,"play_id":"5355f8a1-2525-4211-9d6d-6cadd6406b78","local_time":"20210124113050","is_ascension_mode":true,"campfire_choices":[{"data":"Eruption","floor":6,"key":"SMITH"},{"floor":12,"key":"REST"},{"data":"ForeignInfluence","floor":15,"key":"SMITH"}],"circlet_count":0,"master_deck":["Strike_P","Strike_P","Defend_P","Defend_P","Eruption+1","Vigilance","ForeignInfluence","Vengeance","ForeignInfluence+1","Steam","EmptyBody","EmptyBody","CarveReality","Brilliance","EmptyBody","PathToVictory","Devotion","Pray","Adaptation+1","FlurryOfBlows"],"relics":["hubris:HollowSoul","Replay:Wax Seal","Gremlin Horn","Black Star"],"acts_visited":["Exordium","TheCity"],"potions_floor_usage":[8,8,21,22],"damage_taken":[{"damage":0,"enemies":"Jaw Worm","floor":1,"turns":3},{"damage":0,"enemies":"Small Slimes","floor":2,"turns":2},{"damage":0,"enemies":"Cultist","floor":5,"turns":4},{"damage":6,"enemies":"Exordium Wildlife","floor":7,"turns":3},{"damage":0,"enemies":"Exordium Thugs","floor":8,"turns":3},{"damage":24,"enemies":"Lagavulin","floor":10,"turns":7},{"damage":0,"enemies":"2 Fungi Beasts","floor":11,"turns":2},{"damage":0,"enemies":"Lots of Slimes","floor":13,"turns":1},{"damage":0,"enemies":"Slime Boss","floor":16,"turns":4},{"damage":7,"enemies":"Shell Parasite","floor":18,"turns":5},{"damage":18,"enemies":"3 Byrds","floor":19,"turns":4},{"damage":25,"enemies":"Sentry and Sphere","floor":21,"turns":6},{"damage":15,"enemies":"Centurion and Healer","floor":22,"turns":4}],"seed_played":"9165549617637954706","potions_obtained":[{"floor":2,"key":"Explosive Potion"},{"floor":5,"key":"BlessingOfTheForge"},{"floor":7,"key":"Venom Potion"},{"floor":11,"key":"Energy Potion"},{"floor":14,"key":"Fire Potion"},{"floor":19,"key":"LiquidMemories"}],"is_trial":false,"path_per_floor":["M","M","$","?","M","R","M","M","T","E","M","R","M","?","R","B",null,"M","M","?","M","M"],"character_chosen":"WATCHER","items_purchased":[],"campfire_rested":1,"item_purchase_floors":[],"current_hp_per_floor":[72,72,72,72,72,72,66,66,66,42,42,63,63,63,63,63,72,65,47,47,22,0,0],"gold":281,"neow_bonus":"BOSS_RELIC","is_daily":false,"chose_seed":false,"campfire_upgraded":2,"win_rate":0.0,"timestamp":1611505850,"path_taken":["M","M","$","?","M","R","M","M","T","E","M","R","M","?","R","BOSS","M","?","?","M","M"],"items_purchased_type":[],"build_version":"2020-12-22","purchased_purges":1,"victory":false,"max_hp_per_floor":[72,72,72,72,72,72,72,72,72,72,72,72,72,72,72,72,72,72,72,72,72,72,72],"card_choices":[{"not_picked":["BowlingBash","Tantrum"],"picked":"ForeignInfluence","floor":1},{"not_picked":["Weave","CutThroughFate"],"picked":"Vengeance","floor":2},{"not_picked":["ClearTheMind","CarveReality"],"picked":"EmptyBody","floor":5},{"not_picked":["SashWhip","FlyingSleeves"],"picked":"EmptyBody","floor":7},{"not_picked":["Replay:AtTheReady","Conclude"],"picked":"CarveReality","floor":8},{"not_picked":["Replay:Battleflow","Replay:Hum"],"picked":"Brilliance","floor":10},{"not_picked":["Vengeance","Meditate"],"picked":"EmptyBody","floor":11},{"not_picked":["WheelKick","CutThroughFate"],"picked":"PathToVictory","floor":13},{"not_picked":["Replay:LoomingThreat","Ragnarok"],"picked":"Devotion","floor":16},{"not_picked":["Replay:ManipulateFuture+1","Halt"],"picked":"Pray","floor":18},{"not_picked":["CarveReality","FlurryOfBlows"],"picked":"Adaptation+1","floor":19},{"not_picked":["Replay:ManipulateFuture+1","SashWhip"],"picked":"FlurryOfBlows","floor":21}],"player_experience":184157,"relics_obtained":[{"floor":9,"key":"Replay:Wax Seal"},{"floor":10,"key":"Gremlin Horn"}],"event_choices":[{"damage_healed":0,"gold_gain":0,"player_choice":"Got Potions","damage_taken":0,"max_hp_gain":0,"max_hp_loss":0,"event_name":"Lab","floor":14,"gold_loss":0},{"cards_removed":["Strike_P"],"damage_healed":0,"gold_gain":0,"player_choice":"Gave Gold","damage_taken":0,"max_hp_gain":0,"max_hp_loss":0,"event_name":"Beggar","floor":20,"gold_loss":75}],"is_beta":false,"boss_relics":[{"not_picked":["Sozu","Replay:Wanted Poster"],"picked":"Black Star"}],"items_purged_floors":[3],"is_endless":false,"potions_floor_spawned":[2,5,7,11,16,19],"killed_by":"Centurion and Healer","ascension_level":1}}