{"host":"0ricjaa7rfq9v76t","time":1611457186,"event":{"mods":["AchievementEnabler","Aspiration","BaseMod","Better Vampires","BetterRewards","Colored Powertips","Downfall","Highlight Path","Hubris","Infinite Spire","Minty Spire (QoL Compilation)","Quick Restart","Rare Cards Sparkle","Relic Sorter","Replay The Spire","StSLib","SuperFastMode","Synergy Search","The Cursed","The Disciple","The Jungle","The Marked","The Runesmith","Uncapped"],"gold_per_floor":[109,109,121,132,32,32,32,32,77,93,103,103,117,146,146,249,249,268,15,29,46,46,46],"floor_reached":22,"language":"ENG","playtime":2543,"items_purged":["Strike_B","Defend_B","Strike_B"],"score":188,"play_id":"7fdeb1e9-2836-4b65-8567-debfc2256c3b","local_time":"20210124105946","is_ascension_mode":false,"campfire_choices":[{"floor":6,"key":"REST"},{"floor":8,"key":"REST"},{"data":"Self Repair","floor":12,"key":"SMITH"},{"floor":15,"key":"REST"}],"circlet_count":0,"master_deck":["Strike_B","Strike_B","Defend_B","Defend_B","Defend_B","Zap","Dualcast","Storm+1","Sweeping Beam","Coolheaded","Gash","Self Repair+1","Hello World","Turbo","Turbo","Creative AI","Secret Technique","Trip","Secret Technique"],"relics":["Cracked Core","Strange Spoon","Replay:Kaleidoscope","aspiration:DSix","Pen Nib","Bottled Flame","ReplayTheSpireMod:ShopPack"],"acts_visited":["Exordium","TheCity"],"potions_floor_usage":[13,16,16,22],"damage_taken":[{"damage":3,"enemies":"Small Slimes","floor":1,"turns":3},{"damage":21,"enemies":"infinitespire:Voidling","floor":3,"turns":4},{"damage":11,"enemies":"Jaw Worm","floor":4,"turns":5},{"damage":11,"enemies":"Red Slaver","floor":10,"turns":4},{"damage":18,"enemies":"Lots of Slimes","floor":11,"turns":3},{"damage":21,"enemies":"Gremlin Gang","floor":13,"turns":4},{"damage":20,"enemies":"3 Sentries","floor":14,"turns":6},{"damage":26,"enemies":"Slime Boss","floor":16,"turns":7},{"damage":20,"enemies":"Chosen","floor":18,"turns":6},{"damage":56,"enemies":"3 Byrds","floor":20,"turns":5},{"damage":13,"enemies":"Snecko","floor":21,"turns":6},{"damage":18,"enemies":"Chosen and Byrds","floor":22,"turns":4}],"seed_played":"3033645744750742054","potions_obtained":[{"floor":3,"key":"Death Potion"},{"floor":4,"key":"PowerPotion"},{"floor":10,"key":"Weak Potion"},{"floor":21,"key":"PowerPotion"}],"is_trial":false,"path_per_floor":["M","?","M","M","$","R","?","R","T","M","M","R","M","E","R","B",null,"M","$","M","M","M"],"character_chosen":"DEFECT","items_purchased":["Strange Spoon","Storm","aspiration:DSix","Sweeping Beam","Coolheaded","ReplayTheSpireMod:ShopPack"],"campfire_rested":3,"item_purchase_floors":[0,0,0,0,0,19],"current_hp_per_floor":[37,37,23,19,19,41,49,71,71,67,56,56,45,35,57,41,75,65,65,19,16,0,0],"gold":46,"neow_bonus":"","is_daily":false,"chose_seed":false,"campfire_upgraded":1,"win_rate":0.0,"timestamp":1611457186,"path_taken":["M","?","M","?","$","R","?","R","T","M","?","R","M","E","R","BOSS","M","$","?","?","M"],"items_purchased_type":["Relic","Card","Relic","Card","Card","Relic"],"build_version":"2020-12-22","purchased_purges":3,"victory":false,"max_hp_per_floor":[75,75,75,75,75,75,75,75,75,75,75,75,75,75,75,75,75,75,75,75,75,75,75],"card_choices":[{"not_picked":["BootSequence","ReplaySort"],"picked":"Gash","floor":1},{"not_picked":["Static Discharge","Hologram"],"picked":"Self Repair","floor":3},{"not_picked":["Compile Driver","Lockon"],"picked":"Hello World","floor":4},{"not_picked":["Chaos","Leap","Coolheaded"],"picked":"SKIP","floor":10},{"not_picked":["Leap","Capacitor","BasicCrystalCard"],"picked":"SKIP","floor":11},{"not_picked":["ReplayTheSpireMod:System Scan","Streamline"],"picked":"Turbo","floor":13},{"not_picked":["ReplaySolidLightProjector","Recycle"],"picked":"Turbo","floor":14},{"not_picked":["Electrodynamics","Core Surge"],"picked":"Creative AI","floor":16},{"not_picked":["Self Repair","Defragment","Cold Snap"],"picked":"SKIP","floor":18},{"not_picked":["Chrysalis","The Bomb"],"picked":"Secret Technique","floor":19},{"not_picked":["Mind Blast","hubris:Ssssneak"],"picked":"Trip","floor":19},{"not_picked":["Replay:Sssssssssstrike","Madness"],"picked":"Secret Technique","floor":19},{"not_picked":["Core Surge","Chaos","Stack"],"picked":"SKIP","floor":20},{"not_picked":["Redo","Compile Driver","Turbo"],"picked":"SKIP","floor":21}],"player_experience":202624,"relics_obtained":[{"floor":9,"key":"Pen Nib"},{"floor":14,"key":"Bottled Flame"}],"event_choices":[{"damage_healed":0,"gold_gain":0,"player_choice":"Upgraded","damage_taken":0,"max_hp_gain":0,"max_hp_loss":0,"event_name":"Upgrade Shrine","floor":2,"gold_loss":0,"cards_upgraded":["Storm"]}],"is_beta":false,"boss_relics":[{"not_picked":["Runesmith:UraniumAnvil","aspiration:RunicSpoon","hubris:BlackHole"]}],"items_purged_floors":[0,5,19],"is_endless":false,"potions_floor_spawned":[3,4,10,11,21],"killed_by":"Chosen and Byrds","ascension_level":0}}