{"host":"ew66i0vuc7r9fnl7","time":1611478995,"event":{"mods":["Arknights The Spire","BaseMod","DeckTracker","Minty Spire (QoL Compilation)","StSLib"],"gold_per_floor":[114,133,147,159,84,110,128,128,128,128,146,162,162,173,173,271,271,291,291,191,191,117,152,152,163,190,209,209,221,96,195,195,298,298,308,323,340,386,404,404,431,431,454,454,471,502,94,110,110,110,110],"floor_reached":50,"language":"KOR","playtime":2674,"items_purged":["ats:Strike G","ats:Defend Order","ats:Magnetic Hammer"],"score":526,"play_id":"cc2cd0c0-e45d-4b1f-9eb0-1293691e8670","local_time":"20210124180315","is_ascension_mode":false,"campfire_choices":[{"data":"ats:Emotion Absorption","floor":8.0,"key":"SMITH"},{"data":"ats:Burning Ground","floor":13.0,"key":"SMITH"},{"data":"ats:Absolute Focus","floor":15.0,"key":"SMITH"},{"data":"ats:Soul Absorption","floor":24.0,"key":"SMITH"},{"data":"ats:Apocalypse","floor":28.0,"key":"SMITH"},{"data":"ats:Ignite","floor":32.0,"key":"SMITH"},{"data":"ats:Literary Storm","floor":40.0,"key":"SMITH"},{"floor":49,"key":"RECALL"}],"circlet_count":0,"master_deck":["ats:Emotion Absorption+1","ats:Ignite+1","ats:Sashimi Platter","ats:Sunburst","ats:Burning Ground+1","ats:Absolute Focus+1","ats:Ignite","ats:Apocalypse+1","ats:Calcification","ats:Sashimi Platter","ats:Literary Storm+1","ats:Charging Defense","ats:Composite Medical Shells","ats:Soul Absorption+1","ats:Beaten Up+1","ats:Wolf Pack","ats:Phantom+1","ats:Support Order","Sadistic Nature"],"relics":["ats:Sanity","ats:Originium","Bottled Tornado","Thread and Needle","GremlinMask","Pandora\u0027s Box","Enchiridion","Incense Burner","ats:Spiritual Recovery","Empty Cage","FossilizedHelix","Ice Cream","Letter Opener","Bag of Marbles","Oddly Smooth Stone"],"acts_visited":["Exordium","TheCity","TheBeyond"],"potions_floor_usage":[],"damage_taken":[{"damage":10.0,"enemies":"Cultist","floor":1.0,"turns":4.0},{"damage":5.0,"enemies":"Small Slimes","floor":2.0,"turns":3.0},{"damage":0.0,"enemies":"2 Louse","floor":3.0,"turns":3.0},{"damage":11.0,"enemies":"Exordium Thugs","floor":4.0,"turns":4.0},{"damage":13.0,"enemies":"3 Sentries","floor":6.0,"turns":4.0},{"damage":11.0,"enemies":"3 Louse","floor":7.0,"turns":2.0},{"damage":7.0,"enemies":"Large Slime","floor":11.0,"turns":3.0},{"damage":8.0,"enemies":"2 Fungi Beasts","floor":12.0,"turns":2.0},{"damage":2.0,"enemies":"3 Louse","floor":14.0,"turns":2.0},{"damage":52.0,"enemies":"Hexaghost","floor":16.0,"turns":12.0},{"damage":6.0,"enemies":"3 Byrds","floor":18.0,"turns":3.0},{"damage":18.0,"enemies":"Gremlin Leader","floor":23.0,"turns":6.0},{"damage":10.0,"enemies":"Chosen","floor":25.0,"turns":6.0},{"damage":26.0,"enemies":"Snake Plant","floor":27.0,"turns":5.0},{"damage":1.0,"enemies":"Snecko","floor":29.0,"turns":6.0},{"damage":60.0,"enemies":"Collector","floor":33.0,"turns":10.0},{"damage":13.0,"enemies":"3 Shapes","floor":35.0,"turns":4.0},{"damage":34.0,"enemies":"3 Darklings","floor":36.0,"turns":4.0},{"damage":4.0,"enemies":"4 Shapes","floor":37.0,"turns":4.0},{"damage":12.0,"enemies":"2 Orb Walkers","floor":38.0,"turns":4.0},{"damage":24.0,"enemies":"Writhing Mass","floor":39.0,"turns":6.0},{"damage":54.0,"enemies":"Nemesis","floor":41.0,"turns":9.0},{"damage":0.0,"enemies":"3 Darklings","floor":45.0,"turns":3.0},{"damage":47.0,"enemies":"Reptomancer","floor":46.0,"turns":5.0},{"damage":0,"enemies":"Jaw Worm Horde","floor":48,"turns":3},{"damage":141,"enemies":"Time Eater","floor":50,"turns":12}],"seed_played":"7745741625392257000","potions_obtained":[{"floor":2.0,"key":"SteroidPotion"},{"floor":6.0,"key":"AttackPotion"},{"floor":7.0,"key":"Energy Potion"},{"floor":39.0,"key":"Block Potion"},{"floor":41.0,"key":"SteroidPotion"},{"floor":45.0,"key":"ColorlessPotion"}],"is_trial":false,"path_per_floor":["M","M","M","M","$","E","M","R","T","?","M","M","R","M","R","B",null,"M","?","$","?","$","E","R","M","T","M","R","M","$","?","R","B",null,"M","M","M","?","M","R","E","?","T","?","M","E","$","M","R","B"],"character_chosen":"DOCTOR_CLASS","items_purchased":["ats:Soul Absorption","Oddly Smooth Stone","ats:Support Order","Sadistic Nature"],"campfire_rested":0,"item_purchase_floors":[22,47,47,47],"current_hp_per_floor":[62,57,67,61,61,54,49,49,49,49,48,49,49,47,47,39,72,72,72,72,56,56,72,72,72,72,65,65,72,72,72,72,57,72,72,48,52,52,59,59,41,41,41,41,49,36,36,46,46,0,0],"gold":110,"neow_bonus":"REMOVE_CARD","is_daily":false,"chose_seed":false,"campfire_upgraded":7,"win_rate":0.0,"timestamp":1611478995,"path_taken":["M","?","M","M","$","E","M","R","T","?","?","?","R","?","R","BOSS","M","?","?","?","$","E","R","M","T","M","R","M","$","?","R","BOSS","M","M","M","?","M","R","E","?","T","?","?","E","?","M","R","BOSS"],"items_purchased_type":["Card","Relic","Card","Card"],"build_version":"2020-12-22","purchased_purges":3,"victory":false,"max_hp_per_floor":[72,72,72,72,72,72,72,72,72,72,72,72,72,72,72,72,72,72,72,72,72,72,72,72,72,72,72,72,72,72,72,72,72,72,72,72,72,72,72,72,72,68,68,68,68,68,68,68,68,68,68],"card_choices":[{"not_picked":["ats:Mental Burst","ats:Powerful Strike"],"picked":"ats:Ignite","floor":1.0},{"not_picked":["ats:Sword Rain","ats:Shell Defense"],"picked":"ats:Sashimi Platter","floor":2.0},{"not_picked":["ats:Collapsing Strike","ats:Leaping Hammer"],"picked":"ats:Sunburst","floor":3.0},{"not_picked":["ats:Leaping Hammer","ats:Soul Absorption"],"picked":"ats:Burning Ground","floor":4.0},{"not_picked":["ats:Song Of Battle","ats:Durian"],"picked":"ats:Absolute Focus","floor":6.0},{"not_picked":["ats:Poison Spread","ats:Blood Oath"],"picked":"ats:Ignite","floor":7.0},{"not_picked":["ats:Healing Drone","ats:Shell Defense"],"picked":"ats:Apocalypse","floor":11.0},{"not_picked":["ats:Closed Bolt Burst Fire","ats:Consecutive Shot Auto"],"picked":"ats:Calcification","floor":12.0},{"not_picked":["ats:Revitalization","ats:Assault Order"],"picked":"ats:Sashimi Platter","floor":14.0},{"not_picked":["ats:Blood Oath+1","ats:Guard Mode","ats:Explosion Area Strengthen+1"],"picked":"SKIP","floor":18.0},{"not_picked":["ats:Guard Mode+1","ats:Overload"],"picked":"ats:Beaten Up+1","floor":23.0},{"not_picked":["ats:Sashimi Platter","ats:Rapid Magazine","ats:Defend Order"],"picked":"SKIP","floor":25.0},{"not_picked":["ats:Encircling Forest+1","ats:Directed Diagnosis","ats:Healing Strengthening"],"picked":"SKIP","floor":27.0},{"not_picked":["ats:Explosion Area Strengthen+1","ats:Hammer On","ats:Consecutive Shot Auto"],"picked":"SKIP","floor":29.0},{"not_picked":["ats:Nebulous Foxfire","ats:Rat Pack"],"picked":"ats:Wolf Pack","floor":33.0},{"not_picked":["ats:Flexible Camouflage","ats:Assault Order","ats:Encircling Forest+1"],"picked":"SKIP","floor":35.0},{"not_picked":["ats:Blood Oath+1","ats:Flexible Camouflage","ats:Spore Proliferation"],"picked":"SKIP","floor":36.0},{"not_picked":["ats:Explosion Area Strengthen","ats:Blood Oath+1","ats:Ignite+1"],"picked":"SKIP","floor":37.0},{"not_picked":["ats:Rapid Magazine+1","ats:Consecutive Shot Auto","ats:Poison Spread"],"picked":"SKIP","floor":39.0},{"not_picked":["ats:Rapid Magazine","ats:Spore Proliferation","ats:Leaping Hammer+1"],"picked":"SKIP","floor":41.0},{"not_picked":["ats:Cat Scratch","ats:Flexible Camouflage+1","ats:Closed Bolt Burst Fire"],"picked":"SKIP","floor":45.0},{"not_picked":["ats:Spore Proliferation","ats:Composite Medical Shells"],"picked":"ats:Phantom+1","floor":46.0},{"not_picked":["ats:Sunburst+1","ats:Closed Bolt Burst Fire+1","ats:Ignite"],"picked":"SKIP","floor":48}],"player_experience":610314,"relics_obtained":[{"floor":6.0,"key":"ats:Originium"},{"floor":6.0,"key":"Bottled Tornado"},{"floor":9.0,"key":"Thread and Needle"},{"floor":21.0,"key":"Enchiridion"},{"floor":23.0,"key":"ats:Originium"},{"floor":23.0,"key":"Incense Burner"},{"floor":26.0,"key":"ats:Spiritual Recovery"},{"floor":38.0,"key":"FossilizedHelix"},{"floor":41.0,"key":"ats:Originium"},{"floor":41.0,"key":"Ice Cream"},{"floor":46.0,"key":"ats:Originium"},{"floor":46.0,"key":"Bag of Marbles"}],"event_choices":[{"damage_healed":0.0,"max_hp_gain":0.0,"max_hp_loss":0.0,"gold_gain":0.0,"event_name":"FaceTrader","player_choice":"Trade","floor":10.0,"gold_loss":0.0,"damage_taken":0.0,"relics_obtained":["GremlinMask"]},{"cards_removed":["ats:Disruption Kick"],"damage_healed":0.0,"max_hp_gain":0.0,"max_hp_loss":0.0,"gold_gain":0.0,"event_name":"NoteForYourself","player_choice":"Took Card","floor":19.0,"gold_loss":0.0,"damage_taken":0.0,"cards_obtained":["Static Discharge"]},{"damage_healed":0.0,"max_hp_gain":0.0,"max_hp_loss":0.0,"gold_gain":0.0,"event_name":"Cursed Tome","player_choice":"Obtained Book","floor":21.0,"gold_loss":0.0,"damage_taken":16.0},{"damage_healed":0.0,"max_hp_gain":0.0,"max_hp_loss":0.0,"gold_gain":99.0,"event_name":"Nest","player_choice":"Stole From Cult","floor":31.0,"gold_loss":0.0,"damage_taken":0.0},{"damage_healed":0.0,"max_hp_gain":0.0,"max_hp_loss":0.0,"gold_gain":0.0,"event_name":"Mysterious Sphere","player_choice":"Fight","floor":38.0,"gold_loss":0.0,"damage_taken":0.0},{"damage_healed":0.0,"max_hp_gain":0.0,"max_hp_loss":4.0,"gold_gain":0.0,"event_name":"Winding Halls","player_choice":"Max HP","floor":42.0,"gold_loss":0.0,"damage_taken":0.0},{"damage_healed":0.0,"max_hp_gain":0.0,"max_hp_loss":0.0,"gold_gain":0.0,"event_name":"WeMeetAgain","player_choice":"Gave Potion","floor":44.0,"gold_loss":0.0,"damage_taken":0.0,"relics_obtained":["Letter Opener"]}],"is_beta":false,"boss_relics":[{"not_picked":["Runic Dome","Busted Crown"],"picked":"Pandora\u0027s Box"},{"not_picked":["Snecko Eye","Velvet Choker"],"picked":"Empty Cage"}],"items_purged_floors":[5,20,30],"is_endless":false,"potions_floor_spawned":[2,6,7,11,16,25,27,29,33,37,39,41,45],"killed_by":"Time Eater","ascension_level":0}}