{"host":"9bcwdp8h7kwcxx90","time":1611449048,"event":{"mods":["2.2 Compatiblity","BaseMod","Colored Map","Colored Powertips","Downfall","Infinite Spire","Minty Spire (QoL Compilation)","Permanent Neow","Quick Restart","Random Character Button","Relic Sorter","Relic Stats","Robot Space Explorer","Shop Mod","StSLib","The Marked","Unknown Chances"],"gold_per_floor":[99,112,122,136,154,154,154,185,197,197,57,76,226,245,260,260,260,260],"floor_reached":16,"language":"ENG","playtime":1614,"items_purged":["bronze:Strike"],"score":111,"play_id":"dc37002c-896a-4e29-a7c4-80363357a2c0","local_time":"20210123184408","is_ascension_mode":true,"campfire_choices":[{"data":"bronze:Goto","floor":1,"key":"SMITH"},{"data":"bronze:Shell","floor":10,"key":"SMITH"}],"circlet_count":0,"master_deck":["bronze:Strike","bronze:Strike","bronze:Defend","bronze:Defend","bronze:Defend","bronze:Replicate","bronze:Goto+1","bronze:BitShift","bronze:DelayedSlice","bronze:Iterate","bronze:Shell+1","bronze:Turbo","bronze:FollowUp","bronze:FineTuning","bronze:Constructor","bronze:Optimize","downfall:Icky","bronze:MaxOutput"],"relics":["bronze:BronzeCore","bronze:BottledCode","Happy Flower","infinitespire:BottledMercury"],"acts_visited":["Exordium"],"potions_floor_usage":[5,14,16,16,16],"damage_taken":[{"damage":2,"enemies":"Small Slimes","floor":2,"turns":3},{"damage":0,"enemies":"Cultist","floor":3,"turns":3},{"damage":0,"enemies":"Jaw Worm","floor":4,"turns":2},{"damage":0,"enemies":"Large Slime","floor":5,"turns":3},{"damage":30,"enemies":"Gremlin Nob","floor":8,"turns":4},{"damage":0,"enemies":"Blue Slaver","floor":9,"turns":2},{"damage":0,"enemies":"downfall:FleeingMerchant","floor":11,"turns":4},{"damage":0,"enemies":"Exordium Wildlife","floor":12,"turns":2},{"damage":8,"enemies":"Lots of Slimes","floor":14,"turns":3},{"damage":0,"enemies":"Blue Slaver","floor":15,"turns":4},{"damage":14,"enemies":"IC_STATUS_ARCHETYPE","floor":16,"turns":10}],"seed_played":"4593897747657625735","potions_obtained":[{"floor":3,"key":"Slimebound:ThreeZeroPotion"},{"floor":8,"key":"Ancient Potion"},{"floor":9,"key":"Weak Potion"},{"floor":12,"key":"champ:CounterPotion"},{"floor":14,"key":"EssenceOfSteel"}],"is_trial":false,"path_per_floor":["R","M","M","M","M","?","T","E","M","R","$","M","?","M","M","B"],"character_chosen":"THE_AUTOMATON","items_purchased":["bronze:Constructor"],"campfire_rested":0,"item_purchase_floors":[11],"current_hp_per_floor":[49,47,47,47,47,47,47,17,17,17,17,17,17,9,9,0,0,0],"gold":260,"neow_bonus":"REMOVE_TWO","is_daily":false,"chose_seed":false,"campfire_upgraded":2,"win_rate":0.0,"timestamp":1611449048,"path_taken":["R","M","M","M","M","?","T","E","M","R","$","M","?","?","M","BOSS"],"items_purchased_type":["Card"],"build_version":"2020-12-22","purchased_purges":1,"victory":false,"max_hp_per_floor":[70,70,70,70,70,60,60,60,60,60,60,60,60,60,60,60,60,60],"relic_stats":{"Happy Flower":[9],"counters":[11,40],"obtain_stats":[{"bronze:BottledCode":6,"infinitespire:BottledMercury":8,"bronze:BronzeCore":0,"Happy Flower":7},{"bronze:BottledCode":4,"infinitespire:BottledMercury":5,"bronze:BronzeCore":0,"Happy Flower":4},{"bronze:BottledCode":11,"infinitespire:BottledMercury":15,"bronze:BronzeCore":0,"Happy Flower":11}]},"card_choices":[{"not_picked":["bronze:Flail","bronze:Frontload"],"picked":"bronze:BitShift","floor":2},{"not_picked":["bronze:ForceShield","bronze:Invalidate"],"picked":"bronze:DelayedSlice","floor":3},{"not_picked":["bronze:Deprecate","bronze:FineTuning"],"picked":"bronze:Iterate","floor":4},{"not_picked":["bronze:Turbo","bronze:WildBeam"],"picked":"bronze:Shell","floor":5},{"not_picked":["bronze:BugBarrage","bronze:Overheat"],"picked":"bronze:Turbo","floor":8},{"not_picked":["bronze:WhirlingStrike","bronze:Refactor"],"picked":"bronze:FollowUp","floor":9},{"not_picked":["bronze:Optimize","bronze:BitShift"],"picked":"bronze:FineTuning","floor":11},{"not_picked":["bronze:Separator","bronze:WhirlingStrike"],"picked":"bronze:Optimize","floor":12},{"not_picked":["bronze:Separator","bronze:ChildClass","bronze:BronzeArmor"],"picked":"SKIP","floor":14},{"not_picked":["bronze:Turbo","bronze:Philosophize"],"picked":"bronze:MaxOutput","floor":15}],"player_experience":269915,"relics_obtained":[{"floor":7,"key":"Happy Flower"},{"floor":8,"key":"infinitespire:BottledMercury"}],"event_choices":[],"is_beta":false,"boss_relics":[],"items_purged_floors":[11],"is_endless":false,"potions_floor_spawned":[3,8,9,12,14],"killed_by":"IC_STATUS_ARCHETYPE","ascension_level":1}}