{"host":"CK","time":1611523275,"event":{"mods":["2.2 Compatiblity","BaseMod","Bestiary","Block Reminder","Colored Powertips","DeckTracker","Displayed Cursed Tome","Minty Spire (QoL Compilation)","Permanent Neow","Slay-I","Unknown Chances"],"gold_per_floor":[114,125,50,50,69,103,103,132,132,132,161,172,172,172,172,249,249,262,162,162,37,72,72,102,102,102,132,144,144,144,94,94,170,170,185,35,257,257,273,299,310,340,363,363,375,375,375],"floor_reached":46,"language":"ENG","playtime":3932,"items_purged":["Defend_B","Strike_B","Strike_B","Zap"],"score":1112,"play_id":"605cb78d-d5c8-4ec2-a61e-4b98b916f02d","local_time":"20210124132115","is_ascension_mode":true,"campfire_choices":[{"data":"Sunder","floor":7.0,"key":"SMITH"},{"floor":10.0,"key":"REST"},{"data":"Defragment","floor":13.0,"key":"SMITH"},{"data":"Glacier","floor":15.0,"key":"SMITH"},{"data":"Dualcast","floor":23,"key":"SMITH"},{"data":"Auto Shields","floor":25,"key":"SMITH"},{"floor":30,"key":"REST"},{"data":"Beam Cell","floor":32,"key":"SMITH"},{"floor":44,"key":"REST"}],"circlet_count":0,"master_deck":["AscendersBane","Strike_B+1","Strike_B+1","Defend_B+1","Defend_B+1","Defend_B+1","Dualcast+1","Echo Form+1","Glacier+1","Defragment+1","Sunder+1","Conserve Battery","FTL","Reboot","Steam","Auto Shields+1","Beam Cell+1","Beam Cell","Redo+1"],"relics":["Cracked Core","Lantern","HornCleat","Orichalcum","Odd Mushroom","SlaversCollar","Red Mask","Strawberry","Ornamental Fan","PreservedInsect","Busted Crown","Happy Flower","Toxic Egg 2","Art of War"],"acts_visited":["Exordium","TheCity","TheBeyond"],"potions_floor_usage":[24,24,33,40,45],"damage_taken":[{"damage":2.0,"enemies":"Cultist","floor":1.0,"turns":4.0},{"damage":5.0,"enemies":"Small Slimes","floor":2.0,"turns":4.0},{"damage":7.0,"enemies":"Jaw Worm","floor":5.0,"turns":5.0},{"damage":37.0,"enemies":"Gremlin Nob","floor":6.0,"turns":7.0},{"damage":5.0,"enemies":"Lagavulin","floor":8.0,"turns":6.0},{"damage":2.0,"enemies":"The Mushroom Lair","floor":11.0,"turns":4.0},{"damage":25.0,"enemies":"Exordium Thugs","floor":12.0,"turns":5.0},{"damage":0.0,"enemies":"Hexaghost","floor":16.0,"turns":7.0},{"damage":8.0,"enemies":"3 Byrds","floor":18.0,"turns":5.0},{"damage":14,"enemies":"Masked Bandits","floor":22,"turns":4},{"damage":9,"enemies":"Slavers","floor":24,"turns":5},{"damage":16,"enemies":"Gremlin Leader","floor":27,"turns":8},{"damage":10,"enemies":"2 Thieves","floor":28,"turns":3},{"damage":9,"enemies":"Collector","floor":33,"turns":10},{"damage":0,"enemies":"Orb Walker","floor":35,"turns":4},{"damage":9,"enemies":"3 Darklings","floor":39,"turns":7},{"damage":4,"enemies":"Giant Head","floor":40,"turns":7},{"damage":0,"enemies":"4 Shapes","floor":41,"turns":7},{"damage":14,"enemies":"Nemesis","floor":42,"turns":5},{"damage":17,"enemies":"Transient","floor":45,"turns":6},{"damage":51,"enemies":"2 Orb Walkers","floor":46,"turns":6}],"seed_played":"-5081480055327361065","potions_obtained":[{"floor":5.0,"key":"SkillPotion"},{"floor":11.0,"key":"CultistPotion"},{"floor":12.0,"key":"Fire Potion"},{"floor":16.0,"key":"Explosive Potion"},{"floor":24,"key":"DuplicationPotion"},{"floor":33,"key":"Weak Potion"},{"floor":41,"key":"LiquidMemories"},{"floor":42,"key":"FearPotion"},{"floor":45,"key":"DuplicationPotion"}],"is_trial":false,"path_per_floor":["M","M","$","?","M","E","R","E","T","R","?","M","R","?","R","B",null,"M","$","?","$","?","R","E","R","T","E","M","?","R","$","R","B",null,"M","$","?","?","M","E","M","E","T","R","M","?"],"character_chosen":"DEFECT","items_purchased":["Beam Cell"],"campfire_rested":3,"item_purchase_floors":[31],"current_hp_per_floor":[62,57,57,62,55,18,18,13,13,35,33,8,8,8,8,8,59,51,51,51,51,37,37,35,35,35,19,9,9,33,33,33,24,68,68,68,68,68,59,55,55,41,41,64,47,0,0],"gold":375,"neow_bonus":"ONE_RANDOM_RARE_CARD","is_daily":false,"chose_seed":false,"campfire_upgraded":6,"win_rate":0.0,"timestamp":1611523275,"path_taken":["M","M","$","?","M","E","R","E","T","R","?","M","R","?","R","BOSS","M","$","?","$","?","R","E","R","T","E","M","?","R","?","R","BOSS","M","$","?","?","?","E","M","E","T","R","M","?"],"items_purchased_type":["Card"],"build_version":"2020-12-18","purchased_purges":4,"victory":false,"max_hp_per_floor":[71,71,71,76,76,76,76,76,76,76,76,76,76,76,76,76,76,76,76,76,76,76,76,83,83,83,83,83,83,83,83,83,83,83,83,83,83,79,79,79,79,79,79,79,79,79,79],"card_choices":[{"not_picked":["Stack","Sweeping Beam"],"picked":"Glacier","floor":1.0},{"not_picked":["Chaos","Stack","Scrape"],"picked":"SKIP","floor":2.0},{"not_picked":["Compile Driver","Rebound"],"picked":"Defragment","floor":5.0},{"not_picked":["Go for the Eyes","Conserve Battery"],"picked":"Sunder","floor":6.0},{"not_picked":["Sweeping Beam","Recycle"],"picked":"Conserve Battery","floor":8.0},{"not_picked":["Tempest","Melter"],"picked":"FTL","floor":12.0},{"not_picked":["Machine Learning","Fission"],"picked":"Reboot","floor":16.0},{"not_picked":["Fusion","Doom and Gloom","Hologram+1"],"picked":"SKIP","floor":18.0},{"not_picked":["Rebound+1","Steam Power+1"],"picked":"Steam","floor":22},{"not_picked":["Go for the Eyes","Rainbow"],"picked":"Auto Shields","floor":24},{"not_picked":["Go for the Eyes","Recycle","Static Discharge"],"picked":"SKIP","floor":27},{"not_picked":["Tempest","Static Discharge+1","Rebound"],"picked":"SKIP","floor":28},{"not_picked":["Hello World"],"picked":"SKIP","floor":35},{"not_picked":["Compile Driver"],"picked":"SKIP","floor":39},{"not_picked":["Compile Driver"],"picked":"SKIP","floor":39},{"not_picked":[],"picked":"Beam Cell","floor":40},{"not_picked":["Ball Lightning"],"picked":"SKIP","floor":41},{"not_picked":["Stack+1"],"picked":"SKIP","floor":42},{"not_picked":[],"picked":"Redo+1","floor":45}],"player_experience":1191165,"relics_obtained":[{"floor":6.0,"key":"Lantern"},{"floor":8.0,"key":"HornCleat"},{"floor":9.0,"key":"Orichalcum"},{"floor":11.0,"key":"Odd Mushroom"},{"floor":22,"key":"Red Mask"},{"floor":24,"key":"Strawberry"},{"floor":26,"key":"Ornamental Fan"},{"floor":27,"key":"PreservedInsect"},{"floor":40,"key":"Happy Flower"},{"floor":42,"key":"Toxic Egg 2"},{"floor":43,"key":"Art of War"}],"event_choices":[{"damage_healed":0.0,"max_hp_gain":5.0,"max_hp_loss":0.0,"gold_gain":0.0,"event_name":"Big Fish","player_choice":"Donut","floor":4.0,"gold_loss":0.0,"damage_taken":0.0},{"damage_healed":0.0,"max_hp_gain":0.0,"max_hp_loss":0.0,"gold_gain":0.0,"event_name":"Mushrooms","player_choice":"Fought Mushrooms","floor":11.0,"gold_loss":0.0,"damage_taken":0.0},{"damage_healed":0.0,"max_hp_gain":0.0,"max_hp_loss":0.0,"gold_gain":0.0,"event_name":"Upgrade Shrine","player_choice":"Upgraded","floor":14.0,"gold_loss":0.0,"damage_taken":0.0,"cards_upgraded":["Echo Form"]},{"damage_healed":0.0,"max_hp_gain":0.0,"max_hp_loss":0.0,"gold_gain":0.0,"event_name":"Vampires","player_choice":"Ignored","floor":20.0,"gold_loss":0.0,"damage_taken":0.0},{"damage_healed":0,"gold_gain":0,"player_choice":"Fought Bandits","damage_taken":0,"max_hp_gain":0,"max_hp_loss":0,"event_name":"Masked Bandits","floor":22,"gold_loss":0},{"damage_healed":0,"gold_gain":0,"player_choice":"Simplicity","damage_taken":0,"max_hp_gain":0,"max_hp_loss":0,"event_name":"Back to Basics","floor":29,"gold_loss":0,"cards_upgraded":["Strike_B","Strike_B","Defend_B","Defend_B","Defend_B"]},{"damage_healed":0,"gold_gain":222,"player_choice":"Wore Mask","damage_taken":0,"max_hp_gain":0,"max_hp_loss":0,"event_name":"Tomb of Lord Red Mask","floor":37,"gold_loss":0},{"damage_healed":0,"gold_gain":0,"player_choice":"Max HP","damage_taken":0,"max_hp_gain":0,"max_hp_loss":4,"event_name":"Winding Halls","floor":38,"gold_loss":0},{"damage_healed":0,"gold_gain":0,"player_choice":"Fight","damage_taken":0,"max_hp_gain":0,"max_hp_loss":0,"event_name":"Mysterious Sphere","floor":46,"gold_loss":0}],"is_beta":true,"boss_relics":[{"not_picked":["FrozenCore","Black Star"],"picked":"SlaversCollar"},{"not_picked":["Cursed Key","Runic Pyramid"],"picked":"Busted Crown"}],"items_purged_floors":[3,19,21,36],"is_endless":false,"potions_floor_spawned":[5,11,12,16,24,33,41,42,45],"killed_by":"2 Orb Walkers","ascension_level":19}}