{"host":"w7o06k3e8uel8euj","time":1611488763,"event":{"mods":["AchievementEnabler","BaseMod","Colored Powertips","Custom Start","DeckTracker","Keyboard Shortcuts","Minty Spire (QoL Compilation)","Quick Restart","Relic Stats","StSLib","SuperFastMode","everything is the same but u backflip on backflip"],"gold_per_floor":[111,128,128,140,157,183,195,238,250,262,85,35,35,46,46,143,143,156,255,255,268,16,46,46,79,160,35,51,77,77,102,102,199,199,219,231,32,52,52,79,79,79,127,77,97,129,229,249,249,249,249,249,25,54,54],"floor_reached":56,"language":"KOR","playtime":1569,"items_purged":["Decay","Strike_G","Strike_G","Strike_G+1","Defend_G+1","Defend_G+1"],"score":1553,"play_id":"2b192412-c973-49fb-8726-7ec424c7bac2","local_time":"20210124204603","is_ascension_mode":true,"campfire_choices":[{"data":"Accuracy","floor":7.0,"key":"SMITH"},{"data":"Tactician","floor":10.0,"key":"SMITH"},{"data":"Accuracy","floor":15.0,"key":"SMITH"},{"data":"Tactician","floor":24.0,"key":"SMITH"},{"data":"Deep Breath","floor":32.0,"key":"SMITH"},{"data":"Prepared","floor":41.0,"key":"SMITH"},{"floor":49.0,"key":"RECALL"},{"data":"Reflex","floor":52.0,"key":"SMITH"}],"circlet_count":0,"master_deck":["Defend_G+1","Defend_G+1","Defend_G+1","Survivor+1","Neutralize+1","Acrobatics+1","Accuracy+1","Backflip+1","Blade Dance+1","Blade Dance+1","Tactician+1","Deep Breath+1","Acrobatics+1","Accuracy+1","Tactician+1","Footwork+1","Cloak And Dagger+1","Escape Plan+1","Escape Plan+1","Prepared+1","Reflex+1","Master of Strategy","Accuracy+1"],"relics":["Ring of the Snake","MawBank","Blood Vial","White Beast Statue","SacredBark","Bag of Preparation","Pocketwatch","HornCleat","Shuriken","Smiling Mask","Oddly Smooth Stone","WristBlade","Orrery","Letter Opener","Mark of the Bloom","Bottled Tornado","StoneCalendar"],"acts_visited":["Exordium","TheCity","TheBeyond","TheEnding"],"potions_floor_usage":[55],"damage_taken":[{"damage":10.0,"enemies":"Cultist","floor":1.0,"turns":5.0},{"damage":12.0,"enemies":"Jaw Worm","floor":2.0,"turns":5.0},{"damage":9.0,"enemies":"Small Slimes","floor":4.0,"turns":6.0},{"damage":12.0,"enemies":"2 Fungi Beasts","floor":5.0,"turns":3.0},{"damage":3.0,"enemies":"Gremlin Nob","floor":6.0,"turns":3.0},{"damage":12.0,"enemies":"3 Sentries","floor":8.0,"turns":7.0},{"damage":2.0,"enemies":"Exordium Wildlife","floor":14.0,"turns":3.0},{"damage":10.0,"enemies":"Hexaghost","floor":16.0,"turns":5.0},{"damage":30.0,"enemies":"2 Thieves","floor":18.0,"turns":3.0},{"damage":0.0,"enemies":"3 Byrds","floor":21.0,"turns":4.0},{"damage":0.0,"enemies":"Gremlin Leader","floor":23.0,"turns":3.0},{"damage":11.0,"enemies":"Book of Stabbing","floor":25.0,"turns":3.0},{"damage":6.0,"enemies":"Cultist and Chosen","floor":28.0,"turns":8.0},{"damage":0.0,"enemies":"Slavers","floor":29.0,"turns":3.0},{"damage":0.0,"enemies":"Gremlin Leader","floor":31.0,"turns":5.0},{"damage":30.0,"enemies":"Collector","floor":33.0,"turns":6.0},{"damage":2.0,"enemies":"Orb Walker","floor":35.0,"turns":2.0},{"damage":0.0,"enemies":"3 Shapes","floor":36.0,"turns":2.0},{"damage":8.0,"enemies":"Maw","floor":38.0,"turns":6.0},{"damage":1.0,"enemies":"Nemesis","floor":40.0,"turns":3.0},{"damage":0.0,"enemies":"Jaw Worm Horde","floor":45.0,"turns":2.0},{"damage":0.0,"enemies":"Reptomancer","floor":46.0,"turns":2.0},{"damage":0.0,"enemies":"Transient","floor":48.0,"turns":3.0},{"damage":32.0,"enemies":"Time Eater","floor":50.0,"turns":8.0},{"damage":0.0,"enemies":"Shield and Spear","floor":54.0,"turns":3.0},{"damage":3,"enemies":"The Heart","floor":55,"turns":4}],"seed_played":"-4094460952961426173","potions_obtained":[{"floor":2.0,"key":"AttackPotion"},{"floor":4.0,"key":"Strength Potion"},{"floor":8.0,"key":"FearPotion"},{"floor":14.0,"key":"Weak Potion"},{"floor":16.0,"key":"PowerPotion"},{"floor":18.0,"key":"LiquidBronze"},{"floor":21.0,"key":"Block Potion"},{"floor":23.0,"key":"EntropicBrew"},{"floor":33.0,"key":"SteroidPotion"},{"floor":35.0,"key":"AttackPotion"},{"floor":36.0,"key":"FearPotion"},{"floor":38.0,"key":"Energy Potion"},{"floor":54.0,"key":"DistilledChaos"}],"is_trial":false,"path_per_floor":["M","M","?","M","M","E","R","E","T","R","$","?","?","M","R","B",null,"M","?","?","M","$","E","R","E","T","$","M","E","?","E","R","B",null,"M","M","$","M","?","E","R","?","T","$","M","E","?","M","R","B",null,"R","$","E","B",null],"character_chosen":"THE_SILENT","items_purchased":["Deep Breath","Acrobatics","Bag of Preparation","Orrery","Master of Strategy"],"campfire_rested":0,"item_purchase_floors":[11,11,22,37,53],"current_hp_per_floor":[60,48,48,39,27,24,24,12,12,12,12,12,35,35,35,27,70,40,40,40,42,42,44,44,35,35,35,31,33,33,35,35,7,70,68,70,70,62,62,63,63,63,63,63,63,63,63,63,63,31,31,31,31,31,28],"gold":54,"neow_bonus":"TRANSFORM_CARD","is_daily":false,"chose_seed":false,"campfire_upgraded":7,"win_rate":0.0,"timestamp":1611488763,"path_taken":["M","M","?","?","M","E","R","E","T","R","$","?","?","M","R","BOSS","M","?","?","M","$","E","R","E","T","$","M","E","?","E","R","BOSS","M","M","$","M","?","E","R","?","T","?","M","E","?","?","R","BOSS","R","$","E","BOSS"],"items_purchased_type":["Card","Card","Relic","Relic","Card"],"build_version":"2020-12-22","purchased_purges":6,"victory":true,"max_hp_per_floor":[70,70,70,70,70,70,70,70,70,70,70,70,70,70,70,70,70,70,70,70,70,70,70,70,70,70,70,70,70,70,70,70,70,70,70,70,70,70,70,70,70,70,70,70,70,70,70,70,70,70,70,70,70,70,70],"relic_stats":{"Blood Vial":22,"Mark of the Bloom":82,"counters":[26,107],"Shuriken":[76],"StoneCalendar":[0],"Bag of Preparation":[32],"Letter Opener":[270],"MawBank":60,"Smiling Mask":375,"obtain_stats":[{"Mark of the Bloom":42,"SacredBark":17,"Oddly Smooth Stone":31,"StoneCalendar":54,"Bag of Preparation":22,"Letter Opener":40,"Bottled Tornado":46,"MawBank":6,"Smiling Mask":29,"White Beast Statue":9,"Blood Vial":8,"HornCleat":25,"WristBlade":34,"Shuriken":26,"Orrery":37,"Ring of the Snake":0,"Pocketwatch":23},{"Mark of the Bloom":20,"SacredBark":8,"Oddly Smooth Stone":15,"StoneCalendar":25,"Bag of Preparation":10,"Letter Opener":20,"Bottled Tornado":22,"MawBank":5,"Smiling Mask":14,"White Beast Statue":6,"Blood Vial":6,"HornCleat":12,"WristBlade":16,"Shuriken":12,"Orrery":18,"Ring of the Snake":0,"Pocketwatch":11},{"Mark of the Bloom":85,"SacredBark":37,"Oddly Smooth Stone":66,"StoneCalendar":103,"Bag of Preparation":44,"Letter Opener":85,"Bottled Tornado":89,"MawBank":22,"Smiling Mask":61,"White Beast Statue":29,"Blood Vial":29,"HornCleat":50,"WristBlade":72,"Shuriken":50,"Orrery":76,"Ring of the Snake":0,"Pocketwatch":47}],"Ring of the Snake":[52],"Pocketwatch":[15]},"card_choices":[{"not_picked":["Prepared","Dodge and Roll"],"picked":"Accuracy","floor":1.0},{"not_picked":["Sucker Punch","Bane"],"picked":"Backflip","floor":2.0},{"not_picked":["Predator","Prepared"],"picked":"Blade Dance","floor":4.0},{"not_picked":["Eviscerate","Flying Knee","Masterful Stab"],"picked":"SKIP","floor":5.0},{"not_picked":["Unload","Dagger Spray"],"picked":"Blade Dance","floor":6.0},{"not_picked":["Dagger Throw","Backflip"],"picked":"Tactician","floor":8.0},{"not_picked":["Outmaneuver","Dagger Spray"],"picked":"Accuracy","floor":14.0},{"not_picked":["Deadly Poison","Skewer","Sucker Punch"],"picked":"SKIP","floor":18.0},{"not_picked":["Deflect","Choke","Dagger Throw"],"picked":"SKIP","floor":21.0},{"not_picked":["Bouncing Flask+1","Outmaneuver+1"],"picked":"Footwork","floor":23.0},{"not_picked":["Bane","Leg Sweep"],"picked":"Blur","floor":25.0},{"not_picked":["Bane","Leg Sweep+1"],"picked":"Cloak And Dagger","floor":28.0},{"not_picked":["Poisoned Stab","Flechettes","A Thousand Cuts"],"picked":"SKIP","floor":29.0},{"not_picked":["Flying Knee+1","Heel Hook+1","Choke+1"],"picked":"SKIP","floor":31.0},{"not_picked":["Deflect","Quick Slash"],"picked":"Escape Plan","floor":35.0},{"not_picked":["Concentrate","Slice","Deadly Poison"],"picked":"SKIP","floor":36.0},{"not_picked":["Malaise","Footwork+1"],"picked":"Escape Plan+1","floor":37.0},{"not_picked":["Deflect","Setup"],"picked":"Prepared","floor":37.0},{"not_picked":["Setup","Endless Agony+1","Blade Dance"],"picked":"SKIP","floor":38.0},{"not_picked":["Backstab","Sucker Punch","Bane"],"picked":"SKIP","floor":40.0},{"not_picked":["Malaise","Backflip"],"picked":"Reflex","floor":45.0},{"not_picked":["Backflip","Outmaneuver","Riddle With Holes"],"picked":"SKIP","floor":46.0},{"not_picked":["Heel Hook","Slice","Deflect"],"picked":"SKIP","floor":48.0},{"not_picked":["Calculated Gamble","Reflex+1"],"picked":"Accuracy+1","floor":54.0}],"player_experience":503146,"relics_obtained":[{"floor":6.0,"key":"MawBank"},{"floor":8.0,"key":"Blood Vial"},{"floor":9.0,"key":"White Beast Statue"},{"floor":23.0,"key":"Pocketwatch"},{"floor":25.0,"key":"HornCleat"},{"floor":26.0,"key":"Shuriken"},{"floor":29.0,"key":"Smiling Mask"},{"floor":31.0,"key":"Oddly Smooth Stone"},{"floor":40.0,"key":"Letter Opener"},{"floor":46.0,"key":"Bottled Tornado"},{"floor":54.0,"key":"StoneCalendar"}],"event_choices":[{"damage_healed":0.0,"max_hp_gain":0.0,"max_hp_loss":0.0,"gold_gain":0.0,"event_name":"Wheel of Change","player_choice":"Cursed","floor":3.0,"gold_loss":0.0,"damage_taken":0.0,"cards_obtained":["Decay"]},{"cards_removed":["Strike_G"],"damage_healed":0.0,"max_hp_gain":0.0,"max_hp_loss":0.0,"gold_gain":0.0,"event_name":"The Cleric","player_choice":"Card Removal","floor":12.0,"gold_loss":50.0,"damage_taken":0.0},{"damage_healed":23.0,"max_hp_gain":0.0,"max_hp_loss":0.0,"gold_gain":0.0,"event_name":"Big Fish","player_choice":"Banana","floor":13.0,"gold_loss":0.0,"damage_taken":0.0},{"damage_healed":0.0,"max_hp_gain":0.0,"max_hp_loss":0.0,"gold_gain":99.0,"event_name":"Nest","player_choice":"Stole From Cult","floor":19.0,"gold_loss":0.0,"damage_taken":0.0},{"damage_healed":0.0,"max_hp_gain":0.0,"max_hp_loss":0.0,"gold_gain":0.0,"event_name":"The Library","player_choice":"Read","floor":20.0,"gold_loss":0.0,"damage_taken":0.0,"cards_obtained":["Tactician"]},{"damage_healed":0.0,"max_hp_gain":0.0,"max_hp_loss":0.0,"gold_gain":0.0,"event_name":"Back to Basics","player_choice":"Simplicity","floor":30.0,"gold_loss":0.0,"damage_taken":0.0,"cards_upgraded":["Strike_G","Defend_G","Defend_G","Defend_G","Defend_G","Defend_G"]},{"cards_removed":["Blur"],"damage_healed":0.0,"max_hp_gain":0.0,"max_hp_loss":0.0,"gold_gain":0.0,"event_name":"Falling","player_choice":"Removed Skill","floor":39.0,"gold_loss":0.0,"damage_taken":0.0},{"damage_healed":0.0,"max_hp_gain":0.0,"max_hp_loss":0.0,"gold_gain":0.0,"event_name":"MindBloom","player_choice":"Upgrade","floor":42.0,"gold_loss":0.0,"damage_taken":0.0,"cards_upgraded":["Survivor","Neutralize","Acrobatics","Backflip","Blade Dance","Blade Dance","Acrobatics","Footwork","Cloak And Dagger","Escape Plan"],"relics_obtained":["Mark of the Bloom"]},{"damage_healed":0.0,"max_hp_gain":0.0,"max_hp_loss":0.0,"gold_gain":100.0,"event_name":"Golden Shrine","player_choice":"Pray","floor":47.0,"gold_loss":0.0,"damage_taken":0.0}],"is_beta":false,"boss_relics":[{"not_picked":["Sozu","Coffee Dripper"],"picked":"SacredBark"},{"not_picked":["HoveringKite","Busted Crown"],"picked":"WristBlade"}],"items_purged_floors":[11,22,27,37,44,53],"is_endless":false,"potions_floor_spawned":[2,4,8,14,16,18,21,23,25,28,29,31,33,35,36,38,40,45,46,48,54],"ascension_level":2}}