{"host":"rc0y5s0pznrxft0n","time":1611453978,"event":{"mods":["BaseMod","Downfall","Hermit","Minty Spire (QoL Compilation)","StSLib"],"gold_per_floor":[349,367,386,6,16,32,79,105,105,105,123,157,57,70,81,181,181,81,100,121,71,71,97,122,32,49,149,149,49,61,90,109,212,212,212,226,253,316,316,423,458,458,476,500,520,202,211,49,68,68,68,103,28,37,37,37,37,37],"floor_reached":56,"language":"ENG","playtime":5835,"items_purged":["hexamod:Defend","Parasite","hexamod:Strike+1","hexamod:Defend"],"score":758,"play_id":"4569cab6-c722-4415-9677-a8a1da0e3a1a","local_time":"20210123210618","is_ascension_mode":false,"campfire_choices":[{"data":"hexamod:Float","floor":1,"key":"SMITH"},{"floor":9,"key":"REST"},{"floor":13,"key":"RECALL"},{"data":"hexamod:ShieldOfDarkness","floor":18,"key":"SMITH"},{"data":"hexamod:RainOfEmbers","floor":29,"key":"SMITH"},{"data":"hexamod:SpectersWail","floor":35,"key":"SMITH"},{"floor":47,"key":"REST"},{"floor":54,"key":"REST"}],"circlet_count":0,"master_deck":["hexamod:Strike+1","hexamod:Defend+1","hexamod:Defend+1","hexamod:Sear","hexamod:Float+1","hexamod:Hexaguard","hexamod:FlamesFromBeyond+1","expansioncontent:StudyTheSpire+1","hexamod:ForkedFlame","hexamod:AdvancingGuard+1","hexamod:BacktrackSmack","hexamod:Firestarter","hexamod:ExtraCrispy","hexamod:ShieldOfDarkness+1","hexamod:NightmareGuise+1","hexamod:SpectralSpark+1","hexamod:PowerFromBeyond+1","hexamod:SpectersWail+1","hexamod:ThermalTransfer","hexamod:VolcanoVisage","hexamod:InspiringFlames","hexamod:GhostflameBarrier","hexamod:PhantomCloak","hexamod:Incineration+1","hexamod:FirstSeal","hexamod:RainOfEmbers+1","J.A.X.","hexamod:ApocalypseNow","hexamod:ExtraCrispy","hexamod:UnleashSpirits","CurseOfTheBell","hexamod:FlamesFromBeyond+1","hexamod:TimeOfNeed","hexamod:RecurringNightmare","Parasite","hexamod:NightmareGuise+1","hexamod:Hexaguard","expansioncontent:QuickStudy","hexamod:HeatMetal+1","Bandage Up","hexamod:VolcanoVisage","hexamod:StepThrough+1"],"relics":["hexamod:SpiritBrand","War Paint","Dream Catcher","Bag of Preparation","downfall:HeartBlessingGreen","Cursed Key","downfall:HeartBlessingRed","hexamod:TheBrokenSeal","MutagenicStrength","downfall:HeartBlessingBlue","Strawberry","Calling Bell","CeramicFish","Sundial","TungstenRod","CaptainsWheel","Membership Card","Oddly Smooth Stone","Turnip","Gremlin Horn","Thread and Needle"],"acts_visited":["Exordium","TheCity","TheBeyond","TheEnding"],"potions_floor_usage":[8,16,16,20,23,27,31,32,32,33,37,40,40,43,45,45,49,55,56,56],"damage_taken":[{"damage":0,"enemies":"Cultist","floor":2,"turns":3},{"damage":0,"enemies":"Jaw Worm","floor":3,"turns":3},{"damage":0,"enemies":"downfall:FleeingMerchant","floor":4,"turns":4},{"damage":0,"enemies":"Small Slimes","floor":5,"turns":3},{"damage":0,"enemies":"3 Louse","floor":6,"turns":2},{"damage":1,"enemies":"Lagavulin","floor":8,"turns":6},{"damage":1,"enemies":"2 Fungi Beasts","floor":11,"turns":4},{"damage":11,"enemies":"Gremlin Nob","floor":12,"turns":4},{"damage":6,"enemies":"Red Slaver","floor":14,"turns":4},{"damage":0,"enemies":"Gremlin Gang","floor":15,"turns":3},{"damage":21,"enemies":"WA_ARCHETYPE_RETAIN","floor":16,"turns":13},{"damage":12,"enemies":"3 Byrds","floor":19,"turns":5},{"damage":28,"enemies":"Snake Plant","floor":20,"turns":4},{"damage":25,"enemies":"3 Cultists","floor":23,"turns":6},{"damage":0,"enemies":"downfall:FleeingMerchant","floor":25,"turns":4},{"damage":2,"enemies":"Centurion and Healer","floor":26,"turns":4},{"damage":1,"enemies":"downfall:Augmenter","floor":27,"turns":4},{"damage":0,"enemies":"Shelled Parasite and Fungi","floor":30,"turns":3},{"damage":20,"enemies":"Gremlin Leader","floor":31,"turns":3},{"damage":8,"enemies":"Snake Plant","floor":32,"turns":2},{"damage":8,"enemies":"SI_MIRROR_ARCHETYPE","floor":33,"turns":7},{"damage":0,"enemies":"3 Shapes","floor":36,"turns":3},{"damage":7,"enemies":"3 Darklings","floor":37,"turns":5},{"damage":21,"enemies":"2 Orb Walkers","floor":38,"turns":4},{"damage":2,"enemies":"downfall:FleeingMerchant","floor":40,"turns":3},{"damage":0,"enemies":"Maw","floor":43,"turns":6},{"damage":14,"enemies":"4 Shapes","floor":44,"turns":4},{"damage":3,"enemies":"Sphere and 2 Shapes","floor":45,"turns":3},{"damage":2,"enemies":"Writhing Mass","floor":49,"turns":6},{"damage":30,"enemies":"DF_ARCHETYPE_ORBS","floor":50,"turns":8},{"damage":63,"enemies":"downfall:CharBossMerchant","floor":52,"turns":7},{"damage":24,"enemies":"downfall:NeowBoss","floor":55,"turns":16},{"damage":66,"enemies":"downfall:NeowBossFinal","floor":56,"turns":8}],"seed_played":"4968952720399170289","potions_obtained":[{"floor":2,"key":"ColorlessPotion"},{"floor":3,"key":"SpeedPotion"},{"floor":11,"key":"Dexterity Potion"},{"floor":12,"key":"EssenceOfSteel"},{"floor":19,"key":"LiquidBronze"},{"floor":20,"key":"Swift Potion"},{"floor":23,"key":"Ancient Potion"},{"floor":28,"key":"EntropicBrew"},{"floor":28,"key":"DuplicationPotion"},{"floor":32,"key":"hexamod:DoubleChargePotion"},{"floor":33,"key":"champ:CounterPotion"},{"floor":38,"key":"AttackPotion"},{"floor":43,"key":"SteroidPotion"},{"floor":44,"key":"Ancient Potion"},{"floor":45,"key":"Weak Potion"},{"floor":52,"key":"Weak Potion"}],"is_trial":false,"path_per_floor":["R","M","M","$","M","M","T","E","R","?","M","E","R","M","M","B",null,"R","M","M","?","?","M","T","$","M","?","?","R","M","E","M","B",null,"R","M","M","?","?","$","T","?","M","M","M","$","R","$","M","B",null,"E","$","R","B","B"],"character_chosen":"THE_SPIRIT","items_purchased":["expansioncontent:StudyTheSpire","hexamod:ForkedFlame","AttackPotion","Membership Card","SkillPotion","Turnip","expansioncontent:QuickStudy","AttackPotion","Gremlin Horn","Bandage Up"],"campfire_rested":3,"item_purchase_floors":[4,4,4,40,40,46,46,46,48,48],"current_hp_per_floor":[49,49,49,49,49,49,49,55,70,70,70,59,59,60,60,46,70,70,65,44,70,70,80,80,80,80,80,80,90,90,77,69,61,97,97,97,90,69,69,74,74,74,81,74,71,71,94,94,92,71,94,42,42,70,50,0,0,0],"gold":37,"neow_bonus":"TWO_FIFTY_GOLD","is_daily":false,"chose_seed":false,"campfire_upgraded":4,"win_rate":0.0,"timestamp":1611453978,"path_taken":["R","M","M","$","M","?","T","E","R","?","M","E","R","M","M","BOSS","R","M","M","?","?","M","T","$","M","?","?","R","?","E","M","BOSS","R","M","?","?","?","$","T","?","?","M","M","$","R","?","M","BOSS","E","$","R","BOSS","BOSS"],"items_purchased_type":["Card","Card","Potion","Relic","Potion","Relic","Card","Potion","Relic","Card"],"build_version":"2020-12-22","purchased_purges":4,"victory":false,"max_hp_per_floor":[70,70,70,70,70,70,70,70,70,70,70,70,70,70,70,70,70,70,70,70,70,70,80,80,80,80,80,80,90,90,97,97,97,97,97,97,97,97,97,94,94,94,94,94,94,94,94,94,94,94,94,94,94,94,94,94,94,94],"card_choices":[{"not_picked":["hexamod:SpectralAdrenaline","hexamod:FlamesFromBeyond"],"picked":"hexamod:Hexaguard","floor":2},{"not_picked":["hexamod:HeatMetal","hexamod:SpectralAdrenaline"],"picked":"hexamod:ThirdSeal","floor":3},{"not_picked":["hexamod:NightmareStrike","hexamod:ShieldOfDarkness"],"picked":"hexamod:FifthSeal","floor":4},{"not_picked":["hexamod:ExtraCrispy","hexamod:InspiringFlames"],"picked":"hexamod:FlamesFromBeyond","floor":4},{"not_picked":["hexamod:FlamesFromBeyond","hexamod:HeatCrush"],"picked":"hexamod:AdvancingGuard","floor":5},{"not_picked":["hexamod:CatchUp","hexamod:ShieldOfDarkness"],"picked":"hexamod:BacktrackSmack","floor":5},{"not_picked":["hexamod:ThirdSeal","hexamod:SecondSeal"],"picked":"hexamod:FirstSeal","floor":6},{"not_picked":["hexamod:Again","hexamod:ApocalypticArmor"],"picked":"hexamod:Firestarter","floor":6},{"not_picked":["hexamod:FourthSeal","hexamod:SecondSeal"],"picked":"hexamod:SixthSeal","floor":8},{"not_picked":["hexamod:TimeOfNeed","hexamod:InspiringFlames"],"picked":"hexamod:ExtraCrispy","floor":8},{"not_picked":["hexamod:HeatMetal","hexamod:RetreatToShadows"],"picked":"hexamod:ShieldOfDarkness","floor":8},{"not_picked":["hexamod:ShieldOfDarkness","hexamod:RadiantFlame"],"picked":"hexamod:NightmareGuise","floor":9},{"not_picked":["hexamod:ThirdSeal","hexamod:HeatMetal"],"picked":"hexamod:SpectralSpark","floor":11},{"not_picked":["hexamod:FlamesFromBeyond","hexamod:HeatMetal"],"picked":"hexamod:PowerFromBeyond","floor":12},{"not_picked":["hexamod:SixthSeal","hexamod:ThirdSeal"],"picked":"hexamod:SecondSeal","floor":14},{"not_picked":["hexamod:UnlimitedPower","hexamod:FlamesFromBeyond"],"picked":"hexamod:SpectersWail","floor":14},{"not_picked":["hexamod:ThirdSeal","hexamod:FirstSeal"],"picked":"hexamod:FourthSeal","floor":15},{"not_picked":["hexamod:GhostLash","hexamod:FlamesFromBeyond"],"picked":"hexamod:ThermalTransfer","floor":15},{"not_picked":["hexamod:SixthSeal","hexamod:WildfireWeapon"],"picked":"hexamod:VolcanoVisage","floor":16},{"not_picked":["hexamod:FastForward","hexamod:HeatMetal"],"picked":"hexamod:InspiringFlames","floor":19},{"not_picked":["hexamod:BacktrackSmack+1","hexamod:AdvancingGuard"],"picked":"hexamod:GhostflameBarrier","floor":19},{"not_picked":["hexamod:SecondSeal","hexamod:ThirdSeal"],"picked":"hexamod:SixthSeal","floor":20},{"not_picked":["hexamod:Hexaguard","hexamod:GhostOfSpireFuture"],"picked":"hexamod:PhantomCloak","floor":20},{"not_picked":["hexamod:Firestarter","hexamod:SwordOfDarkness"],"picked":"hexamod:Incineration+1","floor":20},{"not_picked":["hexamod:SecondSeal","hexamod:SixthSeal"],"picked":"hexamod:FirstSeal","floor":23},{"not_picked":["hexamod:Again","hexamod:FastForward","hexamod:ShieldOfDarkness+1"],"picked":"SKIP","floor":23},{"not_picked":["hexamod:Firestarter+1","hexamod:NightmareGuise"],"picked":"hexamod:RainOfEmbers","floor":25},{"not_picked":["hexamod:BurningTouch","hexamod:GhostLash","hexamod:ShieldOfDarkness"],"picked":"SKIP","floor":26},{"not_picked":[],"picked":"J.A.X.","floor":27},{"not_picked":["hexamod:ShieldOfDarkness","hexamod:StepThrough","hexamod:GhostShield"],"picked":"SKIP","floor":30},{"not_picked":["hexamod:FirstSeal","hexamod:Firestarter+1"],"picked":"hexamod:ApocalypseNow","floor":31},{"not_picked":["hexamod:SuperheatedStrike","hexamod:BacktrackSmack"],"picked":"hexamod:ExtraCrispy","floor":32},{"not_picked":["hexamod:ApocalypticArmor","hexamod:TurnItUp"],"picked":"hexamod:UnleashSpirits","floor":33},{"not_picked":["hexamod:GhostLash","hexamod:Firestarter+1","hexamod:HauntingEcho"],"picked":"SKIP","floor":36},{"not_picked":["hexamod:PhantomFireball","hexamod:GhostOfSpireFuture"],"picked":"hexamod:FlamesFromBeyond+1","floor":37},{"not_picked":["hexamod:Incineration","hexamod:FastForward"],"picked":"hexamod:TimeOfNeed","floor":38},{"not_picked":["hexamod:NecessarySacrifice","hexamod:SwordOfDarkness+1"],"picked":"hexamod:RecurringNightmare","floor":40},{"not_picked":["hexamod:SecondSeal","hexamod:HauntingEcho+1","hexamod:RecurringNightmare"],"picked":"SKIP","floor":43},{"not_picked":["hexamod:FlamesFromBeyond","hexamod:HauntingEcho+1"],"picked":"hexamod:NightmareGuise+1","floor":44},{"not_picked":["hexamod:AdvancingGuard+1","hexamod:SpectersWail+1"],"picked":"hexamod:Hexaguard","floor":45},{"not_picked":["hexamod:Firestarter","hexamod:PhantomFireball"],"picked":"hexamod:HeatMetal+1","floor":47},{"not_picked":["hexamod:GhostLash","hexamod:NightmareGuise","hexamod:RainOfEmbers"],"picked":"SKIP","floor":49},{"not_picked":["hexamod:GhostOfSpireFuture+1","hexamod:Haunt+1"],"picked":"hexamod:VolcanoVisage","floor":52},{"not_picked":["hexamod:SecondSeal","hexamod:Hexaguard"],"picked":"hexamod:StepThrough+1","floor":54}],"player_experience":828698,"relics_obtained":[{"floor":7,"key":"War Paint"},{"floor":8,"key":"Dream Catcher"},{"floor":12,"key":"Bag of Preparation"},{"floor":27,"key":"MutagenicStrength"},{"floor":31,"key":"Strawberry"},{"floor":34,"key":"CeramicFish"},{"floor":34,"key":"Sundial"},{"floor":34,"key":"TungstenRod"},{"floor":38,"key":"CaptainsWheel"},{"floor":41,"key":"Oddly Smooth Stone"},{"floor":52,"key":"Thread and Needle"}],"event_choices":[{"cards_removed":["hexamod:Strike"],"damage_healed":0,"gold_gain":0,"player_choice":"Forget","damage_taken":0,"max_hp_gain":0,"max_hp_loss":0,"event_name":"Living Wall","floor":10,"gold_loss":0},{"damage_healed":0,"gold_gain":0,"player_choice":"Got Potions","damage_taken":0,"max_hp_gain":0,"max_hp_loss":0,"event_name":"Lab","floor":28,"gold_loss":0},{"damage_healed":0,"gold_gain":0,"player_choice":"Fight","damage_taken":0,"max_hp_gain":0,"max_hp_loss":0,"event_name":"Mysterious Sphere","floor":38,"gold_loss":0}],"is_beta":false,"boss_relics":[{"not_picked":["hexamod:UnbrokenSoul","Pandora\u0027s Box"],"picked":"Cursed Key"},{"not_picked":["Philosopher\u0027s Stone","Tiny House"],"picked":"Calling Bell"}],"items_purged_floors":[25,40,46,53],"is_endless":false,"potions_floor_spawned":[2,3,5,11,12,14,20,23,32,33,38,43,44,45,52],"killed_by":"downfall:NeowBossFinal","ascension_level":0}}