{"host":"rj1j8apb2x4vafcu","time":1611480397,"event":{"mods":["AchievementEnabler","Act Like it!","BaseMod","Colored Map","Colored Powertips","Minty Spire (QoL Compilation)","Rare Cards Sparkle","StSLib"],"gold_per_floor":[115,290,270,42,53,84,84,143,224,224,224,16,29,29,29,125,125,138,138,149,149,166,166,166],"floor_reached":23,"language":"ENG","playtime":1060,"items_purged":["Strike_B","Strike_B"],"score":212,"play_id":"6e138465-92c9-40fd-94bc-813425dc61bb","local_time":"20210124072637","is_ascension_mode":false,"campfire_choices":[{"data":"Echo Form","floor":7,"key":"SMITH"},{"data":"Dualcast","floor":11,"key":"SMITH"},{"floor":15,"key":"REST"}],"circlet_count":0,"master_deck":["Strike_B","Strike_B","Defend_B","Defend_B","Defend_B","Zap","Dualcast+1","Chaos","Doubt","Echo Form+1","Defragment","Doom and Gloom","Defragment","Creative AI","Loop","Streamline+1","Doom and Gloom+1"],"relics":["Cracked Core","NeowsBlessing","Omamori","Darkstone Periapt","Anchor","InkBottle","Black Star","Necronomicon","Nloth\u0027s Gift"],"acts_visited":["Exordium","TheCity"],"potions_floor_usage":[8,23,23],"damage_taken":[{"damage":0,"enemies":"Small Slimes","floor":1,"turns":1},{"damage":0,"enemies":"2 Louse","floor":5,"turns":1},{"damage":0,"enemies":"3 Sentries","floor":6,"turns":1},{"damage":36,"enemies":"Lagavulin Event","floor":8,"turns":7},{"damage":1,"enemies":"Cultist","floor":13,"turns":4},{"damage":25,"enemies":"Slime Boss","floor":16,"turns":6},{"damage":0,"enemies":"Chosen","floor":18,"turns":4},{"damage":27,"enemies":"Spheric Guardian","floor":20,"turns":4},{"damage":34,"enemies":"Cultist and Chosen","floor":22,"turns":5},{"damage":26,"enemies":"Gremlin Leader","floor":23,"turns":4}],"seed_played":"-7766728365747980072","potions_obtained":[{"floor":1,"key":"SpeedPotion"},{"floor":3,"key":"PowerPotion"},{"floor":6,"key":"FairyPotion"},{"floor":13,"key":"PotionOfCapacity"}],"is_trial":false,"path_per_floor":["M","?","?","$","M","E","R","?","T","?","R","$","M","?","R","B",null,"M","?","M","?","M","E"],"character_chosen":"DEFECT","items_purchased":["Omamori","Doom and Gloom","Defragment"],"campfire_rested":1,"item_purchase_floors":[4,12,12],"current_hp_per_floor":[75,75,75,75,75,75,75,39,39,32,32,32,31,6,28,3,75,75,59,32,32,22,0,0],"gold":166,"neow_bonus":"THREE_ENEMY_KILL","is_daily":false,"chose_seed":false,"campfire_upgraded":2,"win_rate":0.0,"timestamp":1611480397,"path_taken":["M","?","?","$","?","E","R","?","T","?","R","$","M","?","R","BOSS","M","?","M","?","M","E"],"items_purchased_type":["Relic","Card","Card"],"build_version":"2020-12-22","purchased_purges":2,"victory":false,"max_hp_per_floor":[75,75,75,75,75,75,75,75,75,75,75,75,75,75,75,75,75,75,75,75,75,75,75,75],"card_choices":[{"not_picked":["Steam Power","Hologram"],"picked":"Chaos","floor":1},{"not_picked":["Rebound","Coolheaded","Compile Driver"],"picked":"SKIP","floor":5},{"not_picked":["Barrage","Coolheaded"],"picked":"Echo Form","floor":6},{"not_picked":["Conserve Battery","Stack"],"picked":"Defragment","floor":8},{"not_picked":["Cold Snap","Compile Driver","Rebound"],"picked":"SKIP","floor":13},{"not_picked":["All For One","Biased Cognition"],"picked":"Creative AI","floor":16},{"not_picked":["Tempest+1","Sweeping Beam+1"],"picked":"Loop","floor":18},{"not_picked":["Storm","Chill"],"picked":"Streamline+1","floor":20},{"not_picked":["FTL","Reprogram"],"picked":"Doom and Gloom+1","floor":22}],"player_experience":98375,"relics_obtained":[{"floor":6,"key":"Darkstone Periapt"},{"floor":8,"key":"Anchor"},{"floor":9,"key":"InkBottle"},{"floor":19,"key":"Necronomicon"}],"event_choices":[{"damage_healed":0,"gold_gain":175,"player_choice":"AGREE","damage_taken":0,"max_hp_gain":0,"max_hp_loss":0,"event_name":"Liars Game","floor":2,"gold_loss":0,"cards_obtained":["Doubt"]},{"damage_healed":0,"gold_gain":0,"player_choice":"Bought 1 Potion","damage_taken":0,"max_hp_gain":0,"max_hp_loss":0,"event_name":"The Woman in Blue","floor":3,"gold_loss":0},{"damage_healed":0,"gold_gain":30,"player_choice":"Searched \u00272\u0027 times","damage_taken":0,"max_hp_gain":0,"max_hp_loss":0,"event_name":"Dead Adventurer","floor":8,"gold_loss":0},{"cards_removed":["Defend_B"],"damage_healed":0,"gold_gain":0,"player_choice":"Card Removal","damage_taken":7,"max_hp_gain":0,"max_hp_loss":0,"event_name":"Golden Wing","floor":10,"gold_loss":0},{"damage_healed":0,"gold_gain":0,"player_choice":"Success","damage_taken":25,"relics_obtained":["Bronze Scales"],"max_hp_gain":0,"max_hp_loss":0,"event_name":"Scrap Ooze","floor":14,"gold_loss":0},{"damage_healed":0,"gold_gain":0,"player_choice":"Obtained Book","damage_taken":16,"max_hp_gain":0,"max_hp_loss":0,"event_name":"Cursed Tome","floor":19,"gold_loss":0},{"damage_healed":0,"gold_gain":0,"player_choice":"Traded Relic","damage_taken":0,"relics_obtained":["Nloth\u0027s Gift"],"max_hp_gain":0,"max_hp_loss":0,"event_name":"N\u0027loth","floor":21,"relics_lost":["Bronze Scales"],"gold_loss":0}],"is_beta":false,"boss_relics":[{"not_picked":["Runic Pyramid","Inserter"],"picked":"Black Star"}],"items_purged_floors":[4,12],"is_endless":false,"potions_floor_spawned":[1,6,13],"killed_by":"Gremlin Leader","ascension_level":0}}