{"host":"2tgyrzvaa7l04o2e","time":1611494339,"event":{"mods":["BaseMod","Highlight Path","Minty Spire (QoL Compilation)","Permanent Neow","Relic Stats"],"gold_per_floor":[119,139,214,214,214,248,265,6,6,39,39,66,76,91,91,186,186,202,218,218,218,218],"floor_reached":21,"language":"ENG","playtime":972,"items_purged":["Strike_R"],"score":347,"play_id":"721669ae-695f-4344-bfa6-e83c595960e2","local_time":"20210124141859","is_ascension_mode":true,"campfire_choices":[{"data":"Whirlwind","floor":15,"key":"SMITH"}],"circlet_count":0,"master_deck":["AscendersBane","Strike_R","Strike_R","Strike_R","Strike_R","Defend_R","Defend_R","Defend_R","Defend_R","Bash","Brutality","Iron Wave","Twin Strike","Seeing Red","Whirlwind+1","Battle Trance","Shockwave","Shrug It Off","Reaper","Shrug It Off","Rupture+1"],"relics":["Burning Blood","Singing Bowl","InkBottle","Bag of Preparation","Gremlin Horn","PreservedInsect","Orichalcum","Black Star"],"acts_visited":["Exordium","TheCity"],"potions_floor_usage":[6,7,10,16,16,18,21],"damage_taken":[{"damage":2,"enemies":"Small Slimes","floor":1,"turns":3},{"damage":10,"enemies":"Jaw Worm","floor":2,"turns":4},{"damage":31,"enemies":"Lagavulin","floor":6,"turns":9},{"damage":10,"enemies":"2 Louse","floor":7,"turns":3},{"damage":0,"enemies":"3 Sentries","floor":10,"turns":2},{"damage":18,"enemies":"Gremlin Nob","floor":12,"turns":3},{"damage":7,"enemies":"Exordium Wildlife","floor":13,"turns":5},{"damage":2,"enemies":"2 Fungi Beasts","floor":14,"turns":3},{"damage":14,"enemies":"Slime Boss","floor":16,"turns":7},{"damage":21,"enemies":"Spheric Guardian","floor":18,"turns":4},{"damage":45,"enemies":"Shell Parasite","floor":19,"turns":8},{"damage":17,"enemies":"Centurion and Healer","floor":21,"turns":6}],"seed_played":"-1871981652566972537","potions_obtained":[{"floor":2,"key":"HeartOfIron"},{"floor":6,"key":"EssenceOfSteel"},{"floor":7,"key":"SteroidPotion"},{"floor":12,"key":"SkillPotion"},{"floor":14,"key":"GamblersBrew"},{"floor":16,"key":"SneckoOil"},{"floor":19,"key":"EntropicBrew"}],"is_trial":false,"path_per_floor":["M","M","?","?","?","E","M","$","T","E","?","E","M","M","R","B",null,"M","M","?","M"],"character_chosen":"IRONCLAD","items_purchased":["Bag of Preparation","Battle Trance"],"campfire_rested":0,"item_purchase_floors":[8,8],"current_hp_per_floor":[76,72,61,66,54,29,25,25,25,31,31,19,20,26,26,18,71,56,17,17,0,0],"gold":218,"neow_bonus":"ONE_RANDOM_RARE_CARD","is_daily":false,"chose_seed":false,"campfire_upgraded":1,"win_rate":0.0,"timestamp":1611494339,"path_taken":["M","M","?","?","?","E","?","$","T","E","?","E","M","M","R","BOSS","M","M","?","?"],"items_purchased_type":["Relic","Card"],"build_version":"2020-12-22","purchased_purges":1,"victory":false,"max_hp_per_floor":[80,80,80,85,85,85,85,85,85,85,85,85,87,89,89,89,89,89,89,89,89,89],"relic_stats":{"Singing Bowl":4,"Gremlin Horn":[3,4],"counters":[12,56],"PreservedInsect":22,"Bag of Preparation":[16],"Black Star":0,"Orichalcum":[90],"obtain_stats":[{"Singing Bowl":5,"Gremlin Horn":9,"PreservedInsect":10,"Bag of Preparation":8,"Black Star":17,"Orichalcum":12,"Burning Blood":0,"InkBottle":6},{"Singing Bowl":2,"Gremlin Horn":4,"PreservedInsect":5,"Bag of Preparation":4,"Black Star":9,"Orichalcum":6,"Burning Blood":0,"InkBottle":3},{"Singing Bowl":7,"Gremlin Horn":19,"PreservedInsect":21,"Bag of Preparation":19,"Black Star":39,"Orichalcum":24,"Burning Blood":0,"InkBottle":16}],"Burning Blood":66,"InkBottle":[9]},"card_choices":[{"not_picked":["Flex","Wild Strike"],"picked":"Iron Wave","floor":1},{"not_picked":["True Grit","Flex"],"picked":"Twin Strike","floor":2},{"not_picked":["Searing Blow","Perfected Strike"],"picked":"Seeing Red","floor":6},{"not_picked":["Dropkick","Clash"],"picked":"Whirlwind","floor":7},{"not_picked":["Sword Boomerang","Sever Soul"],"picked":"Shockwave","floor":10},{"not_picked":["Body Slam","Wild Strike"],"picked":"Shrug It Off","floor":12},{"not_picked":["Iron Wave","Dark Embrace","Shockwave"],"picked":"Singing Bowl","floor":13},{"not_picked":["Warcry","Cleave","Sword Boomerang"],"picked":"Singing Bowl","floor":14},{"not_picked":["Brutality","Limit Break"],"picked":"Reaper","floor":16},{"not_picked":["Havoc","True Grit"],"picked":"Shrug It Off","floor":18},{"not_picked":["Havoc","Body Slam"],"picked":"Rupture","floor":19}],"player_experience":646345,"relics_obtained":[{"floor":6,"key":"InkBottle"},{"floor":9,"key":"Gremlin Horn"},{"floor":10,"key":"PreservedInsect"},{"floor":12,"key":"Orichalcum"}],"event_choices":[{"damage_healed":0,"gold_gain":75,"player_choice":"Gather Gold","damage_taken":11,"max_hp_gain":0,"max_hp_loss":0,"event_name":"World of Goop","floor":3,"gold_loss":0},{"damage_healed":0,"gold_gain":0,"player_choice":"Donut","damage_taken":0,"max_hp_gain":5,"max_hp_loss":0,"event_name":"Big Fish","floor":4,"gold_loss":0},{"damage_healed":0,"gold_gain":0,"player_choice":"Success","damage_taken":12,"relics_obtained":["Singing Bowl"],"max_hp_gain":0,"max_hp_loss":0,"event_name":"Scrap Ooze","floor":5,"gold_loss":0},{"damage_healed":0,"gold_gain":0,"player_choice":"Ignored","damage_taken":0,"max_hp_gain":0,"max_hp_loss":0,"event_name":"Liars Game","floor":11,"gold_loss":0},{"damage_healed":0,"gold_gain":0,"player_choice":"Forge","damage_taken":0,"max_hp_gain":0,"max_hp_loss":0,"event_name":"Accursed Blacksmith","floor":20,"gold_loss":0,"cards_upgraded":["Rupture"]}],"is_beta":false,"boss_relics":[{"not_picked":["Runic Cube","Empty Cage"],"picked":"Black Star"}],"items_purged_floors":[8],"is_endless":false,"potions_floor_spawned":[2,6,7,12,14,16,19],"killed_by":"Centurion and Healer","ascension_level":11}}