{"host":"srk2drlvga69hbot","time":1611526802,"event":{"mods":["BaseMod","Bestiary","Block Reminder","Colored Map","Colored Powertips","Dark Map","DeckTracker","Highlight Path","Minty Spire (QoL Compilation)","Quick Restart","Rare Cards Sparkle","Relic Stats","SuperFastMode","Unceasing Turn Reminder"],"gold_per_floor":[110,110,126,12,12,38,38,49,49,83,83,83,116,291,291,291,291],"floor_reached":16,"language":"ZHS","playtime":482,"items_purged":["Strike_G"],"score":215,"play_id":"18d9a14c-c5f6-48a7-baaf-49d907c4cb1b","local_time":"20210125062002","is_ascension_mode":true,"campfire_choices":[{"data":"Crippling Poison","floor":7,"key":"SMITH"},{"floor":15,"key":"REST"}],"circlet_count":0,"master_deck":["Strike_G","Strike_G","Strike_G","Defend_G","Defend_G","Defend_G","Defend_G","Survivor","Neutralize","Prepared","Blade Dance","Crippling Poison+1","Accuracy","Prepared","Reflex","Acrobatics","Doubt"],"relics":["Ring of the Snake","NeowsBlessing","Pantograph","Happy Flower","Blue Candle","Pear","Potion Belt"],"acts_visited":["Exordium"],"potions_floor_usage":[8,16],"damage_taken":[{"damage":0,"enemies":"Cultist","floor":1,"turns":1},{"damage":0,"enemies":"Small Slimes","floor":3,"turns":1},{"damage":0,"enemies":"Lagavulin","floor":6,"turns":1},{"damage":0,"enemies":"2 Louse","floor":8,"turns":3},{"damage":33,"enemies":"3 Sentries","floor":10,"turns":10},{"damage":19,"enemies":"Gremlin Nob","floor":13,"turns":4},{"damage":42,"enemies":"The Guardian","floor":16,"turns":11}],"seed_played":"7674869587603127379","potions_obtained":[{"floor":1,"key":"SkillPotion"},{"floor":3,"key":"GamblersBrew"},{"floor":8,"key":"Fruit Juice"}],"is_trial":false,"path_per_floor":["M","?","M","$","?","E","R","M","T","E","?","$","E","?","R","B"],"character_chosen":"THE_SILENT","items_purchased":["Crippling Poison"],"campfire_rested":1,"item_purchase_floors":[4],"current_hp_per_floor":[63,51,51,51,44,44,44,49,49,26,26,26,7,7,32,15,15],"gold":291,"neow_bonus":"THREE_ENEMY_KILL","is_daily":false,"chose_seed":false,"campfire_upgraded":1,"win_rate":0.0,"timestamp":1611526802,"path_taken":["M","?","M","$","?","E","R","M","T","E","?","?","E","?","R","BOSS"],"items_purchased_type":["Card"],"build_version":"2020-12-22","purchased_purges":1,"victory":false,"max_hp_per_floor":[70,70,70,70,70,70,70,75,75,85,85,85,85,85,85,85,85],"relic_stats":{"Happy Flower":[9],"counters":[7,31],"Pantograph":25,"Blue Candle":[0],"obtain_stats":[{"Potion Belt":13,"Pear":10,"NeowsBlessing":0,"Happy Flower":6,"Pantograph":2,"Blue Candle":9,"Ring of the Snake":0},{"Potion Belt":6,"Pear":5,"NeowsBlessing":0,"Happy Flower":3,"Pantograph":1,"Blue Candle":4,"Ring of the Snake":0},{"Potion Belt":20,"Pear":16,"NeowsBlessing":0,"Happy Flower":3,"Pantograph":1,"Blue Candle":6,"Ring of the Snake":0}],"Ring of the Snake":[14]},"card_choices":[{"not_picked":["Caltrops","Sucker Punch"],"picked":"Prepared","floor":1},{"not_picked":["Masterful Stab","Sucker Punch"],"picked":"Blade Dance","floor":3},{"not_picked":["Dodge and Roll","All Out Attack"],"picked":"Accuracy","floor":6},{"not_picked":["Blur","Dash"],"picked":"Prepared","floor":8},{"not_picked":["Prepared","Blade Dance"],"picked":"Reflex","floor":10},{"not_picked":["Bane","Dodge and Roll"],"picked":"Acrobatics","floor":13}],"player_experience":233953,"relics_obtained":[{"floor":6,"key":"Happy Flower"},{"floor":9,"key":"Blue Candle"},{"floor":10,"key":"Pear"},{"floor":13,"key":"Potion Belt"}],"event_choices":[{"damage_healed":0,"gold_gain":0,"player_choice":"Success","damage_taken":12,"relics_obtained":["Pantograph"],"max_hp_gain":0,"max_hp_loss":0,"event_name":"Scrap Ooze","floor":2,"gold_loss":0},{"cards_removed":["Defend_G"],"damage_healed":0,"gold_gain":0,"player_choice":"Card Removal","damage_taken":7,"max_hp_gain":0,"max_hp_loss":0,"event_name":"Golden Wing","floor":5,"gold_loss":0},{"cards_removed":["Strike_G"],"damage_healed":0,"gold_gain":0,"player_choice":"Forget","damage_taken":0,"max_hp_gain":0,"max_hp_loss":0,"event_name":"Living Wall","floor":11,"gold_loss":0},{"damage_healed":0,"gold_gain":175,"player_choice":"AGREE","damage_taken":0,"max_hp_gain":0,"max_hp_loss":0,"event_name":"Liars Game","floor":14,"gold_loss":0,"cards_obtained":["Doubt"]}],"is_beta":false,"boss_relics":[],"items_purged_floors":[4],"is_endless":false,"potions_floor_spawned":[1,3,8],"killed_by":"The Guardian","ascension_level":7}}