{"host":"8inpc3yxphy2r27y","time":1611506023,"event":{"mods":["100% Spire Juice","ATMod(阿瑾Mod)","Bard","BaseMod","Better Synergies","Challenge The Spire","Conspire","Downfall","Energized Spire","FutureSeer","Gremlin Mod","GungeonMod","Highlight Path","KinomotoSakuraMod(木之本樱)","Lobotomy","LobotomyExtend","Minty Spire (QoL Compilation)","Quick Restart","READ ME - Guardian Mod","Relic Stats","Replay The Spire","RumiaBox-露米娅的神秘盒子","Ryuuou龙王","SIMod","Shop Mod","Spicy Shops","StSLib","TestMod","The Construct","The Cursed","The Gatherer","The Hierophant","The Poker Player","UnlockEverythingMod","Waifu the Spire","[IsaacMod]以撒尖塔","[JumpMod]舞动尖塔","noobMod","vexMod","【遗物卡牌】REMEMod","残留之物","篝火指南"],"gold_per_floor":[113,113,239,13,36,75,75,94,146,184,209,209,247,261,26,157,157,181,280,280,280,104,142,155,192,238,238,238],"floor_reached":27,"language":"ZHS","playtime":2703,"items_purged":["Normality"],"score":534,"play_id":"d6992d68-6a39-4b19-8787-a84193ccc703","local_time":"20210125003343","is_ascension_mode":false,"campfire_choices":[{"floor":12,"key":"RECALL"}],"circlet_count":0,"master_deck":["ClowCardTheSword","ClowCardTheSword","ClowCardTheSword","ClowCardTheSword","ClowCardTheShield","ClowCardTheShield+1","ClowCardTheShield","ClowCardTheShield","SpellCardSeal","SpellCardRelease","AT_ThistleTea","AT_FamilyPortrait","ClowCardTheMaze","ClowCardTheCloud+1","ClowCardTheDark","ClowCardTheMirror","ClowCardTheDream","ClowCardTheFloat","ClowCardTheLoop","SpellCardSeal","ClowCardTheLibra","ClowCardTheStorm","ClowCardTheShot","Doubt","ClowCardTheWave","ClowCardTheCreate","ClowCardTheMirror","ClowCardTheChange","ClowCardTheMirror","ClowCardThePower","ClowCardTheEarthy","Pot Of Greed","Pot Of Greed","Pot Of Greed","ClowCardTheBubbles"],"relics":["KSMOD_SealedBook","KSMOD_SealedWand","HushsDoor","HowToJump","ice","Void","testmod-Motorcycle","LetterFromLob","Golden Idol","AT_RedTearstoneRing","MerchantsRug","SSSystem","Baka2","Gaze_r","InspiredRelic","vexMod:Dragonfruit","testmod-Recursion","Damocles","GuppysHead","War Paint","testmod-Charity","Orrery","Replay:Rubber Ducky","PokeGo","Vajra","Replay:WaspNest","Guardian:PocketSentry","TheBean","Grinning Jar","Boot"],"acts_visited":["Exordium","TheCity"],"potions_floor_usage":[7,23,25],"damage_taken":[{"damage":0,"enemies":"conspire:RoseBush","floor":1,"turns":2},{"damage":0,"enemies":"2 Louse","floor":5,"turns":3},{"damage":50,"enemies":"Replay:BlueRogue","floor":6,"turns":11},{"damage":133,"enemies":"Replay:BlueRogue","floor":7,"turns":11},{"damage":53,"enemies":"Small Slimes","floor":8,"turns":18},{"damage":0,"enemies":"Gremlin Nob","floor":10,"turns":5},{"damage":0,"enemies":"Exordium Wildlife","floor":11,"turns":7},{"damage":27,"enemies":"The Mushroom Lair","floor":13,"turns":10},{"damage":0,"enemies":"Looter","floor":14,"turns":1},{"damage":0,"enemies":"Fading Forest","floor":16,"turns":9},{"damage":0,"enemies":"Shell Parasite","floor":18,"turns":1},{"damage":0,"enemies":"REME_1_Revenger","floor":23,"turns":2},{"damage":0,"enemies":"conspire:FuzzyDice","floor":24,"turns":7},{"damage":0,"enemies":"Book of Stabbing","floor":25,"turns":6},{"damage":3,"enemies":"REME_1_Revenger","floor":27,"turns":2}],"seed_played":"6571274063154570823","potions_obtained":[{"floor":1,"key":"bronze:BurnAndBuffPotion"},{"floor":5,"key":"LifebloodPotion"},{"floor":8,"key":"KSMOD_MagickBottle"},{"floor":11,"key":"Fire Potion"},{"floor":25,"key":"DistilledChaos"}],"is_trial":false,"path_per_floor":["M","?","?","$","M","E","?","M","T","E","M","R","?","M","R","B",null,"M","?","?","?","$","E","M","E","T","E"],"character_chosen":"KINOMOTOSAKURA","items_purchased":["MerchantsRug","ReplayTheSpireMod:CursedCoin","SSSystem","UnicornStump","ClowCardTheCreate","Damocles","GuppysHead","testmod-Charity","Orrery"],"campfire_rested":0,"item_purchase_floors":[4,4,4,15,17,17,17,22,22],"current_hp_per_floor":[70,53,36,36,36,21,70,31,31,36,36,36,9,9,9,24,125,125,125,125,125,125,126,127,131,132,0,0],"gold":238,"neow_bonus":"","is_daily":false,"chose_seed":false,"campfire_upgraded":0,"win_rate":0.0,"timestamp":1611506023,"path_taken":["M","?","?","?","M","E","?","?","T","E","M","R","?","M","R","BOSS","M","?","?","?","$","E","M","E","T","E"],"items_purchased_type":["Relic","Relic","Relic","Relic","Card","Relic","Relic","Relic","Relic"],"build_version":"2020-12-22","purchased_purges":1,"victory":false,"max_hp_per_floor":[70,70,70,70,70,70,84,122,122,131,136,136,145,145,145,148,125,125,125,125,125,125,126,136,148,149,149,149],"relic_stats":{"counters":[15,95],"Golden Idol":116,"War Paint":["ClowCardTheCloud","ClowCardTheShield"],"Boot":[0],"obtain_stats":[{"Damocles":17,"UnicornStump":15,"AT_ATBox":0,"SSSystem":4,"Vajra":24,"Mango":8,"GremlinMask":21,"DemoMod:GlassGuonStoneRelic":1,"ice":0,"Boot":26,"testmod-Charity":22,"Replay:Rubber Ducky":23,"CogitoBucket":0,"Baka2":5,"PokeGo":23,"TheBean":25,"testmod-Motorcycle":0,"KSMOD_SealedWand":0,"Void":0,"KeepersGift":0,"MerchantsRug":4,"AT_RedTearstoneRing":3,"testmod-TestBox":0,"HowToJump":0,"KSMOD_SealedBook":0,"Golden Idol":2,"ReplayTheSpireMod:CursedCoin":4,"Replay:WaspNest":25,"Baka":1,"Guardian:PocketSentry":25,"Odd Mushroom":13,"War Paint":18,"Gaze_r":7,"vexMod:Dragonfruit":10,"testmod-Antiphasic":6,"testmod-Recursion":17,"Orrery":22,"LetterFromLob":1,"GuppysHead":17,"Grinning Jar":25,"HushsDoor":0,"InspiredRelic":7,"REME_ComplimentaryCards":0},{"Damocles":10,"UnicornStump":9,"AT_ATBox":0,"SSSystem":1,"Vajra":13,"Mango":5,"GremlinMask":11,"DemoMod:GlassGuonStoneRelic":1,"ice":0,"Boot":14,"testmod-Charity":11,"Replay:Rubber Ducky":12,"CogitoBucket":0,"Baka2":2,"PokeGo":12,"TheBean":14,"testmod-Motorcycle":0,"KSMOD_SealedWand":0,"Void":0,"KeepersGift":0,"MerchantsRug":1,"AT_RedTearstoneRing":1,"testmod-TestBox":0,"HowToJump":0,"KSMOD_SealedBook":0,"Golden Idol":1,"ReplayTheSpireMod:CursedCoin":1,"Replay:WaspNest":14,"Baka":1,"Guardian:PocketSentry":14,"Odd Mushroom":8,"War Paint":11,"Gaze_r":4,"vexMod:Dragonfruit":6,"testmod-Antiphasic":3,"testmod-Recursion":10,"Orrery":11,"LetterFromLob":1,"GuppysHead":10,"Grinning Jar":14,"HushsDoor":0,"InspiredRelic":4,"REME_ComplimentaryCards":0},{"Damocles":77,"UnicornStump":68,"AT_ATBox":0,"SSSystem":2,"Vajra":87,"Mango":45,"GremlinMask":78,"DemoMod:GlassGuonStoneRelic":2,"ice":0,"Boot":93,"testmod-Charity":78,"Replay:Rubber Ducky":80,"CogitoBucket":0,"Baka2":5,"PokeGo":80,"TheBean":93,"testmod-Motorcycle":0,"KSMOD_SealedWand":0,"Void":0,"KeepersGift":0,"MerchantsRug":2,"AT_RedTearstoneRing":2,"testmod-TestBox":0,"HowToJump":0,"KSMOD_SealedBook":0,"Golden Idol":2,"ReplayTheSpireMod:CursedCoin":2,"Replay:WaspNest":93,"Baka":2,"Guardian:PocketSentry":93,"Odd Mushroom":67,"War Paint":78,"Gaze_r":27,"vexMod:Dragonfruit":50,"testmod-Antiphasic":16,"testmod-Recursion":77,"Orrery":78,"LetterFromLob":2,"GuppysHead":77,"Grinning Jar":93,"HushsDoor":0,"InspiredRelic":27,"REME_ComplimentaryCards":0}]},"card_choices":[{"not_picked":[],"picked":"ChaosCard","floor":0},{"not_picked":["ClowCardTheFirey","ClowCardTheLoop"],"picked":"ClowCardTheMaze","floor":1},{"not_picked":["ClowCardTheMaze","ClowCardTheFreeze"],"picked":"ClowCardTheCloud","floor":3},{"not_picked":["ClowCardTheMist","ClowCardTheCloud"],"picked":"ClowCardTheSong","floor":3},{"not_picked":["ClowCardTheChange","ClowCardTheDream"],"picked":"ClowCardTheDark","floor":5},{"not_picked":["ClowCardTheWindy","ClowCardTheJump"],"picked":"ClowCardTheMirror","floor":6},{"not_picked":["ClowCardTheShot","ClowCardTheSweet"],"picked":"ClowCardTheDream","floor":8},{"not_picked":["ClowCardTheShot","ClowCardTheIllusion"],"picked":"ClowCardTheFloat","floor":10},{"not_picked":["ClowCardTheLock","ClowCardTheArrow"],"picked":"ClowCardTheLoop","floor":11},{"not_picked":["ClowCardTheSweet","ClowCardTheSand"],"picked":"ClowCardTheLibra","floor":13},{"not_picked":["ClowCardTheDream","ClowCardTheCloud"],"picked":"ClowCardTheStorm","floor":14},{"not_picked":["ClowCardTheTwin","ClowCardTheReturn"],"picked":"ClowCardTheCreate","floor":16},{"not_picked":["ClowCardTheMove","ClowCardTheLibra"],"picked":"ClowCardTheShot","floor":18},{"not_picked":["ClowCardTheThrough","ClowCardTheRain+1"],"picked":"ClowCardTheWave","floor":22},{"not_picked":["ClowCardTheLittle","ClowCardTheLock+1"],"picked":"ClowCardTheCreate","floor":22},{"not_picked":["ClowCardTheErase+1","ClowCardTheMove"],"picked":"ClowCardTheMirror","floor":22},{"not_picked":["ClowCardTheWindy+1","ClowCardTheSilent"],"picked":"ClowCardTheChange","floor":22},{"not_picked":["ClowCardTheGlow+1","ClowCardTheMove"],"picked":"ClowCardTheMirror","floor":22},{"not_picked":["ClowCardTheWood","ClowCardTheCloud"],"picked":"ClowCardThePower","floor":23},{"not_picked":["ClowCardThePower","ClowCardTheWood+1"],"picked":"ClowCardTheEarthy","floor":24},{"not_picked":["ClowCardTheMaze","ClowCardTheWindy+1"],"picked":"ClowCardTheBubbles","floor":25}],"player_experience":82144,"relics_obtained":[{"floor":1,"key":"Baka"},{"floor":1,"key":"LetterFromLob"},{"floor":3,"key":"AT_RedTearstoneRing"},{"floor":5,"key":"Baka2"},{"floor":6,"key":"testmod-Antiphasic"},{"floor":8,"key":"Mango"},{"floor":10,"key":"vexMod:Dragonfruit"},{"floor":13,"key":"Odd Mushroom"},{"floor":18,"key":"War Paint"},{"floor":23,"key":"Replay:Rubber Ducky"},{"floor":23,"key":"PokeGo"},{"floor":24,"key":"Vajra"},{"floor":25,"key":"Replay:WaspNest"},{"floor":25,"key":"Guardian:PocketSentry"},{"floor":25,"key":"TheBean"},{"floor":25,"key":"Grinning Jar"},{"floor":26,"key":"Boot"}],"event_choices":[{"damage_healed":0,"gold_gain":0,"player_choice":"Take Damage","damage_taken":17,"relics_obtained":["Golden Idol"],"max_hp_gain":0,"max_hp_loss":0,"event_name":"Golden Idol","floor":2,"gold_loss":0},{"damage_healed":0,"gold_gain":0,"player_choice":"Fought Mushrooms","damage_taken":0,"max_hp_gain":0,"max_hp_loss":0,"event_name":"Mushrooms","floor":13,"gold_loss":0},{"damage_healed":0,"gold_gain":99,"player_choice":"Stole From Cult","damage_taken":0,"max_hp_gain":0,"max_hp_loss":0,"event_name":"Nest","floor":19,"gold_loss":0},{"damage_healed":0,"gold_gain":0,"player_choice":"Trade","damage_taken":0,"relics_obtained":["GremlinMask"],"max_hp_gain":0,"max_hp_loss":0,"event_name":"FaceTrader","floor":21,"gold_loss":0}],"is_beta":false,"boss_relics":[{"not_picked":["Ectoplasm","testmod-DreamHouse"],"picked":"testmod-Recursion"},{"not_picked":[]}],"items_purged_floors":[4],"is_endless":false,"potions_floor_spawned":[1,5,7,8,11,25],"killed_by":"REME_1_Revenger","ascension_level":0}}