{"host":"8m86yt1iygug7bgj","time":1611481983,"event":{"mods":["Act Like it!","BaseMod","Gensokyo","Marisa£®ÏF”Í°°ƒß¿Ì…≥£©","Minty Spire (QoL Compilation)","Prisma Mod","Remilia£®¿Ÿ√◊¿Ú—«£©","StSLib"],"gold_per_floor":[116,128,128,139,170,7,26,3,3,315,549,479,509,527,527,628,628,643,643,643,661,101,101,117,147,147,363,383,423,423,21,21,140,140,156,175,175,20,35,35,68,97,136,168,213,238,250,262,274,286,298,310,9,39,39],"floor_reached":56,"language":"ZHS","playtime":5800,"items_purged":["Strike_RM"],"score":1401,"play_id":"878c05ee-f3f2-4320-8e04-8e7e4ac5b0b5","local_time":"20210124175303","is_ascension_mode":false,"campfire_choices":[{"data":"ScarletMeister","floor":15.0,"key":"SMITH"},{"floor":30.0,"key":"RECALL"},{"data":"BatForm","floor":32.0,"key":"SMITH"},{"data":"TransientEternity","floor":40,"key":"SMITH"},{"data":"DemonKingCradle","floor":47,"key":"SMITH"},{"data":"RedMoon","floor":49,"key":"SMITH"},{"data":"HellCatastrophe","floor":52,"key":"SMITH"}],"circlet_count":0,"master_deck":["Strike_RM","Strike_RM+1","Defend_RM","Defend_RM","Defend_RM","RedMoon+1","ScarletShoot+1","BloodAndWine","ScarletNetherworld","StarOfDavid","BombardNight","TransientEternity+1","Stigmanizer","VampireKiss","DemonKingCradle+1","MastersStateliness","ScarletMeister+1","ScarletSymphony","EternalNight","HellCatastrophe+1","NightDance","FitfulNightmare","Gensokyo:FourOfAKind","Gensokyo:FourOfAKind","Gensokyo:FourOfAKind","Gensokyo:FourOfAKind","UnstableMagic+1","Gensokyo:EightFeetTall","SuperhumanBloodyKnife+1","BatForm+1","ScarletDevil","BlasphemousPunishment+1","ScarletDevilSign","BloodyCatastrophe","ScarletNetherworld","ScarletGensokyo","TransientEternity+1","ScarletDream","MiserableFate","HellCatastrophe","Clumsy","MastersStateliness+1","MastersStateliness+1"],"relics":["ScarletHat","NeowsBlessing","MealTicket","Ornamental Fan","Anchor","FossilizedHelix","Pen Nib","SlaversCollar","Toolbox","Gensokyo:ConquerorOfFear","Strawberry","Thread and Needle","HornCleat","Lee\u0027s Waffle","Cursed Key","MawBank","Lantern","Omamori","RedBat","Ice Cream","Pantograph"],"acts_visited":["Gensokyo:Gensokyo","Gensokyo:Gensokyoer","Gensokyo:Gensokyoest","TheEnding"],"potions_floor_usage":[55,55,55],"damage_taken":[{"damage":0.0,"enemies":"Gensokyo:2_Kodama","floor":1.0,"turns":1.0},{"damage":0.0,"enemies":"Gensokyo:3_Fairies","floor":2.0,"turns":2.0},{"damage":0.0,"enemies":"Gensokyo:Python","floor":4.0,"turns":1.0},{"damage":12.0,"enemies":"Gensokyo:Cirno","floor":5.0,"turns":9.0},{"damage":16.0,"enemies":"Gensokyo:VengefulSpirit","floor":7.0,"turns":8.0},{"damage":0.0,"enemies":"Gensokyo:5_Fairies","floor":10.0,"turns":5.0},{"damage":4.0,"enemies":"Gensokyo:Cirno","floor":11.0,"turns":6.0},{"damage":0.0,"enemies":"Gensokyo:Mamizou","floor":13.0,"turns":6.0},{"damage":0.0,"enemies":"Gensokyo:LivingMonolith","floor":14.0,"turns":4.0},{"damage":6.0,"enemies":"Gensokyo:Yukari","floor":16.0,"turns":6.0},{"damage":7.0,"enemies":"Gensokyo:Chomper","floor":18.0,"turns":4.0},{"damage":0.0,"enemies":"Gensokyo:3_Dogs","floor":21.0,"turns":3.0},{"damage":0.0,"enemies":"Gensokyo:Swordslinger","floor":24.0,"turns":5.0},{"damage":7.0,"enemies":"Gensokyo:Koishi","floor":25.0,"turns":5.0},{"damage":12.0,"enemies":"Gensokyo:Wraith","floor":27.0,"turns":5.0},{"damage":0.0,"enemies":"Gensokyo:Slime_Group","floor":28.0,"turns":4.0},{"damage":10.0,"enemies":"Gensokyo:Swordslinger","floor":29.0,"turns":4.0},{"damage":41.0,"enemies":"Gensokyo:Eternal_Rivals","floor":33.0,"turns":6.0},{"damage":8,"enemies":"Gensokyo:3_Boulders","floor":35,"turns":4},{"damage":0,"enemies":"Gensokyo:3_Bats","floor":36,"turns":2},{"damage":0,"enemies":"Gensokyo:Sharpion","floor":39,"turns":5},{"damage":12,"enemies":"Gensokyo:Marisa","floor":41,"turns":3},{"damage":0,"enemies":"Gensokyo:AtlasGolem","floor":42,"turns":2},{"damage":14,"enemies":"Gensokyo:3_Boulders","floor":44,"turns":4},{"damage":4,"enemies":"Gensokyo:Kasen","floor":45,"turns":5},{"damage":4,"enemies":"Gensokyo:Dusk_and_Dawn","floor":46,"turns":2},{"damage":0,"enemies":"Gensokyo:Scarlet_Devils","floor":50,"turns":4},{"damage":41,"enemies":"Shield and Spear","floor":54,"turns":3},{"damage":69,"enemies":"The Heart","floor":55,"turns":6}],"seed_played":"3888279392866727008","potions_obtained":[{"floor":1.0,"key":"DistilledChaos"},{"floor":4.0,"key":"Ancient Potion"},{"floor":14.0,"key":"BlessingOfTheForge"},{"floor":21.0,"key":"DistilledChaos"},{"floor":24.0,"key":"Swift Potion"},{"floor":27.0,"key":"ColorlessPotion"},{"floor":46,"key":"DuplicationPotion"}],"is_trial":false,"path_per_floor":["M","M","?","M","?","COS","M","$","T","M","E","?","E","M","R","B",null,"M","?","?","M","COS","?","M","E","T","M","M","M","R","$","R","B",null,"M","M","?","$","M","R","E","M","T","M","E","M","R","T","R","B",null,"R","$","E","B",null],"character_chosen":"REMILIA","items_purchased":["VampireKiss","BloodyCatastrophe","ScarletNetherworld","ScarletGensokyo","Lee\u0027s Waffle","MiserableFate","Ice Cream"],"campfire_rested":0,"item_purchase_floors":[8,31,31,31,31,38,53],"current_hp_per_floor":[75,75,60,60,52,52,36,51,51,54,53,53,63,68,68,75,75,69,69,53,53,53,53,53,59,59,48,52,47,47,67,67,55,67,60,63,63,67,67,67,59,67,67,57,56,56,56,56,56,67,67,67,67,36,38],"gold":39,"neow_bonus":"THREE_ENEMY_KILL","is_daily":false,"chose_seed":false,"campfire_upgraded":6,"win_rate":0.0,"timestamp":1611481983,"path_taken":["M","M","?","M","?","COS","M","$","T","M","E","?","E","M","R","BOSS","M","?","?","M","COS","?","M","E","T","M","M","?","R","?","R","BOSS","M","M","?","?","M","R","E","M","T","M","E","M","R","?","R","BOSS","R","$","E","BOSS"],"items_purchased_type":["Card","Card","Card","Card","Relic","Card","Relic"],"build_version":"2020-12-22","purchased_purges":1,"victory":true,"max_hp_per_floor":[75,75,75,75,75,75,75,75,75,75,75,75,75,75,75,75,75,75,75,53,53,53,53,53,60,60,60,60,60,60,67,67,67,67,67,67,67,67,67,67,67,67,67,67,67,67,67,67,67,67,67,67,67,67,67],"card_choices":[{"not_picked":["VampireClaw","MastersStateliness"],"picked":"BloodAndWine","floor":1.0},{"not_picked":["UnstableMagic","ScarletDevil"],"picked":"ScarletNetherworld","floor":2.0},{"not_picked":["ChainGang","ScarletDevil"],"picked":"StarOfDavid","floor":4.0},{"not_picked":["MillenniumVampire","Stigmanizer"],"picked":"BombardNight","floor":5.0},{"not_picked":["ScarletNetherworld+1","RedRainbow+1"],"picked":"TransientEternity+1","floor":7.0},{"not_picked":["RedRainbow","DevilSight"],"picked":"Stigmanizer","floor":7.0},{"not_picked":["BloodyCatastrophe","ForecastOfChange"],"picked":"DemonKingCradle","floor":10.0},{"not_picked":["DiffusionOfMisfortune","BombardNight"],"picked":"MastersStateliness","floor":10.0},{"not_picked":["ScarletImprint","ScarletSymphony"],"picked":"ScarletMeister","floor":11.0},{"not_picked":["LeisurelyOfLord","ScarletDevil"],"picked":"ScarletSymphony","floor":13.0},{"not_picked":["ForbiddenFruit","ScarletImprint"],"picked":"EternalNight","floor":14.0},{"not_picked":["EquivalentExchange","QueenOfMidnight"],"picked":"HellCatastrophe","floor":16.0},{"not_picked":["UnderTheZenith","ScarletDevil+1"],"picked":"NightDance","floor":18.0},{"not_picked":["NightLord+1","MastersStateliness"],"picked":"UnstableMagic+1","floor":21.0},{"not_picked":["Stigmanizer+1","BombardNight+1"],"picked":"SuperhumanBloodyKnife+1","floor":24.0},{"not_picked":["CharismaGuard","BloodHunter","StarOfDavid"],"picked":"SKIP","floor":24.0},{"not_picked":["QueenOfMidnight","ScarletDevil"],"picked":"BatForm","floor":25.0},{"not_picked":["UnderTheZenith","SuperhumanBloodyKnife"],"picked":"ScarletDevil","floor":27.0},{"not_picked":["DevilSight","NightDance+1"],"picked":"BlasphemousPunishment+1","floor":28.0},{"not_picked":["Stigmanizer+1","BadLadyScramble"],"picked":"ScarletDevilSign","floor":29.0},{"not_picked":["TricksterDevil","ScarletMeister"],"picked":"TransientEternity","floor":33.0},{"not_picked":["BombardNight","VampireSweep+1","UnderTheZenith+1"],"picked":"SKIP","floor":35},{"not_picked":["NightDance","UnstableMagic+1"],"picked":"ScarletDream","floor":36},{"not_picked":["LeisurelyOfLord","VampireKiss","UnstableMagic"],"picked":"SKIP","floor":39},{"not_picked":["RedRainbow","ScarletDream","VampireClaw+1"],"picked":"SKIP","floor":41},{"not_picked":["UnstableMagic","NightDance"],"picked":"HellCatastrophe","floor":42},{"not_picked":["VampireKiss","UnderTheZenith"],"picked":"MastersStateliness+1","floor":44},{"not_picked":["Stigmanizer+1","VampireFantasy+1"],"picked":"MastersStateliness+1","floor":45},{"not_picked":["EndlessAdversity","UnderTheZenith","ScarletNetherworld+1"],"picked":"SKIP","floor":46},{"not_picked":["BloodHunter","FavorOfDestiny","Ultimatum+1"],"picked":"SKIP","floor":54}],"player_experience":233650,"relics_obtained":[{"floor":5.0,"key":"MealTicket"},{"floor":9.0,"key":"Ornamental Fan"},{"floor":11.0,"key":"FossilizedHelix"},{"floor":13.0,"key":"Pen Nib"},{"floor":24.0,"key":"Gensokyo:ConquerorOfFear"},{"floor":25.0,"key":"Strawberry"},{"floor":41,"key":"MawBank"},{"floor":43,"key":"Lantern"},{"floor":45,"key":"Omamori"},{"floor":48,"key":"RedBat"},{"floor":54,"key":"Pantograph"}],"event_choices":[],"is_beta":false,"boss_relics":[{"not_picked":["Coffee Dripper","Sozu"],"picked":"SlaversCollar"},{"not_picked":["Black Star","Busted Crown"],"picked":"Cursed Key"}],"items_purged_floors":[38],"is_endless":false,"potions_floor_spawned":[1,4,14,21,24,27,28,33,41,42,45,46],"ascension_level":0}}