{"host":"haq22x9zdvtvc76a","time":1611469640,"event":{"mods":["BaseMod","Downfall","Minty Spire (QoL Compilation)","StSLib"],"gold_per_floor":[99,113,123,56,74,101,125,25,25,51,69,81,100,115,130,225,225,25,41,51,51,36,136,212,225,257,132,161,171,182,209,220,320,320,320,368,380,354,354,354,354,367,367,377,407,272,282,298,308,308,308,334,58,58,58,58,58,58],"floor_reached":56,"language":"ENG","playtime":6232,"items_purged":["Pride","champ:Strike","downfall:Malfunctioning","champ:Strike"],"score":905,"play_id":"68ce0ee5-e16b-4ff4-8f33-c31caef0c0b3","local_time":"20210124012720","is_ascension_mode":false,"campfire_choices":[{"floor":1.0,"key":"RECALL"},{"data":"champ:DefensiveStyle","floor":8.0,"key":"SMITH"},{"data":"champ:StanceDance","floor":18,"key":"SMITH"},{"data":"champ:ShieldSlam","floor":35,"key":"SMITH"},{"data":"champ:ShieldSlam","floor":40,"key":"SMITH"},{"data":"expansioncontent:StudyTheSpire","floor":43,"key":"SMITH"},{"floor":54,"key":"DIG"}],"circlet_count":0,"master_deck":["champ:Strike","champ:Strike","champ:Defend","champ:Defend","champ:Defend","champ:Defend","champ:Execute","champ:Taunt","champ:DancingMaster","champ:Circumvent","champ:FlashCut","champ:SkillfulDodge+1","champ:FlashCut","champ:DefensiveStyle+1","champ:StanceDance+1","champ:RageSigil","champ:Lariat","champ:GutPunch","champ:ArenaPreparation","champ:VampiricStrike","champ:ArenaPreparation","champ:Lariat+1","champ:FocusedDefense","champ:EnragedBash","champ:ShieldSlam+1","champ:CalledShot","champ:FaceSlap+1","champ:Improvising","champ:ShieldSlam+1","champ:ShieldWall+1","champ:HoldFirm","champ:FancyFootwork+1","expansioncontent:StudyTheSpire+1","CurseOfTheBell","champ:ArenaPreparation+1"],"relics":["champ:ChampionCrown","Anchor","downfall:HeartBlessingRed","Ginger","Coffee Dripper","downfall:HeartBlessingGreen","downfall:HeartBlessingBlue","Omamori","Letter Opener","Bag of Marbles","Bird Faced Urn","Kunai","Cursed Key","Bag of Preparation","Membership Card","Boot","downfall:ExtraCursedBell","Guardian:PocketSentry","Matryoshka","Shovel","hexamod:CandleOfCauterizing","champ:DefensiveTrainingManual","Question Card","Pen Nib","StrikeDummy","Mummified Hand","ClockworkSouvenir","HornCleat"],"acts_visited":["Exordium","TheCity","TheBeyond","TheEnding"],"potions_floor_usage":[20,26,26,26,28,31,33,56],"damage_taken":[{"damage":1.0,"enemies":"2 Louse","floor":2.0,"turns":3.0},{"damage":26.0,"enemies":"Cultist","floor":3.0,"turns":5.0},{"damage":25.0,"enemies":"downfall:FleeingMerchant","floor":4.0,"turns":4.0},{"damage":10.0,"enemies":"Small Slimes","floor":5.0,"turns":3.0},{"damage":22.0,"enemies":"Gremlin Nob","floor":6.0,"turns":5.0},{"damage":24.0,"enemies":"3 Sentries","floor":10.0,"turns":9.0},{"damage":11.0,"enemies":"3 Louse","floor":11.0,"turns":3.0},{"damage":10.0,"enemies":"Red Slaver","floor":12.0,"turns":3.0},{"damage":10.0,"enemies":"2 Fungi Beasts","floor":13.0,"turns":3.0},{"damage":11.0,"enemies":"Exordium Wildlife","floor":14.0,"turns":5.0},{"damage":0.0,"enemies":"3 Louse","floor":15.0,"turns":3.0},{"damage":52,"enemies":"SI_SHIV_ARCHETYPE","floor":16,"turns":7},{"damage":30,"enemies":"Shell Parasite","floor":19,"turns":4},{"damage":53,"enemies":"Cultist and Chosen","floor":20,"turns":7},{"damage":60,"enemies":"downfall:FleeingMerchant","floor":22,"turns":4},{"damage":21,"enemies":"Shelled Parasite and Fungi","floor":25,"turns":5},{"damage":42,"enemies":"Slavers","floor":26,"turns":5},{"damage":70,"enemies":"downfall:FleeingMerchant","floor":27,"turns":4},{"damage":130,"enemies":"Gremlin Leader","floor":28,"turns":9},{"damage":45,"enemies":"Sentry and Sphere","floor":29,"turns":3},{"damage":25,"enemies":"Snake Plant","floor":30,"turns":4},{"damage":30,"enemies":"Slavers","floor":31,"turns":4},{"damage":5,"enemies":"Centurion and Healer","floor":32,"turns":3},{"damage":98,"enemies":"IC_MUSHROOM_ARCHETYPE","floor":33,"turns":8},{"damage":5,"enemies":"Orb Walker","floor":37,"turns":2},{"damage":5,"enemies":"downfall:FleeingMerchant","floor":38,"turns":3},{"damage":20,"enemies":"3 Darklings","floor":42,"turns":3},{"damage":45,"enemies":"Maw","floor":44,"turns":6},{"damage":10,"enemies":"Giant Head","floor":45,"turns":7},{"damage":5,"enemies":"Sphere and 2 Shapes","floor":47,"turns":3},{"damage":26,"enemies":"3 Darklings","floor":48,"turns":4},{"damage":65,"enemies":"Maw","floor":49,"turns":5},{"damage":120,"enemies":"WA_ARCHETYPE_DIVINITY","floor":50,"turns":10},{"damage":115,"enemies":"downfall:CharBossMerchant","floor":52,"turns":7},{"damage":60,"enemies":"downfall:NeowBoss","floor":55,"turns":13},{"damage":188,"enemies":"downfall:NeowBossFinal","floor":56,"turns":9}],"seed_played":"3330073533826678787","potions_obtained":[{"floor":3.0,"key":"Block Potion"},{"floor":6.0,"key":"EntropicBrew"},{"floor":10.0,"key":"Dexterity Potion"},{"floor":11.0,"key":"DuplicationPotion"},{"floor":16,"key":"Ancient Potion"},{"floor":20,"key":"Fruit Juice"},{"floor":26,"key":"Explosive Potion"},{"floor":28,"key":"sneckomod:MuddlingPotion"},{"floor":30,"key":"AttackPotion"},{"floor":32,"key":"CultistPotion"},{"floor":42,"key":"SkillPotion"}],"is_trial":false,"path_per_floor":["R","M","M","$","M","E","T","R","?","E","M","M","M","M","M","B",null,"R","M","M","?","$","?","T","M","E","$","E","M","M","E","M","B",null,"R","T","M","$","?","R","T","M","R","M","E","$","M","M","M","B",null,"E","$","R","B","B"],"character_chosen":"THE_CHAMP","items_purchased":["champ:FlashCut","champ:CalledShot","Membership Card","expansioncontent:StudyTheSpire","Boot","Pen Nib","Mummified Hand","ClockworkSouvenir"],"campfire_rested":0,"item_purchase_floors":[4,27,38,38,38,46,53,53],"current_hp_per_floor":[90,89,83,78,78,66,66,66,66,62,61,61,61,60,60,48,90,100,100,102,102,102,102,102,101,84,84,49,51,57,63,65,35,105,105,105,105,105,105,105,105,105,105,105,105,105,105,104,105,79,105,99,99,99,105,0,0,0],"gold":58,"neow_bonus":"ONE_RANDOM_RARE_CARD","is_daily":false,"chose_seed":false,"campfire_upgraded":5,"win_rate":0.0,"timestamp":1611469640,"path_taken":["R","M","M","$","M","E","T","R","?","E","M","?","M","M","M","BOSS","R","M","M","?","$","?","T","M","E","$","E","M","M","E","M","BOSS","R","?","M","$","?","R","T","M","R","?","E","$","M","M","M","BOSS","E","$","R","BOSS","BOSS"],"items_purchased_type":["Card","Card","Relic","Card","Relic","Relic","Relic","Relic"],"build_version":"2020-12-22","purchased_purges":4,"victory":false,"max_hp_per_floor":[90,90,90,90,90,90,90,90,90,90,90,90,90,90,90,90,90,100,100,105,105,105,105,105,105,105,105,105,105,105,105,105,105,105,105,105,105,105,105,105,105,105,105,105,105,105,105,105,105,105,105,105,105,105,105,105,105,105],"card_choices":[{"not_picked":["champ:Shatter","champ:PerfectedStrike"],"picked":"champ:Circumvent","floor":2.0},{"not_picked":["champ:DefensiveShout","champ:SetATrap"],"picked":"champ:FlashCut","floor":3.0},{"not_picked":["champ:Encircle","champ:FalseCounter"],"picked":"champ:SkillfulDodge","floor":4.0},{"not_picked":["champ:TornadoPunch","champ:RapidStrikes","champ:Haymaker"],"picked":"SKIP","floor":5.0},{"not_picked":["champ:AdrenalArmor","champ:EnGarde"],"picked":"champ:DefensiveStyle","floor":6.0},{"not_picked":["champ:PreciseThrust","champ:Duel"],"picked":"champ:StanceDance","floor":10.0},{"not_picked":["champ:CrownThrow","champ:Endure"],"picked":"champ:RageSigil","floor":11.0},{"not_picked":["champ:ViciousMockery","champ:PreciseThrust"],"picked":"champ:Lariat","floor":12.0},{"not_picked":["champ:PerfectedStrike","champ:RageSigil"],"picked":"champ:GutPunch","floor":13.0},{"not_picked":["champ:PreemptiveStrike","champ:ShieldSigil"],"picked":"champ:ArenaPreparation","floor":14.0},{"not_picked":["champ:ShieldSigil","champ:DefensiveShout","champ:Shatter"],"picked":"SKIP","floor":15},{"not_picked":["champ:TripleStrike","champ:StrikeOfGenius"],"picked":"champ:VampiricStrike","floor":16},{"not_picked":["champ:Endure","champ:Shatter"],"picked":"champ:ArenaPreparation","floor":19},{"not_picked":["champ:BladeFlurry","champ:Circumvent"],"picked":"champ:Lariat+1","floor":20},{"not_picked":["champ:FanOfKnives+1","champ:Parry"],"picked":"champ:FocusedDefense","floor":22},{"not_picked":["champ:FaceSlap","champ:PreciseThrust"],"picked":"champ:EnragedBash","floor":25},{"not_picked":["champ:BladeFlurry+1","champ:RecklessLeap","champ:Duel+1"],"picked":"SKIP","floor":26},{"not_picked":["champ:Encircle","champ:ArenaPreparation+1"],"picked":"champ:ShieldSlam","floor":27},{"not_picked":["champ:BladeFlurry","champ:FanOfKnives+1"],"picked":"champ:FaceSlap+1","floor":28},{"not_picked":["champ:FalseCounter","champ:FlashCut+1"],"picked":"champ:Improvising","floor":29},{"not_picked":["champ:AdrenalArmor","champ:Backstep","champ:Circumvent+1"],"picked":"SKIP","floor":30},{"not_picked":["champ:PerfectedStrike","champ:CrownThrow"],"picked":"champ:ShieldSlam","floor":31},{"not_picked":["champ:PreciseThrust","champ:Shatter"],"picked":"champ:ShieldWall+1","floor":32},{"not_picked":["champ:IgnorePain","champ:Devastate"],"picked":"champ:HoldFirm","floor":33},{"not_picked":["champ:ShieldSigil","champ:EnGarde","champ:Backstep"],"picked":"SKIP","floor":37},{"not_picked":["champ:AdrenalArmor+1","champ:BerserkerStyle"],"picked":"champ:FancyFootwork+1","floor":38},{"not_picked":["champ:ShieldWall","champ:FanOfKnives","champ:Shatter"],"picked":"SKIP","floor":42},{"not_picked":["champ:Parry","champ:HeartStrike","champ:BringItOn"],"picked":"SKIP","floor":44},{"not_picked":["champ:CrownThrow","champ:HeavySlash","champ:Duel+1"],"picked":"SKIP","floor":45},{"not_picked":["champ:FocusedBerserking","champ:SkillfulDodge","champ:HeartStrike","champ:Circumvent"],"picked":"SKIP","floor":47},{"not_picked":["champ:RisingSlash","champ:FocusedDefense+1","champ:TornadoPunch","champ:Backstep"],"picked":"SKIP","floor":48},{"not_picked":["champ:ShieldSigil","champ:AdrenalArmor","champ:Shatter+1","champ:RecklessLeap+1"],"picked":"SKIP","floor":49},{"not_picked":["champ:ShieldSlam","champ:Devastate","champ:GladiatorStyle+1"],"picked":"champ:ArenaPreparation+1","floor":52}],"player_experience":1668817,"relics_obtained":[{"floor":6.0,"key":"Anchor"},{"floor":10.0,"key":"Ginger"},{"floor":24,"key":"Letter Opener"},{"floor":26,"key":"Bag of Marbles"},{"floor":28,"key":"Bird Faced Urn"},{"floor":31,"key":"Kunai"},{"floor":36,"key":"Bag of Preparation"},{"floor":39,"key":"Guardian:PocketSentry"},{"floor":39,"key":"Matryoshka"},{"floor":39,"key":"Shovel"},{"floor":41,"key":"hexamod:CandleOfCauterizing"},{"floor":41,"key":"champ:DefensiveTrainingManual"},{"floor":45,"key":"Question Card"},{"floor":52,"key":"StrikeDummy"},{"floor":54,"key":"HornCleat"}],"event_choices":[{"damage_healed":0,"gold_gain":0,"player_choice":"Stole Relic","damage_taken":0,"relics_obtained":["Omamori"],"max_hp_gain":0,"max_hp_loss":0,"event_name":"Addict","floor":21,"gold_loss":0,"cards_obtained":["Pride"]}],"is_beta":false,"boss_relics":[{"not_picked":["SlaversCollar","Fusion Hammer"],"picked":"Coffee Dripper"},{"not_picked":["Tiny House","bronze:MakeshiftBattery"],"picked":"Cursed Key"}],"items_purged_floors":[27,38,46,53],"is_endless":false,"potions_floor_spawned":[3,6,10,11,13,14,16,20,26,28,30,32,42,47],"killed_by":"downfall:NeowBossFinal","ascension_level":0}}