{"host":"8i58hvcssdezoe94","time":1611496680,"event":{"mods":["Act Like it!","BaseMod","BetterRewards","Colored Map","Colored Powertips","Conspire","Downfall","Gensokyo","Good Game Mod","KinomotoSakuraMod(木之本樱)","Marisa（F雨　魔理沙）","Minty Spire (QoL Compilation)","Quick Restart","Rare Cards Sparkle","Remilia（蕾米莉亚）","Replay The Spire","Shop Mod","StSLib","The Bug Knight","The Construct","The Cursed","The Hierophant","The Jungle","The Servant 0.9.4"],"gold_per_floor":[114,114,132,142,153,153,253,253,253,263,263,263,290,220,220,318,318,331,331,549,308,323,323,337,348,348,348,95,115,142,159,159,265,265,283,106,206,252,252,252,270,284,354,399,429,429,457,469,469,469],"floor_reached":51,"language":"ZHS","playtime":4694,"items_purged":[],"score":627,"play_id":"4b9633d3-c1f4-4917-b9ef-d320564cceb3","local_time":"20210124215800","is_ascension_mode":false,"campfire_choices":[{"data":"1","floor":6,"key":"LIFT"},{"data":"2","floor":8,"key":"LIFT"},{"data":"3","floor":11,"key":"LIFT"},{"floor":15,"key":"RECALL"},{"floor":23,"key":"REST"},{"floor":27,"key":"REST"},{"data":"Heavy Blade","floor":32,"key":"SMITH"},{"floor":40,"key":"REST"},{"floor":46,"key":"REST"},{"data":"Limit Break","floor":49,"key":"SMITH"}],"circlet_count":0,"master_deck":["Strike_R","Strike_R","Strike_R","Strike_R","Defend_R","Defend_R","Defend_R","Defend_R","Bash","TheCursedMod:StunningStrike","Sadistic Nature","ReplayTheSpireMod:Strike From Hell","Anger","Replay:Undeath\u0027s Touch","Demon Form","Spot Weakness","conspire:ExplosiveBarrier","Burning Pact","Life Link","Uppercut","Fire Breathing+1","Perfected Strike","Dark Embrace+1","Armaments","Heavy Blade+1","Anger+1","Limit Break+1","Dual Wield+1","Metamorphosis","Clash+1","Second Wind+1","Twin Strike+1","Perfected Strike+1","Metallicize+1","Sentinel","Uppercut+1"],"relics":["Burning Blood","REME:ComplimentaryCards","Vajra","Ice Cream","Lizard Tail","Girya","Bottled Flame","Matryoshka","bronze:MakeshiftBattery","Juzu Bracelet","conspire:DeflatedDodgeball","Pet Ghost","Divine Protection","Toy Ornithopter","Honey Jar","TungstenRod","Lantern","Eternal Feather","CatCart","Pondfish Scales","Happy Flower"],"acts_visited":["Gensokyo:Gensokyo","TheCity","TheBeyond"],"potions_floor_usage":[31],"damage_taken":[{"damage":6,"enemies":"Gensokyo:2_Kodama","floor":1,"turns":3},{"damage":2,"enemies":"Gensokyo:Gryphon","floor":3,"turns":3},{"damage":4,"enemies":"Gensokyo:3_Fairies","floor":4,"turns":4},{"damage":7,"enemies":"Gensokyo:Kitsune","floor":5,"turns":3},{"damage":9,"enemies":"Gensokyo:Python_and_Kodama","floor":10,"turns":4},{"damage":6,"enemies":"Gensokyo:Aya","floor":13,"turns":4},{"damage":63,"enemies":"Gensokyo:Reimu","floor":16,"turns":9},{"damage":14,"enemies":"3 Byrds","floor":18,"turns":6},{"damage":25,"enemies":"conspire:FuzzyDice","floor":20,"turns":8},{"damage":28,"enemies":"Snecko","floor":22,"turns":6},{"damage":25,"enemies":"Centurion and Healer","floor":24,"turns":6},{"damage":25,"enemies":"3 Cultists","floor":25,"turns":5},{"damage":0,"enemies":"Snake Plant","floor":29,"turns":3},{"damage":8,"enemies":"Slavers","floor":30,"turns":6},{"damage":4,"enemies":"Centurion and Healer","floor":31,"turns":4},{"damage":11,"enemies":"Champ","floor":33,"turns":9},{"damage":14,"enemies":"3 Darklings","floor":35,"turns":5},{"damage":37,"enemies":"2 Orb Walkers","floor":38,"turns":4},{"damage":0,"enemies":"Orb Walker","floor":41,"turns":2},{"damage":29,"enemies":"Jaw Worm Horde","floor":42,"turns":4},{"damage":18,"enemies":"Orin","floor":44,"turns":7},{"damage":8,"enemies":"Nemesis","floor":45,"turns":5},{"damage":0,"enemies":"Giant Head","floor":47,"turns":7},{"damage":0,"enemies":"Transient","floor":48,"turns":5},{"damage":83,"enemies":"Replay:Hell Engine","floor":50,"turns":9}],"seed_played":"1044012617656719190","potions_obtained":[{"floor":3,"key":"Explosive Potion"},{"floor":4,"key":"Cursed Concoction"},{"floor":13,"key":"Fire Potion"},{"floor":31,"key":"EssenceOfSteel"},{"floor":41,"key":"Dexterity Potion"},{"floor":48,"key":"SneckoOil"}],"is_trial":false,"path_per_floor":["M","?","M","M","M","R","?","R","T","M","R","?","E","COS","R","B",null,"M","?","M","$","M","R","M","M","T","R","$","M","E","M","R","B",null,"M","$","?","?","?","R","M","M","T","?","E","R","E","M","R","B",null],"character_chosen":"IRONCLAD","items_purchased":["Vajra","conspire:DeflatedDodgeball","Divine Protection","Metamorphosis"],"campfire_rested":4,"item_purchase_floors":[0,21,28,36],"current_hp_per_floor":[44,44,48,50,49,49,49,49,49,46,46,46,46,46,46,39,80,72,72,53,53,31,55,36,17,17,41,41,47,45,52,52,51,80,72,72,72,41,34,58,64,41,41,29,27,69,75,80,80,30],"gold":469,"neow_bonus":"","is_daily":false,"chose_seed":false,"campfire_upgraded":2,"win_rate":0.0,"timestamp":1611496680,"path_taken":["M","?","M","M","M","R","?","R","T","M","R","?","E","COS","R","BOSS","M","?","M","$","M","R","M","M","T","R","$","M","E","M","R","BOSS","M","$","?","?","?","R","M","M","T","?","E","R","E","M","R","BOSS"],"items_purchased_type":["Relic","Relic","Relic","Card"],"build_version":"2020-12-22","purchased_purges":0,"victory":true,"max_hp_per_floor":[80,80,80,80,80,80,80,80,80,80,80,80,80,80,80,80,80,80,80,80,80,80,80,80,80,80,80,80,80,80,80,80,80,80,80,80,80,80,80,80,80,80,80,80,80,80,80,80,80,80],"card_choices":[{"not_picked":["Twin Strike","Bloodletting"],"picked":"ReplayTheSpireMod:Strike From Hell","floor":1},{"not_picked":["Whirlwind","Rupture"],"picked":"Anger","floor":3},{"not_picked":["True Grit","Wild Strike"],"picked":"Replay:Undeath\u0027s Touch","floor":4},{"not_picked":["Armaments","Twin Strike"],"picked":"Demon Form","floor":5},{"not_picked":["Entrench","Wild Strike"],"picked":"Spot Weakness","floor":10},{"not_picked":["Rupture","Demonic Infusion"],"picked":"conspire:ExplosiveBarrier","floor":13},{"not_picked":["Replay:Many Hands","conspire:Purge"],"picked":"Feed","floor":16},{"not_picked":["ReplayTheSpireMod:Muscle Training","Iron Wave"],"picked":"Spot Weakness","floor":18},{"not_picked":["Intimidate","Burning Pact"],"picked":"Uppercut","floor":20},{"not_picked":["ReplayReversal","Iron Wave"],"picked":"Fire Breathing+1","floor":22},{"not_picked":["Headbutt","Run Through+1"],"picked":"Perfected Strike","floor":24},{"not_picked":["True Grit","Sword Boomerang"],"picked":"Dark Embrace+1","floor":25},{"not_picked":["Headbutt","Evolve"],"picked":"Armaments","floor":29},{"not_picked":["Power Through+1","Havoc+1"],"picked":"Heavy Blade","floor":30},{"not_picked":["Burning Pact","Twin Strike"],"picked":"Anger+1","floor":31},{"not_picked":["Fiend Fire","Demonic Infusion"],"picked":"Limit Break","floor":33},{"not_picked":["Headbutt+1","Carnage+1","Heavy Blade+1"],"picked":"Dual Wield+1","floor":35},{"not_picked":["Combust+1","Flex+1","ReplayReversal"],"picked":"Clash+1","floor":38},{"not_picked":["Searing Blow+1","Abandon","conspire:HitWhereItHurts"],"picked":"Second Wind+1","floor":41},{"not_picked":["Body Slam+1","Armaments","ReplayTheSpireMod:Strike From Hell"],"picked":"Twin Strike+1","floor":42},{"not_picked":["conspire:Charge","Body Slam","Searing Blow"],"picked":"Perfected Strike+1","floor":44},{"not_picked":["Sentinel","Thunderclap+1","Dropkick"],"picked":"Metallicize+1","floor":45},{"not_picked":["Dark Embrace+1","Twin Strike","Demonic Infusion"],"picked":"Sentinel","floor":47},{"not_picked":["Thunderclap","Sword Boomerang+1","Wild Strike+1"],"picked":"Uppercut+1","floor":48}],"player_experience":62056,"relics_obtained":[{"floor":9,"key":"Bottled Flame"},{"floor":13,"key":"Matryoshka"},{"floor":26,"key":"Pet Ghost"},{"floor":30,"key":"Toy Ornithopter"},{"floor":38,"key":"TungstenRod"},{"floor":43,"key":"Lantern"},{"floor":43,"key":"Eternal Feather"},{"floor":44,"key":"CatCart"},{"floor":45,"key":"Pondfish Scales"},{"floor":47,"key":"Happy Flower"}],"event_choices":[{"damage_healed":0,"gold_gain":0,"player_choice":"Leave","damage_taken":0,"max_hp_gain":0,"max_hp_loss":0,"event_name":"conspire:Investor","floor":12,"gold_loss":0},{"damage_healed":0,"gold_gain":0,"cards_transformed":["Spot Weakness","Feed"],"player_choice":"Became Test Subject","damage_taken":0,"max_hp_gain":0,"max_hp_loss":0,"event_name":"Drug Dealer","floor":19,"gold_loss":0,"cards_obtained":["Burning Pact","Life Link"]},{"damage_healed":0,"gold_gain":100,"player_choice":"Pray","damage_taken":0,"max_hp_gain":0,"max_hp_loss":0,"event_name":"Golden Shrine","floor":37,"gold_loss":0},{"damage_healed":0,"gold_gain":0,"player_choice":"Fight","damage_taken":0,"max_hp_gain":0,"max_hp_loss":0,"event_name":"Mysterious Sphere","floor":38,"gold_loss":0},{"damage_healed":0,"gold_gain":0,"player_choice":"Damaged","damage_taken":8,"max_hp_gain":0,"max_hp_loss":0,"event_name":"Wheel of Change","floor":39,"gold_loss":0},{"damage_healed":0,"gold_gain":0,"player_choice":"Fight","damage_taken":0,"max_hp_gain":0,"max_hp_loss":0,"event_name":"OrinTheCat","floor":44,"gold_loss":0}],"is_beta":false,"boss_relics":[{"not_picked":["conspire:RoyalGoblet","Tiny House"],"picked":"bronze:MakeshiftBattery"},{"not_picked":["Mark of Pain","Velvet Choker"],"picked":"Honey Jar"}],"items_purged_floors":[],"is_endless":false,"potions_floor_spawned":[3,4,13,16,24,30,31,41,48],"ascension_level":0}}