{"host":"8i58hvcssdezoe94","time":1611470989,"event":{"mods":["Act Like it!","BaseMod","Colored Map","Conspire","Downfall","Gensokyo","Good Game Mod","KinomotoSakuraMod(木之本樱)","Marisa（F雨　魔理沙）","Minty Spire (QoL Compilation)","Quick Restart","Remilia（蕾米莉亚）","Replay The Spire","StSLib","The Bug Knight","The Construct","The Cursed","The Hierophant","The Jungle","The Servant 0.9.4"],"gold_per_floor":[117,117,131,144,18,18,37,70,146,146,146,166,166,180,180,280,280,290,290,309,309,233,233,248,266,266,266,13,43,58,74,74,169,169,182,232,246,265,265,292,292,308,308,322,357,357,101,117,117,117,117],"floor_reached":50,"language":"ZHS","playtime":2931,"items_purged":[],"score":601,"play_id":"8634820e-02b2-4125-aca4-814ba6c2a0ca","local_time":"20210124144949","is_ascension_mode":false,"campfire_choices":[{"data":"Judgement","floor":6,"key":"SMITH"},{"floor":10,"key":"RECALL"},{"data":"Infernal Blade","floor":13,"key":"SMITH"},{"data":"Armaments","floor":15,"key":"SMITH"},{"data":"Fire Breathing","floor":23,"key":"SMITH"},{"data":"Infernal Blade","floor":27,"key":"SMITH"},{"floor":32,"key":"REST"},{"data":"Blood for Blood","floor":41,"key":"SMITH"},{"data":"Barricade","floor":46,"key":"SMITH"},{"data":"Combust","floor":49,"key":"SMITH"}],"circlet_count":0,"master_deck":["Strike_R+1","Strike_R+1","Strike_R+1","Strike_R+1","Strike_R+1","Defend_R+1","Defend_R+1","Defend_R+1","Defend_R+1","Bash","Judgement+1","Clothesline","Infernal Blade+1","Infernal Blade+1","Clash","Battle Trance","Sentinel","Armaments+1","Second Wind","Disarm+1","Cleave+1","Fire Breathing+1","Perfected Strike+1","ReplayTheSpireMod:Corrosion Curse","Shrug It Off","Blood for Blood+1","Anger+1","Headbutt","Pommel Strike","Infernal Blade+1","Dropkick+1","Hemokinesis+1","True Grit+1","Rampage+1","Fire Breathing","Uppercut+1","Dual Wield+1","Entrench+1","Run Through","ReplayTheSpireMod:Muscle Training+1","conspire:HitWhereItHurts","Thunderclap+1","Flex+1","Shockwave+1","Anger+1","Barricade+1","Combust+1"],"relics":["Burning Blood","REME:ComplimentaryCards","construct:BoolHorns","Replay:Mystery Machine","Prayer Wheel","bronze:MakeshiftBattery","Enchiridion","ReplayTheSpireMod:Shallot","Divine Protection","Another Sword","Replay:Grab Bag","Sozu","SlaversCollar","Astrolabe","Thread and Needle","Replay:Wax Seal","Replay:Bottled Steam","White Beast Statue","HornCleat"],"acts_visited":["Gensokyo:Gensokyo","TheCity","TheBeyond"],"potions_floor_usage":[],"damage_taken":[{"damage":0,"enemies":"Gensokyo:Gryphon","floor":1,"turns":2},{"damage":5,"enemies":"Gensokyo:3_Fairies","floor":3,"turns":4},{"damage":0,"enemies":"Gensokyo:Python","floor":4,"turns":2},{"damage":9,"enemies":"Gensokyo:VengefulSpirit","floor":7,"turns":6},{"damage":32,"enemies":"Gensokyo:Cirno","floor":8,"turns":6},{"damage":3,"enemies":"Gensokyo:3_Kodama","floor":12,"turns":3},{"damage":4,"enemies":"Gensokyo:Python_and_Kodama","floor":14,"turns":3},{"damage":61,"enemies":"Gensokyo:Reimu","floor":16,"turns":13},{"damage":9,"enemies":"3 Byrds","floor":18,"turns":4},{"damage":8,"enemies":"conspire:HollyBat","floor":20,"turns":8},{"damage":9,"enemies":"Centurion and Healer","floor":24,"turns":4},{"damage":9,"enemies":"Snecko","floor":25,"turns":4},{"damage":0,"enemies":"conspire:SneckoGhost","floor":29,"turns":7},{"damage":1,"enemies":"Snake Plant","floor":30,"turns":2},{"damage":0,"enemies":"Centurion and Healer","floor":31,"turns":5},{"damage":87,"enemies":"Collector","floor":33,"turns":11},{"damage":0,"enemies":"Orb Walker","floor":35,"turns":2},{"damage":0,"enemies":"Mind Bloom Boss Battle","floor":36,"turns":6},{"damage":0,"enemies":"3 Darklings","floor":37,"turns":4},{"damage":20,"enemies":"Transient","floor":38,"turns":5},{"damage":0,"enemies":"Nemesis","floor":40,"turns":7},{"damage":0,"enemies":"Jaw Worm Horde","floor":42,"turns":3},{"damage":1,"enemies":"Maw","floor":44,"turns":7},{"damage":10,"enemies":"Reptomancer","floor":45,"turns":7},{"damage":0,"enemies":"Transient","floor":48,"turns":5},{"damage":88,"enemies":"conspire:OrnateMirror","floor":50,"turns":6}],"seed_played":"4030343923931515588","potions_obtained":[{"floor":4,"key":"Explosive Potion"},{"floor":7,"key":"LifebloodPotion"},{"floor":12,"key":"bronze:BurnAndBuffPotion"}],"is_trial":false,"path_per_floor":["M","?","M","M","COS","R","M","E","T","R","?","M","R","M","R","B",null,"M","?","M","?","$","R","M","M","T","R","$","E","M","M","R_BF","B",null,"M","?","M","M","?","E","R","M","T","M","E","R","$","M","R","B"],"character_chosen":"IRONCLAD","items_purchased":["Fire Breathing","Divine Protection","HornCleat"],"campfire_rested":1,"item_purchase_floors":[22,28,47],"current_hp_per_floor":[88,88,88,88,88,88,85,59,59,59,59,62,62,64,64,9,88,85,85,86,70,70,70,67,64,64,64,64,70,75,81,88,7,88,88,88,88,74,74,80,80,86,86,88,84,84,84,88,88,0,0],"gold":117,"neow_bonus":"TEN_PERCENT_HP_BONUS","is_daily":false,"chose_seed":false,"campfire_upgraded":8,"win_rate":0.0,"timestamp":1611470989,"path_taken":["M","?","M","M","COS","R","?","E","T","R","?","?","R","M","R","BOSS","M","?","M","?","$","R","M","M","T","R","$","E","M","M","R_BF","BOSS","M","?","M","M","?","E","R","M","T","M","E","R","$","M","R","BOSS"],"items_purchased_type":["Card","Relic","Relic"],"build_version":"2020-12-22","purchased_purges":0,"victory":false,"max_hp_per_floor":[88,88,88,88,88,88,88,88,88,88,88,88,88,88,88,88,88,88,88,88,88,88,88,88,88,88,88,88,88,88,88,88,88,88,88,88,88,88,88,88,88,88,88,88,88,88,88,88,88,88,88],"card_choices":[{"not_picked":["Reckless Charge","Thunderclap"],"picked":"Clothesline","floor":1},{"not_picked":["Sever Soul","Twin Strike"],"picked":"Infernal Blade","floor":3},{"not_picked":["Perfected Strike","Bloodletting"],"picked":"Infernal Blade","floor":4},{"not_picked":["Thunderclap","ReplayTheSpireMod:Strike From Hell"],"picked":"Clash","floor":7},{"not_picked":["Whirlwind","ReplayTheSpireMod:Muscle Training"],"picked":"Battle Trance","floor":8},{"not_picked":["Wild Strike","Run Through"],"picked":"Sentinel","floor":12},{"not_picked":["Sword Boomerang","Bloodletting"],"picked":"Armaments","floor":14},{"not_picked":["Anger","Warcry"],"picked":"Second Wind","floor":14},{"not_picked":["Double Tap","Hemogenesis"],"picked":"Demonic Infusion","floor":16},{"not_picked":["Wild Strike","Anger+1"],"picked":"Disarm+1","floor":18},{"not_picked":["Headbutt+1","Iron Wave","Infernal Blade"],"picked":"SKIP","floor":18},{"not_picked":["Entrench","Heavy Blade"],"picked":"Cleave+1","floor":20},{"not_picked":["Rupture+1","Barricade","Body Slam+1"],"picked":"SKIP","floor":20},{"not_picked":["Headbutt","Sword Boomerang+1"],"picked":"Perfected Strike+1","floor":24},{"not_picked":["Rupture+1","Clothesline+1"],"picked":"ReplayTheSpireMod:Corrosion Curse","floor":24},{"not_picked":["Armaments+1","Wild Strike"],"picked":"Shrug It Off","floor":25},{"not_picked":["ReplayTheSpireMod:Strike From Hell","Wild Strike"],"picked":"Sword Boomerang","floor":25},{"not_picked":["Massacre","ReplayTheSpireMod:Muscle Training"],"picked":"Blood for Blood","floor":29},{"not_picked":["Clothesline","Warcry"],"picked":"Anger+1","floor":30},{"not_picked":["Sever Soul","Clothesline+1"],"picked":"Headbutt","floor":30},{"not_picked":["Havoc","conspire:Purge"],"picked":"Pommel Strike","floor":31},{"not_picked":["Sword Boomerang+1","ReplayTheSpireMod:Strike From Hell"],"picked":"Infernal Blade+1","floor":31},{"not_picked":["Fiend Fire","Hemogenesis"],"picked":"conspire:HitWhereItHurts","floor":33},{"not_picked":["Infernal Blade","Warcry"],"picked":"Rampage+1","floor":35},{"not_picked":["Flex+1","Intimidate"],"picked":"Fire Breathing","floor":35},{"not_picked":["Perfected Strike+1","Armaments"],"picked":"Uppercut+1","floor":36},{"not_picked":["Sword Boomerang","Body Slam"],"picked":"Dual Wield+1","floor":37},{"not_picked":["Thunderclap","Barricade"],"picked":"Entrench+1","floor":37},{"not_picked":["Flex","Wild Strike"],"picked":"Run Through","floor":38},{"not_picked":["Dark Embrace","ReplayTheSpireMod:Strike From Hell+1"],"picked":"ReplayTheSpireMod:Muscle Training+1","floor":38},{"not_picked":["Armaments+1","Pommel Strike+1"],"picked":"conspire:HitWhereItHurts","floor":40},{"not_picked":["Armaments+1","Rage+1"],"picked":"Thunderclap+1","floor":42},{"not_picked":["Clothesline","Shockwave"],"picked":"Flex+1","floor":42},{"not_picked":["Pommel Strike","Armaments"],"picked":"Shockwave+1","floor":44},{"not_picked":["Shrug It Off+1","Perfected Strike+1"],"picked":"Anger+1","floor":44},{"not_picked":["Sentinel","True Grit+1"],"picked":"Barricade","floor":45},{"not_picked":["Evolve+1","Blood for Blood+1"],"picked":"Combust","floor":48},{"not_picked":["Rupture","Thunderclap+1","Dropkick"],"picked":"SKIP","floor":48}],"player_experience":56776,"relics_obtained":[{"floor":8,"key":"construct:BoolHorns"},{"floor":21,"key":"Enchiridion"},{"floor":26,"key":"ReplayTheSpireMod:Shallot"},{"floor":29,"key":"Another Sword"},{"floor":36,"key":"Thread and Needle"},{"floor":40,"key":"Replay:Wax Seal"},{"floor":43,"key":"Replay:Bottled Steam"},{"floor":45,"key":"White Beast Statue"}],"event_choices":[{"damage_healed":0,"gold_gain":0,"player_choice":"Simplicity","damage_taken":0,"max_hp_gain":0,"max_hp_loss":0,"event_name":"Back to Basics","floor":19,"gold_loss":0,"cards_upgraded":["Strike_R","Strike_R","Strike_R","Strike_R","Strike_R","Defend_R","Defend_R","Defend_R","Defend_R"]},{"damage_healed":0,"gold_gain":0,"player_choice":"Obtained Book","damage_taken":16,"max_hp_gain":0,"max_hp_loss":0,"event_name":"Cursed Tome","floor":21,"gold_loss":0},{"damage_healed":0,"gold_gain":0,"player_choice":"Fight","damage_taken":0,"max_hp_gain":0,"max_hp_loss":0,"event_name":"MindBloom","floor":36,"gold_loss":0}],"is_beta":false,"boss_relics":[{"not_picked":["Painkiller Herb","Honey Jar"],"picked":"bronze:MakeshiftBattery"},{"not_picked":["SacredBark","Replay:Drink Me"],"picked":"Replay:Grab Bag"},{"not_picked":["Velvet Choker","Ooze Armor"],"picked":"Sozu"},{"not_picked":["Coffee Dripper","Runic Dome"],"picked":"SlaversCollar"},{"not_picked":["Calling Bell","Empty Cage"],"picked":"Astrolabe"}],"items_purged_floors":[],"is_endless":false,"potions_floor_spawned":[4,7,12,14,25,29,30,33,35,37,38,44,48],"killed_by":"conspire:OrnateMirror","ascension_level":0}}