{"host":"fkig9nrckec4xsh0","time":1612055457,"event":{"mods":["Act Like it!","BaseMod","Colored Map","Gensokyo","Hermit","Marisa????????","Minty Spire (QoL Compilation)","Quick Restart","Replay The Spire","StSLib"],"gold_per_floor":[110,110,128,145,145,176,176,176,176],"floor_reached":8,"language":"ENG","playtime":345,"items_purged":[],"score":98,"play_id":"d58a5d40-0f53-4177-a574-30c12d992a2d","local_time":"20210130201057","is_ascension_mode":true,"campfire_choices":[{"data":"Mayhem","floor":7,"key":"SMITH"}],"circlet_count":0,"master_deck":["AscendersBane","Strike_G","Strike_G","Strike_G","Strike_G","Strike_G","Defend_G","Defend_G","Defend_G","Defend_G","Defend_G","Survivor+1","Neutralize+1","Clumsy","Mayhem+1","Outmaneuver","Quick Slash"],"relics":["Ring of the Snake","Paper Crane"],"acts_visited":["Exordium"],"potions_floor_usage":[],"damage_taken":[{"damage":2,"enemies":"Jaw Worm","floor":1,"turns":6},{"damage":11,"enemies":"2 Louse","floor":3,"turns":4},{"damage":5,"enemies":"Small Slimes","floor":4,"turns":7},{"damage":10,"enemies":"Lagavulin","floor":6,"turns":14},{"damage":28,"enemies":"Gremlin Nob","floor":8,"turns":5}],"seed_played":"-2748496360416214473","potions_obtained":[{"floor":1,"key":"LiquidBronze"}],"is_trial":false,"path_per_floor":["M","?","M","M","?","E","R","E"],"character_chosen":"THE_SILENT","items_purchased":[],"campfire_rested":0,"item_purchase_floors":[],"current_hp_per_floor":[57,37,26,21,43,33,33,5,5],"gold":176,"neow_bonus":"RANDOM_COLORLESS_2","is_daily":false,"chose_seed":false,"campfire_upgraded":1,"win_rate":0.0,"timestamp":1612055457,"path_taken":["M","?","M","M","?","E","R","E"],"items_purchased_type":[],"build_version":"2020-12-22","purchased_purges":0,"victory":false,"max_hp_per_floor":[66,66,66,66,66,66,66,66,66],"card_choices":[{"not_picked":["ReplayTheSpireMod:Brewmster","Transmutation"],"picked":"Mayhem","floor":0},{"not_picked":["Quick Slash","Backflip"],"picked":"Outmaneuver","floor":1},{"not_picked":["ReplayTheSpireMod:Exploit Weakness","Outmaneuver","Deadly Poison"],"picked":"SKIP","floor":3},{"not_picked":["Well Laid Plans","Slice","Endless Agony"],"picked":"SKIP","floor":4},{"not_picked":["Sucker Punch","Outmaneuver"],"picked":"Quick Slash","floor":6}],"player_experience":415410,"relics_obtained":[{"floor":6,"key":"Paper Crane"}],"event_choices":[{"damage_healed":0,"gold_gain":0,"player_choice":"Entered Light","damage_taken":20,"max_hp_gain":0,"max_hp_loss":0,"event_name":"Shining Light","floor":2,"gold_loss":0,"cards_upgraded":["Neutralize","Survivor"]},{"damage_healed":22,"gold_gain":0,"player_choice":"Banana","damage_taken":0,"max_hp_gain":0,"max_hp_loss":0,"event_name":"Big Fish","floor":5,"gold_loss":0}],"is_beta":false,"boss_relics":[],"items_purged_floors":[],"is_endless":false,"potions_floor_spawned":[1],"killed_by":"Gremlin Nob","ascension_level":15}}