{"host":"gyzmxzq2gvvih6do","time":1612097929,"event":{"mods":["BaseMod","BetterRewards","Colored Map","Colored Powertips","Duelist Mod","GifTheSpireLib","Googly Eyes","Hermit","Marisa????????","Minty Spire (QoL Compilation)","Quick Restart","StSLib","SuperFastMode","The Cursed","The Necromancer","The Servant 0.9.4","slay the spire mod where everything is the same but ironclad has a cowboy hat"],"gold_per_floor":[364,54,54,229,229,229,242,242,242,260,260,275,288,303,303,426,426,441,621,641,641,566,566,566],"floor_reached":23,"language":"ENG","playtime":1423,"items_purged":[],"score":181,"play_id":"087934ba-839e-469d-92fd-f80d113ecc38","local_time":"20210131055849","is_ascension_mode":false,"campfire_choices":[{"floor":6,"key":"RECALL"},{"floor":11,"key":"REST"},{"floor":15,"key":"REST"}],"circlet_count":0,"master_deck":["Strike_MRS","Strike_MRS","Strike_MRS","Strike_MRS","Defend_MRS","Defend_MRS","Defend_MRS","Defend_MRS","MasterSpark","UpSweep","IllusionStar","MilkyWay","CollectingQuirk","MysteriousBeam","TreasureHunter","GrandCross","GrandCross","StarlightTyphoon","StarBarrage","EnergyRecoil","StarDustReverie","AsteroidBelt","OrrerysSun","GasGiant","MaximisePower","GrandCross","Dark Shackles","AsteroidBelt+1"],"relics":["MiniHakkero","Juzu Bracelet","Orrery","Golden Idol","Dream Catcher","Ice Cream","Busted Crown"],"acts_visited":["Exordium","TheCity"],"potions_floor_usage":[14,16,16,16,21,21],"damage_taken":[{"damage":4,"enemies":"Jaw Worm","floor":1,"turns":4},{"damage":2,"enemies":"2 Louse","floor":7,"turns":2},{"damage":0,"enemies":"Small Slimes","floor":10,"turns":2},{"damage":0,"enemies":"Exordium Thugs","floor":12,"turns":3},{"damage":18,"enemies":"2 Fungi Beasts","floor":13,"turns":3},{"damage":18,"enemies":"Lots of Slimes","floor":14,"turns":4},{"damage":8,"enemies":"Slime Boss","floor":16,"turns":8},{"damage":25,"enemies":"3 Byrds","floor":18,"turns":7},{"damage":5,"enemies":"Chosen","floor":20,"turns":4},{"damage":0,"enemies":"Masked Bandits","floor":21,"turns":1},{"damage":12,"enemies":"Slavers","floor":23,"turns":3}],"seed_played":"-2549164604636814250","potions_obtained":[{"floor":1,"key":"BlessingOfTheForge"},{"floor":7,"key":"PowerPotion"},{"floor":10,"key":"FearPotion"},{"floor":14,"key":"Weak Potion"},{"floor":16,"key":"ShroomBrew"},{"floor":20,"key":"AttackPotion"}],"is_trial":false,"path_per_floor":["M","$","?","?","?","R","M","?","T","M","R","M","M","M","R","B",null,"M","?","M","?","?","E"],"character_chosen":"MARISA","items_purchased":["Juzu Bracelet","Orrery"],"campfire_rested":2,"item_purchase_floors":[2,2],"current_hp_per_floor":[64,64,47,47,47,47,45,42,42,42,62,62,44,26,46,38,68,43,18,13,13,13,1,1],"gold":566,"neow_bonus":"TWO_FIFTY_GOLD","is_daily":false,"chose_seed":false,"campfire_upgraded":0,"win_rate":0.0,"timestamp":1612097929,"path_taken":["M","$","?","?","?","R","M","?","T","M","R","M","M","M","R","BOSS","M","?","M","?","?","E"],"items_purchased_type":["Relic","Relic"],"build_version":"2020-12-22","purchased_purges":0,"victory":false,"max_hp_per_floor":[68,68,68,68,68,68,68,68,68,68,68,68,68,68,68,68,68,68,68,68,68,68,68,68],"card_choices":[{"not_picked":["ChargeUpSpray","Acceleration"],"picked":"IllusionStar","floor":1},{"not_picked":["WitchLeyline","FairyDestructionRay"],"picked":"MilkyWay","floor":2},{"not_picked":["UnstableBomb","NonDirectionalLaser"],"picked":"CollectingQuirk","floor":2},{"not_picked":["OneTimeOff","DragonMeteor"],"picked":"MysteriousBeam","floor":2},{"not_picked":["BlazeAway","OortCloud"],"picked":"TreasureHunter","floor":2},{"not_picked":["GasGiant","MachineGunSpark"],"picked":"GrandCross","floor":2},{"not_picked":["AsteroidBelt","WitchOfGreed"],"picked":"StarlightTyphoon","floor":7},{"not_picked":["MysteriousBeam","EnergyFlow"],"picked":"StarBarrage","floor":10},{"not_picked":["WitchOfGreed","Orbital"],"picked":"EnergyRecoil","floor":11},{"not_picked":["MysteriousBeam","MilkyWay"],"picked":"StarDustReverie","floor":12},{"not_picked":["EarthLightRay","Acceleration"],"picked":"AsteroidBelt","floor":13},{"not_picked":["MysteriousBeam","DoubleSpark"],"picked":"OrrerysSun","floor":14},{"not_picked":["GrandCross","UnstableBomb"],"picked":"GasGiant","floor":15},{"not_picked":["EscapeVelocity","AbsoluteMagnitude"],"picked":"MaximisePower","floor":16},{"not_picked":[],"picked":"GrandCross","floor":18},{"not_picked":[],"picked":"AsteroidBelt+1","floor":20}],"player_experience":89128,"relics_obtained":[{"floor":16,"key":"Ice Cream"}],"event_choices":[{"damage_healed":0,"gold_gain":0,"player_choice":"Take Damage","damage_taken":17,"relics_obtained":["Golden Idol"],"max_hp_gain":0,"max_hp_loss":0,"event_name":"Golden Idol","floor":3,"gold_loss":0},{"damage_healed":0,"gold_gain":175,"player_choice":"AGREE","damage_taken":0,"max_hp_gain":0,"max_hp_loss":0,"event_name":"Liars Game","floor":4,"gold_loss":0,"cards_obtained":["Doubt"]},{"damage_healed":0,"gold_gain":0,"player_choice":"1 cards matched","damage_taken":0,"max_hp_gain":0,"max_hp_loss":0,"event_name":"Match and Keep!","floor":5,"gold_loss":0,"cards_obtained":["GrandCross"]},{"damage_healed":0,"gold_gain":0,"player_choice":"Success","damage_taken":3,"relics_obtained":["Dream Catcher"],"max_hp_gain":0,"max_hp_loss":0,"event_name":"Scrap Ooze","floor":8,"gold_loss":0},{"damage_healed":0,"gold_gain":180,"player_choice":"GOLD GOLD CARD ","damage_taken":25,"max_hp_gain":0,"max_hp_loss":0,"event_name":"Knowing Skull","floor":19,"potions_obtained":[],"gold_loss":0,"cards_obtained":["Dark Shackles"]},{"damage_healed":0,"gold_gain":180,"player_choice":"GOLD GOLD CARD ","damage_taken":25,"max_hp_gain":0,"max_hp_loss":0,"event_name":"Knowing Skull","floor":19,"potions_obtained":[],"gold_loss":0,"cards_obtained":["Dark Shackles"]},{"damage_healed":0,"gold_gain":0,"player_choice":"Fought Bandits","damage_taken":0,"max_hp_gain":0,"max_hp_loss":0,"event_name":"Masked Bandits","floor":21,"gold_loss":0},{"cards_removed":["Doubt"],"damage_healed":0,"gold_gain":0,"player_choice":"Gave Gold","damage_taken":0,"max_hp_gain":0,"max_hp_loss":0,"event_name":"Beggar","floor":22,"gold_loss":75}],"is_beta":false,"boss_relics":[{"not_picked":["Tiny House","Snecko Eye"],"picked":"Busted Crown"}],"items_purged_floors":[],"is_endless":false,"potions_floor_spawned":[1,7,10,14,16,20],"killed_by":"Slavers","ascension_level":0}}