{"host":"retvy5aofvy11p4z","time":1612112380,"event":{"mods":["BaseMod","Better Altar","Better Skull","Better Third Choice","BetterRewards","Filter the Spire","Hubris","Infinite Spire","Minty Spire (QoL Compilation)","Replay The Spire","Shop Mod","StSLib","The Blue Laboratory","The Jungle","Thieving Mod"],"gold_per_floor":[123,147,147,170,170,170,211,245,245,245,320,320,71,71,71,221,221,281,281,343,343,145,145,227,227,305,305,305,305],"floor_reached":28,"language":"ENG","playtime":915,"items_purged":["Combust","hubris:Greed"],"score":440,"play_id":"3996f414-57b1-4aec-9585-9e47734c4f6f","local_time":"20210131165940","is_ascension_mode":true,"campfire_choices":[{"data":"Neutralize","floor":6,"key":"SMITH"},{"data":"Survivor","floor":10,"key":"SMITH"},{"floor":12,"key":"REST"},{"data":"Trip","floor":15,"key":"SMITH"},{"data":"Spot Weakness","floor":23,"key":"SMITH"},{"floor":27,"key":"REST"}],"circlet_count":0,"master_deck":["Strike_R","Strike_R","Strike_R","Strike_R","Strike_R","Defend_R","Defend_R","Defend_R","Defend_R","hubris:Greed","Anger","Headbutt","Survivor+1","Neutralize+1","hubris:Greed","Rampage","hubris:Greed","Wild Strike","hubris:Greed","hubris:Greed","hubris:Greed","hubris:Greed","Clash","Uppercut","Uppercut","Warcry","Run Through","Trip+1","hubris:Greed","Double Tap","Clash","hubris:Greed","Spot Weakness+1","All Out Attack","Spot Weakness","hubris:Greed","hubris:Greed","hubris:Greed"],"relics":["Burning Blood","FossilizedHelix","Eternal Feather","Smiling Mask","Red Skull","hubris:GrandSneckoEye","DollysMirror","Orichalcum","Molten Egg 2"],"acts_visited":["Exordium","TheCity"],"potions_floor_usage":[7,16],"damage_taken":[{"damage":0,"enemies":"Cultist","floor":1,"turns":3},{"damage":0,"enemies":"Jaw Worm","floor":2,"turns":2},{"damage":0,"enemies":"Small Slimes","floor":4,"turns":3},{"damage":29,"enemies":"Gremlin Nob","floor":7,"turns":6},{"damage":5,"enemies":"Exordium Thugs","floor":8,"turns":4},{"damage":30,"enemies":"3 Sentries","floor":11,"turns":8},{"damage":67,"enemies":"Hexaghost","floor":16,"turns":9},{"damage":21,"enemies":"Shell Parasite","floor":18,"turns":7},{"damage":0,"enemies":"Spheric Guardian","floor":20,"turns":2},{"damage":67,"enemies":"Book of Stabbing","floor":24,"turns":6},{"damage":8,"enemies":"Snake Plant","floor":28,"turns":1}],"seed_played":"7233019527547517691","potions_obtained":[{"floor":1,"key":"Block Potion"},{"floor":4,"key":"Strength Potion"},{"floor":14,"key":"EntropicBrew"},{"floor":14,"key":"CultistPotion"},{"floor":16,"key":"Languid Potion"}],"is_trial":false,"path_per_floor":["M","M","T","M","?","R","E","M","T","R","E","R","$","?","R","B",null,"M","?","M","?","$","R","E","$","T","R","M"],"character_chosen":"IRONCLAD","items_purchased":["Uppercut","BargainBundle","Milkshake","Venom Potion","Combust","Warcry","Run Through","Trip","Fire Potion","DollysMirror"],"campfire_rested":2,"item_purchase_floors":[13,13,13,13,13,13,13,13,13,22],"current_hp_per_floor":[80,80,80,80,80,80,57,58,58,67,43,79,79,79,80,19,80,65,68,74,74,74,83,22,2,2,47,39,39],"gold":305,"neow_bonus":"ONE_RARE_RELIC","is_daily":false,"chose_seed":false,"campfire_upgraded":4,"win_rate":0.0,"timestamp":1612112380,"path_taken":["M","M","?","M","?","R","E","M","T","R","E","R","$","?","R","BOSS","M","?","M","?","$","R","E","$","T","R","M"],"items_purchased_type":["Card","Relic","Potion","Potion","Card","Card","Card","Card","Potion","Relic"],"build_version":"2020-12-22","purchased_purges":2,"victory":false,"max_hp_per_floor":[80,80,80,80,80,80,80,80,80,80,80,80,80,80,80,80,80,80,83,83,83,83,83,83,83,83,83,83,83],"card_choices":[{"not_picked":["ReplayTheSpireMod:Strike From Hell","Thunderclap"],"picked":"Anger","floor":1},{"not_picked":["Bloodletting","Havoc"],"picked":"Headbutt","floor":2},{"not_picked":["ReplayTheSpireMod:Strike From Hell","Dual Wield","Replay:Many Hands"],"picked":"SKIP","floor":4},{"not_picked":["Havoc","Sword Boomerang"],"picked":"Rampage","floor":7},{"not_picked":["Ghostly Armor","Thunderclap"],"picked":"Wild Strike","floor":8},{"not_picked":["Defy Death","Anger"],"picked":"Clash","floor":11},{"not_picked":["Impervious","Barricade"],"picked":"Double Tap","floor":16},{"not_picked":["Cleave","Thunderclap"],"picked":"Clash","floor":18},{"not_picked":["Intimidate","ReplayTheSpireMod:Strike From Hell"],"picked":"Spot Weakness","floor":20},{"not_picked":["Shrug It Off","Hemokinesis+1","Disarm"],"picked":"SKIP","floor":24}],"player_experience":144897,"relics_obtained":[{"floor":3,"key":"Eternal Feather"},{"floor":7,"key":"Smiling Mask"},{"floor":9,"key":"Red Skull"},{"floor":11,"key":"White Beast Statue"},{"floor":24,"key":"Orichalcum"},{"floor":26,"key":"Molten Egg 2"}],"event_choices":[{"damage_healed":0,"gold_gain":0,"player_choice":"Got Potions","damage_taken":0,"max_hp_gain":0,"max_hp_loss":0,"event_name":"Lab","floor":14,"gold_loss":0},{"damage_healed":0,"gold_gain":0,"player_choice":"Read","damage_taken":0,"max_hp_gain":0,"max_hp_loss":0,"event_name":"The Library","floor":21,"gold_loss":0,"cards_obtained":["All Out Attack"]}],"is_beta":false,"boss_relics":[{"not_picked":["hubris:HollowSoul","infinitespire:Cupcake"],"picked":"hubris:GrandSneckoEye"}],"items_purged_floors":[13,22],"is_endless":false,"potions_floor_spawned":[1,4,16,18,20,24],"killed_by":"Snake Plant","ascension_level":4}}