{"host":"ibckqdmmf9y74ymf","time":1612121543,"event":{"mods":["2.2 Compatiblity","BaseMod","Colored Map","Curses Come First","Highlight Path","Minty Spire (QoL Compilation)","Quick Restart","Rare Cards Sparkle","Relic Stats","StSLib"],"gold_per_floor":[115,190,190,204,204,233,233,262,262,293,308,23,39,39,39],"floor_reached":14,"language":"ENG","playtime":872,"items_purged":[],"score":266,"play_id":"28fd73d1-543b-496b-912e-c0304b2691d7","local_time":"20210131203223","is_ascension_mode":true,"campfire_choices":[{"data":"Wallop","floor":7.0,"key":"SMITH"}],"circlet_count":0,"master_deck":["AscendersBane","Strike_P","Strike_P","Strike_P","Strike_P","Defend_P","Defend_P","Defend_P","Defend_P","Eruption","Vigilance","Wallop+1","JustLucky","Wallop","ThirdEye","ClearTheMind+1","Adaptation"],"relics":["PureWater","NeowsBlessing","GoldenEye","Orichalcum","Pear","Girya","Toxic Egg 2","Kunai"],"acts_visited":["Exordium"],"potions_floor_usage":[14],"damage_taken":[{"damage":0.0,"enemies":"Jaw Worm","floor":1.0,"turns":1.0},{"damage":0.0,"enemies":"Small Slimes","floor":4.0,"turns":1.0},{"damage":0.0,"enemies":"3 Sentries","floor":6.0,"turns":1.0},{"damage":13.0,"enemies":"Lagavulin","floor":8.0,"turns":7.0},{"damage":14.0,"enemies":"Gremlin Nob","floor":10.0,"turns":3.0},{"damage":0.0,"enemies":"Cultist","floor":11.0,"turns":3.0},{"damage":12,"enemies":"3 Louse","floor":13,"turns":4},{"damage":0,"enemies":"3 Sentries","floor":14,"turns":3}],"seed_played":"2442459952280216555","potions_obtained":[{"floor":1.0,"key":"Dexterity Potion"},{"floor":5.0,"key":"CultistPotion"},{"floor":11.0,"key":"SpeedPotion"}],"is_trial":false,"path_per_floor":["M","?","?","M","?","E","R","E","T","E","M","$","M","E"],"character_chosen":"WATCHER","items_purchased":["Kunai"],"campfire_rested":0,"item_purchase_floors":[12],"current_hp_per_floor":[61,50,39,39,39,39,39,36,36,22,22,22,10,10,10],"gold":39,"neow_bonus":"THREE_ENEMY_KILL","is_daily":false,"chose_seed":false,"campfire_upgraded":1,"win_rate":0.0,"timestamp":1612121543,"path_taken":["M","?","?","M","?","E","R","E","T","E","M","$","?","E"],"items_purchased_type":["Relic"],"build_version":"2020-12-22","purchased_purges":0,"victory":false,"max_hp_per_floor":[68,68,68,68,68,68,68,78,78,78,78,78,78,78,78],"relic_stats":{"counters":[8,23],"Kunai":[0],"Orichalcum":[6],"GoldenEye":[14],"obtain_stats":[{"Girya":9,"Pear":8,"NeowsBlessing":0,"Kunai":12,"PureWater":0,"Orichalcum":6,"Toxic Egg 2":10,"GoldenEye":3},{"Girya":4,"Pear":4,"NeowsBlessing":0,"Kunai":6,"PureWater":0,"Orichalcum":3,"Toxic Egg 2":5,"GoldenEye":1},{"Girya":10,"Pear":10,"NeowsBlessing":0,"Kunai":16,"PureWater":0,"Orichalcum":3,"Toxic Egg 2":13,"GoldenEye":1}]},"card_choices":[{"not_picked":["ThirdEye","CrushJoints"],"picked":"Wallop","floor":1.0},{"not_picked":["Evaluate","ClearTheMind"],"picked":"JustLucky","floor":4.0},{"not_picked":["MasterReality","EmptyFist"],"picked":"Wallop","floor":6.0},{"not_picked":["FlurryOfBlows","Judgement"],"picked":"ThirdEye","floor":8.0},{"not_picked":["Perseverance+1","SandsOfTime"],"picked":"ClearTheMind+1","floor":10.0},{"not_picked":["Crescendo+1","FlyingSleeves"],"picked":"Adaptation","floor":11.0},{"not_picked":["FlurryOfBlows","Prostrate+1","PathToVictory+1"],"picked":"SKIP","floor":13}],"player_experience":671462,"relics_obtained":[{"floor":6.0,"key":"Orichalcum"},{"floor":8.0,"key":"Pear"},{"floor":9.0,"key":"Girya"},{"floor":10.0,"key":"Toxic Egg 2"}],"event_choices":[{"damage_healed":0.0,"max_hp_gain":0.0,"max_hp_loss":0.0,"gold_gain":75.0,"event_name":"World of Goop","player_choice":"Gather Gold","floor":2.0,"gold_loss":0.0,"damage_taken":11.0},{"damage_healed":0.0,"max_hp_gain":0.0,"max_hp_loss":0.0,"gold_gain":0.0,"event_name":"Scrap Ooze","player_choice":"Success","floor":3.0,"gold_loss":0.0,"damage_taken":11.0,"relics_obtained":["GoldenEye"]},{"damage_healed":0.0,"max_hp_gain":0.0,"max_hp_loss":0.0,"gold_gain":0.0,"event_name":"Lab","player_choice":"Got Potions","floor":5.0,"gold_loss":0.0,"damage_taken":0.0}],"is_beta":false,"boss_relics":[],"items_purged_floors":[],"is_endless":false,"potions_floor_spawned":[1,11,13],"killed_by":"3 Sentries","ascension_level":20}}