{"host":"sav7uxregyirlf69","time":1612056460,"event":{"mods":["AchievementEnabler","BaseMod","Colored Map","DeckTracker","Keyboard Shortcuts","Minty Spire (QoL Compilation)","READ ME - Guardian Mod","StSLib","SuperFastMode"],"gold_per_floor":[119,119,130,143,143,143,155,175,175,175,188,188,59,78,78,155,155,168,168,168,168,179,179,179,179],"floor_reached":24,"language":"KOR","playtime":338,"items_purged":["Strike_G"],"score":376,"play_id":"a17d0b15-9bfa-4e13-9f52-e1024cc5db3c","local_time":"20210131102740","is_ascension_mode":true,"campfire_choices":[{"data":"Terror","floor":6,"key":"SMITH"},{"data":"Neutralize","floor":12,"key":"SMITH"},{"data":"Deadly Poison","floor":15,"key":"SMITH"},{"data":"Die Die Die","floor":23,"key":"SMITH"}],"circlet_count":0,"master_deck":["AscendersBane","Strike_G","Strike_G","Defend_G","Defend_G","Defend_G","Defend_G","Defend_G","Survivor","Neutralize+1","Terror+1","Poisoned Stab","Dagger Spray","Deadly Poison+1","Blade Dance","After Image","Backflip","Die Die Die+1","Blur"],"relics":["Ring of the Snake","NeowsBlessing","Blood Vial","Centennial Puzzle","Coffee Dripper"],"acts_visited":["Exordium","TheCity"],"potions_floor_usage":[22],"damage_taken":[{"damage":0,"enemies":"2 Louse","floor":1,"turns":1},{"damage":0,"enemies":"Cultist","floor":3,"turns":1},{"damage":0,"enemies":"Jaw Worm","floor":4,"turns":1},{"damage":9,"enemies":"3 Louse","floor":7,"turns":4},{"damage":13,"enemies":"Red Slaver","floor":8,"turns":6},{"damage":6,"enemies":"Exordium Thugs","floor":11,"turns":4},{"damage":8,"enemies":"Large Slime","floor":14,"turns":6},{"damage":12,"enemies":"The Guardian","floor":16,"turns":10},{"damage":0,"enemies":"3 Byrds","floor":18,"turns":5},{"damage":0,"enemies":"Shell Parasite","floor":22,"turns":4},{"damage":52,"enemies":"Slavers","floor":24,"turns":5}],"seed_played":"-6072776525804136972","potions_obtained":[{"floor":7,"key":"SkillPotion"},{"floor":14,"key":"Weak Potion"},{"floor":16,"key":"DistilledChaos"},{"floor":22,"key":"LiquidBronze"}],"is_trial":false,"path_per_floor":["M","?","M","M","?","R","M","M","T","?","M","R","$","M","R","B",null,"M","?","?","?","M","R","E"],"character_chosen":"THE_SILENT","items_purchased":["Fire Potion"],"campfire_rested":0,"item_purchase_floors":[13],"current_hp_per_floor":[59,59,59,59,59,59,50,37,37,37,33,33,33,27,27,17,54,56,56,56,56,58,58,8,8],"gold":179,"neow_bonus":"THREE_ENEMY_KILL","is_daily":false,"chose_seed":false,"campfire_upgraded":4,"win_rate":0.0,"timestamp":1612056460,"path_taken":["M","?","M","?","?","R","M","M","T","?","M","R","$","?","R","BOSS","M","?","?","?","?","R","E"],"items_purchased_type":["Potion"],"build_version":"2020-12-22","purchased_purges":1,"victory":false,"max_hp_per_floor":[66,66,66,66,66,66,66,66,66,66,66,66,66,66,66,66,66,66,66,66,66,66,66,66,66],"card_choices":[{"not_picked":["Outmaneuver","Underhanded Strike","Deflect"],"picked":"SKIP","floor":1},{"not_picked":["Acrobatics","Catalyst"],"picked":"Poisoned Stab","floor":3},{"not_picked":["Well Laid Plans","Footwork"],"picked":"Dagger Spray","floor":4},{"not_picked":["Poisoned Stab","Concentrate"],"picked":"Deadly Poison","floor":7},{"not_picked":["Predator","Backflip"],"picked":"Blade Dance","floor":8},{"not_picked":["Dodge and Roll","Dagger Spray"],"picked":"After Image","floor":11},{"not_picked":["Prepared","Poisoned Stab"],"picked":"Backflip","floor":14},{"not_picked":["Night Terror","Envenom"],"picked":"Die Die Die","floor":16},{"not_picked":["Deflect","Setup","Dodge and Roll"],"picked":"SKIP","floor":18},{"not_picked":["Sucker Punch","Deadly Poison","Quick Slash"],"picked":"SKIP","floor":22}],"player_experience":1440855,"relics_obtained":[{"floor":9,"key":"Blood Vial"}],"event_choices":[{"damage_healed":0,"gold_gain":0,"cards_transformed":["Strike_G"],"player_choice":"Transformed","damage_taken":0,"max_hp_gain":0,"max_hp_loss":0,"event_name":"Transmorgrifier","floor":2,"gold_loss":0,"cards_obtained":["Terror"]},{"damage_healed":0,"gold_gain":0,"player_choice":"Ignored","damage_taken":0,"max_hp_gain":0,"max_hp_loss":0,"event_name":"Liars Game","floor":5,"gold_loss":0},{"damage_healed":0,"gold_gain":0,"player_choice":"Gave Potion","damage_taken":0,"relics_obtained":["Centennial Puzzle"],"max_hp_gain":0,"max_hp_loss":0,"event_name":"WeMeetAgain","floor":10,"gold_loss":0},{"damage_healed":0,"gold_gain":0,"player_choice":"Ignored","damage_taken":0,"max_hp_gain":0,"max_hp_loss":0,"event_name":"Cursed Tome","floor":19,"gold_loss":0},{"damage_healed":0,"gold_gain":0,"player_choice":"Ignored","damage_taken":0,"max_hp_gain":0,"max_hp_loss":0,"event_name":"The Mausoleum","floor":20,"gold_loss":0},{"damage_healed":0,"gold_gain":0,"cards_transformed":["Strike_G"],"player_choice":"Transformed","damage_taken":0,"max_hp_gain":0,"max_hp_loss":0,"event_name":"Transmorgrifier","floor":21,"gold_loss":0,"cards_obtained":["Blur"]}],"is_beta":false,"boss_relics":[{"not_picked":["Cursed Key","Philosopher\u0027s Stone"],"picked":"Coffee Dripper"}],"items_purged_floors":[13],"is_endless":false,"potions_floor_spawned":[7,14,16,22],"killed_by":"Slavers","ascension_level":20}}