{"host":"jwbw4f4imxd0v0b0","time":1612072934,"event":{"mods":["BaseMod","Colored Map","Highlight Path","Minty Spire (QoL Compilation)","Relic Stats","StSLib"],"gold_per_floor":[213,213,227,227,227,255,255,69,141,187,187,219,232,258,258,330,330,343,363,379,75,88,88,99,125,125,139,139,150,150,180,180,254,254,271,8,0,0,15,15,44,55,55,55,9,9,9,23,23,23],"floor_reached":51,"language":"ENG","playtime":2786,"items_purged":["Strike_B"],"score":1245,"play_id":"cb59314f-b90d-4c20-a59c-17ccfaea0972","local_time":"20210131000214","is_ascension_mode":true,"campfire_choices":[{"data":"Ball Lightning","floor":7.0,"key":"SMITH"},{"floor":11.0,"key":"REST"},{"data":"Apotheosis","floor":15.0,"key":"SMITH"},{"floor":23.0,"key":"REST"},{"floor":30.0,"key":"REST"},{"data":"Defragment","floor":32.0,"key":"SMITH"},{"data":"Defragment","floor":40,"key":"SMITH"},{"data":"Defragment","floor":44,"key":"SMITH"},{"data":"Loop","floor":46,"key":"SMITH"},{"data":"Static Discharge","floor":49,"key":"SMITH"}],"circlet_count":0,"master_deck":["AscendersBane","Strike_B","Strike_B","Strike_B","Defend_B","Defend_B","Defend_B","Defend_B","Zap+1","Dualcast","Ball Lightning+1","Static Discharge+1","Steam","Apotheosis+1","Compile Driver","Leap","Defragment+1","Buffer","Storm","Defragment+1","Undo+1","Capacitor","Capacitor","Skim","Coolheaded","Buffer","Doom and Gloom","Amplify+1","Buffer","CurseOfTheBell","Force Field+1","Chill+1","Defragment+1","Loop+1","Hologram+1","Coolheaded+1","Capacitor"],"relics":["Cracked Core","Lizard Tail","Pantograph","Eternal Feather","Nunchaku","Regal Pillow","CaptainsWheel","Runic Dome","War Paint","Gremlin Horn","Toxic Egg 2","Nilry\u0027s Codex","TungstenRod","Calling Bell","Omamori","Cables","StoneCalendar","Anchor","Red Mask","Bronze Scales","Mummified Hand","White Beast Statue"],"acts_visited":["Exordium","TheCity","TheBeyond"],"potions_floor_usage":[35,50,50],"damage_taken":[{"damage":7.0,"enemies":"Small Slimes","floor":1.0,"turns":3.0},{"damage":4.0,"enemies":"Jaw Worm","floor":3.0,"turns":3.0},{"damage":35.0,"enemies":"3 Sentries","floor":6.0,"turns":6.0},{"damage":4.0,"enemies":"Lagavulin","floor":12.0,"turns":7.0},{"damage":2.0,"enemies":"2 Louse","floor":13.0,"turns":2.0},{"damage":7.0,"enemies":"3 Sentries","floor":14.0,"turns":7.0},{"damage":4.0,"enemies":"The Guardian","floor":16.0,"turns":10.0},{"damage":14.0,"enemies":"2 Thieves","floor":18.0,"turns":3.0},{"damage":0.0,"enemies":"Spheric Guardian","floor":19.0,"turns":4.0},{"damage":40.0,"enemies":"Snake Plant","floor":20.0,"turns":3.0},{"damage":4.0,"enemies":"Centurion and Healer","floor":22.0,"turns":8.0},{"damage":21.0,"enemies":"Chosen and Byrds","floor":24.0,"turns":5.0},{"damage":36.0,"enemies":"Slavers","floor":25.0,"turns":6.0},{"damage":6.0,"enemies":"Shelled Parasite and Fungi","floor":27.0,"turns":8.0},{"damage":10.0,"enemies":"Centurion and Healer","floor":29.0,"turns":6.0},{"damage":15.0,"enemies":"Book of Stabbing","floor":31.0,"turns":5.0},{"damage":14.0,"enemies":"Collector","floor":33.0,"turns":7.0},{"damage":20,"enemies":"3 Darklings","floor":35,"turns":7},{"damage":0,"enemies":"3 Shapes","floor":39,"turns":3},{"damage":18,"enemies":"Nemesis","floor":41,"turns":9},{"damage":11,"enemies":"Maw","floor":42,"turns":5},{"damage":0,"enemies":"Transient","floor":48,"turns":5},{"damage":20,"enemies":"Time Eater","floor":50,"turns":8}],"seed_played":"-8942833275848363494","potions_obtained":[{"floor":3.0,"key":"EssenceOfDarkness"},{"floor":6.0,"key":"SneckoOil"},{"floor":13.0,"key":"FocusPotion"},{"floor":19.0,"key":"Fire Potion"},{"floor":24.0,"key":"Ancient Potion"},{"floor":27.0,"key":"Block Potion"},{"floor":33.0,"key":"ColorlessPotion"},{"floor":35,"key":"DuplicationPotion"},{"floor":48,"key":"Strength Potion"}],"is_trial":false,"path_per_floor":["M","?","M","?","?","E","R","$","T","T","R","E","M","E","R","B",null,"M","M","M","$","M","R","M","E","T","M","?","M","R","E","R","B",null,"M","$","?","?","M","R","E","M","T","R","$","R","$","M","R","B",null],"character_chosen":"DEFECT","items_purchased":["Apotheosis","Capacitor","War Paint","Anchor","Chill+1","Defragment","Coolheaded+1"],"campfire_rested":3,"item_purchase_floors":[8,21,21,36,36,36,45],"current_hp_per_floor":[57,57,53,58,40,5,5,5,5,5,36,32,30,23,32,53,70,56,56,16,16,12,61,40,4,4,38,17,7,59,44,59,62,73,53,53,53,53,53,71,53,42,42,63,63,76,76,76,76,56],"gold":23,"neow_bonus":"HUNDRED_GOLD","is_daily":false,"chose_seed":false,"campfire_upgraded":7,"win_rate":0.0,"timestamp":1612072934,"path_taken":["M","?","M","?","?","E","R","$","T","?","R","E","M","E","R","BOSS","M","M","M","$","M","R","M","E","T","M","?","M","R","E","R","BOSS","M","$","?","?","M","R","E","?","T","R","$","R","?","M","R","BOSS"],"items_purchased_type":["Card","Card","Relic","Relic","Card","Card","Card"],"build_version":"2020-12-22","purchased_purges":1,"victory":true,"max_hp_per_floor":[71,71,71,76,76,76,76,76,76,76,76,76,76,76,76,76,76,76,76,76,76,76,76,76,76,76,76,76,76,76,76,76,76,76,76,76,76,76,76,76,76,76,76,76,76,76,76,76,76,76],"relic_stats":{"Regal Pillow":30,"Gremlin Horn":[9,9],"counters":[23,128],"Eternal Feather":112,"StoneCalendar":[104],"War Paint":["Zap","Undo"],"Cables":[34,29,5,0,0],"Lizard Tail":38,"Nunchaku":[9],"Mummified Hand":[36],"Pantograph":42,"Bronze Scales":[86],"obtain_stats":[{"Regal Pillow":12,"Gremlin Horn":25,"Nilry\u0027s Codex":28,"Eternal Feather":9,"StoneCalendar":34,"Omamori":34,"War Paint":21,"White Beast Statue":43,"Cables":34,"Calling Bell":34,"Runic Dome":17,"Lizard Tail":5,"Nunchaku":10,"CaptainsWheel":14,"Anchor":36,"Mummified Hand":41,"Pantograph":6,"Bronze Scales":38,"Red Mask":37,"Toxic Egg 2":26,"Cracked Core":0,"TungstenRod":31},{"Regal Pillow":4,"Gremlin Horn":13,"Nilry\u0027s Codex":14,"Eternal Feather":3,"StoneCalendar":17,"Omamori":17,"War Paint":10,"White Beast Statue":21,"Cables":17,"Calling Bell":17,"Runic Dome":7,"Lizard Tail":2,"Nunchaku":3,"CaptainsWheel":6,"Anchor":18,"Mummified Hand":20,"Pantograph":3,"Bronze Scales":18,"Red Mask":18,"Toxic Egg 2":13,"Cracked Core":0,"TungstenRod":16},{"Regal Pillow":19,"Gremlin Horn":67,"Nilry\u0027s Codex":75,"Eternal Feather":12,"StoneCalendar":93,"Omamori":93,"War Paint":48,"White Beast Statue":116,"Cables":93,"Calling Bell":93,"Runic Dome":38,"Lizard Tail":6,"Nunchaku":12,"CaptainsWheel":28,"Anchor":100,"Mummified Hand":111,"Pantograph":12,"Bronze Scales":100,"Red Mask":100,"Toxic Egg 2":67,"Cracked Core":0,"TungstenRod":86}],"TungstenRod":8},"card_choices":[{"not_picked":["Cold Snap","Melter"],"picked":"Ball Lightning","floor":1.0},{"not_picked":["Turbo","Streamline"],"picked":"Static Discharge","floor":3.0},{"not_picked":["Turbo","Heatsinks"],"picked":"Steam","floor":6.0},{"not_picked":["Sunder","Rainbow"],"picked":"Compile Driver","floor":12.0},{"not_picked":["Redo","Streamline"],"picked":"Leap","floor":13.0},{"not_picked":["Sunder","Steam"],"picked":"Defragment","floor":14.0},{"not_picked":["Rainbow","Reboot"],"picked":"Buffer","floor":16.0},{"not_picked":["Fusion","Rebound"],"picked":"Storm","floor":18.0},{"not_picked":["Reprogram","Sweeping Beam"],"picked":"Defragment","floor":19.0},{"not_picked":["Coolheaded","White Noise"],"picked":"Undo","floor":20.0},{"not_picked":["Ball Lightning","Skim+1"],"picked":"Capacitor","floor":22.0},{"not_picked":["Stack","Static Discharge"],"picked":"Skim","floor":24.0},{"not_picked":["Auto Shields","Capacitor"],"picked":"Coolheaded","floor":25.0},{"not_picked":["Turbo+1","Steam+1"],"picked":"Buffer","floor":27.0},{"not_picked":["Rebound+1","Turbo+1"],"picked":"Doom and Gloom","floor":29.0},{"not_picked":["Heatsinks","Barrage"],"picked":"Amplify+1","floor":31.0},{"not_picked":["Amplify+1","Hyperbeam"],"picked":"Buffer","floor":33.0},{"not_picked":["Skim+1","Sweeping Beam"],"picked":"Force Field+1","floor":35},{"not_picked":["Blizzard","Leap+1"],"picked":"Loop","floor":39},{"not_picked":["Electrodynamics","Barrage"],"picked":"Hologram+1","floor":41},{"not_picked":["Genetic Algorithm+1","Leap+1","Rebound"],"picked":"SKIP","floor":42},{"not_picked":["Beam Cell+1","Steam+1"],"picked":"Capacitor","floor":48}],"player_experience":1176472,"relics_obtained":[{"floor":6.0,"key":"Pantograph"},{"floor":9.0,"key":"Eternal Feather"},{"floor":10.0,"key":"Nunchaku"},{"floor":12.0,"key":"Regal Pillow"},{"floor":14.0,"key":"CaptainsWheel"},{"floor":25.0,"key":"Gremlin Horn"},{"floor":26.0,"key":"Toxic Egg 2"},{"floor":28.0,"key":"Nilry\u0027s Codex"},{"floor":31.0,"key":"TungstenRod"},{"floor":34,"key":"Omamori"},{"floor":34,"key":"Cables"},{"floor":34,"key":"StoneCalendar"},{"floor":41,"key":"Mummified Hand"},{"floor":43,"key":"White Beast Statue"}],"event_choices":[{"damage_healed":0.0,"max_hp_gain":0.0,"max_hp_loss":0.0,"gold_gain":0.0,"event_name":"Liars Game","player_choice":"Ignored","floor":2.0,"gold_loss":0.0,"damage_taken":0.0},{"damage_healed":0.0,"max_hp_gain":5.0,"max_hp_loss":0.0,"gold_gain":0.0,"event_name":"Big Fish","player_choice":"Donut","floor":4.0,"gold_loss":0.0,"damage_taken":0.0},{"damage_healed":0.0,"max_hp_gain":0.0,"max_hp_loss":0.0,"gold_gain":0.0,"event_name":"Scrap Ooze","player_choice":"Success","floor":5.0,"gold_loss":0.0,"damage_taken":18.0,"relics_obtained":["Lizard Tail"]},{"damage_healed":0.0,"max_hp_gain":0.0,"max_hp_loss":0.0,"gold_gain":0.0,"event_name":"Cursed Tome","player_choice":"Obtained Book","floor":28.0,"gold_loss":0.0,"damage_taken":21.0},{"damage_healed":0,"gold_gain":0,"player_choice":"Paid","damage_taken":0,"relics_obtained":["Red Mask"],"max_hp_gain":0,"max_hp_loss":0,"event_name":"Tomb of Lord Red Mask","floor":37,"gold_loss":8},{"damage_healed":0,"gold_gain":0,"player_choice":"Gave Potion","damage_taken":0,"relics_obtained":["Bronze Scales"],"max_hp_gain":0,"max_hp_loss":0,"event_name":"WeMeetAgain","floor":38,"gold_loss":0}],"is_beta":false,"boss_relics":[{"not_picked":["SlaversCollar","Busted Crown"],"picked":"Runic Dome"},{"not_picked":["FrozenCore","Fusion Hammer"],"picked":"Calling Bell"}],"items_purged_floors":[21],"is_endless":false,"potions_floor_spawned":[3,6,12,13,19,24,27,33,35,48],"ascension_level":15}}