{"host":"pgm1p3lvdjflie30","time":1612099410,"event":{"mods":["ATMod(阿瑾Mod)","AchievementEnabler","Alarm Clock","Aspiration","Bard","BaseMod","Chen","Colored Map","Colored Powertips","Conspire","Dark Map","Dota2Spire","Downfall","Energized Spire","GungeonMod","Hermit","Highlight Path","HornydragonMod","LagranYue(拉格朗·月)","Mari Mod (Legacy)","Mari\u0027s V1 Patch","Minty Spire (QoL Compilation)","MostiFishMod","Nova Terra(?娃·泰拉)","Quarter Circle Forward PUNCH!","Quick Restart","Reimu（博???）","Relic Stats","Reliquary","Replay The Spire","Robot Space Explorer","SOS（斯巴?之子）","Spicy Shops","StSLib","TestMod","The Blackbeard","The Bug Knight","The Construct","The Cursed","The Dragon Tamer","The Hayseed","The Hierophant","The IronCluck","The Jungle","The Mystic","The Runesmith","The Saiyan","TheHeartMod","TheWitcher","Waifu the Spire","【?物卡牌】REMEMod","篝火指南"],"gold_per_floor":[117,117,132,150,150,150,164,174,197,197,227,227,262,277,277,372,372,389,400,400,410,164,164,198,216,297,308,268,468,468,486,486,585,585,601,601,601,612,497,523,535,553,576,586,736,87,97,109,109,109,109,109,34,60,60],"floor_reached":56,"language":"ZHS","playtime":2072,"items_purged":["Chen:Strike"],"score":1988,"play_id":"e84a99d1-d838-4bd9-af63-17eb21b95647","local_time":"20210131212330","is_ascension_mode":false,"campfire_choices":[{"floor":6,"key":"RECALL"},{"data":"Adrenaline","floor":10,"key":"SMITH"},{"data":"Chen:PhoenixEgg","floor":12,"key":"SMITH"},{"data":"Chen:Nimbleness","floor":30,"key":"SMITH"},{"data":"Chen:Impale","floor":32,"key":"SMITH"},{"data":"Chen:Sweep","floor":49,"key":"SMITH"},{"data":"Chen:SelfConfidence","floor":52,"key":"SMITH"}],"circlet_count":0,"master_deck":["Chen:Strike","Chen:Strike","Chen:Strike","Chen:Strike","Chen:Defend+1","Chen:PounceTurnTail","Chen:GlitterPoke","hermit:Gambit","AT_OneInchPunch+1","Chen:Mixup","Chen:Recuperate","Chen:TauntHiss","Prepared+1","ReplayTheSpireMod:Shiv Toss","Adrenaline+1","Chen:Tear","Chen:PhoenixEgg+1","Chen:Spray","Chen:Sweep+1","Chen:PentagramFlight","Chen:Nimbleness+1","Chen:Panic+1","Chen:Frivolous+1","Adrenaline+1","Chen:CatPunch+1","Chen:Barrier+1","Chen:Impale+1","Chen:ResistTemptation+1","Chen:DazzleFlash","Chen:PhoenixWings+1","Chen:Lacerate+1","Chen:Flicker+1","Chen:SelfConfidence+1","Chen:BlueOniRedOni+1","Chen:Excitement","Chen:GuardCounter"],"relics":["Chen:Catnip","AT_ATBox","REME_ComplimentaryCards","DaveBox","testmod-TestBox","LagranYue:RandomDrawCardRelic","PatriotShield","testmod-NegativeEmotionEnhancer","NeowsBlessing","SynthV:TestCard","AT_BellDemon","Singing Bowl","Oddly Smooth Stone","aspiration:ArtOfWarUpgrade","reliquary:Stiletto","qcfpunch:Chain_With_Nametags","Frozen Egg 2","ExusiaiGun","qcfpunch:Red_Gi","Dota2Spire:Satanic","AT_SpeedBoots","AT_ImmortalShieldbow","LagranYue:GuideDeadRelic","Runesmith:AutoHammer","Blue Doll","REME_HourglassOfDeath","ZunR:ReiMu","construct:RocketBooster","DemoMod:GlassGuonStoneRelic","GreenFoldingFan","Onion Ring","Quantum Egg","Nunchaku","qcfpunch:Red_Beret","AT_BladeRuinedKing","DemoMod:PoisonVial","REME_PuzzleBoxRelic","LagranYue:MagicReflectiveArmorRelic","testmod-Alchemist","Runesmith:Nanobots","Akabeko","Dota2Spire:OrchidMalevolence","Juzu Bracelet","Replay:Rubber Ducky","Eternal Feather","LagranYue:RareGoldArmorRelic"],"acts_visited":["Exordium","TheCity","TheBeyond","TheEnding"],"potions_floor_usage":[7,33,50],"damage_taken":[{"damage":0,"enemies":"Jaw Worm","floor":1,"turns":1},{"damage":0,"enemies":"Cultist","floor":3,"turns":1},{"damage":0,"enemies":"2 Louse","floor":4,"turns":1},{"damage":0,"enemies":"Gremlin Gang","floor":7,"turns":2},{"damage":0,"enemies":"Lots of Slimes","floor":8,"turns":2},{"damage":0,"enemies":"Gremlin Nob","floor":11,"turns":2},{"damage":0,"enemies":"3 Sentries","floor":13,"turns":2},{"damage":0,"enemies":"3 Louse","floor":14,"turns":1},{"damage":0,"enemies":"Slime Boss","floor":16,"turns":2},{"damage":0,"enemies":"conspire:FuzzyDice","floor":18,"turns":1},{"damage":0,"enemies":"Chosen","floor":19,"turns":1},{"damage":0,"enemies":"Snake Plant","floor":21,"turns":1},{"damage":0,"enemies":"HollowMod:Nosk","floor":24,"turns":1},{"damage":0,"enemies":"Centurion and Healer","floor":25,"turns":1},{"damage":2,"enemies":"conspire:HollyBat","floor":27,"turns":3},{"damage":0,"enemies":"Sentry and Sphere","floor":31,"turns":1},{"damage":0,"enemies":"Pondfish","floor":33,"turns":2},{"damage":2,"enemies":"Orb Walker","floor":35,"turns":1},{"damage":2,"enemies":"3 Darklings","floor":38,"turns":1},{"damage":2,"enemies":"Nemesis","floor":40,"turns":1},{"damage":17,"enemies":"4 Shapes","floor":41,"turns":1},{"damage":2,"enemies":"Spire Growth","floor":42,"turns":1},{"damage":2,"enemies":"Transient","floor":44,"turns":1},{"damage":2,"enemies":"Writhing Mass","floor":47,"turns":1},{"damage":2,"enemies":"Spire Growth","floor":48,"turns":1},{"damage":2,"enemies":"conspire:OrnateMirror","floor":50,"turns":1},{"damage":2,"enemies":"Shield and Spear","floor":54,"turns":1},{"damage":33,"enemies":"The Heart","floor":55,"turns":2}],"seed_played":"-5350043652718970184","potions_obtained":[{"floor":3,"key":"testmod-SpacePotion"},{"floor":11,"key":"TheSimpletonMod:KindlingPotion"},{"floor":13,"key":"ZuzhouPotion:ReiMu"},{"floor":14,"key":"Adrenaline Potion"},{"floor":16,"key":"Dota2Spire:Clarity"},{"floor":24,"key":"Explosive Potion"},{"floor":25,"key":"Adrenaline Potion"},{"floor":31,"key":"PowerPotion"},{"floor":33,"key":"MagicPotion:ReiMu"},{"floor":44,"key":"GamblersBrew"},{"floor":48,"key":"PowerPotion"}],"is_trial":false,"path_per_floor":["M","?","M","M","?","R","M","M","T","R","E","R","E","M","R","B",null,"M","M","?","M","$","R","E","M","T","M","?","?","R","M","R","B",null,"M","T","?","M","?","E","M","M","T","M","?","$","M","M","R","B",null,"R","$","E","B",null],"character_chosen":"CHEN","items_purchased":["AT_ImmortalShieldbow","Runesmith:Nanobots","Akabeko","Dota2Spire:OrchidMalevolence"],"campfire_rested":0,"item_purchase_floors":[22,46,46,46],"current_hp_per_floor":[71,71,72,73,73,73,74,75,75,75,76,76,77,78,78,79,79,80,81,81,82,82,82,83,84,84,84,84,84,84,86,86,87,87,88,88,88,89,89,90,90,94,94,97,97,97,98,99,99,100,100,100,100,103,82],"gold":60,"neow_bonus":"THREE_ENEMY_KILL","is_daily":false,"chose_seed":false,"campfire_upgraded":6,"win_rate":0.0,"timestamp":1612099410,"path_taken":["M","?","?","M","?","R","?","?","T","R","E","R","E","M","R","BOSS","M","M","?","?","?","R","E","?","T","?","?","?","R","M","R","BOSS","M","?","?","?","?","E","?","M","T","M","?","?","M","M","R","BOSS","R","$","E","BOSS"],"items_purchased_type":["Relic","Relic","Relic","Relic"],"build_version":"2020-12-22","purchased_purges":1,"victory":true,"max_hp_per_floor":[71,71,72,73,73,73,74,75,75,75,76,76,77,78,78,79,79,80,81,81,82,82,82,83,84,84,85,85,85,85,86,86,87,87,88,88,88,89,89,90,93,94,94,97,97,97,98,99,99,100,100,100,100,103,104],"relic_stats":{"Nunchaku":[8],"Singing Bowl":6,"counters":[28,37],"Eternal Feather":0,"Juzu Bracelet":0,"obtain_stats":[{"AT_BellDemon":9,"PatriotShield":0,"AT_ATBox":0,"DaveBox":0,"LagranYue:RandomDrawCardRelic":0,"Singing Bowl":11,"DemoMod:PoisonVial":40,"Dota2Spire:OrchidMalevolence":46,"ZunR:ReiMu":28,"Blue Doll":25,"DemoMod:GlassGuonStoneRelic":4,"testmod-NegativeEmotionEnhancer":0,"ExusiaiGun":17,"Juzu Bracelet":47,"qcfpunch:Red_Beret":39,"LagranYue:RareGoldArmorRelic":54,"LagranYue:MagicReflectiveArmorRelic":42,"reliquary:FerryPass":33,"Replay:Rubber Ducky":48,"Dota2Spire:Satanic":19,"GreenFoldingFan":34,"Nunchaku":38,"testmod-Alchemist":44,"Chen:Catnip":0,"qcfpunch:Red_Gi":18,"aspiration:ArtOfWarUpgrade":23,"qcfpunch:Chain_With_Nametags":14,"Runesmith:Nanobots":46,"testmod-TestBox":0,"construct:RocketBooster":31,"NeowsBlessing":0,"Quantum Egg":36,"Oddly Smooth Stone":11,"Eternal Feather":54,"AT_BladeRuinedKing":40,"LagranYue:GuideDeadRelic":24,"Frozen Egg 2":16,"Akabeko":46,"AT_ImmortalShieldbow":22,"AT_SpeedBoots":21,"SynthV:TestCard":1,"REME_HourglassOfDeath":27,"Onion Ring":35,"reliquary:Stiletto":13,"Art of War":13,"Runesmith:AutoHammer":24,"REME_PuzzleBoxRelic":41,"REME_ComplimentaryCards":0},{"AT_BellDemon":5,"PatriotShield":0,"AT_ATBox":0,"DaveBox":0,"LagranYue:RandomDrawCardRelic":0,"Singing Bowl":6,"DemoMod:PoisonVial":20,"Dota2Spire:OrchidMalevolence":23,"ZunR:ReiMu":15,"Blue Doll":14,"DemoMod:GlassGuonStoneRelic":3,"testmod-NegativeEmotionEnhancer":0,"ExusiaiGun":9,"Juzu Bracelet":24,"qcfpunch:Red_Beret":19,"LagranYue:RareGoldArmorRelic":27,"LagranYue:MagicReflectiveArmorRelic":22,"reliquary:FerryPass":17,"Replay:Rubber Ducky":25,"Dota2Spire:Satanic":11,"GreenFoldingFan":17,"Nunchaku":19,"testmod-Alchemist":23,"Chen:Catnip":0,"qcfpunch:Red_Gi":10,"aspiration:ArtOfWarUpgrade":12,"qcfpunch:Chain_With_Nametags":8,"Runesmith:Nanobots":23,"testmod-TestBox":0,"construct:RocketBooster":16,"NeowsBlessing":0,"Quantum Egg":18,"Oddly Smooth Stone":6,"Eternal Feather":27,"AT_BladeRuinedKing":20,"LagranYue:GuideDeadRelic":13,"Frozen Egg 2":9,"Akabeko":23,"AT_ImmortalShieldbow":12,"AT_SpeedBoots":12,"SynthV:TestCard":1,"REME_HourglassOfDeath":15,"Onion Ring":18,"reliquary:Stiletto":7,"Art of War":7,"Runesmith:AutoHammer":13,"REME_PuzzleBoxRelic":21,"REME_ComplimentaryCards":0},{"AT_BellDemon":7,"PatriotShield":0,"AT_ATBox":0,"DaveBox":0,"LagranYue:RandomDrawCardRelic":0,"Singing Bowl":9,"DemoMod:PoisonVial":28,"Dota2Spire:OrchidMalevolence":31,"ZunR:ReiMu":22,"Blue Doll":19,"DemoMod:GlassGuonStoneRelic":3,"testmod-NegativeEmotionEnhancer":0,"ExusiaiGun":14,"Juzu Bracelet":32,"qcfpunch:Red_Beret":27,"LagranYue:RareGoldArmorRelic":35,"LagranYue:MagicReflectiveArmorRelic":30,"reliquary:FerryPass":25,"Replay:Rubber Ducky":33,"Dota2Spire:Satanic":16,"GreenFoldingFan":25,"Nunchaku":27,"testmod-Alchemist":31,"Chen:Catnip":0,"qcfpunch:Red_Gi":15,"aspiration:ArtOfWarUpgrade":17,"qcfpunch:Chain_With_Nametags":12,"Runesmith:Nanobots":31,"testmod-TestBox":0,"construct:RocketBooster":23,"NeowsBlessing":0,"Quantum Egg":26,"Oddly Smooth Stone":9,"Eternal Feather":35,"AT_BladeRuinedKing":28,"LagranYue:GuideDeadRelic":18,"Frozen Egg 2":14,"Akabeko":31,"AT_ImmortalShieldbow":17,"AT_SpeedBoots":17,"SynthV:TestCard":1,"REME_HourglassOfDeath":22,"Onion Ring":26,"reliquary:Stiletto":11,"Art of War":11,"Runesmith:AutoHammer":18,"REME_PuzzleBoxRelic":29,"REME_ComplimentaryCards":0}]},"card_choices":[{"not_picked":["Chen:Adaptability","Chen:Sidestep"],"picked":"Chen:Mixup","floor":1},{"not_picked":["Chen:Instinct","Chen:UnstableBoundary","Chen:Rush","Chen:FollowUp"],"picked":"Chen:Recuperate","floor":3},{"not_picked":["Chen:Fadeout","Chen:Sneak","Chen:Scratch","Chen:Instinct"],"picked":"Chen:TauntHiss","floor":4},{"not_picked":["Chen:Clarity","Chen:Adaptability","Chen:SelfControl","Chen:Barrier"],"picked":"Chen:Tear","floor":7},{"not_picked":["Chen:Sweep","Chen:PentagramFlight","Chen:Sneak","Chen:Tear"],"picked":"Chen:PhoenixEgg","floor":8},{"not_picked":["Chen:Fadeout","Chen:MisdirectSwipe","Chen:Catseye","Chen:Exploit"],"picked":"Chen:Spray","floor":11},{"not_picked":["Chen:StudySharpen","Chen:MeditateFrenzy","Chen:Assault","Chen:Fadeout"],"picked":"Chen:Sweep","floor":13},{"not_picked":["Chen:MisdirectSwipe","Chen:Sidestep","Chen:Panic","Chen:Tear"],"picked":"Chen:PentagramFlight","floor":14},{"not_picked":["Chen:CurlUp","Chen:Clarity","Chen:Stability","Chen:PhoenixEgg"],"picked":"Chen:Nimbleness","floor":16},{"not_picked":["Chen:Shot+1","Chen:Sidestep","Chen:UpperHand","Chen:Tear"],"picked":"Chen:Panic+1","floor":18},{"not_picked":["Chen:Barrier","Chen:FollowUp+1","Chen:TauntHiss+1","Chen:Tear+1"],"picked":"Chen:Frivolous+1","floor":19},{"not_picked":["Chen:Recuperate+1","Chen:Scratch","Chen:Instinct","Chen:Sweep"],"picked":"Chen:CatPunch+1","floor":21},{"not_picked":["Chen:Frivolous+1","Chen:Scratch","Chen:Recuperate","Chen:Copycat"],"picked":"Chen:Barrier+1","floor":24},{"not_picked":["Chen:MisdirectSwipe","Chen:EvasiveFireShift","Chen:Flit","Chen:TauntHiss"],"picked":"Chen:Impale","floor":25},{"not_picked":["Chen:RecklessLeap","Chen:PentagramFlight","Chen:Spray","Chen:CatPunch+1"],"picked":"Chen:ResistTemptation+1","floor":27},{"not_picked":["Chen:Adaptability+1","Chen:Scratch","Chen:Tear","Chen:Instinct"],"picked":"Chen:DazzleFlash","floor":31},{"not_picked":["Chen:Afterimages","Chen:DazzleFlash","Chen:Nimbleness","Chen:ShikigamiForm+1"],"picked":"Chen:PhoenixWings","floor":33},{"not_picked":["Chen:Rush+1","Chen:Copycat+1","Chen:Instinct+1","Chen:MeditateFrenzy"],"picked":"Chen:Lacerate+1","floor":35},{"not_picked":["Chen:MeditateFrenzy","Chen:Barrier","Chen:Sweep+1","Chen:Shot"],"picked":"Chen:Flicker+1","floor":38},{"not_picked":["Chen:Adaptability","Chen:Shot","Chen:FinalSpellCard+1","Chen:Instinct+1"],"picked":"Chen:SelfConfidence","floor":40},{"not_picked":["Chen:ResistTemptation+1","Chen:Deceitful+1","Chen:Panic+1","Chen:Frivolous+1","Chen:Sweep+1"],"picked":"Singing Bowl","floor":41},{"not_picked":["Chen:Shot","Chen:MeditateFrenzy+1","Chen:TauntHiss+1","Chen:Spray+1"],"picked":"Chen:BlueOniRedOni+1","floor":42},{"not_picked":["Chen:StudySharpen+1","Chen:Spray","Chen:Mixup","Chen:DazzleFlash","Chen:Flicker+1"],"picked":"Singing Bowl","floor":44},{"not_picked":["Chen:TauntHiss","Chen:Rush","Chen:Recuperate+1","Chen:Adaptability"],"picked":"Chen:Excitement","floor":47},{"not_picked":["Chen:SelfControl+1","Chen:Panic+1","Chen:ResistTemptation+1","Chen:Shot+1"],"picked":"Chen:GuardCounter","floor":48},{"not_picked":["Chen:PhoenixEgg","Chen:ResistTemptation+1","Chen:RecklessLeap+1","Chen:Sweep+1","Chen:Rush"],"picked":"Singing Bowl","floor":54}],"player_experience":360959,"relics_obtained":[{"floor":1,"key":"SynthV:TestCard"},{"floor":9,"key":"AT_BellDemon"},{"floor":11,"key":"Singing Bowl"},{"floor":11,"key":"Oddly Smooth Stone"},{"floor":13,"key":"Art of War"},{"floor":13,"key":"reliquary:Stiletto"},{"floor":14,"key":"qcfpunch:Chain_With_Nametags"},{"floor":16,"key":"Frozen Egg 2"},{"floor":18,"key":"qcfpunch:Red_Gi"},{"floor":19,"key":"Dota2Spire:Satanic"},{"floor":21,"key":"AT_SpeedBoots"},{"floor":24,"key":"LagranYue:GuideDeadRelic"},{"floor":24,"key":"Runesmith:AutoHammer"},{"floor":25,"key":"Blue Doll"},{"floor":27,"key":"REME_HourglassOfDeath"},{"floor":31,"key":"construct:RocketBooster"},{"floor":33,"key":"reliquary:FerryPass"},{"floor":35,"key":"Onion Ring"},{"floor":36,"key":"Quantum Egg"},{"floor":38,"key":"Nunchaku"},{"floor":40,"key":"AT_BladeRuinedKing"},{"floor":40,"key":"DemoMod:PoisonVial"},{"floor":41,"key":"REME_PuzzleBoxRelic"},{"floor":42,"key":"LagranYue:MagicReflectiveArmorRelic"},{"floor":44,"key":"testmod-Alchemist"},{"floor":47,"key":"Juzu Bracelet"},{"floor":48,"key":"Replay:Rubber Ducky"},{"floor":54,"key":"Eternal Feather"},{"floor":54,"key":"LagranYue:RareGoldArmorRelic"}],"event_choices":[{"damage_healed":0,"gold_gain":0,"player_choice":"Upgraded","damage_taken":0,"max_hp_gain":0,"max_hp_loss":0,"event_name":"Upgrade Shrine","floor":2,"gold_loss":0,"cards_upgraded":["AT_OneInchPunch"]},{"damage_healed":0,"gold_gain":0,"player_choice":"Copied","damage_taken":0,"max_hp_gain":0,"max_hp_loss":0,"event_name":"Duplicator","floor":20,"gold_loss":0,"cards_obtained":["Adrenaline"]},{"damage_healed":0,"gold_gain":0,"player_choice":"??神酒","damage_taken":0,"relics_obtained":["ZunR:ReiMu"],"max_hp_gain":0,"max_hp_loss":0,"event_name":"ZunEvent","floor":28,"gold_loss":40},{"damage_healed":0,"gold_gain":200,"player_choice":"Gold","damage_taken":0,"max_hp_gain":0,"max_hp_loss":0,"event_name":"Wheel of Change","floor":29,"gold_loss":0},{"damage_healed":0,"gold_gain":0,"player_choice":"Upgraded","damage_taken":0,"max_hp_gain":0,"max_hp_loss":0,"event_name":"Upgrade Shrine","floor":37,"gold_loss":0,"cards_upgraded":["Chen:PhoenixWings"]},{"damage_healed":0,"gold_gain":0,"player_choice":"Paid Gold","damage_taken":0,"relics_obtained":["qcfpunch:Red_Beret"],"max_hp_gain":0,"max_hp_loss":0,"event_name":"WeMeetAgain","floor":39,"gold_loss":115},{"damage_healed":0,"gold_gain":150,"player_choice":"Sell","damage_taken":0,"max_hp_gain":0,"max_hp_loss":0,"event_name":"恩洛斯的?子","floor":45,"relics_lost":["reliquary:FerryPass"],"gold_loss":0}],"is_beta":false,"boss_relics":[{"not_picked":["testmod-Recursion","testmod-EnergyCheck"],"picked":"ExusiaiGun"},{"not_picked":["reliquary:RedPaperclip","Fusion Hammer"],"picked":"GreenFoldingFan"}],"items_purged_floors":[53],"is_endless":false,"potions_floor_spawned":[3,11,13,14,16,24,25,31,33,41,44,48],"ascension_level":0}}