{"host":"jjunaul04msmo6r1","time":1612110221,"event":{"mods":["BaseMod","Better Third Choice","Booster Modes","Colored Map","Downfall","Minty Spire (QoL Compilation)","Relic Stats","StSLib","UnlockEverythingMod","everything is the same but u backflip on backflip"],"gold_per_floor":[99,118,118,103,103,3,55,55,83,83,112,123,138,149,165,265,265,165,102,202,218,268,268,268],"floor_reached":22,"language":"ENG","playtime":1554,"items_purged":[],"score":239,"play_id":"adb122e6-296c-4494-b3d4-c5843373a552","local_time":"20210131092341","is_ascension_mode":true,"campfire_choices":[{"floor":1,"key":"RECALL"},{"data":"Enlightenment","floor":6,"key":"SMITH"},{"data":"bronze:DarkDash","floor":8,"key":"SMITH"},{"data":"bronze:Goto","floor":10,"key":"SMITH"},{"data":"bronze:Verify","floor":18,"key":"SMITH"}],"circlet_count":0,"master_deck":["bronze:Strike","bronze:Strike","bronze:Strike","bronze:Strike","bronze:Defend","bronze:Defend","bronze:Defend","bronze:Replicate","bronze:Goto+1","Enlightenment+1","bronze:DarkDash+1","Tantrum","bronze:Shield","bronze:WildBeam","bronze:FollowUp","bronze:FineTuning+1","bronze:Iterate","bronze:BugBarrage","bronze:Verify+1","bronze:Repair+1","bronze:Frontload+1","bronze:Repulsor","bronze:BuggyMess+1"],"relics":["bronze:BronzeCore","Shuriken","downfall:HeartBlessingRed","Anchor","Toxic Egg 2","Pantograph","SlaversCollar","downfall:HeartBlessingGreen","downfall:CloakOfManyFaces","CultistMask","FaceOfCleric","NlothsMask","GremlinMask","SsserpentHead"],"acts_visited":["Exordium","TheCity"],"potions_floor_usage":[4,22,22],"damage_taken":[{"damage":2,"enemies":"Jaw Worm","floor":2,"turns":4},{"damage":10,"enemies":"downfall:FleeingMerchant","floor":4,"turns":4},{"damage":0,"enemies":"Gremlin Nob","floor":9,"turns":2},{"damage":9,"enemies":"3 Sentries","floor":11,"turns":3},{"damage":0,"enemies":"Small Slimes","floor":12,"turns":2},{"damage":0,"enemies":"Cultist","floor":13,"turns":2},{"damage":0,"enemies":"Large Slime","floor":14,"turns":2},{"damage":0,"enemies":"Lots of Slimes","floor":15,"turns":3},{"damage":43,"enemies":"SI_SHIV_ARCHETYPE","floor":16,"turns":4},{"damage":0,"enemies":"downfall:FleeingMerchant","floor":19,"turns":4},{"damage":26,"enemies":"downfall:FaceTrader","floor":20,"turns":6},{"damage":16,"enemies":"Spheric Guardian","floor":21,"turns":4},{"damage":54,"enemies":"Snecko","floor":22,"turns":4}],"seed_played":"-5213956718308536132","potions_obtained":[{"floor":2,"key":"Regen Potion"},{"floor":15,"key":"SpeedPotion"},{"floor":16,"key":"sneckomod:MuddlingPotion"},{"floor":20,"key":"Energy Potion"}],"is_trial":false,"path_per_floor":["R","M","?","$","?","R","T","R","E","R","E","M","M","M","M","B",null,"R","$","?","M","M"],"character_chosen":"THE_AUTOMATON","items_purchased":["bronze:Frontload+1"],"campfire_rested":0,"item_purchase_floors":[19],"current_hp_per_floor":[70,68,52,56,56,56,56,56,56,56,47,47,47,47,47,27,70,70,70,55,40,0,0,0],"gold":268,"neow_bonus":"RANDOM_COLORLESS","is_daily":false,"chose_seed":false,"campfire_upgraded":4,"win_rate":0.0,"timestamp":1612110221,"path_taken":["R","M","?","$","?","R","T","R","E","R","E","M","M","?","M","BOSS","R","$","?","M","?"],"items_purchased_type":["Card"],"build_version":"2020-12-22","purchased_purges":0,"victory":false,"max_hp_per_floor":[70,70,70,70,70,70,70,70,70,70,70,70,70,70,70,70,70,70,70,70,71,71,71,71],"relic_stats":{"SsserpentHead":50,"FaceOfCleric":1,"counters":[13,44],"Shuriken":[21],"Pantograph":23,"obtain_stats":[{"bronze:BronzeCore":0,"downfall:HeartBlessingRed":6,"downfall:HeartBlessingGreen":18,"GremlinMask":20,"SlaversCollar":17,"SsserpentHead":20,"Anchor":7,"FaceOfCleric":20,"Shuriken":3,"Pantograph":11,"CultistMask":20,"downfall:CloakOfManyFaces":20,"Toxic Egg 2":9,"NlothsMask":20},{"bronze:BronzeCore":0,"downfall:HeartBlessingRed":2,"downfall:HeartBlessingGreen":9,"GremlinMask":11,"SlaversCollar":9,"SsserpentHead":11,"Anchor":2,"FaceOfCleric":11,"Shuriken":1,"Pantograph":4,"CultistMask":11,"downfall:CloakOfManyFaces":11,"Toxic Egg 2":3,"NlothsMask":11},{"bronze:BronzeCore":0,"downfall:HeartBlessingRed":8,"downfall:HeartBlessingGreen":26,"GremlinMask":36,"SlaversCollar":26,"SsserpentHead":36,"Anchor":8,"FaceOfCleric":36,"Shuriken":4,"Pantograph":13,"CultistMask":36,"downfall:CloakOfManyFaces":36,"Toxic Egg 2":10,"NlothsMask":36}]},"card_choices":[{"not_picked":["Dramatic Entrance","Mind Blast"],"picked":"Enlightenment","floor":0},{"not_picked":["bronze:DelayedGuard","bronze:WildBeam"],"picked":"bronze:DarkDash","floor":2},{"not_picked":["bronze:FineTuning","bronze:Overheat"],"picked":"bronze:Shield","floor":4},{"not_picked":["bronze:WhirlingStrike","bronze:ForLoop+1","bronze:HyperBeam"],"picked":"SKIP","floor":9},{"not_picked":["bronze:BitShift+1","bronze:DelayedSlice"],"picked":"bronze:FollowUp","floor":11},{"not_picked":["bronze:WildBeam","bronze:Shield+1"],"picked":"bronze:FineTuning+1","floor":12},{"not_picked":["bronze:Turbo+1","bronze:BitShift+1"],"picked":"bronze:Iterate","floor":13},{"not_picked":["bronze:Deprecate+1","bronze:BronzeOrb"],"picked":"bronze:BugBarrage","floor":14},{"not_picked":["bronze:WhirlingStrike","bronze:BugBarrage","bronze:Separator"],"picked":"SKIP","floor":15},{"not_picked":["bronze:Library","bronze:Break"],"picked":"bronze:Verify","floor":16},{"not_picked":["bronze:FineTuning+1","bronze:Return+1"],"picked":"bronze:Repair+1","floor":19},{"not_picked":["bronze:Turbo+1","bronze:DelayedSlice"],"picked":"bronze:Repulsor","floor":20},{"not_picked":["bronze:Separator","bronze:ForLoop+1"],"picked":"bronze:BuggyMess+1","floor":21}],"player_experience":487942,"relics_obtained":[{"floor":7,"key":"Anchor"},{"floor":9,"key":"Toxic Egg 2"},{"floor":11,"key":"Pantograph"},{"floor":20,"key":"downfall:CloakOfManyFaces"}],"event_choices":[],"is_beta":false,"boss_relics":[{"not_picked":["Busted Crown","Calling Bell"],"picked":"SlaversCollar"}],"items_purged_floors":[],"is_endless":false,"potions_floor_spawned":[2,15,16,20],"killed_by":"Snecko","ascension_level":2}}