{"host":"mj8akmyfd5lo602f","time":1612121115,"event":{"mods":["2.2 Compatiblity","Act Like it!","BaseMod","Bestiary","BshForSts","Colored Map","Colored Powertips","Downfall","Highlight Path","Minty Spire (QoL Compilation)","Permanent Neow","Relic Stats","StSLib"],"gold_per_floor":[99,99,99,99,112,12,12,47,47,47,58,58,70,70,87,87,87,87],"floor_reached":16,"language":"ENG","playtime":732,"items_purged":[],"score":98,"play_id":"990f6a56-a7eb-4dc6-9276-97a6d8f931e9","local_time":"20210131192515","is_ascension_mode":false,"campfire_choices":[{"floor":1,"key":"RECALL"},{"data":"bronze:GetLatest","floor":6,"key":"SMITH"},{"floor":10,"key":"REST"},{"data":"bronze:Repulsor","floor":12,"key":"SMITH"}],"circlet_count":0,"master_deck":["bronze:Strike","bronze:Strike","bronze:Strike","bronze:Strike","bronze:Defend","bronze:Defend","bronze:Defend","bronze:Defend","bronze:Replicate","bronze:Goto","bronze:Safeguard","bronze:GetLatest+1","bronze:Shield","bronze:Boost","bronze:Library","bronze:Repulsor+1","bronze:Branch"],"relics":["bronze:BronzeCore","downfall:HeartsMalice","downfall:HeartBlessingRed","Mummified Hand","Shuriken","hexamod:BolsterEngine","downfall:BrokenWingStatue"],"acts_visited":["Exordium"],"potions_floor_usage":[15,16,16],"damage_taken":[{"damage":0,"enemies":"Jaw Worm","floor":2,"turns":1},{"damage":0,"enemies":"Small Slimes","floor":3,"turns":1},{"damage":0,"enemies":"2 Louse","floor":4,"turns":1},{"damage":10,"enemies":"Exordium Thugs","floor":5,"turns":6},{"damage":16,"enemies":"Lagavulin","floor":8,"turns":5},{"damage":11,"enemies":"Exordium Wildlife","floor":11,"turns":4},{"damage":0,"enemies":"3 Louse","floor":13,"turns":5},{"damage":3,"enemies":"Lots of Slimes","floor":15,"turns":5},{"damage":37,"enemies":"SI_SHIV_ARCHETYPE","floor":16,"turns":10}],"seed_played":"8268513121868986497","potions_obtained":[{"floor":5,"key":"LiquidMemories"},{"floor":8,"key":"LiquidMemories"},{"floor":11,"key":"champ:CounterPotion"},{"floor":15,"key":"bronze:CleanCodePotion"}],"is_trial":false,"path_per_floor":["R","M","M","M","M","R","T","E","?","R","M","R","M","?","M","B"],"character_chosen":"THE_AUTOMATON","items_purchased":[],"campfire_rested":1,"item_purchase_floors":[],"current_hp_per_floor":[70,70,70,70,60,60,60,44,26,47,36,36,36,36,33,0,0,0],"gold":87,"neow_bonus":"THREE_ENEMY_KILL","is_daily":false,"chose_seed":false,"campfire_upgraded":2,"win_rate":0.0,"timestamp":1612121115,"path_taken":["R","M","M","M","M","R","T","E","?","R","M","R","M","?","M","BOSS"],"items_purchased_type":[],"build_version":"2020-12-22","purchased_purges":0,"victory":false,"max_hp_per_floor":[70,70,70,70,70,70,70,70,70,70,70,70,70,70,70,70,70,70],"relic_stats":{"counters":[9,35],"Mummified Hand":[8],"Shuriken":[4],"obtain_stats":[{"bronze:BronzeCore":0,"downfall:BrokenWingStatue":14,"downfall:HeartBlessingRed":6,"Mummified Hand":7,"Shuriken":8,"downfall:HeartsMalice":0,"hexamod:BolsterEngine":9},{"bronze:BronzeCore":0,"downfall:BrokenWingStatue":7,"downfall:HeartBlessingRed":4,"Mummified Hand":4,"Shuriken":5,"downfall:HeartsMalice":0,"hexamod:BolsterEngine":5},{"bronze:BronzeCore":0,"downfall:BrokenWingStatue":20,"downfall:HeartBlessingRed":6,"Mummified Hand":6,"Shuriken":11,"downfall:HeartsMalice":0,"hexamod:BolsterEngine":11}]},"card_choices":[{"not_picked":["bronze:FineTuning","bronze:BitShift"],"picked":"bronze:Safeguard","floor":2},{"not_picked":["bronze:Overload","bronze:Deprecate"],"picked":"bronze:GetLatest","floor":3},{"not_picked":["bronze:BronzeArmor","bronze:Boost"],"picked":"bronze:Shield","floor":4},{"not_picked":["bronze:BronzeArmor","bronze:ClassDefault"],"picked":"bronze:Boost","floor":5},{"not_picked":["bronze:Iterate","bronze:HyperBeam"],"picked":"bronze:Library","floor":8},{"not_picked":["bronze:Overheat","bronze:BuggyMess"],"picked":"bronze:Repulsor","floor":11},{"not_picked":["bronze:Boost","bronze:Deprecate"],"picked":"bronze:Branch","floor":13},{"not_picked":["bronze:BugBarrage","bronze:Deprecate","bronze:FineTuning"],"picked":"SKIP","floor":15}],"player_experience":464115,"relics_obtained":[{"floor":7,"key":"Mummified Hand"},{"floor":8,"key":"Shuriken"}],"event_choices":[{"damage_healed":0,"gold_gain":0,"player_choice":"Success","damage_taken":18,"relics_obtained":["hexamod:BolsterEngine"],"max_hp_gain":0,"max_hp_loss":0,"event_name":"Scrap Ooze","floor":9,"gold_loss":0}],"is_beta":false,"boss_relics":[],"items_purged_floors":[],"is_endless":false,"potions_floor_spawned":[5,8,11,15],"killed_by":"SI_SHIV_ARCHETYPE","ascension_level":0}}