{"host":"zsnmfqgcm92hlreo","time":1612078715,"event":{"mods":["AchievementEnabler","BaseMod","Bestiary","Block Reminder","Colored Powertips","Minty Spire (QoL Compilation)","Permanent Neow","Quick Restart","Relic Stats","Weighted Paths"],"gold_per_floor":[17,34,51,71,71,71,1,1,1,1,17,17,32,50,50,151,151,166,184,196,121,121,121],"floor_reached":22,"language":"ENG","playtime":757,"items_purged":["Searing Blow"],"score":189,"play_id":"9f0892fc-1637-47be-86cc-b11cde267dbc","local_time":"20210131013835","is_ascension_mode":true,"campfire_choices":[{"data":"Apotheosis","floor":6,"key":"SMITH"},{"data":"Searing Blow","floor":8,"key":"SMITH"},{"data":"Searing Blow+1","floor":15,"key":"SMITH"}],"circlet_count":0,"master_deck":["Bash+1","Apotheosis+1","Clothesline","Fiend Fire+1","Searing Blow+2","Disarm","Rampage","Demon Form","Feed","Cleave","Disarm","Impervious","Feel No Pain","Heavy Blade","Armaments+1"],"relics":["Burning Blood","Whetstone","Pandora\u0027s Box"],"acts_visited":["Exordium","TheCity"],"potions_floor_usage":[],"damage_taken":[{"damage":0,"enemies":"Small Slimes","floor":1,"turns":3},{"damage":9,"enemies":"Cultist","floor":2,"turns":4},{"damage":11,"enemies":"Jaw Worm","floor":3,"turns":3},{"damage":17,"enemies":"Large Slime","floor":4,"turns":7},{"damage":5,"enemies":"Looter","floor":11,"turns":4},{"damage":7,"enemies":"3 Louse","floor":13,"turns":4},{"damage":9,"enemies":"Blue Slaver","floor":14,"turns":4},{"damage":10,"enemies":"Slime Boss","floor":16,"turns":10},{"damage":20,"enemies":"Shell Parasite","floor":18,"turns":3},{"damage":20,"enemies":"Chosen","floor":19,"turns":4},{"damage":46,"enemies":"Shelled Parasite and Fungi","floor":20,"turns":6},{"damage":15,"enemies":"Snake Plant","floor":22,"turns":1}],"seed_played":"-5029658683522671915","potions_obtained":[{"floor":3,"key":"SteroidPotion"},{"floor":11,"key":"Energy Potion"},{"floor":14,"key":"ColorlessPotion"},{"floor":19,"key":"AttackPotion"}],"is_trial":false,"path_per_floor":["M","M","M","M","?","R","$","R","T","$","M","?","M","M","R","B",null,"M","M","M","$","M"],"character_chosen":"IRONCLAD","items_purchased":["Searing Blow"],"campfire_rested":0,"item_purchase_floors":[7],"current_hp_per_floor":[80,77,72,61,61,61,61,61,61,61,62,80,79,76,76,72,80,66,52,12,12,0,0],"gold":121,"neow_bonus":"RANDOM_COLORLESS_2","is_daily":false,"chose_seed":false,"campfire_upgraded":3,"win_rate":0.0,"timestamp":1612078715,"path_taken":["M","M","M","M","?","R","$","R","T","$","?","?","?","M","R","BOSS","M","M","M","$","M"],"items_purchased_type":["Card"],"build_version":"2020-12-22","purchased_purges":1,"victory":false,"max_hp_per_floor":[80,80,80,80,80,80,80,80,80,80,80,80,80,80,80,80,80,80,80,80,80,80,80],"relic_stats":{"counters":[12,53],"Pandora\u0027s Box":["Rampage","Demon Form","Searing Blow","Feed","Cleave","Disarm","Impervious","Feel No Pain","Heavy Blade"],"Whetstone":["Bash","Fiend Fire"],"obtain_stats":[{"Pandora\u0027s Box":17,"Whetstone":9,"Burning Blood":0},{"Pandora\u0027s Box":8,"Whetstone":4,"Burning Blood":0},{"Pandora\u0027s Box":39,"Whetstone":17,"Burning Blood":0}],"Burning Blood":60},"card_choices":[{"not_picked":["Transmutation","Sadistic Nature"],"picked":"Apotheosis","floor":0},{"not_picked":["Anger","Sentinel"],"picked":"Clothesline","floor":1},{"not_picked":["Body Slam","Thunderclap","Cleave"],"picked":"SKIP","floor":2},{"not_picked":["True Grit","Heavy Blade","Anger"],"picked":"SKIP","floor":3},{"not_picked":["Disarm","Anger"],"picked":"Fiend Fire","floor":4},{"not_picked":["Shrug It Off","Rupture","Havoc"],"picked":"SKIP","floor":11},{"not_picked":["Infernal Blade","Body Slam"],"picked":"Disarm","floor":13},{"not_picked":["Power Through","Sword Boomerang","True Grit"],"picked":"SKIP","floor":14},{"not_picked":["Flex+1","Iron Wave","Wild Strike"],"picked":"SKIP","floor":18},{"not_picked":["Disarm","Entrench"],"picked":"Armaments+1","floor":19},{"not_picked":["Infernal Blade","Anger","Heavy Blade"],"picked":"SKIP","floor":20}],"player_experience":973619,"relics_obtained":[{"floor":9,"key":"Whetstone"}],"event_choices":[{"damage_healed":0,"gold_gain":0,"player_choice":"Ignored","damage_taken":0,"max_hp_gain":0,"max_hp_loss":0,"event_name":"NoteForYourself","floor":5,"gold_loss":0},{"damage_healed":18,"gold_gain":0,"player_choice":"Full Heal","damage_taken":0,"max_hp_gain":0,"max_hp_loss":0,"event_name":"Wheel of Change","floor":12,"gold_loss":0}],"is_beta":false,"boss_relics":[{"not_picked":["Philosopher\u0027s Stone","Runic Pyramid"],"picked":"Pandora\u0027s Box"}],"items_purged_floors":[21],"is_endless":false,"potions_floor_spawned":[3,11,14,18,19],"killed_by":"Snake Plant","ascension_level":1}}