{"host":"bi4xrs8tqq9xpuhm","time":1612058005,"event":{"mods":["AchievementEnabler","BaseMod","Colored Map","Colored Powertips","Highlight Path","Minty Spire (QoL Compilation)","Relic Stats"],"gold_per_floor":[112,112,112,38,61,94,108,108,188,204,218,218,249,214,214,342,342,358,358,358,283,283,283,319,333,333,333,243,243,243],"floor_reached":29,"language":"ENG","playtime":1993,"items_purged":[],"score":309,"play_id":"64674385-c441-4e51-8b26-d151eab47aa0","local_time":"20210130205325","is_ascension_mode":true,"campfire_choices":[{"data":"Noxious Fumes","floor":8,"key":"SMITH"},{"data":"Bouncing Flask","floor":12,"key":"SMITH"},{"data":"Envenom","floor":15,"key":"SMITH"},{"data":"Crippling Poison","floor":23,"key":"SMITH"}],"circlet_count":0,"master_deck":["Strike_G","Strike_G","Defend_G","Defend_G","Defend_G","Survivor","Neutralize","Flying Knee","Noxious Fumes+1","Crippling Poison+1","Quick Slash+1","Bouncing Flask+1","Envenom+1","Die Die Die","Flechettes","Skewer","Wraith Form v2","Tools of the Trade+1","Distraction+1"],"relics":["SlaversCollar","Golden Idol","Juzu Bracelet","Mango","Pantograph","Strawberry","Philosopher\u0027s Stone","Nloth\u0027s Gift","Oddly Smooth Stone","Ninja Scroll"],"acts_visited":["Exordium","TheCity"],"potions_floor_usage":[16,24,29],"damage_taken":[{"damage":3,"enemies":"Jaw Worm","floor":1,"turns":4},{"damage":17,"enemies":"3 Sentries","floor":6,"turns":7},{"damage":0,"enemies":"Small Slimes","floor":7,"turns":3},{"damage":0,"enemies":"Cultist","floor":10,"turns":4},{"damage":9,"enemies":"Blue Slaver","floor":11,"turns":4},{"damage":13,"enemies":"Gremlin Nob","floor":13,"turns":4},{"damage":13,"enemies":"The Guardian","floor":16,"turns":8},{"damage":14,"enemies":"Chosen","floor":18,"turns":5},{"damage":28,"enemies":"Gremlin Leader","floor":24,"turns":5},{"damage":39,"enemies":"2 Thieves","floor":25,"turns":3},{"damage":16,"enemies":"Book of Stabbing","floor":29,"turns":1}],"seed_played":"-6811871052634032750","potions_obtained":[{"floor":11,"key":"Energy Potion"},{"floor":13,"key":"Energy Potion"},{"floor":25,"key":"CunningPotion"}],"is_trial":false,"path_per_floor":["M","?","?","$","T","E","M","R","T","M","M","R","E","?","R","B",null,"M","?","?","?","?","R","E","M","T","?","?","E"],"character_chosen":"THE_SILENT","items_purchased":["Noxious Fumes"],"campfire_rested":0,"item_purchase_floors":[4],"current_hp_per_floor":[67,60,60,60,60,57,57,57,57,57,48,48,42,63,63,73,86,72,72,72,72,72,72,44,5,5,5,5,0,0],"gold":243,"neow_bonus":"BOSS_RELIC","is_daily":false,"chose_seed":false,"campfire_upgraded":4,"win_rate":0.0,"timestamp":1612058005,"path_taken":["M","?","?","$","?","E","M","R","T","M","M","R","E","?","R","BOSS","M","?","?","?","?","R","E","M","T","?","?","E"],"items_purchased_type":["Card"],"build_version":"2020-12-22","purchased_purges":0,"victory":false,"max_hp_per_floor":[70,70,65,65,65,79,79,79,79,79,79,79,86,86,86,86,86,86,86,86,86,86,86,86,86,86,86,86,86,86],"relic_stats":{"counters":[11,48],"Golden Idol":61,"Pantograph":23,"Juzu Bracelet":4,"Nloth\u0027s Gift":1,"obtain_stats":[{"SlaversCollar":0,"Centennial Puzzle":2,"Golden Idol":3,"Ninja Scroll":26,"Pantograph":9,"Strawberry":13,"Oddly Smooth Stone":24,"Mango":6,"Philosopher\u0027s Stone":17,"Juzu Bracelet":5,"Nloth\u0027s Gift":19,"Ring of the Snake":0},{"SlaversCollar":0,"Centennial Puzzle":1,"Golden Idol":1,"Ninja Scroll":10,"Pantograph":3,"Strawberry":6,"Oddly Smooth Stone":9,"Mango":2,"Philosopher\u0027s Stone":7,"Juzu Bracelet":1,"Nloth\u0027s Gift":8,"Ring of the Snake":0},{"SlaversCollar":0,"Centennial Puzzle":4,"Golden Idol":4,"Ninja Scroll":47,"Pantograph":14,"Strawberry":26,"Oddly Smooth Stone":44,"Mango":11,"Philosopher\u0027s Stone":34,"Juzu Bracelet":4,"Nloth\u0027s Gift":39,"Ring of the Snake":0}]},"card_choices":[{"not_picked":["Prepared","Slice"],"picked":"Flying Knee","floor":1},{"not_picked":["Infinite Blades","Prepared","Reflex"],"picked":"SKIP","floor":6},{"not_picked":["Flying Knee","Eviscerate"],"picked":"Crippling Poison","floor":7},{"not_picked":["Backstab","Poisoned Stab"],"picked":"Quick Slash","floor":10},{"not_picked":["Bane","PiercingWail"],"picked":"Bouncing Flask","floor":11},{"not_picked":["Distraction","All Out Attack"],"picked":"Envenom","floor":13},{"not_picked":["Night Terror","Bullet Time"],"picked":"Die Die Die","floor":16},{"not_picked":["Quick Slash","Sucker Punch","Deflect"],"picked":"SKIP","floor":18},{"not_picked":["Tactician","PiercingWail"],"picked":"Tools of the Trade","floor":24},{"not_picked":["Footwork+1","Sucker Punch+1"],"picked":"Distraction+1","floor":25}],"player_experience":96947,"relics_obtained":[{"floor":5,"key":"Juzu Bracelet"},{"floor":6,"key":"Mango"},{"floor":9,"key":"Pantograph"},{"floor":13,"key":"Strawberry"},{"floor":24,"key":"Oddly Smooth Stone"},{"floor":26,"key":"Ninja Scroll"}],"event_choices":[{"damage_healed":0,"gold_gain":0,"player_choice":"Success","damage_taken":7,"relics_obtained":["Centennial Puzzle"],"max_hp_gain":0,"max_hp_loss":0,"event_name":"Scrap Ooze","floor":2,"gold_loss":0},{"damage_healed":0,"gold_gain":0,"player_choice":"Lose Max HP","damage_taken":0,"relics_obtained":["Golden Idol"],"max_hp_gain":0,"max_hp_loss":5,"event_name":"Golden Idol","floor":3,"gold_loss":0},{"damage_healed":21,"gold_gain":0,"player_choice":"Healed","damage_taken":0,"max_hp_gain":0,"max_hp_loss":0,"event_name":"The Cleric","floor":14,"gold_loss":35},{"damage_healed":0,"gold_gain":0,"player_choice":"Traded Relic","damage_taken":0,"relics_obtained":["Nloth\u0027s Gift"],"max_hp_gain":0,"max_hp_loss":0,"event_name":"N\u0027loth","floor":19,"relics_lost":["Centennial Puzzle"],"gold_loss":0},{"damage_healed":0,"gold_gain":0,"cards_transformed":["Defend_G"],"player_choice":"Transformed","damage_taken":0,"max_hp_gain":0,"max_hp_loss":0,"event_name":"Transmorgrifier","floor":20,"gold_loss":0,"cards_obtained":["Flechettes"]},{"cards_removed":["Strike_G"],"damage_healed":0,"gold_gain":0,"player_choice":"Gave Gold","damage_taken":0,"max_hp_gain":0,"max_hp_loss":0,"event_name":"Beggar","floor":21,"gold_loss":75},{"damage_healed":0,"gold_gain":0,"cards_transformed":["Strike_G","Defend_G"],"player_choice":"Became Test Subject","damage_taken":0,"max_hp_gain":0,"max_hp_loss":0,"event_name":"Drug Dealer","floor":22,"gold_loss":0,"cards_obtained":["Skewer","Wraith Form v2"]},{"damage_healed":0,"gold_gain":0,"player_choice":"Upgraded","damage_taken":0,"max_hp_gain":0,"max_hp_loss":0,"event_name":"Upgrade Shrine","floor":27,"gold_loss":0,"cards_upgraded":["Tools of the Trade"]},{"cards_removed":["Strike_G"],"damage_healed":0,"gold_gain":0,"player_choice":"Upgrade and Remove","damage_taken":0,"max_hp_gain":0,"max_hp_loss":0,"event_name":"Designer","floor":28,"gold_loss":90,"cards_upgraded":["Quick Slash"]}],"is_beta":false,"boss_relics":[{"not_picked":["Ectoplasm","Empty Cage"],"picked":"Philosopher\u0027s Stone"}],"items_purged_floors":[],"is_endless":false,"potions_floor_spawned":[11,13,25],"killed_by":"Book of Stabbing","ascension_level":3}}