{"host":"ke3urjq17qgissv4","time":1612091431,"event":{"mods":["AchievementEnabler","Act Like it!","Arknights","BaseMod","Challenge The Spire","Conspire","Highlight Path","Marisa（F雨　魔理沙）","Minty Spire (QoL Compilation)","Quick Restart","Replay The Spire","RumiaBox-露米娅的神秘盒子","Spicy Shops","StSLib","Waifu the Spire","【功能Mod】混沌之环修复补丁","【遗物卡牌】REMEMod"],"gold_per_floor":[10,23,42,53,72,103,103,122,122,122,122],"floor_reached":10,"language":"ZHS","playtime":414,"items_purged":[],"score":76,"play_id":"b4c70d17-49e8-4dfd-a895-247bffdeaf71","local_time":"20210131191031","is_ascension_mode":true,"campfire_choices":[{"data":"Eruption","floor":7.0,"key":"SMITH"}],"circlet_count":0,"master_deck":["Strike_P+1","Strike_P+1","Strike_P","Strike_P","Defend_P","Defend_P+1","Defend_P+1","Defend_P","Eruption+1","Vigilance","LessonLearned+1","Adaptation+1","Sanctity","Sanctity","BowlingBash+1","LessonLearned","Adaptation","Collect"],"relics":["PureWater","REME_ComplimentaryCards","Prayer Wheel","Replay:Bottled Steam","Ginger"],"acts_visited":["Exordium"],"potions_floor_usage":[],"damage_taken":[{"damage":2.0,"enemies":"Small Slimes","floor":1.0,"turns":4.0},{"damage":1.0,"enemies":"Jaw Worm","floor":2.0,"turns":4.0},{"damage":12.0,"enemies":"Cultist","floor":3.0,"turns":4.0},{"damage":13.0,"enemies":"Lots of Slimes","floor":4.0,"turns":4.0},{"damage":0.0,"enemies":"2 Fungi Beasts","floor":5.0,"turns":2.0},{"damage":17.0,"enemies":"3 Sentries","floor":6.0,"turns":9.0},{"damage":6.0,"enemies":"Looter","floor":8.0,"turns":2.0},{"damage":22,"enemies":"Gremlin Nob","floor":10,"turns":3}],"seed_played":"-3775258806428929057","potions_obtained":[{"floor":1.0,"key":"CultistPotion"},{"floor":2.0,"key":"Dexterity Potion"},{"floor":5.0,"key":"Explosive Potion"}],"is_trial":false,"path_per_floor":["M","M","M","M","M","E","R","M","T","E"],"character_chosen":"WATCHER","items_purchased":[],"campfire_rested":0,"item_purchase_floors":[],"current_hp_per_floor":[70,69,57,44,44,27,27,21,21,0,0],"gold":122,"neow_bonus":"ONE_RARE_RELIC","is_daily":false,"chose_seed":false,"campfire_upgraded":1,"win_rate":0.0,"timestamp":1612091431,"path_taken":["M","M","M","M","M","E","R","M","T","E"],"items_purchased_type":[],"build_version":"2020-12-22","purchased_purges":0,"victory":false,"max_hp_per_floor":[72,72,72,72,72,72,72,72,72,72,72],"card_choices":[{"not_picked":["FearNoEvil","REME_Repentance"],"picked":"Adaptation","floor":1.0},{"not_picked":["JustLucky","EmptyFist"],"picked":"Sanctity","floor":1.0},{"not_picked":["Replay:ManipulateFuture","WindmillStrike"],"picked":"Sanctity","floor":2.0},{"not_picked":["ClearTheMind","SashWhip","Evaluate"],"picked":"SKIP","floor":2.0},{"not_picked":["EmptyFist","Nirvana"],"picked":"BowlingBash","floor":3.0},{"not_picked":["SashWhip","JustLucky","EmptyFist"],"picked":"SKIP","floor":3.0},{"not_picked":["Replay:Anticipation","Vengeance","Nirvana"],"picked":"SKIP","floor":4.0},{"not_picked":["FollowUp","Replay:Cycle","SashWhip"],"picked":"SKIP","floor":4.0},{"not_picked":["BowlingBash","WaveOfTheHand"],"picked":"LessonLearned","floor":5.0},{"not_picked":["Protect","WaveOfTheHand","Meditate"],"picked":"SKIP","floor":5.0},{"not_picked":["Halt","SignatureMove"],"picked":"Adaptation","floor":6.0},{"not_picked":["FearNoEvil","Replay:Anticipation"],"picked":"Collect","floor":8.0},{"not_picked":["Evaluate","Perseverance","EmptyBody"],"picked":"SKIP","floor":8.0}],"player_experience":154404,"relics_obtained":[{"floor":6.0,"key":"Replay:Bottled Steam"},{"floor":9.0,"key":"Ginger"}],"event_choices":[],"is_beta":false,"boss_relics":[],"items_purged_floors":[],"is_endless":false,"potions_floor_spawned":[1,2,5,6],"killed_by":"Gremlin Nob","ascension_level":1}}