{"host":"axuns55dzq466eei","time":1612087176,"event":{"mods":["BaseMod","Colored Map","Keyboard Shortcuts","Minty Spire (QoL Compilation)","StSLib","SuperFastMode"],"gold_per_floor":[113,113,133,144,154,154,187,200,200,260,260,291,70,90,90,164,164,178,128,143,160,160,160],"floor_reached":22,"language":"KOR","playtime":629,"items_purged":["Strike_R","Strike_R"],"score":396,"play_id":"06b2b36d-21af-46a5-a8bb-0a9fc0c18c09","local_time":"20210131185936","is_ascension_mode":true,"campfire_choices":[{"data":"Hemokinesis","floor":6.0,"key":"SMITH"},{"floor":11,"key":"REST"},{"floor":15,"key":"REST"}],"circlet_count":0,"master_deck":["AscendersBane","Strike_R+1","Strike_R","Strike_R+1","Defend_R","Defend_R","Defend_R","Bash","Hemokinesis+1","Carnage","Blood for Blood","Bloodletting","Burning Pact","Shrug It Off","Shrug It Off","Second Wind"],"relics":["Burning Blood","Potion Belt","Mercury Hourglass","Du-Vu Doll","InkBottle","Membership Card","Runic Pyramid"],"acts_visited":["Exordium","TheCity"],"potions_floor_usage":[10,16,21,22],"damage_taken":[{"damage":4.0,"enemies":"Jaw Worm","floor":1.0,"turns":4.0},{"damage":2.0,"enemies":"Small Slimes","floor":3.0,"turns":2.0},{"damage":1.0,"enemies":"Cultist","floor":4.0,"turns":3.0},{"damage":32.0,"enemies":"Gremlin Gang","floor":5.0,"turns":3.0},{"damage":10.0,"enemies":"Gremlin Nob","floor":7.0,"turns":3.0},{"damage":19.0,"enemies":"Lots of Slimes","floor":8.0,"turns":4.0},{"damage":34,"enemies":"Gremlin Nob","floor":10,"turns":4},{"damage":22,"enemies":"3 Sentries","floor":12,"turns":5},{"damage":11,"enemies":"Red Slaver","floor":14,"turns":3},{"damage":15,"enemies":"Slime Boss","floor":16,"turns":5},{"damage":25,"enemies":"Shell Parasite","floor":18,"turns":3},{"damage":9,"enemies":"Chosen","floor":20,"turns":3},{"damage":26,"enemies":"3 Cultists","floor":21,"turns":4},{"damage":29,"enemies":"Chosen and Byrds","floor":22,"turns":5}],"seed_played":"8361089753360770579","potions_obtained":[{"floor":1.0,"key":"BloodPotion"},{"floor":4.0,"key":"EntropicBrew"},{"floor":5.0,"key":"BlessingOfTheForge"},{"floor":10,"key":"ColorlessPotion"},{"floor":12,"key":"Dexterity Potion"},{"floor":14,"key":"ElixirPotion"},{"floor":21,"key":"ElixirPotion"}],"is_trial":false,"path_per_floor":["M","?","M","M","M","R","E","M","T","?","R","E","$","M","R","B",null,"M","$","M","M","M"],"character_chosen":"IRONCLAD","items_purchased":["Membership Card","Shrug It Off"],"campfire_rested":2,"item_purchase_floors":[13,13],"current_hp_per_floor":[70,47,51,56,45,45,41,28,28,15,37,21,21,16,38,29,64,45,45,42,22,0,0],"gold":160,"neow_bonus":"REMOVE_CARD","is_daily":false,"chose_seed":false,"campfire_upgraded":1,"win_rate":0.0,"timestamp":1612087176,"path_taken":["M","?","M","M","M","R","E","M","T","?","R","E","$","M","R","BOSS","M","$","M","M","M"],"items_purchased_type":["Relic","Card"],"build_version":"2020-12-22","purchased_purges":2,"victory":false,"max_hp_per_floor":[75,75,75,75,75,75,75,75,75,75,75,75,75,75,75,75,75,75,75,75,75,75,75],"card_choices":[{"not_picked":["Burning Pact","Wild Strike"],"picked":"Hemokinesis","floor":1.0},{"not_picked":["Sword Boomerang","Disarm"],"picked":"Carnage","floor":3.0},{"not_picked":["Spot Weakness","Headbutt"],"picked":"Blood for Blood","floor":4.0},{"not_picked":["Searing Blow","Wild Strike","Warcry"],"picked":"SKIP","floor":5.0},{"not_picked":["Infernal Blade","Flex"],"picked":"Bloodletting","floor":7.0},{"not_picked":["Hemokinesis","Disarm"],"picked":"Burning Pact","floor":8.0},{"not_picked":["True Grit","Spot Weakness","Perfected Strike"],"picked":"SKIP","floor":12},{"not_picked":["Headbutt","Havoc","Reckless Charge"],"picked":"SKIP","floor":14},{"not_picked":["Armaments","Wild Strike+1"],"picked":"Shrug It Off","floor":18},{"not_picked":["Inflame","Iron Wave"],"picked":"Second Wind","floor":20},{"not_picked":["Twin Strike","Thunderclap","Reaper"],"picked":"SKIP","floor":21},{"not_picked":["Twin Strike","Thunderclap","Reaper"],"picked":"SKIP","floor":21}],"player_experience":1101338,"relics_obtained":[{"floor":7.0,"key":"Potion Belt"},{"floor":9.0,"key":"Mercury Hourglass"},{"floor":10,"key":"Du-Vu Doll"},{"floor":12,"key":"InkBottle"}],"event_choices":[{"damage_healed":0.0,"max_hp_gain":0.0,"max_hp_loss":0.0,"gold_gain":0.0,"event_name":"Shining Light","player_choice":"Entered Light","floor":2.0,"gold_loss":0.0,"damage_taken":23.0,"cards_upgraded":["Strike_R","Strike_R"]},{"damage_healed":0,"gold_gain":0,"player_choice":"Searched \u00272\u0027 times","damage_taken":0,"max_hp_gain":0,"max_hp_loss":0,"event_name":"Dead Adventurer","floor":10,"gold_loss":0}],"is_beta":false,"boss_relics":[{"not_picked":["Tiny House","SlaversCollar"],"picked":"Runic Pyramid"}],"items_purged_floors":[13,19],"is_endless":false,"potions_floor_spawned":[1,4,5,10,12,14,21],"killed_by":"Chosen and Byrds","ascension_level":20}}