{"host":"ucgrft0m53zzt06v","time":1612053929,"event":{"mods":["BaseMod","Colored Map","Colored Powertips","Conspire","HololiveMod","KinomotoSakuraMod(木之本樱)","Lobotomy","Minty Spire (QoL Compilation)","Quick Restart","Replay The Spire","Shop Mod","Spicy Shops","StSLib","Td1madao Mod","The Senshi","Waifu the Spire","WarShipGirlsR/战舰少女R mod","【遗物卡牌】REMEMod"],"gold_per_floor":[114,39,52,65,65,65,82,82,159,59,87,98,20,20,20,119,119,130,145,60,23,23,23,51,51,77,129,129,165,165,264,264,411,411,448,23,115,20,81,81,47,47,96,140,140,195,15,52,52,72],"floor_reached":51,"language":"ZHS","playtime":2692,"items_purged":["Regret","Pain","rmod:strick","rmod:strick"],"score":1050,"play_id":"b17d6dae-9282-4d6d-963b-3476cead5e5b","local_time":"20210131084529","is_ascension_mode":true,"campfire_choices":[{"data":"rmod:basicallowance","floor":6.0,"key":"SMITH"},{"data":"rmod:fuelsupply","floor":8.0,"key":"SMITH"},{"data":"rmod:supportaircraftcarrier","floor":15.0,"key":"SMITH"},{"data":"rmod:ridicule","floor":23.0,"key":"SMITH"},{"data":"rmod:expedition","floor":25.0,"key":"SMITH"},{"data":"rmod:supriseattacks","floor":28.0,"key":"SMITH"},{"data":"rmod:expedition+1","floor":32.0,"key":"SMITH"},{"data":"rmod:expeditionaryescort","floor":40.0,"key":"SMITH"},{"data":"rmod:maintain","floor":42.0,"key":"SMITH"},{"data":"rmod:robin","floor":45.0,"key":"SMITH"},{"data":"rmod:wife","floor":49.0,"key":"SMITH"}],"circlet_count":0,"master_deck":["rmod:strick+1","rmod:strick+1","rmod:defend","rmod:defend","rmod:defend","rmod:defend","rmod:basicallowance+1","rmod:maingunfire","Pot Of Greed","Amplify","Pot Of Greed","rmod:selfconfidence","rmod:fuelsupply+1","rmod:supportaircraftcarrier+1","rmod:expedition+2","rmod:maintain+1","rmod:ridicule+1","rmod:robin+1","rmod:diaomin+1","rmod:supriseattacks+1","rmod:intelligenceanalysis+1","rmod:expeditionaryescort+1","Pot Of Greed","rmod:supportaircraftcarrier+1","rmod:wife+1"],"relics":["rmod:firstchargereward","REME_ComplimentaryCards","Grinning Jar","WarpedTongs","Replay:Bronze Core","conspire:DecoderRing","Dream Catcher","Replay:Bandana","Coffee Dripper","Replay:Wax Seal","MerchantsRug","rmod:equipmentrecovery","Replay:Kaleidoscope","Lantern","conspire:TreasureMap","Happy Flower","Replay:Mystery Machine","Blue Doll"],"acts_visited":["Exordium","TheCity","TheBeyond"],"potions_floor_usage":[50],"damage_taken":[{"damage":6.0,"enemies":"Small Slimes","floor":1.0,"turns":4.0},{"damage":0.0,"enemies":"Cultist","floor":3.0,"turns":3.0},{"damage":0.0,"enemies":"Jaw Worm","floor":4.0,"turns":4.0},{"damage":0.0,"enemies":"3 Louse","floor":7.0,"turns":1.0},{"damage":0.0,"enemies":"Lagavulin","floor":11.0,"turns":6.0},{"damage":0.0,"enemies":"Blue Slaver","floor":12.0,"turns":4.0},{"damage":16.0,"enemies":"Hexaghost","floor":16.0,"turns":7.0},{"damage":0.0,"enemies":"3 Byrds","floor":18.0,"turns":3.0},{"damage":21.0,"enemies":"Shell Parasite","floor":19.0,"turns":4.0},{"damage":0.0,"enemies":"Gremlin Leader","floor":24.0,"turns":3.0},{"damage":0.0,"enemies":"Slavers","floor":27.0,"turns":1.0},{"damage":0.0,"enemies":"Snecko","floor":29.0,"turns":3.0},{"damage":3.0,"enemies":"Automaton","floor":33.0,"turns":5.0},{"damage":0.0,"enemies":"Orb Walker","floor":35.0,"turns":3.0},{"damage":4.0,"enemies":"Mind Bloom Boss Battle","floor":37.0,"turns":5.0},{"damage":11.0,"enemies":"3 Darklings","floor":39.0,"turns":3.0},{"damage":0.0,"enemies":"Reptomancer","floor":41.0,"turns":3.0},{"damage":0.0,"enemies":"4 Shapes","floor":44.0,"turns":1.0},{"damage":0.0,"enemies":"Giant Head","floor":46.0,"turns":3.0},{"damage":0.0,"enemies":"Maw","floor":48.0,"turns":2.0},{"damage":14,"enemies":"Time Eater","floor":50,"turns":7}],"seed_played":"6937926790228466634","potions_obtained":[{"floor":1.0,"key":"SpeedPotion"},{"floor":4.0,"key":"SkillPotion"},{"floor":12.0,"key":"DistilledChaos"},{"floor":27.0,"key":"Toxic Potion"},{"floor":29.0,"key":"LiquidMemories"},{"floor":35.0,"key":"AttackPotion"},{"floor":41.0,"key":"Explosive Potion"},{"floor":44.0,"key":"DuplicationPotion"}],"is_trial":false,"path_per_floor":["M","$","M","M","?","R","M","R","T","$","E","M","$","?","R","B",null,"M","M","?","$","?","R","E","R","T","E","R","M","?","?","R","B",null,"M","$","?","$","M","R","E","R","T","M","R","E","$","M","R","B",null],"character_chosen":"PRAEFECT","items_purchased":["Orichalcum","rmod:robin","Replay:Wax Seal","MerchantsRug","rmod:equipmentrecovery","Mango","Lantern","conspire:TreasureMap","rmod:wife"],"campfire_rested":0,"item_purchase_floors":[13,21,36,36,36,36,38,38,47],"current_hp_per_floor":[69,69,69,69,69,69,69,69,69,69,69,69,69,54,54,38,75,75,54,54,54,40,40,40,40,40,40,40,40,40,40,40,37,80,80,94,90,90,79,79,86,86,86,86,86,86,86,86,86,92],"gold":72,"neow_bonus":"RANDOM_EVENT","is_daily":false,"chose_seed":false,"campfire_upgraded":11,"win_rate":0.0,"timestamp":1612053929,"path_taken":["M","$","M","M","?","R","M","R","T","$","E","?","$","?","R","BOSS","M","M","?","$","?","R","E","R","T","E","R","M","?","?","R","BOSS","M","$","?","$","M","R","E","R","T","M","R","E","$","M","R","BOSS"],"items_purchased_type":["Relic","Card","Relic","Relic","Relic","Relic","Card","Relic","Card"],"build_version":"2020-12-22","purchased_purges":4,"victory":true,"max_hp_per_floor":[75,75,75,75,75,75,75,75,75,75,75,75,75,75,75,75,75,75,75,75,75,80,80,80,80,80,80,80,80,80,80,80,80,80,80,94,94,94,94,94,101,101,101,101,101,101,101,101,101,101],"card_choices":[{"not_picked":["rmod:fuelsupply","rmod:highspeedshooting"],"picked":"rmod:selfconfidence","floor":1.0},{"not_picked":["rmod:wolves","rmod:fletcherpendant"],"picked":"rmod:fuelsupply","floor":3.0},{"not_picked":["rmod:goodsister","rmod:tearstotiara"],"picked":"rmod:supportaircraftcarrier","floor":4.0},{"not_picked":["rmod:smokecover","rmod:salvage"],"picked":"rmod:expedition","floor":7.0},{"not_picked":["rmod:fuelsupply","rmod:generalist"],"picked":"rmod:maintain","floor":11.0},{"not_picked":["rmod:circuitoustactics","rmod:garrisonisland","rmod:aluminumsupply"],"picked":"SKIP","floor":12.0},{"not_picked":["rmod:saltedfish","rmod:acesubmarine"],"picked":"rmod:ridicule","floor":16.0},{"not_picked":["rmod:guardianhero","rmod:wasp","rmod:circuitoustactics"],"picked":"SKIP","floor":18.0},{"not_picked":["rmod:launchingtorpedo","rmod:mineteam","rmod:aluminumsupply+1"],"picked":"SKIP","floor":19.0},{"not_picked":["rmod:steelsupply","rmod:victimresponsibility"],"picked":"rmod:diaomin+1","floor":24.0},{"not_picked":["rmod:steelsupply","rmod:firesupport+1"],"picked":"rmod:supriseattacks","floor":27.0},{"not_picked":["rmod:wasp+1","rmod:advancebysurprise"],"picked":"rmod:intelligenceanalysis+1","floor":29.0},{"not_picked":["rmod:saltedfish","rmod:stealaluminum"],"picked":"rmod:expeditionaryescort","floor":33.0},{"not_picked":["rmod:concentratefire","rmod:diamondstrike+1","rmod:supportescort"],"picked":"SKIP","floor":35.0},{"not_picked":["rmod:tearstotiara+1","rmod:gendarmerie"],"picked":"rmod:supportaircraftcarrier+1","floor":37.0},{"not_picked":["rmod:generalist","rmod:fletcherpendant+1","rmod:garrisonisland"],"picked":"SKIP","floor":39.0},{"not_picked":["rmod:rockthrower","rmod:luckystar","rmod:wasp"],"picked":"SKIP","floor":41.0},{"not_picked":["rmod:tearstotiara+1","rmod:supriseattacks","rmod:highspeedshooting"],"picked":"SKIP","floor":44.0},{"not_picked":["rmod:maintain+1","rmod:advancebysurprise","rmod:aviationdawn"],"picked":"SKIP","floor":46.0},{"not_picked":["rmod:fletcherpendant","rmod:aluminumsupply+1","rmod:ammunitionsupply+1"],"picked":"SKIP","floor":48.0}],"player_experience":119200,"relics_obtained":[{"floor":9.0,"key":"Replay:WaspNest"},{"floor":11.0,"key":"REME_HourglassOfDeath"},{"floor":24.0,"key":"Dream Catcher"},{"floor":26.0,"key":"Replay:Bandana"},{"floor":27.0,"key":"Potion Belt"},{"floor":37.0,"key":"Replay:Kaleidoscope"},{"floor":41.0,"key":"Strawberry"},{"floor":43.0,"key":"Happy Flower"},{"floor":46.0,"key":"Replay:Mystery Machine"}],"event_choices":[{"damage_healed":0.0,"max_hp_gain":0.0,"max_hp_loss":0.0,"gold_gain":0.0,"event_name":"Big Fish","player_choice":"Box","floor":0.0,"gold_loss":0.0,"damage_taken":0.0,"relics_obtained":["Grinning Jar"],"cards_obtained":["Regret"]},{"damage_healed":0.0,"max_hp_gain":0.0,"max_hp_loss":0.0,"gold_gain":0.0,"event_name":"Accursed Blacksmith","player_choice":"Rummage","floor":5.0,"gold_loss":0.0,"damage_taken":0.0,"relics_obtained":["WarpedTongs"],"cards_obtained":["Pain"]},{"damage_healed":0.0,"max_hp_gain":0.0,"max_hp_loss":0.0,"gold_gain":0.0,"event_name":"Shining Light","player_choice":"Entered Light","floor":14.0,"gold_loss":0.0,"damage_taken":15.0,"cards_upgraded":["rmod:strick","rmod:strick"]},{"damage_healed":0.0,"max_hp_gain":0.0,"max_hp_loss":0.0,"gold_gain":0.0,"event_name":"Addict","player_choice":"Obtained Relic","floor":20.0,"gold_loss":85.0,"damage_taken":0.0,"relics_obtained":["conspire:DecoderRing"]},{"damage_healed":0.0,"max_hp_gain":5.0,"max_hp_loss":0.0,"gold_gain":0.0,"event_name":"Forgotten Altar","player_choice":"Shed Blood","floor":22.0,"gold_loss":0.0,"damage_taken":19.0},{"damage_healed":0.0,"max_hp_gain":0.0,"max_hp_loss":0.0,"gold_gain":0.0,"event_name":"Ghosts","player_choice":"Ignored","floor":30.0,"gold_loss":0.0,"damage_taken":0.0},{"damage_healed":0.0,"max_hp_gain":0.0,"max_hp_loss":0.0,"gold_gain":99.0,"event_name":"Nest","player_choice":"Stole From Cult","floor":31.0,"gold_loss":0.0,"damage_taken":0.0},{"damage_healed":0.0,"max_hp_gain":0.0,"max_hp_loss":0.0,"gold_gain":0.0,"event_name":"MindBloom","player_choice":"Fight","floor":37.0,"gold_loss":0.0,"damage_taken":0.0}],"is_beta":false,"boss_relics":[{"not_picked":["Hololive_Finger","conspire:RoyalGoblet"],"picked":"Replay:Bronze Core"},{"not_picked":["Cursed Key","REME_LowDesire"],"picked":"Coffee Dripper"}],"items_purged_floors":[2,10,36,47],"is_endless":false,"potions_floor_spawned":[1,4,12,19,27,29,35,41,44],"ascension_level":2}}