{"host":"qmnyg5dk1o6rw6mz","time":1612090369,"event":{"mods":["100% Spire Juice","2.2 Compatiblity","AchievementEnabler","Act Like it!","Aspiration","Astrologer","BaseMod","Beaked The Cultist","Better Altar","Better Match","Better Note","Better Sensory Stone","Better Skull","Better Third Choice","Better Vampires","Block Reminder","CapriCore","Challenge The Spire","ChefMod","Colored Map","Colored Powertips","Conspire","Defuse TimeMaze Blight","Disable Question Mark Monsters","Displayed Cursed Tome","Downfall","Energized Spire","Fox Events","Gensokyo","GifTheSpireLib","Hermit","Highlight Path","HornydragonMod","Hubris","Infinite Spire","Jedi Mod","Koishi","KomeijiMod","Mari Mod (Legacy)","Mari\u0027s V1 Patch","Marisa¡]Ãú«B¡@Å]²z¨F¡^","Marked Mod","Minty Spire (QoL Compilation)","Monster B Gone","Pale of the Ancients","Permanent Neow","Prisma Mod","Quick Restart","Reimu¡]³Õ???¡^","Relic Filter","Reliquary","Replay The Spire","SIMod","StSLib","Synergy Search","The Alterego","The Bug Knight","The Construct","The Cursed","The Dragon Tamer","The Gatherer","The Hayseed","The Immortal","The Poker Player","The Problem Sleuth","The Runesmith","The Showman","Unceasing Turn Reminder","Wide Potions","Yuri Mod","thorton"],"gold_per_floor":[114,114,114,133,18,18,44,44,67,102,102,128,145,164,164,260,310,323,248,259,272,272,307,319,319,319,339,339,356,356,356,356,458,458,478,478,478,478,492,492,492,527,541,541,568,582,582,595,608,8,8,8,8,8,308,335,335],"floor_reached":58,"language":"ENG","playtime":2558,"items_purged":["Gatherer:Strike_Gatherer","Gatherer:Strike_Gatherer","Gatherer:Defend_Gatherer"],"score":1252,"play_id":"492ac399-915a-4219-8366-d1987cd9dbfb","local_time":"20210131185249","is_ascension_mode":false,"metric_token":4561,"campfire_choices":[{"data":"Gatherer:SmartManeuver","floor":8,"key":"SMITH"},{"floor":11,"key":"REST"},{"floor":15,"key":"DIG"},{"data":"Gatherer:Photoscythe","floor":25,"key":"SMITH"},{"data":"Gatherer:FruitForce","floor":28,"key":"SMITH"},{"data":"Gatherer:FlowerShield","floor":30,"key":"SMITH"},{"data":"Gatherer:Centralize","floor":32,"key":"SMITH"},{"floor":47,"key":"RECALL"},{"data":"beaked:AwakenedForm","floor":51,"key":"SMITH"},{"data":"Gatherer:FlowerShield","floor":54,"key":"SMITH"}],"circlet_count":0,"master_deck":["Gatherer:Strike_Gatherer+1","Gatherer:Strike_Gatherer","Gatherer:Defend_Gatherer","Gatherer:Defend_Gatherer","Gatherer:Centralize+1","Gatherer:FlowerWhip+1","Gatherer:SmartManeuver+1","Gatherer:Photoscythe+1","Defend_G","ReplayTheSpireMod:Necrosis","Quick Slash","Gatherer:FruitForce+1","Gatherer:FlowerShield+1","Gatherer:Misfortune","Gatherer:Photoscythe+1","Gatherer:FlowerFalling","Gatherer:FlowerShield+1","Gatherer:Convert+1","Gatherer:Examine","Gatherer:FlowerBeam+1","Gatherer:FlowerPower+1","hubris:Fate","beaked:AwakenedForm+1","Gatherer:FlowerBeam+1","Gatherer:QuickSynthesis","Gatherer:QuickSynthesis+1","Gatherer:FlowerPower+1","Replay:Bootleg Shield Generator+1","Secret Technique+1"],"relics":["Gatherer:AlchemyBag","ReplayTheSpireMod:Ring of Exchange","Ring of Fury","ReplayFunnel","Regal Pillow","Blue Candle","Onion Ring","jedi:gremlinknob","Tiny House","hubris:DeckOfHolding","Garlic","bronze:MakeshiftBattery","hubris:Towel","Bag of Marbles","hubris:64BitClover","beaked:SacredDeck","reliquary:SharkskinSheath","reliquary:ExpiredCoupon","HollowMod:StagPassRelic","hubris:NiceRug","aspiration:EmptySkull","reliquary:IridiumChain","energizedSpire:OgreHead","Mastiff:ReiMu"],"acts_visited":["Exordium","TheCity","TheBeyond","TheEnding"],"potions_floor_usage":[7,16,23,23,24,33,42,49,52,52,57],"damage_taken":[{"damage":0.0,"enemies":"2 Louse","floor":1.0,"turns":2.0},{"damage":11.0,"enemies":"Jaw Worm","floor":4.0,"turns":2.0},{"damage":24,"enemies":"Lagavulin","floor":7,"turns":5},{"damage":19,"enemies":"Gremlin Nob","floor":10,"turns":4},{"damage":9,"enemies":"Lagavulin","floor":12,"turns":4},{"damage":0,"enemies":"Small Slimes","floor":13,"turns":1},{"damage":0,"enemies":"Gremlin Gang","floor":14,"turns":2},{"damage":4,"enemies":"Slime Boss","floor":16,"turns":5},{"damage":0,"enemies":"Chosen","floor":18,"turns":1},{"damage":0,"enemies":"Spheric Guardian","floor":20,"turns":2},{"damage":7,"enemies":"Centurion and Healer","floor":21,"turns":4},{"damage":4,"enemies":"Gremlin Leader","floor":23,"turns":4},{"damage":0,"enemies":"Snake Plant","floor":24,"turns":1},{"damage":1,"enemies":"Cultist and Chosen","floor":27,"turns":5},{"damage":0,"enemies":"Centurion and Healer","floor":29,"turns":2},{"damage":14,"enemies":"Collector","floor":33,"turns":12},{"damage":0,"enemies":"Orb Walker","floor":35,"turns":2},{"damage":0,"enemies":"3 Shapes","floor":39,"turns":3},{"damage":9,"enemies":"Nightmare","floor":42,"turns":7},{"damage":0,"enemies":"3 Darklings","floor":43,"turns":1},{"damage":0,"enemies":"Transient","floor":46,"turns":5},{"damage":3,"enemies":"4 Shapes","floor":48,"turns":3},{"damage":8,"enemies":"Writhing Mass","floor":49,"turns":2},{"damage":28,"enemies":"conspire:OrnateMirror","floor":52,"turns":5},{"damage":6,"enemies":"hubris:Merchant","floor":55,"turns":7},{"damage":7,"enemies":"Shield and Spear","floor":56,"turns":2},{"damage":44,"enemies":"The Heart","floor":57,"turns":5}],"seed_played":"5725778936364439304","potions_obtained":[{"floor":1.0,"key":"bronze:BurnAndBuffPotion"},{"floor":4.0,"key":"Poison Potion"},{"floor":13,"key":"Weak Potion"},{"floor":14,"key":"AttackPotion"},{"floor":17,"key":"infinitespire:BlackPotion"},{"floor":18,"key":"jedi:StrikingPotion"},{"floor":24,"key":"Elixir"},{"floor":27,"key":"LifebloodPotion"},{"floor":29,"key":"Fire Potion"},{"floor":42,"key":"hexamod:SoulburnPotion"},{"floor":43,"key":"Dexterity Potion"},{"floor":49,"key":"construct:ShiftPotion"},{"floor":55,"key":"SteroidPotion"},{"floor":55,"key":"SpeedPotion"},{"floor":55,"key":"Swift Potion"}],"is_trial":false,"path_per_floor":["M","?","?","M","$","?","E","R","T","E","R","E","M","M","R_BF","B",null,"M","$","M","M","?","E","M","R","T","M","R","M","R","T","R","B",null,"M","?","?","?","M","PTL","PTL","NM","M","AVR","T","M","R","M","M","$","R","B",null,"R","$","E","B",null],"character_chosen":"THE_GATHERER","items_purchased":["Gatherer:Photoscythe+1","reliquary:ExpiredCoupon","HollowMod:StagPassRelic","Gatherer:QuickSynthesis","Swift Potion"],"campfire_rested":1,"item_purchase_floors":[5,50,50,50,50],"current_hp_per_floor":[72,72,72,61,61,61,37,37,37,22,59,50,50,50,50,46,81,81,81,81,74,74,70,70,70,70,69,69,73,73,73,73,59,81,81,81,81,81,81,81,81,72,72,72,72,72,72,69,61,61,61,33,81,81,75,72,28],"gold":335,"neow_bonus":"RANDOM_EVENT","is_daily":false,"chose_seed":false,"campfire_upgraded":7,"win_rate":0.0,"timestamp":1612090369,"path_taken":["M","?","?","M","?","?","E","R","T","E","R","E","M","M","R_BF","BOSS","M","$","M","?","?","E","M","R","T","?","R","M","R","?","R","BOSS","M","?","?","?","M","PTL","PTL","NM","M","AVR","T","M","R","M","?","$","R","BOSS","R","$","E","BOSS"],"items_purchased_type":["Card","Relic","Relic","Card","Potion"],"build_version":"2020-12-22","purchased_purges":3,"victory":true,"max_hp_per_floor":[72,72,72,72,72,72,72,72,72,76,76,76,76,76,76,76,81,81,81,81,81,81,81,81,81,81,81,81,81,81,81,81,81,81,81,81,81,81,81,81,81,81,81,81,81,81,81,81,81,81,81,81,81,81,81,81,81],"card_choices":[{"not_picked":["Gatherer:TreeGrowth","Gatherer:AcidicSpray"],"picked":"Gatherer:SmartManeuver","floor":1.0},{"not_picked":["Gatherer:UpgradeBag","Gatherer:AcidicSpray","Gatherer:SaveValuables"],"picked":"SKIP","floor":4.0},{"not_picked":["Gatherer:SaveValuables","Gatherer:FlowerPower","Gatherer:OddSpoils"],"picked":"SKIP","floor":7},{"not_picked":["Gatherer:SaveValuables","Gatherer:Herbalism"],"picked":"Gatherer:FruitForce","floor":10},{"not_picked":["Gatherer:AcidicSpray","Gatherer:SmartManeuver"],"picked":"Gatherer:FlowerShield","floor":12},{"not_picked":["Gatherer:StoneFence","Gatherer:AcidicSpray","Gatherer:FragileHammer"],"picked":"SKIP","floor":13},{"not_picked":["Gatherer:DrugPower","Gatherer:TacticalStrike"],"picked":"Gatherer:Misfortune","floor":14},{"not_picked":["Gatherer:MindSearch","Gatherer:FinishingStrike"],"picked":"Gatherer:Photoscythe","floor":16},{"not_picked":["Gatherer:Snatch","Gatherer:Herbalism"],"picked":"Gatherer:FlowerFalling","floor":17},{"not_picked":["Gatherer:GatherMaterial+1","Gatherer:TreeGrowth+1"],"picked":"Gatherer:FlowerShield","floor":18},{"not_picked":["Gatherer:BambuSword","Gatherer:Frenzy","Gatherer:SealedBomb"],"picked":"SKIP","floor":20},{"not_picked":["Gatherer:GatherMaterial","Gatherer:Enchant"],"picked":"Gatherer:Convert+1","floor":21},{"not_picked":["Gatherer:ScentOfRosmari","Gatherer:Uplift","Gatherer:EchoOfNature"],"picked":"SKIP","floor":23},{"not_picked":["Gatherer:Convert","Gatherer:MiningStrike+1","Gatherer:ScherryThrow"],"picked":"SKIP","floor":24},{"not_picked":["Gatherer:OddSpoils","Gatherer:Transmute","Gatherer:AromaProtection"],"picked":"SKIP","floor":27},{"not_picked":["Gatherer:TreeGrowth+1","Gatherer:Snatch","Gatherer:AcidicSpray+1"],"picked":"SKIP","floor":29},{"not_picked":["Gatherer:ScrollOfPurity","Gatherer:BomberForm"],"picked":"Gatherer:Examine","floor":33},{"not_picked":["Gatherer:EnergyBasket","Gatherer:AcidicSpray+1"],"picked":"Gatherer:FlowerBeam+1","floor":35},{"not_picked":["Gatherer:AromaProtection+1","Gatherer:BalancedGrowth+1"],"picked":"Gatherer:FlowerPower+1","floor":39},{"not_picked":["infinitespire:FutureSight","infinitespire:SealOfDarkness+"],"picked":"hubris:Fate","floor":42},{"not_picked":["Gatherer:Convert","Gatherer:BambuSword","Gatherer:CarefulStrike+1"],"picked":"SKIP","floor":42},{"not_picked":["Gatherer:SmartManeuver","Gatherer:Duality+1","Gatherer:AcidicSpray"],"picked":"SKIP","floor":43},{"not_picked":["Gatherer:WoolGloves","Gatherer:GatherMaterial+1"],"picked":"Gatherer:FlowerBeam+1","floor":46},{"not_picked":["Gatherer:TacticalStrike","Gatherer:BambuSword","Gatherer:FeelingFine+1"],"picked":"SKIP","floor":48},{"not_picked":["Gatherer:ScherryThrow+1","Gatherer:SmartManeuver+1","Gatherer:EnergyBasket"],"picked":"SKIP","floor":49},{"not_picked":[],"picked":"Gatherer:QuickSynthesis","floor":55},{"not_picked":[],"picked":"Gatherer:FlowerPower","floor":55},{"not_picked":[],"picked":"Replay:Bootleg Shield Generator","floor":55},{"not_picked":[],"picked":"Secret Technique","floor":55},{"not_picked":["Gatherer:BambuSword+1"],"picked":"SKIP","floor":55},{"not_picked":["Gatherer:FruitForce"],"picked":"SKIP","floor":55},{"not_picked":["Gatherer:GlowingPlant"],"picked":"SKIP","floor":55},{"not_picked":["Gatherer:BigPouch+1","Gatherer:GatherMaterial+1","Gatherer:ColorfulGarden"],"picked":"SKIP","floor":56}],"player_experience":253543,"relics_obtained":[{"floor":2.0,"key":"ReplayTheSpireMod:Ring of Exchange"},{"floor":2.0,"key":"Ring of Fury"},{"floor":7,"key":"ReplayFunnel"},{"floor":9,"key":"Regal Pillow"},{"floor":10,"key":"Blue Candle"},{"floor":12,"key":"Onion Ring"},{"floor":15,"key":"jedi:gremlinknob"},{"floor":23,"key":"hubris:DeckOfHolding"},{"floor":26,"key":"Garlic"},{"floor":42,"key":"Bag of Marbles"},{"floor":45,"key":"reliquary:SharkskinSheath"},{"floor":55,"key":"aspiration:EmptySkull"},{"floor":55,"key":"reliquary:IridiumChain"},{"floor":55,"key":"energizedSpire:OgreHead"},{"floor":56,"key":"Mastiff:ReiMu"}],"event_choices":[{"damage_healed":0.0,"max_hp_gain":0.0,"max_hp_loss":0.0,"gold_gain":0.0,"event_name":"Living Wall","player_choice":"Grow","floor":0.0,"gold_loss":0.0,"damage_taken":0.0,"cards_upgraded":["Gatherer:FlowerWhip"]},{"damage_healed":0,"gold_gain":0,"player_choice":"Ignored","damage_taken":0,"max_hp_gain":0,"max_hp_loss":0,"event_name":"betterNote:BetterNote","floor":22,"gold_loss":0,"cards_obtained":["DTMod:CleansingStrike"]},{"damage_healed":0,"gold_gain":0,"player_choice":"Leave","damage_taken":0,"max_hp_gain":0,"max_hp_loss":0,"event_name":"conspire:Investor","floor":37,"gold_loss":0}],"is_beta":false,"boss_relics":[{"not_picked":["Velvet Choker","hubris:HerbalPaste"],"picked":"Tiny House"},{"not_picked":["HandDrill","hubris:TerracottaHorce"],"picked":"bronze:MakeshiftBattery"}],"items_purged_floors":[19,44,50],"is_endless":false,"potions_floor_spawned":[1,4,13,14,18,24,27,29,39,42,43,48,49],"ascension_level":0}}