{"host":"bpu2gs45py12xda8","time":1612078847,"event":{"mods":["BaseMod","Downfall","Minty Spire (QoL Compilation)","StSLib"],"gold_per_floor":[99,113,131,147,7,42,42,42,42,42,42],"floor_reached":9,"language":"ENG","playtime":1190,"items_purged":["Writhe"],"score":61,"play_id":"f61862d5-8263-4a82-a4b5-32ce91b691b6","local_time":"20210131094047","is_ascension_mode":false,"campfire_choices":[{"data":"Chrysalis","floor":1,"key":"SMITH"}],"circlet_count":0,"master_deck":["Guardian:Strike_Guardian","Guardian:Strike_Guardian","Guardian:Strike_Guardian","Guardian:Strike_Guardian","Guardian:Defend_Guardian","Guardian:Defend_Guardian","Guardian:Defend_Guardian","Guardian:Defend_Guardian","Guardian:CurlUp","Guardian:TwinSlam","Chrysalis+1","Guardian:ShieldCharger","Guardian:TimeCapacitor","Guardian:Gem_Green","Guardian:Gem_Blue","Guardian:TemporalShield"],"relics":["Guardian:ModeShifter","Peace Pipe","TungstenRod","Ornamental Fan"],"acts_visited":["Exordium"],"potions_floor_usage":[],"damage_taken":[{"damage":6,"enemies":"Cultist","floor":2,"turns":6},{"damage":3,"enemies":"Small Slimes","floor":3,"turns":4},{"damage":13,"enemies":"2 Louse","floor":4,"turns":3},{"damage":0,"enemies":"downfall:FleeingMerchant","floor":5,"turns":4},{"damage":50,"enemies":"Gremlin Nob","floor":6,"turns":8},{"damage":9,"enemies":"Lagavulin","floor":9,"turns":10}],"seed_played":"3727244980443676686","potions_obtained":[],"is_trial":false,"path_per_floor":["R","M","M","M","$","E","T","T","E"],"character_chosen":"GUARDIAN","items_purchased":["BlessingOfTheForge"],"campfire_rested":0,"item_purchase_floors":[5],"current_hp_per_floor":[80,74,71,58,58,8,8,8,0,0,0],"gold":42,"neow_bonus":"RANDOM_COLORLESS_2","is_daily":false,"chose_seed":false,"campfire_upgraded":1,"win_rate":0.0,"timestamp":1612078847,"path_taken":["R","M","M","M","$","E","T","?","E"],"items_purchased_type":["Potion"],"build_version":"2020-12-22","purchased_purges":1,"victory":false,"max_hp_per_floor":[80,80,80,80,80,80,80,80,80,80,80],"card_choices":[{"not_picked":["Secret Technique","Magnetism"],"picked":"Chrysalis","floor":0},{"not_picked":["Guardian:Reroute","Guardian:Gem_Crimson"],"picked":"Guardian:ShieldCharger","floor":2},{"not_picked":["Guardian:Gem_Red","Guardian:CrystalBeam"],"picked":"Guardian:TimeCapacitor","floor":3},{"not_picked":["Guardian:Reroute","Guardian:Incinerate"],"picked":"Guardian:Gem_Green","floor":4},{"not_picked":["Guardian:ArmoredProtocol","Guardian:VentSteam"],"picked":"Guardian:Gem_Blue","floor":5},{"not_picked":["Guardian:PrimingBeam","Guardian:Gem_Blue"],"picked":"Guardian:TemporalShield","floor":6}],"player_experience":337854,"relics_obtained":[{"floor":6,"key":"Peace Pipe"},{"floor":7,"key":"TungstenRod"},{"floor":8,"key":"Ornamental Fan"}],"event_choices":[],"is_beta":false,"boss_relics":[],"items_purged_floors":[5],"is_endless":false,"potions_floor_spawned":[],"killed_by":"Lagavulin","ascension_level":0}}