{"host":"m4qpn8a4h7jhbw2f","time":1612124653,"event":{"mods":["BaseMod","Colored Map","Colored Powertips","Highlight Path","Minty Spire (QoL Compilation)","Rare Cards Sparkle","Relic Stats"],"gold_per_floor":[12,22,37,112,127,127,142,142,142,160,5,15,15,29,29,134,134,150,12,28,45,45,45,60,60,60,60,30,30,40,58,58,58,58],"floor_reached":33,"language":"ENG","playtime":4809,"items_purged":["Strike_R","Strike_R"],"score":347,"play_id":"e6d8ebb7-76b3-4abf-ad4a-78a1bd88a53b","local_time":"20210131152413","is_ascension_mode":true,"campfire_choices":[{"data":"Anger","floor":6,"key":"SMITH"},{"data":"Wild Strike","floor":8,"key":"SMITH"},{"data":"Offering","floor":13,"key":"SMITH"},{"data":"Rampage","floor":15,"key":"SMITH"},{"data":"Fire Breathing","floor":23,"key":"SMITH"},{"data":"Blood for Blood","floor":25,"key":"SMITH"},{"data":"True Grit","floor":27,"key":"SMITH"},{"floor":32,"key":"REST"}],"circlet_count":0,"master_deck":["Strike_R","Strike_R","Defend_R","Defend_R","Defend_R","Bash","Offering+1","Flame Barrier","Anger+1","Shrug It Off","Wild Strike+1","Rampage+1","Feed","Rupture","Fiend Fire","True Grit+1","Fire Breathing+1","Blood for Blood+1","Warcry+1","Exhume","Battle Trance+1"],"relics":["Burning Blood","Bag of Marbles","Empty Cage","Gremlin Horn"],"acts_visited":["Exordium","TheCity"],"potions_floor_usage":[7,16,16,21,28,30,31,33],"damage_taken":[{"damage":5,"enemies":"2 Louse","floor":1,"turns":4},{"damage":9,"enemies":"Small Slimes","floor":2,"turns":3},{"damage":6,"enemies":"Cultist","floor":3,"turns":2},{"damage":22,"enemies":"Red Slaver","floor":5,"turns":4},{"damage":4,"enemies":"Lots of Slimes","floor":7,"turns":3},{"damage":7,"enemies":"Large Slime","floor":10,"turns":4},{"damage":9,"enemies":"3 Louse","floor":12,"turns":3},{"damage":6,"enemies":"Blue Slaver","floor":14,"turns":1},{"damage":6,"enemies":"Slime Boss","floor":16,"turns":5},{"damage":28,"enemies":"Spheric Guardian","floor":18,"turns":4},{"damage":6,"enemies":"Chosen","floor":20,"turns":3},{"damage":18,"enemies":"Snake Plant","floor":21,"turns":4},{"damage":12,"enemies":"Chosen and Byrds","floor":24,"turns":4},{"damage":34,"enemies":"Snecko","floor":30,"turns":4},{"damage":28,"enemies":"Snake Plant","floor":31,"turns":3},{"damage":43,"enemies":"Champ","floor":33,"turns":7}],"seed_played":"6390300060661804556","potions_obtained":[{"floor":1,"key":"SteroidPotion"},{"floor":5,"key":"LiquidMemories"},{"floor":12,"key":"DistilledChaos"},{"floor":18,"key":"AttackPotion"},{"floor":21,"key":"CultistPotion"},{"floor":28,"key":"Fruit Juice"},{"floor":28,"key":"ColorlessPotion"},{"floor":30,"key":"SneckoOil"},{"floor":31,"key":"AttackPotion"}],"is_trial":false,"path_per_floor":["M","M","M","?","M","R","M","R","T","M","$","M","R","M","R","B",null,"M","$","M","M","?","R","M","R","T","R","?","$","M","M","R","B"],"character_chosen":"IRONCLAD","items_purchased":["Feed","Fire Breathing"],"campfire_rested":1,"item_purchase_floors":[11,19],"current_hp_per_floor":[80,77,77,66,50,50,52,52,52,51,51,51,51,51,51,54,86,64,64,67,55,55,55,52,52,52,52,57,57,29,7,36,0,0],"gold":58,"neow_bonus":"THREE_RARE_CARDS","is_daily":false,"chose_seed":false,"campfire_upgraded":7,"win_rate":0.0,"timestamp":1612124653,"path_taken":["M","M","M","?","M","R","M","R","T","M","$","M","R","M","R","BOSS","M","$","M","M","?","R","M","R","T","R","?","$","M","M","R","BOSS"],"items_purchased_type":["Card","Card"],"build_version":"2020-12-22","purchased_purges":2,"victory":false,"max_hp_per_floor":[80,80,80,80,80,80,80,80,80,80,80,83,83,83,83,86,86,86,86,89,89,89,89,92,92,92,92,97,97,97,97,97,97,97],"relic_stats":{"Gremlin Horn":[0,0],"counters":[16,58],"obtain_stats":[{"Gremlin Horn":26,"Bag of Marbles":9,"Empty Cage":17,"Burning Blood":0},{"Gremlin Horn":13,"Bag of Marbles":5,"Empty Cage":9,"Burning Blood":0},{"Gremlin Horn":44,"Bag of Marbles":16,"Empty Cage":29,"Burning Blood":0}],"Burning Blood":89},"card_choices":[{"not_picked":["Immolate","Exhume"],"picked":"Offering","floor":0},{"not_picked":["Armaments","Flex"],"picked":"Flame Barrier","floor":1},{"not_picked":["Havoc","Battle Trance"],"picked":"Anger","floor":2},{"not_picked":["Clash","Hemokinesis"],"picked":"Shrug It Off","floor":3},{"not_picked":["Metallicize","Clothesline"],"picked":"Wild Strike","floor":5},{"not_picked":["Dark Embrace","True Grit"],"picked":"Rampage","floor":7},{"not_picked":["Disarm","Dark Embrace","Combust"],"picked":"SKIP","floor":10},{"not_picked":["Shrug It Off","Havoc","Body Slam"],"picked":"SKIP","floor":12},{"not_picked":["Clothesline","Intimidate"],"picked":"Rupture","floor":14},{"not_picked":["Limit Break","Impervious"],"picked":"Fiend Fire","floor":16},{"not_picked":["Intimidate","Perfected Strike"],"picked":"True Grit","floor":18},{"not_picked":["Clothesline+1","Perfected Strike","Shrug It Off"],"picked":"SKIP","floor":20},{"not_picked":["Shockwave","Heavy Blade+1"],"picked":"Blood for Blood","floor":21},{"not_picked":["Thunderclap","Pommel Strike"],"picked":"Warcry+1","floor":24},{"not_picked":["Dark Embrace","Shrug It Off"],"picked":"Exhume","floor":30},{"not_picked":["Armaments+1","Havoc"],"picked":"Battle Trance+1","floor":31}],"player_experience":200512,"relics_obtained":[{"floor":9,"key":"Bag of Marbles"},{"floor":26,"key":"Gremlin Horn"}],"event_choices":[{"damage_healed":0,"gold_gain":75,"player_choice":"Gather Gold","damage_taken":11,"max_hp_gain":0,"max_hp_loss":0,"event_name":"World of Goop","floor":4,"gold_loss":0},{"damage_healed":0,"gold_gain":0,"player_choice":"Ignored","damage_taken":0,"max_hp_gain":0,"max_hp_loss":0,"event_name":"Ghosts","floor":22,"gold_loss":0},{"damage_healed":0,"gold_gain":0,"player_choice":"Bought 2 Potions","damage_taken":0,"max_hp_gain":0,"max_hp_loss":0,"event_name":"The Woman in Blue","floor":28,"gold_loss":0}],"is_beta":false,"boss_relics":[{"not_picked":["SacredBark","SlaversCollar"],"picked":"Empty Cage"}],"items_purged_floors":[11,19],"is_endless":false,"potions_floor_spawned":[1,5,12,18,21,30,31],"killed_by":"Champ","ascension_level":2}}