{"host":"zy8sn0tmwn4g7fne","time":1612072043,"event":{"mods":["BaseMod","Better-Laid Plans","CapriCore","Marisa（F雨　魔理沙）","Minty Spire (QoL Compilation)","MostiFishMod","Quick Restart","Remilia（蕾米莉亚）","StSLib","The Immortal","[IsaacMod]以撒尖塔","【功能Mod】Neow奖励","【功能Mod】强力的原版药水","【功能Mod】精心准备"],"gold_per_floor":[113,213,149,164,178,178,194,212,212,40,40,40,40,40,40],"floor_reached":14,"language":"ZHS","playtime":323,"items_purged":[],"score":160,"play_id":"eee534da-eedb-4718-bafd-c1881d2fa774","local_time":"20210131134723","is_ascension_mode":true,"campfire_choices":[{"data":"Metallicize","floor":6,"key":"SMITH"},{"data":"True Grit","floor":11,"key":"SMITH"},{"data":"EpicFetus","floor":13,"key":"SMITH"}],"circlet_count":0,"master_deck":["AscendersBane","Strike_R","Strike_R","Strike_R","Strike_R","Strike_R","Defend_R","Defend_R","Defend_R","Defend_R","Bash","EpicFetus+1","Metallicize+1","Metallicize","Second Wind","True Grit+1","Burning Pact"],"relics":["HushsDoor","Nloth\u0027s Gift","Damocles","BloodWine","NineVolt","SynthV:TestCard","DoctorsRemote","Charon\u0027s Ashes","Tiny Chest","BookofShadows","TheBean","Sundial","Prayer Wheel","Chaos"],"acts_visited":["Exordium"],"potions_floor_usage":[],"damage_taken":[{"damage":2,"enemies":"2 Louse","floor":1,"turns":3},{"damage":1,"enemies":"Small Slimes","floor":4,"turns":3},{"damage":0,"enemies":"Cultist","floor":5,"turns":3},{"damage":0,"enemies":"Looter","floor":7,"turns":3},{"damage":0,"enemies":"Blue Slaver","floor":8,"turns":3},{"damage":5,"enemies":"Gremlin Nob","floor":14,"turns":3}],"seed_played":"2746473258827972106","potions_obtained":[{"floor":8,"key":"Block Potion"}],"is_trial":false,"path_per_floor":["M","?","?","M","M","R","M","M","T","$","R","$","R","E"],"character_chosen":"IRONCLAD","items_purchased":["Chaos"],"campfire_rested":0,"item_purchase_floors":[10],"current_hp_per_floor":[75,75,75,74,74,74,74,74,74,74,74,74,74,0,0],"gold":40,"neow_bonus":"BOSS_RELIC","is_daily":false,"chose_seed":false,"campfire_upgraded":3,"win_rate":0.0,"timestamp":1612072043,"path_taken":["M","?","?","M","?","R","M","M","T","$","R","$","R","E"],"items_purchased_type":["Card"],"build_version":"2020-12-22","purchased_purges":0,"victory":false,"max_hp_per_floor":[75,75,75,75,75,75,75,75,75,75,75,75,75,75,75],"card_choices":[{"not_picked":[],"picked":"EpicFetus","floor":0},{"not_picked":["Thunderclap","Iron Wave","Rage"],"picked":"SKIP","floor":1},{"not_picked":["Thunderclap","Iron Wave","Rage"],"picked":"SKIP","floor":1},{"not_picked":["Sword Boomerang","Iron Wave","Heavy Blade","Flex"],"picked":"Metallicize","floor":2},{"not_picked":["Cleave","Bomb","Perfected Strike","MostiFishMod:KnuckleDown"],"picked":"Metallicize","floor":4},{"not_picked":["True Grit","Seeing Red","MostiFishMod:#F4004","Searing Blow"],"picked":"Second Wind","floor":5},{"not_picked":["Wild Strike","MostiFishMod:Mania","Iron Wave","Flex"],"picked":"True Grit","floor":7},{"not_picked":["Clothesline","Havoc","Iron Wave","Headbutt"],"picked":"Burning Pact","floor":8}],"player_experience":623108,"relics_obtained":[{"floor":1,"key":"SynthV:TestCard"},{"floor":1,"key":"DoctorsRemote"},{"floor":4,"key":"Tiny Chest"},{"floor":5,"key":"BookofShadows"},{"floor":7,"key":"TheBean"},{"floor":8,"key":"Sundial"},{"floor":9,"key":"Prayer Wheel"}],"event_choices":[{"damage_healed":0,"gold_gain":0,"player_choice":"Paid Gold","damage_taken":0,"relics_obtained":["Charon\u0027s Ashes"],"max_hp_gain":0,"max_hp_loss":0,"event_name":"WeMeetAgain","floor":3,"gold_loss":64}],"is_beta":false,"boss_relics":[],"items_purged_floors":[],"is_endless":false,"potions_floor_spawned":[8],"killed_by":"Gremlin Nob","ascension_level":20}}