{"host":"ak97kadm4gobvh6l","time":1612053403,"event":{"mods":["BaseMod","Colored Map","Downfall","Minty Spire (QoL Compilation)","StSLib"],"gold_per_floor":[0,18,18,38,58,77,103,123,142,175,75,75,92,120,137,240,240,140,153,167,167,177,3,3,35,35,48,48,58,58,43,53,149,149,49,61,103,103,203,216,216,256,285,297,309,321,362,388,417,429,441,486,19,19,19,19],"floor_reached":57,"language":"ENG","playtime":7463,"items_purged":["Guardian:Strike_Guardian","Guardian:Strike_Guardian"],"score":1707,"play_id":"c7dcb4a9-dfcf-4326-a0a4-b24980357dc0","local_time":"20210131013643","is_ascension_mode":true,"campfire_choices":[{"floor":1,"key":"RECALL"},{"floor":11,"key":"REST"},{"data":"Guardian:MultiBeam","floor":18,"key":"SMITH"},{"floor":26,"key":"REST"},{"data":"Guardian:Suspension","floor":28,"key":"SMITH"},{"floor":30,"key":"REST"},{"data":"Guardian:StasisField","floor":35,"key":"SMITH"},{"data":"Guardian:TemporalShield","floor":46,"key":"SMITH"},{"floor":54,"key":"REST"}],"circlet_count":0,"master_deck":["Guardian:Defend_Guardian","Guardian:Defend_Guardian","Guardian:CurlUp","Guardian:TwinSlam","Guardian:FastForward","Guardian:ChargeUp","Guardian:PrismaticBeam","Guardian:CompilePackage+1","Guardian:SentryBeam","Guardian:BronzeOrb","Guardian:GatlingBeam","Guardian:TimeCapacitor","Guardian:Incinerate","Guardian:MultiBeam+1","Guardian:Planning+1","Guardian:Suspension+1","Guardian:TimeCapacitor+1","Finesse","Guardian:GemFinder","Guardian:PolyBeam+1","Guardian:CrystalBeam+1","Guardian:StasisField+1","Guardian:Planning","Guardian:PrismaticBeam+1","Guardian:Orbwalk+1","Guardian:TemporalShield+1","Guardian:Clone+1","Guardian:VentSteam+1","Guardian:Orbwalk+1","Guardian:Repulse","expansioncontent:DashGenerateEvil","Finesse"],"relics":["Guardian:ModeShifter","Guardian:DefensiveModeMoreBlock","Toy Ornithopter","downfall:HeartBlessingRed","Nunchaku","Sozu","downfall:HeartBlessingGreen","Nloth\u0027s Gift","Dead Branch","Busted Crown","downfall:HeartBlessingBlue","Guardian:BottledStasis","MawBank","Happy Flower","War Paint","Sundial","DollysMirror"],"acts_visited":["Exordium","TheCity","TheBeyond","TheEnding"],"potions_floor_usage":[10,10,14,16,16,56],"damage_taken":[{"damage":0,"enemies":"2 Louse","floor":2,"turns":3},{"damage":9,"enemies":"Cultist","floor":4,"turns":5},{"damage":8,"enemies":"Small Slimes","floor":5,"turns":2},{"damage":12,"enemies":"Exordium Thugs","floor":6,"turns":7},{"damage":6,"enemies":"Large Slime","floor":8,"turns":7},{"damage":2,"enemies":"2 Fungi Beasts","floor":9,"turns":2},{"damage":32,"enemies":"Gremlin Nob","floor":10,"turns":4},{"damage":0,"enemies":"Gremlin Nob","floor":12,"turns":3},{"damage":7,"enemies":"Exordium Thugs","floor":13,"turns":3},{"damage":0,"enemies":"3 Sentries","floor":14,"turns":2},{"damage":7,"enemies":"3 Louse","floor":15,"turns":3},{"damage":0,"enemies":"WA_ARCHETYPE_RETAIN","floor":16,"turns":4},{"damage":0,"enemies":"Spheric Guardian","floor":19,"turns":2},{"damage":11,"enemies":"Snake Plant","floor":20,"turns":3},{"damage":21,"enemies":"3 Cultists","floor":22,"turns":5},{"damage":0,"enemies":"downfall:FleeingMerchant","floor":23,"turns":4},{"damage":2,"enemies":"Slavers","floor":25,"turns":4},{"damage":6,"enemies":"Cultist and Chosen","floor":27,"turns":5},{"damage":12,"enemies":"Snake Plant","floor":29,"turns":4},{"damage":0,"enemies":"downfall:FleeingMerchant","floor":31,"turns":4},{"damage":12,"enemies":"Chosen and Byrds","floor":32,"turns":4},{"damage":5,"enemies":"SI_MIRROR_ARCHETYPE","floor":33,"turns":7},{"damage":5,"enemies":"Orb Walker","floor":36,"turns":3},{"damage":0,"enemies":"downfall:FleeingMerchant","floor":37,"turns":1},{"damage":0,"enemies":"3 Shapes","floor":40,"turns":2},{"damage":4,"enemies":"Giant Head","floor":42,"turns":4},{"damage":30,"enemies":"Sphere and 2 Shapes","floor":43,"turns":4},{"damage":0,"enemies":"Nemesis","floor":47,"turns":9},{"damage":0,"enemies":"Spire Growth","floor":48,"turns":4},{"damage":0,"enemies":"Maw","floor":49,"turns":5},{"damage":14,"enemies":"IC_BLOCK_ARCHETYPE","floor":50,"turns":8},{"damage":40,"enemies":"downfall:CharBossMerchant","floor":52,"turns":8},{"damage":10,"enemies":"downfall:NeowBoss","floor":55,"turns":12},{"damage":13,"enemies":"downfall:NeowBossFinal","floor":56,"turns":6}],"seed_played":"-7456863242121131050","potions_obtained":[{"floor":2,"key":"Swift Potion"},{"floor":5,"key":"PowerPotion"},{"floor":8,"key":"Strength Potion"},{"floor":10,"key":"SkillPotion"},{"floor":14,"key":"AttackPotion"},{"floor":16,"key":"DistilledChaos"}],"is_trial":false,"path_per_floor":["R","M","?","M","M","M","T","M","M","E","R","?","M","E","M","B",null,"R","M","M","?","M","$","T","E","R","M","R","M","R","$","M","B",null,"R","M","$","?","?","M","T","E","M","?","?","R","E","M","M","B",null,"E","$","R","B","B",null],"character_chosen":"GUARDIAN","items_purchased":["Finesse","Guardian:Orbwalk","Guardian:BottledStasis","DollysMirror","Guardian:Repulse","expansioncontent:DashGenerateEvil","Finesse"],"campfire_rested":4,"item_purchase_floors":[23,37,37,53,53,53,53],"current_hp_per_floor":[72,72,72,63,55,43,43,37,35,3,27,27,20,25,18,28,67,67,67,56,56,35,35,35,33,57,51,51,39,63,63,51,46,72,82,77,77,77,77,77,77,73,43,43,43,43,43,43,43,29,75,35,35,62,52,44],"gold":19,"neow_bonus":"TRANSFORM_TWO_CARDS","is_daily":false,"chose_seed":false,"campfire_upgraded":4,"win_rate":0.0,"timestamp":1612053403,"path_taken":["R","M","?","?","M","?","T","M","M","E","R","?","M","E","M","BOSS","R","M","M","?","M","?","T","E","R","M","R","M","R","$","M","BOSS","R","M","$","?","?","M","T","E","?","?","?","R","E","?","M","BOSS","E","$","R","BOSS","BOSS"],"items_purchased_type":["Card","Card","Relic","Relic","Card","Card","Card"],"build_version":"2020-12-22","purchased_purges":2,"victory":true,"max_hp_per_floor":[80,80,80,80,80,80,80,80,80,80,80,80,80,80,80,80,80,80,80,80,80,80,80,80,80,80,80,80,80,80,80,80,80,80,90,90,90,90,90,90,90,90,90,90,90,90,90,90,90,90,90,90,90,90,90,90],"card_choices":[{"not_picked":["Guardian:RefractedBeam","Guardian:Gem_Green"],"picked":"Guardian:PrismaticBeam","floor":2},{"not_picked":["Guardian:TemporalShield","Guardian:WalkerClaw"],"picked":"Guardian:Gem_Yellow","floor":4},{"not_picked":["Guardian:RollAttack","Guardian:TemporalShield"],"picked":"Guardian:SentryBeam","floor":5},{"not_picked":["Guardian:RollAttack","Guardian:EvasiveProtocol"],"picked":"Guardian:BronzeOrb","floor":6},{"not_picked":["Guardian:GuardianWhirl","Guardian:TemporalStrike"],"picked":"Guardian:GatlingBeam","floor":8},{"not_picked":["Guardian:Planning","Guardian:VentSteam"],"picked":"Guardian:TimeCapacitor","floor":9},{"not_picked":["Guardian:ChargeCore","Guardian:BodySlam"],"picked":"Guardian:Gem_Crimson","floor":10},{"not_picked":["Guardian:DecasProtection","Guardian:Reroute"],"picked":"Guardian:Incinerate","floor":13},{"not_picked":["Guardian:Suspension","Guardian:SpikerProtocol"],"picked":"Guardian:MultiBeam","floor":14},{"not_picked":["Guardian:PiercingHide","Guardian:CrystalBeam"],"picked":"Guardian:Planning","floor":15},{"not_picked":["Guardian:FastForward","Guardian:TimeSifter"],"picked":"Guardian:Gem_Orange","floor":16},{"not_picked":["Guardian:DecasProtection+1","Guardian:Incinerate"],"picked":"Guardian:Suspension","floor":19},{"not_picked":["Guardian:Suspension","Guardian:PrismaticBarrier"],"picked":"Guardian:TimeCapacitor+1","floor":20},{"not_picked":["Guardian:Gem_Green","Guardian:Repulse","Guardian:WalkerClaw+1"],"picked":"SKIP","floor":22},{"not_picked":["Guardian:ExploitGems","Guardian:GuardianWhirl","Guardian:PrismaticBarrier"],"picked":"SKIP","floor":23},{"not_picked":["Guardian:Gem_Green","Guardian:RevengeProtocol"],"picked":"Guardian:GemFinder","floor":25},{"not_picked":["Guardian:Gem_Red","Guardian:Gem_Green"],"picked":"Guardian:Gem_Cyan","floor":27},{"not_picked":["Guardian:TemporalStrike","Guardian:PrimingBeam","Guardian:DonusPower"],"picked":"SKIP","floor":27},{"not_picked":["Guardian:Gem_Green","Guardian:Gem_Red"],"picked":"Guardian:Gem_Cyan","floor":29},{"not_picked":["Guardian:TemporalShield","Guardian:WalkerClaw"],"picked":"Guardian:PolyBeam+1","floor":29},{"not_picked":["Guardian:TimeCapacitor+1","Guardian:Gem_Lightblue"],"picked":"Guardian:CrystalBeam+1","floor":31},{"not_picked":["Guardian:Gem_Cyan","Guardian:DonusPower"],"picked":"Guardian:Gem_Purple","floor":32},{"not_picked":["Guardian:AncientConstruct","Guardian:FastForward"],"picked":"Guardian:StasisField","floor":33},{"not_picked":[],"picked":"Guardian:Planning","floor":36},{"not_picked":[],"picked":"Guardian:PrismaticBeam+1","floor":37},{"not_picked":["Guardian:Gem_Cyan","Guardian:Gem_Red"],"picked":"Guardian:Gem_Lightblue","floor":40},{"not_picked":["Guardian:EvasiveProtocol"],"picked":"SKIP","floor":40},{"not_picked":[],"picked":"Guardian:Gem_Green","floor":42},{"not_picked":[],"picked":"Guardian:TemporalShield","floor":43},{"not_picked":[],"picked":"Guardian:Clone+1","floor":47},{"not_picked":["Guardian:Gem_Cyan","Guardian:Gem_Lightblue"],"picked":"Guardian:Gem_Green","floor":47},{"not_picked":["Guardian:SpikerProtocol"],"picked":"SKIP","floor":48},{"not_picked":["Guardian:Gem_Lightblue"],"picked":"SKIP","floor":49},{"not_picked":["Guardian:Gem_Cyan","Guardian:Gem_Lightblue"],"picked":"Guardian:Gem_Green","floor":52},{"not_picked":[],"picked":"Guardian:VentSteam+1","floor":52}],"player_experience":1065762,"relics_obtained":[{"floor":7,"key":"Guardian:DefensiveModeMoreBlock"},{"floor":10,"key":"Toy Ornithopter"},{"floor":14,"key":"Nunchaku"},{"floor":25,"key":"Dead Branch"},{"floor":41,"key":"MawBank"},{"floor":42,"key":"Happy Flower"},{"floor":47,"key":"War Paint"},{"floor":52,"key":"Sundial"}],"event_choices":[],"is_beta":false,"boss_relics":[{"not_picked":["Guardian:ModeShifterPlus","Black Star"],"picked":"Sozu"},{"not_picked":["bronze:MakeshiftBattery","Cursed Key"],"picked":"Busted Crown"}],"items_purged_floors":[23,37],"is_endless":false,"potions_floor_spawned":[2,5,8,10,14,16,20,25,29,32,42,47,49],"ascension_level":8}}