{"host":"kpyf5rnb72uwap8k","time":1612067975,"event":{"mods":["AchievementEnabler","BaseMod","Colored Map","Colored Powertips","DeckTracker","Minty Spire (QoL Compilation)","Permanent Neow","Quick Restart","StSLib","SuperFastMode"],"gold_per_floor":[114,127,52,68,80,98,2,2,51,62,40,40,53,65,65,166,166,178,196,214,232,242,242,259,278,303,263,274,96,114,0,0,97,97,110,110,35,47,97,97,97,115,115,115,115,134,151,162,162,162,162],"floor_reached":50,"language":"KOR","playtime":3003,"items_purged":["Strike_G","Strike_G"],"score":491,"play_id":"c770d1eb-5311-4a00-82d1-550c1740ecf8","local_time":"20210131133935","is_ascension_mode":true,"campfire_choices":[{"data":"Unload","floor":8.0,"key":"SMITH"},{"data":"Dodge and Roll","floor":12.0,"key":"SMITH"},{"floor":15.0,"key":"REST"},{"floor":23.0,"key":"REST"},{"floor":32.0,"key":"REST"},{"data":"Footwork","floor":40.0,"key":"SMITH"},{"floor":44.0,"key":"REST"},{"floor":49,"key":"REST"}],"circlet_count":0,"master_deck":["Defend_G","Defend_G","Defend_G","Defend_G","Survivor","Neutralize","Sucker Punch","Flying Knee","Flying Knee","Unload+1","Deflect","Dodge and Roll+1","Deflect","Die Die Die","Backflip","Deflect","Backflip","Footwork","Skewer+1","Cloak And Dagger+1","Footwork+1","Adrenaline","Backstab"],"relics":["Ring of the Snake","Mercury Hourglass","Vajra","HoveringKite","Strawberry","Astrolabe","Girya","Centennial Puzzle","Ice Cream"],"acts_visited":["Exordium","TheCity","TheBeyond"],"potions_floor_usage":[47,47,50],"damage_taken":[{"damage":3.0,"enemies":"2 Louse","floor":1.0,"turns":4.0},{"damage":1.0,"enemies":"Cultist","floor":2.0,"turns":5.0},{"damage":0.0,"enemies":"Jaw Worm","floor":4.0,"turns":6.0},{"damage":6.0,"enemies":"Lots of Slimes","floor":5.0,"turns":6.0},{"damage":0.0,"enemies":"Blue Slaver","floor":6.0,"turns":3.0},{"damage":4.0,"enemies":"3 Louse","floor":10.0,"turns":2.0},{"damage":6.0,"enemies":"Lots of Slimes","floor":13.0,"turns":2.0},{"damage":9.0,"enemies":"Exordium Wildlife","floor":14.0,"turns":2.0},{"damage":52.0,"enemies":"Hexaghost","floor":16.0,"turns":16.0},{"damage":14.0,"enemies":"Spheric Guardian","floor":18.0,"turns":4.0},{"damage":8.0,"enemies":"3 Byrds","floor":19.0,"turns":5.0},{"damage":3.0,"enemies":"Centurion and Healer","floor":20.0,"turns":4.0},{"damage":24.0,"enemies":"Snake Plant","floor":21.0,"turns":6.0},{"damage":15.0,"enemies":"Chosen and Byrds","floor":22.0,"turns":8.0},{"damage":16.0,"enemies":"Cultist and Chosen","floor":24.0,"turns":8.0},{"damage":0.0,"enemies":"Centurion and Healer","floor":25.0,"turns":4.0},{"damage":1.0,"enemies":"3 Cultists","floor":28.0,"turns":5.0},{"damage":5.0,"enemies":"Shelled Parasite and Fungi","floor":30.0,"turns":8.0},{"damage":27.0,"enemies":"Collector","floor":33.0,"turns":15.0},{"damage":6.0,"enemies":"3 Shapes","floor":35.0,"turns":6.0},{"damage":12.0,"enemies":"3 Darklings","floor":38.0,"turns":15.0},{"damage":1.0,"enemies":"Mind Bloom Boss Battle","floor":39.0,"turns":12.0},{"damage":12.0,"enemies":"Transient","floor":42.0,"turns":5.0},{"damage":0.0,"enemies":"4 Shapes","floor":46.0,"turns":7.0},{"damage":22,"enemies":"Maw","floor":47,"turns":9},{"damage":1,"enemies":"Jaw Worm Horde","floor":48,"turns":4},{"damage":113,"enemies":"Time Eater","floor":50,"turns":17}],"seed_played":"418513948917533329","potions_obtained":[{"floor":2.0,"key":"EssenceOfSteel"},{"floor":4.0,"key":"DuplicationPotion"},{"floor":5.0,"key":"SteroidPotion"},{"floor":16.0,"key":"Ancient Potion"},{"floor":19.0,"key":"Fire Potion"},{"floor":20.0,"key":"CultistPotion"},{"floor":24.0,"key":"EntropicBrew"},{"floor":27.0,"key":"Fruit Juice"},{"floor":27.0,"key":"EntropicBrew"},{"floor":33.0,"key":"FearPotion"},{"floor":38.0,"key":"Block Potion"},{"floor":46.0,"key":"Swift Potion"},{"floor":48,"key":"Regen Potion"}],"is_trial":false,"path_per_floor":["M","M","$","M","M","M","?","R","T","M","$","R","M","M","R","B",null,"M","M","M","M","M","R","M","M","T","?","M","$","M","?","R","B",null,"M","?","$","M","?","R","T","M","T","R","$","M","M","M","R","B"],"character_chosen":"THE_SILENT","items_purchased":["Dodge and Roll","Footwork","Footwork"],"campfire_rested":5,"item_purchase_floors":[11,29,37],"current_hp_per_floor":[67,66,66,66,60,60,60,60,60,56,56,56,50,41,62,10,70,56,48,45,21,6,27,11,11,18,23,22,22,17,17,41,14,82,76,76,76,64,63,63,63,51,51,75,75,75,53,52,76,0,0],"gold":162,"neow_bonus":"REMOVE_CARD","is_daily":false,"chose_seed":false,"campfire_upgraded":3,"win_rate":0.0,"timestamp":1612067975,"path_taken":["M","M","$","M","M","M","?","R","T","M","$","R","?","M","R","BOSS","M","M","M","M","M","R","M","M","T","?","?","$","M","?","R","BOSS","M","?","$","M","?","R","?","M","T","R","$","M","M","M","R","BOSS"],"items_purchased_type":["Card","Card","Card"],"build_version":"2020-12-22","purchased_purges":2,"victory":false,"max_hp_per_floor":[70,70,70,70,70,70,70,70,70,70,70,70,70,70,70,70,70,70,70,70,70,70,70,70,70,77,82,82,82,82,82,82,82,82,82,82,82,82,82,82,82,82,82,82,82,82,82,82,82,82,82],"card_choices":[{"not_picked":["Dagger Spray","Predator"],"picked":"Sucker Punch","floor":1.0},{"not_picked":["Poisoned Stab","Outmaneuver"],"picked":"Flying Knee","floor":2.0},{"not_picked":["Prepared","Deadly Poison","Dagger Spray"],"picked":"SKIP","floor":4.0},{"not_picked":["Sucker Punch","Dagger Spray"],"picked":"Flying Knee","floor":5.0},{"not_picked":["Expertise","Quick Slash"],"picked":"Unload","floor":6.0},{"not_picked":["Flying Knee","Cloak And Dagger"],"picked":"Deflect","floor":10.0},{"not_picked":["Dagger Throw","Bouncing Flask","Cloak And Dagger"],"picked":"SKIP","floor":13.0},{"not_picked":["Poisoned Stab","Slice"],"picked":"Deflect","floor":14.0},{"not_picked":["Glass Knife","Phantasmal Killer"],"picked":"Die Die Die","floor":16.0},{"not_picked":["Poisoned Stab","Slice","Flechettes"],"picked":"SKIP","floor":18.0},{"not_picked":["Slice","Terror","Bane"],"picked":"SKIP","floor":19.0},{"not_picked":["Underhanded Strike+1","Slice"],"picked":"Backflip","floor":20.0},{"not_picked":["Predator","Dagger Spray+1"],"picked":"Deflect","floor":21.0},{"not_picked":["Choke+1","All Out Attack","Underhanded Strike"],"picked":"SKIP","floor":22.0},{"not_picked":["Bane","Tools of the Trade"],"picked":"Backflip","floor":24.0},{"not_picked":["Prepared","Sucker Punch","Dash"],"picked":"SKIP","floor":25.0},{"not_picked":["Bane","Cloak And Dagger+1","Predator"],"picked":"SKIP","floor":28.0},{"not_picked":["Cloak And Dagger","Deadly Poison","All Out Attack"],"picked":"SKIP","floor":30.0},{"not_picked":["Poisoned Stab+1","Noxious Fumes+1","Outmaneuver+1"],"picked":"SKIP","floor":35.0},{"not_picked":["Dagger Throw","Underhanded Strike+1","Bane+1"],"picked":"SKIP","floor":38.0},{"not_picked":["Poisoned Stab","Backflip"],"picked":"Adrenaline","floor":39.0},{"not_picked":["Blur","Flying Knee","Blade Dance+1"],"picked":"SKIP","floor":42.0},{"not_picked":["Bouncing Flask+1","Sucker Punch+1","Skewer"],"picked":"SKIP","floor":46.0},{"not_picked":["Slice+1","Acrobatics","Blade Dance"],"picked":"SKIP","floor":47},{"not_picked":["Flying Knee+1","Well Laid Plans+1"],"picked":"Backstab","floor":48}],"player_experience":246421,"relics_obtained":[{"floor":9.0,"key":"Vajra"},{"floor":26.0,"key":"Strawberry"},{"floor":39.0,"key":"Girya"},{"floor":41.0,"key":"Centennial Puzzle"},{"floor":43.0,"key":"Ice Cream"}],"event_choices":[{"damage_healed":0.0,"max_hp_gain":0.0,"max_hp_loss":0.0,"gold_gain":0.0,"event_name":"WeMeetAgain","player_choice":"Paid Gold","floor":7.0,"gold_loss":96.0,"damage_taken":0.0,"relics_obtained":["Mercury Hourglass"]},{"damage_healed":0.0,"max_hp_gain":0.0,"max_hp_loss":0.0,"gold_gain":0.0,"event_name":"The Woman in Blue","player_choice":"Bought 3 Potions","floor":27.0,"gold_loss":0.0,"damage_taken":0.0},{"damage_healed":0.0,"max_hp_gain":0.0,"max_hp_loss":0.0,"gold_gain":0.0,"event_name":"Masked Bandits","player_choice":"Paid Fearfully","floor":31.0,"gold_loss":114.0,"damage_taken":0.0},{"cards_removed":["Terror"],"damage_healed":0.0,"max_hp_gain":0.0,"max_hp_loss":0.0,"gold_gain":0.0,"event_name":"Falling","player_choice":"Removed Skill","floor":36.0,"gold_loss":0.0,"damage_taken":0.0},{"damage_healed":0.0,"max_hp_gain":0.0,"max_hp_loss":0.0,"gold_gain":0.0,"event_name":"MindBloom","player_choice":"Fight","floor":39.0,"gold_loss":0.0,"damage_taken":0.0}],"is_beta":false,"boss_relics":[{"not_picked":["Coffee Dripper","Snecko Eye"],"picked":"HoveringKite"},{"not_picked":["Runic Pyramid","Runic Dome"],"picked":"Astrolabe"}],"items_purged_floors":[3,29],"is_endless":false,"potions_floor_spawned":[2,4,5,16,19,20,24,33,38,46,48],"killed_by":"Time Eater","ascension_level":2}}