{"host":"9viy3memdfgcf4vy","time":1612108305,"event":{"mods":["BaseMod","Colored Map","Downfall","Minty Spire (QoL Compilation)","StSLib"],"gold_per_floor":[99,112,124,124,27,43,43,28,63,83,83,83,95,128,141,242,242,242,261,275,125,135,135,135,135],"floor_reached":23,"language":"ENG","playtime":15556,"items_purged":[],"score":325,"play_id":"80048912-7b03-460f-a0f3-dbe58d7721b1","local_time":"20210131175145","is_ascension_mode":true,"campfire_choices":[{"data":"Slimebound:Split","floor":1,"key":"SMITH"},{"floor":11,"key":"REST"},{"floor":18,"key":"RECALL"}],"circlet_count":0,"master_deck":["AscendersBane","Slimebound:Strike_Slimebound","Slimebound:Strike_Slimebound","Slimebound:Strike_Slimebound","Slimebound:Defend_Slimebound","Slimebound:Defend_Slimebound","Slimebound:Defend_Slimebound","Slimebound:Defend_Slimebound","Slimebound:Split+1","Slimebound:CorrosiveSpit","Slimebound:RallyTheTroops","Slimebound:SplitMire","Slimebound:LeechEnergy","Slimebound:OozeBath","Slimebound:SplitSpecialist","Slimebound:SplitMire","Slimebound:MegaLick","Slimebound:DivideAndConquer","Slimebound:Gluttony","Slimebound:SplitMire","Slimebound:LeechLife","Slimebound:SplitSpecialist","Slimebound:GrowthPunch","Ghostly","Slimebound:AcidTongue"],"relics":["Slimebound:AbsorbEndCombat","Matryoshka","Kunai","Blue Candle","Orichalcum","Philosopher\u0027s Stone"],"acts_visited":["Exordium","TheCity"],"potions_floor_usage":[9,9,14,16,16],"damage_taken":[{"damage":1,"enemies":"Cultist","floor":2,"turns":3},{"damage":2,"enemies":"Jaw Worm","floor":3,"turns":4},{"damage":5,"enemies":"downfall:FleeingMerchant","floor":5,"turns":4},{"damage":6,"enemies":"2 Louse","floor":6,"turns":3},{"damage":10,"enemies":"downfall:FleeingMerchant","floor":8,"turns":4},{"damage":23,"enemies":"3 Sentries","floor":9,"turns":6},{"damage":25,"enemies":"Exordium Thugs","floor":10,"turns":4},{"damage":7,"enemies":"Exordium Wildlife","floor":13,"turns":4},{"damage":27,"enemies":"Gremlin Nob","floor":14,"turns":4},{"damage":5,"enemies":"3 Louse","floor":15,"turns":3},{"damage":19,"enemies":"WA_ARCHETYPE_RETAIN","floor":16,"turns":8},{"damage":24,"enemies":"3 Byrds","floor":19,"turns":5},{"damage":6,"enemies":"Sentry and Sphere","floor":20,"turns":4},{"damage":47,"enemies":"Snecko","floor":22,"turns":5},{"damage":38,"enemies":"Gremlin Leader","floor":23,"turns":1}],"seed_played":"-6648883141166008707","potions_obtained":[{"floor":2,"key":"ColorlessPotion"},{"floor":3,"key":"Swift Potion"},{"floor":9,"key":"Guardian:BlockOnCardUsePotion"},{"floor":10,"key":"DistilledChaos"},{"floor":14,"key":"Slimebound:SpawnSlimePotion"},{"floor":19,"key":"Energy Potion"}],"is_trial":false,"path_per_floor":["R","M","M","?","$","M","T","$","E","M","R","?","M","E","M","B",null,"R","M","M","?","M","E"],"character_chosen":"SLIMEBOUND","items_purchased":["Slimebound:SplitSpecialist"],"campfire_rested":1,"item_purchase_floors":[5],"current_hp_per_floor":[59,62,65,65,65,63,63,59,44,27,46,41,42,23,24,13,52,52,45,51,51,29,0,0,0],"gold":135,"neow_bonus":"ONE_RANDOM_RARE_CARD","is_daily":false,"chose_seed":false,"campfire_upgraded":1,"win_rate":0.0,"timestamp":1612108305,"path_taken":["R","M","?","?","$","M","T","?","E","M","R","?","M","E","M","BOSS","R","M","M","?","M","E"],"items_purchased_type":["Card"],"build_version":"2020-12-22","purchased_purges":0,"victory":false,"max_hp_per_floor":[65,65,65,65,65,65,65,65,65,65,65,65,65,65,65,65,65,65,65,65,65,65,65,65,65],"card_choices":[{"not_picked":["Slimebound:LivingWall","Slimebound:LeechEnergy"],"picked":"Slimebound:SplitMire","floor":2},{"not_picked":["Slimebound:Gluttony","Slimebound:SplitAcid"],"picked":"Slimebound:LeechEnergy","floor":3},{"not_picked":["Slimebound:SamplingLick","Slimebound:LivingWall"],"picked":"Slimebound:OozeBath","floor":5},{"not_picked":["Slimebound:LeechEnergy","Slimebound:LeechingTouch","Slimebound:AcidTongue"],"picked":"SKIP","floor":6},{"not_picked":["Slimebound:ServeAndProtect","Slimebound:SplitBruiser"],"picked":"Slimebound:SplitMire","floor":8},{"not_picked":["Slimebound:Replication","Slimebound:Gluttony"],"picked":"Slimebound:MegaLick","floor":9},{"not_picked":["Slimebound:SplitMire","Slimebound:LeechingTouch","Slimebound:SplitLeeching"],"picked":"SKIP","floor":10},{"not_picked":["Slimebound:SplitBruiser","Slimebound:Gluttony"],"picked":"Slimebound:DivideAndConquer","floor":13},{"not_picked":["Slimebound:SplitMire","Slimebound:WasteNot"],"picked":"Slimebound:Gluttony","floor":14},{"not_picked":["Slimebound:FlameTackle","Slimebound:ForwardTackle"],"picked":"Slimebound:SplitMire","floor":15},{"not_picked":["Slimebound:RallyTheTroops","Slimebound:MinionMaster"],"picked":"Slimebound:LeechLife","floor":16},{"not_picked":["Slimebound:FinishingTackle+1","Slimebound:Equalize"],"picked":"Slimebound:SplitSpecialist","floor":19},{"not_picked":["Slimebound:SplitMire","Slimebound:RejuvenatingLick"],"picked":"Slimebound:GrowthPunch","floor":20},{"not_picked":["Slimebound:GoopTackle","Slimebound:ForwardTackle"],"picked":"Slimebound:AcidTongue","floor":22}],"player_experience":435853,"relics_obtained":[{"floor":7,"key":"Matryoshka"},{"floor":9,"key":"Kunai"},{"floor":14,"key":"Orichalcum"}],"event_choices":[{"cards_removed":["Slimebound:Tackle"],"damage_healed":0,"gold_gain":0,"player_choice":"Card Removal","damage_taken":0,"max_hp_gain":0,"max_hp_loss":0,"event_name":"The Cleric","floor":4,"gold_loss":0}],"is_beta":false,"boss_relics":[{"not_picked":["Sozu","Pandora\u0027s Box"],"picked":"Philosopher\u0027s Stone"}],"items_purged_floors":[],"is_endless":false,"potions_floor_spawned":[2,3,6,9,10,14,19],"killed_by":"Gremlin Leader","ascension_level":12}}