{"host":"qgrlfjrqk9z96gfi","time":1612063852,"event":{"mods":["BaseMod","Block Reminder","Colored Map","Custom Start","DeckTracker","Minty Spire (QoL Compilation)"],"gold_per_floor":[10,10,23,23,36,50,50,82,128,128,141,171,185,204,204,281,281,255,255,17,67,67,67,99,99,99,117,133,58,58,58,58],"floor_reached":31,"language":"ENG","playtime":1086,"items_purged":["Strike_G"],"score":530,"play_id":"5bb1d1d1-ad72-46f3-b244-4afc33babafa","local_time":"20210130173052","is_ascension_mode":true,"campfire_choices":[{"data":"Deadly Poison","floor":10,"key":"SMITH"},{"floor":15,"key":"REST"},{"data":"After Image","floor":23,"key":"SMITH"},{"floor":25,"key":"REST"}],"circlet_count":0,"master_deck":["AscendersBane","Strike_G","Strike_G","Strike_G","Strike_G","Defend_G","Defend_G","Defend_G","Defend_G","Defend_G","Survivor","Neutralize+1","Quick Slash","Blade Dance","Blade Dance","Deadly Poison+1","Phantasmal Killer","Outmaneuver","After Image+1","Distraction+1","Leg Sweep","Well Laid Plans","Parasite","Backflip","Crippling Poison"],"relics":["Ring of the Snake","InkBottle","Nunchaku","Bag of Preparation","Cursed Key","Bag of Marbles","Singing Bowl","Ice Cream"],"acts_visited":["Exordium","TheCity"],"potions_floor_usage":[8,16,28],"damage_taken":[{"damage":17,"enemies":"Cultist","floor":1,"turns":5},{"damage":12,"enemies":"Jaw Worm","floor":3,"turns":5},{"damage":1,"enemies":"Small Slimes","floor":5,"turns":3},{"damage":11,"enemies":"Gremlin Gang","floor":6,"turns":5},{"damage":34,"enemies":"Lagavulin","floor":8,"turns":8},{"damage":0,"enemies":"Blue Slaver","floor":11,"turns":3},{"damage":29,"enemies":"Gremlin Nob","floor":12,"turns":4},{"damage":2,"enemies":"3 Louse","floor":13,"turns":3},{"damage":3,"enemies":"Lots of Slimes","floor":14,"turns":4},{"damage":18,"enemies":"Slime Boss","floor":16,"turns":7},{"damage":8,"enemies":"2 Thieves","floor":18,"turns":4},{"damage":31,"enemies":"Gremlin Leader","floor":24,"turns":8},{"damage":2,"enemies":"Spheric Guardian","floor":27,"turns":6},{"damage":4,"enemies":"Snake Plant","floor":28,"turns":5},{"damage":17,"enemies":"Colosseum Slavers","floor":30,"turns":6},{"damage":42,"enemies":"Slavers","floor":31,"turns":10}],"seed_played":"-2718084022515462567","potions_obtained":[{"floor":3,"key":"ColorlessPotion"},{"floor":5,"key":"PowerPotion"},{"floor":11,"key":"FairyPotion"},{"floor":14,"key":"Strength Potion"},{"floor":16,"key":"Energy Potion"},{"floor":24,"key":"Dexterity Potion"}],"is_trial":false,"path_per_floor":["M","?","M","?","M","M","?","E","T","R","M","E","M","M","R","B",null,"M","?","$","?","$","R","E","R","T","M","M","$","?","E"],"character_chosen":"THE_SILENT","items_purchased":["Bag of Marbles","Leg Sweep"],"campfire_rested":2,"item_purchase_floors":[20,20],"current_hp_per_floor":[42,42,30,30,29,18,76,42,42,42,42,13,11,8,30,12,60,52,52,52,45,45,45,14,36,36,34,30,30,13,0,0],"gold":58,"neow_bonus":"RANDOM_COLORLESS_2","is_daily":false,"chose_seed":false,"campfire_upgraded":2,"win_rate":0.0,"timestamp":1612063852,"path_taken":["M","?","M","?","M","?","?","E","T","R","M","E","?","M","R","BOSS","M","?","$","?","$","R","E","R","T","M","?","$","?","E"],"items_purchased_type":["Relic","Card"],"build_version":"2020-12-22","purchased_purges":1,"victory":false,"max_hp_per_floor":[66,66,66,66,66,66,76,76,76,76,76,76,76,76,76,76,76,76,76,76,76,76,76,76,76,76,76,76,76,76,76,76],"card_choices":[{"not_picked":["Metamorphosis","Transmutation"],"picked":"Magnetism","floor":0},{"not_picked":["Bane","Dodge and Roll"],"picked":"Quick Slash","floor":1},{"not_picked":["Flying Knee","Sucker Punch","Quick Slash"],"picked":"SKIP","floor":3},{"not_picked":["Dodge and Roll","Outmaneuver"],"picked":"Blade Dance","floor":5},{"not_picked":["Riddle With Holes","Bane"],"picked":"Blade Dance","floor":6},{"not_picked":["Flying Knee","Blade Dance"],"picked":"Deadly Poison","floor":8},{"not_picked":["Blade Dance","Dodge and Roll"],"picked":"Phantasmal Killer","floor":11},{"not_picked":["Predator","Riddle With Holes"],"picked":"Outmaneuver","floor":12},{"not_picked":["Dagger Spray","Deflect","Prepared"],"picked":"SKIP","floor":13},{"not_picked":["Deflect","Flechettes","Quick Slash"],"picked":"SKIP","floor":14},{"not_picked":["Doppelganger","Malaise"],"picked":"After Image","floor":16},{"not_picked":["Expertise","Riddle With Holes"],"picked":"Distraction+1","floor":18},{"not_picked":["Quick Slash","Tools of the Trade"],"picked":"Well Laid Plans","floor":24},{"not_picked":["Dagger Throw","Flying Knee"],"picked":"Backflip","floor":27},{"not_picked":["Backflip","Predator"],"picked":"Crippling Poison","floor":28}],"player_experience":1089780,"relics_obtained":[{"floor":8,"key":"InkBottle"},{"floor":9,"key":"Nunchaku"},{"floor":12,"key":"Bag of Preparation"},{"floor":24,"key":"Singing Bowl"},{"floor":26,"key":"Ice Cream"}],"event_choices":[{"damage_healed":0,"gold_gain":0,"player_choice":"Grow","damage_taken":0,"max_hp_gain":0,"max_hp_loss":0,"event_name":"Living Wall","floor":2,"gold_loss":0,"cards_upgraded":["Magnetism"]},{"damage_healed":0,"gold_gain":0,"player_choice":"Upgraded","damage_taken":0,"max_hp_gain":0,"max_hp_loss":0,"event_name":"Upgrade Shrine","floor":4,"gold_loss":0,"cards_upgraded":["Neutralize"]},{"cards_removed":["Magnetism"],"damage_healed":48,"gold_gain":0,"player_choice":"Offered Rare","damage_taken":0,"max_hp_gain":10,"max_hp_loss":0,"event_name":"Bonfire Elementals","floor":7,"gold_loss":0},{"damage_healed":0,"gold_gain":0,"player_choice":"Ignored","damage_taken":0,"max_hp_gain":0,"max_hp_loss":0,"event_name":"Beggar","floor":19,"gold_loss":0},{"damage_healed":0,"gold_gain":50,"player_choice":"Touch","damage_taken":7,"max_hp_gain":0,"max_hp_loss":0,"event_name":"FaceTrader","floor":21,"gold_loss":0},{"damage_healed":0,"gold_gain":0,"player_choice":"Fight","damage_taken":0,"max_hp_gain":0,"max_hp_loss":0,"event_name":"Colosseum","floor":30,"gold_loss":0},{"damage_healed":0,"gold_gain":0,"player_choice":"Fled From Nobs","damage_taken":0,"max_hp_gain":0,"max_hp_loss":0,"event_name":"Colosseum","floor":30,"gold_loss":0}],"is_beta":false,"boss_relics":[{"not_picked":["SacredBark","Calling Bell"],"picked":"Cursed Key"}],"items_purged_floors":[29],"is_endless":false,"potions_floor_spawned":[3,5,11,14,16,24],"killed_by":"Slavers","ascension_level":20}}