{"host":"5cnm2qapaqj5mmu7","time":1612106831,"event":{"mods":["BaseMod","Bestiary","Colored Map","Filter the Spire","Minty Spire (QoL Compilation)","StSLib"],"gold_per_floor":[111,111,122,136,146,146,71,101,101,101,101,131,143,154,154,249,249,265,281,299,314,264,294,294,304,304,333,333,345,101,101,101,196,196,210,210,226,246,258,285,285,313,313,333,363,363,377,395,395,395],"floor_reached":51,"language":"ENG","playtime":2176,"items_purged":["Strike_B","Strike_B"],"score":1171,"play_id":"3be01308-6925-4fc7-b3cc-2a6a8da87afd","local_time":"20210131162711","is_ascension_mode":true,"campfire_choices":[{"data":"Sunder","floor":6,"key":"SMITH"},{"data":"Sunder","floor":11,"key":"SMITH"},{"data":"Streamline","floor":15,"key":"SMITH"},{"floor":24,"key":"REST"},{"data":"Hyperbeam","floor":28,"key":"SMITH"},{"floor":32,"key":"REST"},{"floor":41,"key":"REST"},{"floor":46,"key":"REST"},{"floor":49,"key":"REST"}],"circlet_count":0,"master_deck":["Strike_B","Strike_B","Defend_B","Defend_B","Defend_B","Zap","Dualcast","Streamline+1","Fusion","Ball Lightning","Sunder+1","Sunder+1","Undo","Doom and Gloom","Echo Form+1","CurseOfTheBell","Recycle+1","Hyperbeam+1","Sunder","Decay","Leap","Sunder","Parasite","Force Field"],"relics":["Snecko Eye","Bag of Marbles","Potion Belt","InkBottle","Frozen Egg 2","Calling Bell","Oddly Smooth Stone","Blue Candle","Turnip","Symbiotic Virus","Lantern","Akabeko","Blood Vial","Fusion Hammer","Orichalcum","Du-Vu Doll","Question Card","Mango"],"acts_visited":["Exordium","TheCity","TheBeyond"],"potions_floor_usage":[27,33,33,50,50,50,50],"damage_taken":[{"damage":0,"enemies":"Cultist","floor":1,"turns":2},{"damage":1,"enemies":"2 Louse","floor":3,"turns":2},{"damage":0,"enemies":"Small Slimes","floor":4,"turns":2},{"damage":17,"enemies":"Looter","floor":5,"turns":3},{"damage":15,"enemies":"Lagavulin","floor":8,"turns":5},{"damage":15,"enemies":"3 Sentries","floor":12,"turns":4},{"damage":0,"enemies":"Blue Slaver","floor":13,"turns":2},{"damage":0,"enemies":"Gremlin Gang","floor":14,"turns":1},{"damage":0,"enemies":"Slime Boss","floor":16,"turns":4},{"damage":7,"enemies":"Chosen","floor":18,"turns":2},{"damage":6,"enemies":"Shell Parasite","floor":19,"turns":3},{"damage":11,"enemies":"Sentry and Sphere","floor":20,"turns":3},{"damage":4,"enemies":"Snake Plant","floor":21,"turns":2},{"damage":20,"enemies":"Slavers","floor":23,"turns":3},{"damage":12,"enemies":"Cultist and Chosen","floor":25,"turns":3},{"damage":0,"enemies":"Gremlin Leader","floor":27,"turns":3},{"damage":6,"enemies":"Snecko","floor":29,"turns":3},{"damage":26,"enemies":"Automaton","floor":33,"turns":6},{"damage":0,"enemies":"3 Darklings","floor":35,"turns":1},{"damage":0,"enemies":"3 Shapes","floor":37,"turns":1},{"damage":24,"enemies":"Writhing Mass","floor":38,"turns":3},{"damage":4,"enemies":"4 Shapes","floor":39,"turns":1},{"damage":1,"enemies":"Nemesis","floor":40,"turns":3},{"damage":21,"enemies":"Reptomancer","floor":42,"turns":4},{"damage":9,"enemies":"3 Darklings","floor":44,"turns":2},{"damage":9,"enemies":"Giant Head","floor":45,"turns":5},{"damage":8,"enemies":"Writhing Mass","floor":47,"turns":3},{"damage":14,"enemies":"Spire Growth","floor":48,"turns":3},{"damage":91,"enemies":"Donu and Deca","floor":50,"turns":5}],"seed_played":"1052548854818950763","potions_obtained":[{"floor":1,"key":"FairyPotion"},{"floor":12,"key":"Strength Potion"},{"floor":16,"key":"Swift Potion"},{"floor":19,"key":"Weak Potion"},{"floor":21,"key":"SteroidPotion"},{"floor":29,"key":"LiquidBronze"},{"floor":38,"key":"LiquidMemories"},{"floor":40,"key":"FearPotion"}],"is_trial":false,"path_per_floor":["M","$","M","M","M","R","$","E","T","T","R","E","M","M","R","B",null,"M","M","M","M","?","E","R","M","T","E","R","M","$","?","R","B",null,"M","?","M","M","M","E","R","E","T","M","E","R","M","M","R","B",null],"character_chosen":"DEFECT","items_purchased":["Blood Vial"],"campfire_rested":5,"item_purchase_floors":[30],"current_hp_per_floor":[68,68,67,67,50,50,50,35,35,35,35,20,20,20,20,20,61,54,48,37,33,33,13,35,23,23,23,23,17,17,17,39,15,60,62,62,64,42,40,41,63,44,44,37,44,70,64,52,78,26],"gold":395,"neow_bonus":"BOSS_RELIC","is_daily":false,"chose_seed":false,"campfire_upgraded":4,"win_rate":0.0,"timestamp":1612106831,"path_taken":["M","$","M","M","M","R","$","E","T","?","R","E","M","M","R","BOSS","M","M","M","M","?","E","R","?","T","E","R","M","$","?","R","BOSS","M","?","M","M","M","E","R","E","T","M","E","R","M","M","R","BOSS"],"items_purchased_type":["Relic"],"build_version":"2020-12-22","purchased_purges":2,"victory":true,"max_hp_per_floor":[75,75,75,75,75,75,75,75,75,75,75,75,75,75,75,75,75,75,75,75,75,75,75,75,75,75,75,75,75,75,75,75,75,75,75,75,75,75,75,75,75,75,75,75,89,89,89,89,89,89],"card_choices":[{"not_picked":["Self Repair","BootSequence"],"picked":"Streamline","floor":1},{"not_picked":["Skim","Hologram"],"picked":"Fusion","floor":3},{"not_picked":["Streamline","Glacier"],"picked":"Ball Lightning","floor":4},{"not_picked":["Leap","Scrape"],"picked":"Sunder","floor":5},{"not_picked":["Go for the Eyes","Electrodynamics"],"picked":"Sunder","floor":8},{"not_picked":["Streamline","Leap"],"picked":"Undo","floor":12},{"not_picked":["Streamline","BootSequence"],"picked":"Doom and Gloom","floor":13},{"not_picked":["Barrage","Streamline","Consume"],"picked":"SKIP","floor":14},{"not_picked":["All For One","Electrodynamics+1"],"picked":"Echo Form+1","floor":16},{"not_picked":["Doom and Gloom","Ball Lightning","Turbo"],"picked":"SKIP","floor":18},{"not_picked":["Ball Lightning","Melter","Go for the Eyes"],"picked":"SKIP","floor":19},{"not_picked":["Barrage+1","Double Energy+1","Undo"],"picked":"SKIP","floor":20},{"not_picked":["Conserve Battery","Ball Lightning+1"],"picked":"Recycle+1","floor":21},{"not_picked":["Stack","Undo+1","Conserve Battery+1"],"picked":"SKIP","floor":23},{"not_picked":["Go for the Eyes","Ball Lightning"],"picked":"Hyperbeam","floor":25},{"not_picked":["Go for the Eyes","Loop+1"],"picked":"Sunder","floor":27},{"not_picked":["Loop+1","Chaos+1","Rebound"],"picked":"SKIP","floor":29},{"not_picked":["Gash+1","Storm+1","Lockon"],"picked":"SKIP","floor":35},{"not_picked":["Redo","Sweeping Beam"],"picked":"Leap","floor":37},{"not_picked":["Aggregate+1","Ball Lightning+1","Redo"],"picked":"SKIP","floor":38},{"not_picked":["Reboot","Self Repair+1"],"picked":"Sunder","floor":39},{"not_picked":["Sweeping Beam","Ball Lightning","Consume+1"],"picked":"SKIP","floor":40},{"not_picked":["Fusion","Cold Snap","Hologram+1"],"picked":"SKIP","floor":42},{"not_picked":["Auto Shields","Compile Driver+1","Doom and Gloom","Hologram"],"picked":"SKIP","floor":44},{"not_picked":["Leap+1","Compile Driver+1","Amplify","White Noise+1"],"picked":"SKIP","floor":45},{"not_picked":["Glacier+1","Coolheaded+1","Double Energy","Conserve Battery+1"],"picked":"SKIP","floor":47},{"not_picked":["Streamline","Coolheaded+1","Rip and Tear+1"],"picked":"Force Field","floor":48}],"player_experience":584375,"relics_obtained":[{"floor":8,"key":"Bag of Marbles"},{"floor":9,"key":"Potion Belt"},{"floor":10,"key":"InkBottle"},{"floor":12,"key":"Frozen Egg 2"},{"floor":17,"key":"Oddly Smooth Stone"},{"floor":17,"key":"Blue Candle"},{"floor":17,"key":"Turnip"},{"floor":23,"key":"Symbiotic Virus"},{"floor":26,"key":"Lantern"},{"floor":27,"key":"Akabeko"},{"floor":40,"key":"Orichalcum"},{"floor":42,"key":"Du-Vu Doll"},{"floor":43,"key":"Question Card"},{"floor":45,"key":"Mango"}],"event_choices":[{"damage_healed":0,"gold_gain":0,"player_choice":"Bet on Murderer","damage_taken":0,"max_hp_gain":0,"max_hp_loss":0,"event_name":"The Joust","floor":22,"gold_loss":50},{"damage_healed":0,"gold_gain":0,"player_choice":"Smashed Altar","damage_taken":0,"max_hp_gain":0,"max_hp_loss":0,"event_name":"Forgotten Altar","floor":31,"gold_loss":0,"cards_obtained":["Decay"]},{"cards_removed":["Defend_B"],"damage_healed":0,"gold_gain":0,"player_choice":"Removed Skill","damage_taken":0,"max_hp_gain":0,"max_hp_loss":0,"event_name":"Falling","floor":36,"gold_loss":0}],"is_beta":false,"boss_relics":[{"not_picked":["Pandora\u0027s Box","Velvet Choker"],"picked":"Calling Bell"},{"not_picked":["Cursed Key","Nuclear Battery"],"picked":"Fusion Hammer"}],"items_purged_floors":[7,30],"is_endless":false,"potions_floor_spawned":[1,12,16,19,21,29,38,40,44,48],"ascension_level":6}}