{"host":"sad04l3m69qtnhom","time":1612089199,"event":{"mods":["AchievementEnabler","BaseMod","Colored Map","Colored Powertips","DeckTracker","Highlight Path","Minty Spire (QoL Compilation)","Permanent Neow","Quick Restart","SuperFastMode","everything is the same but u backflip on backflip"],"gold_per_floor":[113,93,103,114,127,127,159,3,27,44,44,75,75,75,75,75,75],"floor_reached":16,"language":"KOR","playtime":570,"items_purged":[],"score":132,"play_id":"ecd2130f-d9bf-4724-8add-af0328c8b4a9","local_time":"20210131193319","is_ascension_mode":true,"campfire_choices":[{"data":"Static Discharge","floor":6,"key":"SMITH"},{"floor":11,"key":"REST"},{"data":"Fusion","floor":15,"key":"SMITH"}],"circlet_count":0,"master_deck":["Strike_B","Strike_B","Defend_B","Defend_B","Defend_B","Zap","Dualcast","Beam Cell","Static Discharge+1","Melter","Ball Lightning","Seek","Fission","Ball Lightning","Fusion+1","Ball Lightning","Auto Shields"],"relics":["Cracked Core","Dream Catcher","Orrery","Anchor","Juzu Bracelet","Golden Idol"],"acts_visited":["Exordium"],"potions_floor_usage":[7,12],"damage_taken":[{"damage":7,"enemies":"Jaw Worm","floor":1,"turns":3},{"damage":0,"enemies":"Cultist","floor":3,"turns":4},{"damage":9,"enemies":"Small Slimes","floor":4,"turns":2},{"damage":6,"enemies":"Blue Slaver","floor":5,"turns":3},{"damage":10,"enemies":"Gremlin Nob","floor":7,"turns":3},{"damage":1,"enemies":"Looter","floor":10,"turns":2},{"damage":20,"enemies":"3 Sentries","floor":12,"turns":3},{"damage":24,"enemies":"The Guardian","floor":16,"turns":5}],"seed_played":"4167146006550505662","potions_obtained":[{"floor":2,"key":"FocusPotion"},{"floor":4,"key":"BlessingOfTheForge"},{"floor":5,"key":"Dexterity Potion"},{"floor":7,"key":"SteroidPotion"}],"is_trial":false,"path_per_floor":["M","?","M","M","M","R","E","$","T","M","R","E","?","?","R","B"],"character_chosen":"DEFECT","items_purchased":["Orrery"],"campfire_rested":1,"item_purchase_floors":[8],"current_hp_per_floor":[47,47,47,38,32,32,22,22,22,21,43,23,23,23,23,0,0],"gold":75,"neow_bonus":"TRANSFORM_TWO_CARDS","is_daily":false,"chose_seed":false,"campfire_upgraded":2,"win_rate":0.0,"timestamp":1612089199,"path_taken":["M","?","?","M","M","R","E","$","T","M","R","E","?","?","R","BOSS"],"items_purchased_type":["Relic"],"build_version":"2020-12-22","purchased_purges":0,"victory":false,"max_hp_per_floor":[75,75,75,75,75,75,75,75,75,75,75,75,75,69,69,69,69],"card_choices":[{"not_picked":["Coolheaded","Go for the Eyes"],"picked":"Melter","floor":1},{"not_picked":["Compile Driver","Coolheaded"],"picked":"Ball Lightning","floor":3},{"not_picked":["Chaos","Steam","Coolheaded"],"picked":"SKIP","floor":4},{"not_picked":["Leap","Gash"],"picked":"Seek","floor":5},{"not_picked":["Beam Cell","Genetic Algorithm"],"picked":"Fission","floor":7},{"not_picked":["Compile Driver","Multi-Cast"],"picked":"Ball Lightning","floor":8},{"not_picked":["Redo","Fission"],"picked":"Fusion","floor":8},{"not_picked":["Recycle","Turbo"],"picked":"Ball Lightning","floor":10},{"not_picked":["Cold Snap","Chill"],"picked":"Auto Shields","floor":11},{"not_picked":["Streamline","Multi-Cast","Ball Lightning"],"picked":"SKIP","floor":12}],"player_experience":426819,"relics_obtained":[{"floor":7,"key":"Dream Catcher"},{"floor":9,"key":"Anchor"},{"floor":12,"key":"Juzu Bracelet"}],"event_choices":[{"damage_healed":0,"gold_gain":0,"player_choice":"Bought 1 Potion","damage_taken":0,"max_hp_gain":0,"max_hp_loss":0,"event_name":"The Woman in Blue","floor":2,"gold_loss":0},{"cards_removed":["Strike_B"],"damage_healed":0,"gold_gain":0,"player_choice":"Forget","damage_taken":0,"max_hp_gain":0,"max_hp_loss":0,"event_name":"Living Wall","floor":13,"gold_loss":0},{"damage_healed":0,"gold_gain":0,"player_choice":"Lose Max HP","damage_taken":0,"relics_obtained":["Golden Idol"],"max_hp_gain":0,"max_hp_loss":6,"event_name":"Golden Idol","floor":14,"gold_loss":0}],"is_beta":false,"boss_relics":[],"items_purged_floors":[],"is_endless":false,"potions_floor_spawned":[4,5,7],"killed_by":"The Guardian","ascension_level":4}}