{"host":"dwyzfvnzfcqffr30","time":1612118140,"event":{"mods":["2.2 Compatiblity","Act Like it!","Aspiration","BaseMod","Beaked The Cultist","Better Altar","Better Match","Better Note","Better Sensory Stone","Better Skull","Better Third Choice","Clockwork Mod","Colored Map","Colored Powertips","Conspire","Downfall","Elementarium","GifTheSpireLib","Halation","Hermit","Hubris","Infinite Spire","Ironclad Rager","Jedi Mod","Menagerie","Mimic Mod","Minty Spire (QoL Compilation)","Permanent Neow","Random Character Button","Relic Filter Mod","Reliquary","Replay The Spire","Spicy Shops","Spikes Relics","StSLib","Stuff the Spire","The Construct","The Disciple","The Druid","The Marked","TheFirefly","Trackpad","Wandering Minibosses"],"gold_per_floor":[116,142,142,142,167,212,212,259,299,299,353,353,353,394,394,499,499,543,543,588,637,668,740,799,881,907,957,1046,1046,1046,1144,1144,1295,1295,1397,1397,1429,1533,705,786,786,786,786,786,857,933,1019,1104,1104,1104,1104,1104,136,178,178],"floor_reached":56,"language":"ENG","playtime":6161,"items_purged":["Assess+1","beaked:Evade+1","CommonCold","beaked:Strike_Y+1","beaked:Strike_Y+1"],"score":2828,"play_id":"29accbc9-7e1d-4ef9-8c7a-af0131b3a149","local_time":"20210131103540","is_ascension_mode":true,"campfire_choices":[{"floor":7.0,"key":"RECALL"},{"data":"beaked:Tweet+1","floor":10.0,"key":"SMITH"},{"data":"beaked:Tweet+2","floor":13.0,"key":"SMITH"},{"floor":15.0,"key":"DIG"},{"data":"beaked:MachineEssence+1","floor":30.0,"key":"SMITH"},{"data":"beaked:MachineEssence+2","floor":32.0,"key":"SMITH"},{"data":"beaked:MachineEssence+3","floor":44,"key":"SMITH"},{"data":"infinitespire:Fortify+1","floor":49,"key":"SMITH"},{"data":"infinitespire:Fortify+2","floor":52,"key":"SMITH"}],"circlet_count":0,"master_deck":["AscendersBane","beaked:Strike_Y+1","beaked:Strike_Y+1","beaked:Strike_Y+1","beaked:Strike_Y+1","beaked:Defend_Y+1","beaked:Defend_Y+1","beaked:Defend_Y+1","beaked:Defend_Y+1","beaked:Ceremony+1","beaked:Ceremony+1","beaked:Ceremony+1","MasterReality+1","Apotheosis+1","beaked:MaddeningMurmurs+1","beaked:Tweet+3","beaked:CursingBlood+1","beaked:MaddeningMurmurs+1","beaked:AwakenedForm+1","beaked:MachineEssence+4","beaked:MimicWarrior+1","beaked:KnowThyFoe+1","beaked:MachineSpirit+1","beaked:Ceremony+1","infinitespire:Fortify+3","Madness+1","Madness+1","beaked:Hexing+1"],"relics":["beaked:MendingPlumage","Bottled Tornado","halation:Prosthetics","conspire:InfiniteJournal","infinitespire:EvilPickle","SacredBark","Quantum Egg","Frozen Egg 2","Toxic Egg 2","Molten Egg 2","hubris:Towel","Tiny Chest","SpikesRelics:ToyHorsey","SnailShell","halation:LettersToHer","Strawberry","beaked:ThroatLozenge","trackpad:ByrdCharm","conspire:SpecialSausage","aspiration:RitualStick","Letter Opener","RoseTintedShades","Juzu Bracelet","Gremlin Food","Orichalcum","trackpad:ByrdBGone","jedi:cryingmask","MiniBlackHole","jedi:heavyjacket","Letter Opener","ReplayTheSpireMod:SealedPack","infinitespire:Joker Card","TungstenRod","Replay:Baseball","Oddly Smooth Stone","aspiration:TomeofQuesting","Replay:Ringing Soul","sneckomod:BlankCard","reliquary:Stiletto","hubris:Icosahedron","SpikesRelics:DaevaFist","jedi:archwizardhat","trackpad:BottledTsunami","Akabeko"],"acts_visited":["Menagerie:Menagerie","TheCity","TheBeyond","TheEnding"],"potions_floor_usage":[47,55,55],"damage_taken":[{"damage":0.0,"enemies":"Menagerie:StygianBoar","floor":1.0,"turns":5.0},{"damage":10.0,"enemies":"Menagerie:WhisperingWraith","floor":2.0,"turns":6.0},{"damage":14.0,"enemies":"Menagerie:2_RABBITS","floor":5.0,"turns":8.0},{"damage":7.0,"enemies":"Menagerie:VoidReaper","floor":6.0,"turns":5.0},{"damage":30.0,"enemies":"Menagerie:MaskedSummoner","floor":8.0,"turns":6.0},{"damage":1.0,"enemies":"Menagerie:RedMage","floor":9.0,"turns":5.0},{"damage":2.0,"enemies":"Menagerie:VoidReaper","floor":11.0,"turns":6.0},{"damage":0.0,"enemies":"Menagerie:RedMage","floor":14.0,"turns":3.0},{"damage":0.0,"enemies":"Menagerie:Chimera","floor":16.0,"turns":7.0},{"damage":0.0,"enemies":"Shell Parasite","floor":18.0,"turns":6.0},{"damage":0.0,"enemies":"3 Byrds","floor":20.0,"turns":6.0},{"damage":43.0,"enemies":"3 Cultists","floor":21.0,"turns":7.0},{"damage":2.0,"enemies":"Cultist and Chosen","floor":22.0,"turns":9.0},{"damage":26.0,"enemies":"Gremlin Leader","floor":23.0,"turns":8.0},{"damage":1.0,"enemies":"Cultist and Chosen","floor":24.0,"turns":5.0},{"damage":0.0,"enemies":"Book of Stabbing","floor":25.0,"turns":8.0},{"damage":18.0,"enemies":"Slavers","floor":28.0,"turns":5.0},{"damage":0.0,"enemies":"Book of Stabbing","floor":31.0,"turns":5.0},{"damage":0.0,"enemies":"Automaton","floor":33.0,"turns":8.0},{"damage":16.0,"enemies":"3 Shapes","floor":35.0,"turns":5.0},{"damage":0.0,"enemies":"Orb Walker","floor":37.0,"turns":6.0},{"damage":0.0,"enemies":"Orb Walker","floor":38.0,"turns":4.0},{"damage":0.0,"enemies":"Giant Head","floor":40.0,"turns":9.0},{"damage":0.0,"enemies":"4 Shapes","floor":43.0,"turns":6.0},{"damage":0,"enemies":"Reptomancer","floor":45,"turns":6},{"damage":0,"enemies":"4 Shapes","floor":46,"turns":4},{"damage":0,"enemies":"Nemesis","floor":47,"turns":11},{"damage":0,"enemies":"Sphere and 2 Shapes","floor":48,"turns":4},{"damage":0,"enemies":"Donu and Deca","floor":50,"turns":8},{"damage":0,"enemies":"Shield and Spear","floor":54,"turns":5},{"damage":4,"enemies":"The Heart","floor":55,"turns":8}],"seed_played":"4207308829861393883","potions_obtained":[{"floor":0.0,"key":"DuplicationPotion"},{"floor":0.0,"key":"Block Potion"},{"floor":0.0,"key":"jedi:holywater"},{"floor":5.0,"key":"LiquidBronze"},{"floor":8.0,"key":"Adrenaline Potion"},{"floor":11.0,"key":"SkillPotion"},{"floor":25.0,"key":"hexamod:SoulburnPotion"},{"floor":31.0,"key":"Elixir"},{"floor":48,"key":"FearPotion"}],"is_trial":false,"path_per_floor":["M","M","?","?","M","E","R","E","MIM","R","E","?","R","M","R_BF","B",null,"M","?","M","M","MIM","E","M","E","T","?","E","?","R","E","R","B",null,"M","?","MIM","M","$","E","?","?","MIM","R","E","M","E","M","R","B",null,"R","$","E","B",null],"character_chosen":"BEAKED_THE_CULTIST","items_purchased":["Oddly Smooth Stone","beaked:Hexing+1","aspiration:TomeofQuesting","Replay:Ringing Soul","jedi:archwizardhat","trackpad:BottledTsunami","PowerPotion"],"campfire_rested":0,"item_purchase_floors":[39,39,39,39,53,53,53],"current_hp_per_floor":[12,11,11,4,16,18,18,64,85,85,85,85,85,85,85,85,85,85,64,85,85,83,85,85,85,85,85,85,85,85,85,85,85,85,70,55,85,85,85,85,66,66,85,85,85,85,85,85,85,85,85,85,85,85,85],"gold":178,"neow_bonus":"THREE_SMALL_POTIONS","is_daily":false,"chose_seed":false,"campfire_upgraded":7,"win_rate":0.0,"timestamp":1612118140,"path_taken":["M","M","?","?","?","E","R","E","MIM","R","E","?","R","M","R_BF","BOSS","M","?","M","M","?","E","M","E","T","?","E","?","R","E","R","BOSS","M","?","?","M","$","E","?","?","MIM","R","E","M","E","M","R","BOSS","R","$","E","BOSS"],"items_purchased_type":["Relic","Card","Relic","Relic","Relic","Relic","Potion"],"build_version":"2020-12-22","purchased_purges":5,"victory":true,"max_hp_per_floor":[12,14,14,14,16,18,18,78,85,85,85,85,85,85,85,85,85,85,85,85,85,85,85,85,85,85,85,85,85,85,85,85,85,85,85,85,85,85,85,85,85,85,85,85,85,85,85,85,85,85,85,85,85,85,85],"card_choices":[{"not_picked":["beaked:SurvivalInstinct+1","beaked:HuntressEssence+1"],"picked":"beaked:Evade+1","floor":1.0},{"not_picked":["beaked:TuckingFeathers+1","beaked:Overpower+1"],"picked":"beaked:MaddeningMurmurs+1","floor":2.0},{"not_picked":["beaked:DigDeep+1","beaked:SacrificialAttack+1","beaked:Brace+1"],"picked":"SKIP","floor":5.0},{"not_picked":["beaked:DigDeep+1","ReplayTheSpireMod:Prepare the Ceremony+1"],"picked":"beaked:Tweet+1","floor":6.0},{"not_picked":["beaked:SacrificialAttack+1","beaked:Resilience+1","beaked:FullHouse+1"],"picked":"SKIP","floor":8.0},{"not_picked":["beaked:SacrificialAttack+1","beaked:Resilience+1"],"picked":"beaked:CursingBlood+1","floor":9.0},{"not_picked":["beaked:DigDeep+1","beaked:Flinch+1"],"picked":"beaked:MaddeningMurmurs+1","floor":11.0},{"not_picked":["beaked:Tweet+1","beaked:SurvivalInstinct+1","beaked:DigDeep+1"],"picked":"SKIP","floor":14.0},{"not_picked":["beaked:Tweet+1","beaked:SurvivalInstinct+1","beaked:DigDeep+1"],"picked":"SKIP","floor":14.0},{"not_picked":["beaked:Brainwash+1","beaked:Caw+1"],"picked":"beaked:AwakenedForm+1","floor":16.0},{"not_picked":["beaked:StickSmack+1","beaked:Replenish+1","beaked:WarriorEssence+1"],"picked":"SKIP","floor":18.0},{"not_picked":["beaked:Foresight+1","beaked:Resilience+1"],"picked":"beaked:MachineEssence+1","floor":20.0},{"not_picked":["beaked:DigDeep+1","beaked:HuntressSpirit+1","beaked:WarriorEssence+1"],"picked":"SKIP","floor":21.0},{"not_picked":["beaked:TuckingFeathers+1","beaked:DigDeeper+1"],"picked":"beaked:MimicWarrior+1","floor":22.0},{"not_picked":["beaked:StunningBlow+1","beaked:Mantra+1","beaked:Brainwash+1"],"picked":"SKIP","floor":23.0},{"not_picked":["beaked:DigDeep+1","beaked:Tweet+1"],"picked":"beaked:KnowThyFoe+1","floor":24.0},{"not_picked":["beaked:HuntressEssence+1","beaked:MaddeningMurmurs+1","beaked:SurvivalInstinct+1"],"picked":"SKIP","floor":25.0},{"not_picked":["beaked:Replenish+1","beaked:Resilience+1"],"picked":"beaked:MachineSpirit+1","floor":28.0},{"not_picked":["beaked:BarbedWire+1","beaked:Flinch+1","beaked:Insight+1"],"picked":"SKIP","floor":31.0},{"not_picked":["hexamod:Float","theDruid:BriarArmor"],"picked":"beaked:Ceremony","floor":34.0},{"not_picked":["PanicButton","Survey Options"],"picked":"Assess","floor":34.0},{"not_picked":["infinitespire:TheBestDefense","ReplayTheSpireMod:??????????????????????"],"picked":"infinitespire:Fortify","floor":34.0},{"not_picked":["beaked:Evade+1","beaked:Redirect+1","beaked:BarbedWire+1"],"picked":"SKIP","floor":35.0},{"not_picked":["beaked:Overpower+1","beaked:Windmill+1","beaked:SurvivalInstinct+1"],"picked":"SKIP","floor":38.0},{"not_picked":["beaked:HuntressSpirit+1","beaked:BloodForTheGods+1","beaked:WindBringer+1"],"picked":"SKIP","floor":40.0},{"not_picked":["beaked:Resilience+1","beaked:WarriorEssence+1","beaked:Tweet+1"],"picked":"SKIP","floor":45},{"not_picked":["beaked:Overexert+1","beaked:Redirect+1","beaked:StickSmack+1"],"picked":"SKIP","floor":46},{"not_picked":["beaked:BarbedWire+1","beaked:DarkTribute+1","beaked:BraceForImpact+1"],"picked":"SKIP","floor":47},{"not_picked":["beaked:Overexert+1","beaked:Brace+1","ReplayTheSpireMod:RavenHex+1"],"picked":"SKIP","floor":48},{"not_picked":["beaked:Brace+1","beaked:WarriorEssence+1","beaked:FeelMyPain+1"],"picked":"SKIP","floor":54}],"player_experience":3028776,"relics_obtained":[{"floor":6.0,"key":"SpikesRelics:ToyHorsey"},{"floor":8.0,"key":"SnailShell"},{"floor":9.0,"key":"halation:LettersToHer"},{"floor":9.0,"key":"Strawberry"},{"floor":11.0,"key":"beaked:ThroatLozenge"},{"floor":15.0,"key":"trackpad:ByrdCharm"},{"floor":22.0,"key":"Letter Opener"},{"floor":22.0,"key":"RoseTintedShades"},{"floor":22.0,"key":"Juzu Bracelet"},{"floor":22.0,"key":"Gremlin Food"},{"floor":23.0,"key":"Orichalcum"},{"floor":25.0,"key":"trackpad:ByrdBGone"},{"floor":26.0,"key":"halation:LettersToHer"},{"floor":26.0,"key":"jedi:cryingmask"},{"floor":28.0,"key":"MiniBlackHole"},{"floor":31.0,"key":"reliquary:SculptingSteel"},{"floor":37.0,"key":"infinitespire:Joker Card"},{"floor":37.0,"key":"TungstenRod"},{"floor":37.0,"key":"halation:LettersToHer"},{"floor":37.0,"key":"Replay:Baseball"},{"floor":40.0,"key":"sneckomod:BlankCard"},{"floor":47,"key":"SpikesRelics:DaevaFist"},{"floor":54,"key":"Akabeko"}],"event_choices":[{"damage_healed":0.0,"max_hp_gain":0.0,"max_hp_loss":10.0,"gold_gain":0.0,"event_name":"betterThird:BetterWriting","player_choice":"Simplicity","floor":0.0,"gold_loss":0.0,"damage_taken":0.0},{"damage_healed":0.0,"max_hp_gain":0.0,"max_hp_loss":0.0,"gold_gain":0.0,"event_name":"betterSkull:BetterSkull","player_choice":"RE ","floor":4.0,"gold_loss":0.0,"damage_taken":9.0,"cards_upgraded":[],"relics_obtained":["Tiny Chest"]},{"damage_healed":0.0,"max_hp_gain":0.0,"max_hp_loss":0.0,"gold_gain":0.0,"event_name":"Menagerie:MagesHand","player_choice":"Ignored","floor":12.0,"gold_loss":0.0,"damage_taken":0.0},{"damage_healed":0.0,"max_hp_gain":0.0,"max_hp_loss":0.0,"gold_gain":50.0,"event_name":"Golden Shrine","player_choice":"Pray","floor":27.0,"gold_loss":0.0,"damage_taken":0.0},{"damage_healed":0.0,"max_hp_gain":0.0,"max_hp_loss":0.0,"gold_gain":0.0,"event_name":"Winding Halls","player_choice":"Embrace Madness","floor":36.0,"gold_loss":0.0,"damage_taken":15.0,"cards_obtained":["Madness","Madness"]}],"is_beta":false,"boss_relics":[{"not_picked":["hubris:HollowSoul","Sozu"],"picked":"conspire:SpecialSausage"},{"not_picked":["Astrolabe","Snecko Eye"],"picked":"ReplayTheSpireMod:SealedPack"}],"items_purged_floors":[39,39,53,53,53],"is_endless":false,"potions_floor_spawned":[1,5,8,11,14,23,25,31,33,40,47,48],"ascension_level":16}}