{"host":"h3ybbam5olp21xet","time":1612116102,"event":{"mods":["BaseMod","BetterRewards","Downfall","Hermit","Hubris","Infinite Spire","Minty Spire (QoL Compilation)","Replay The Spire","StSLib","The Bug Knight","The Cursed"],"gold_per_floor":[116,116,116,216,229,229,241,241,241,241,264,264,282,292,292,389,389,405,422,442,176,193,193,210,210,210,210,225,225,225,235,235,235,235],"floor_reached":33,"language":"ENG","playtime":1256,"items_purged":[],"score":264,"play_id":"4a6c6e8f-5d2a-4ca2-be26-374ea1f72bc1","local_time":"20210131120142","is_ascension_mode":false,"campfire_choices":[{"data":"hermit:HighCaliber","floor":6,"key":"SMITH"},{"data":"hermit:Headshot","floor":8,"key":"SMITH"},{"data":"hermit:Roulette","floor":10,"key":"SMITH"},{"floor":15,"key":"REST"},{"floor":23,"key":"REST"},{"floor":30,"key":"REST"},{"floor":32,"key":"REST"}],"circlet_count":0,"master_deck":["hermit:Strike_Hermit","hermit:Strike_Hermit","hermit:Strike_Hermit","hermit:Strike_Hermit","hermit:Defend_Hermit","hermit:Defend_Hermit","hermit:Defend_Hermit","hermit:Defend_Hermit","hermit:Snapshot+1","hermit:Covet","hermit:Roulette+1","hermit:HighCaliber+1","hermit:Headshot+1","hermit:Quickdraw","hermit:Vantage","hermit:HighNoon","hermit:Midnight","hermit:Ricochet","hermit:Quickdraw+1","hermit:Showdown","hermit:HighCaliber","hermit:EyeOfTheStorm","hermit:Snipe+1","hermit:HighCaliber","hermit:Roulette+1"],"relics":["hermit:Momento","hubris:Towel","Pocketwatch","Bag of Marbles","Runic Pyramid","Blue Doll","hubris:Icosahedron","infinitespire:EmpoweringShard","Pear"],"acts_visited":["Exordium","TheCity"],"potions_floor_usage":[16,18,22,24,33,33,33],"damage_taken":[{"damage":5,"enemies":"Small Slimes","floor":1,"turns":3},{"damage":11,"enemies":"Jaw Worm","floor":5,"turns":3},{"damage":0,"enemies":"Cultist","floor":7,"turns":2},{"damage":12,"enemies":"Gremlin Gang","floor":13,"turns":4},{"damage":0,"enemies":"Exordium Wildlife","floor":14,"turns":2},{"damage":17,"enemies":"Slime Boss","floor":16,"turns":8},{"damage":51,"enemies":"3 Byrds","floor":18,"turns":6},{"damage":1,"enemies":"Chosen","floor":19,"turns":4},{"damage":11,"enemies":"Sentry and Sphere","floor":20,"turns":4},{"damage":0,"enemies":"Snecko","floor":22,"turns":3},{"damage":20,"enemies":"Centurion and Healer","floor":24,"turns":3},{"damage":11,"enemies":"Chosen and Byrds","floor":28,"turns":3},{"damage":25,"enemies":"Snake Plant","floor":31,"turns":3},{"damage":102,"enemies":"Champ","floor":33,"turns":9}],"seed_played":"8434904067000788304","potions_obtained":[{"floor":5,"key":"SpeedPotion"},{"floor":12,"key":"Swift Potion"},{"floor":12,"key":"hermit:BlackBile"},{"floor":12,"key":"GamblersBrew"},{"floor":13,"key":"Energy Potion"},{"floor":19,"key":"hexamod:SoulburnPotion"},{"floor":20,"key":"ColorlessPotion"},{"floor":24,"key":"bronze:BurnAndBuffPotion"},{"floor":28,"key":"SpeedPotion"}],"is_trial":false,"path_per_floor":["M","?","?","?","M","R","M","R","T","R","T","?","M","M","R","B",null,"M","M","M","$","M","R","M","?","T","T","M","?","R","M","R","B"],"character_chosen":"HERMIT","items_purchased":["hermit:Showdown","Blue Doll","hermit:HighCaliber"],"campfire_rested":4,"item_purchase_floors":[21,21,21],"current_hp_per_floor":[77,77,77,77,66,66,66,66,66,66,66,66,54,54,78,61,82,31,30,19,19,19,43,23,23,23,33,22,52,79,54,81,0,0],"gold":235,"neow_bonus":"TEN_PERCENT_HP_BONUS","is_daily":false,"chose_seed":false,"campfire_upgraded":3,"win_rate":0.0,"timestamp":1612116102,"path_taken":["M","?","?","?","?","R","?","R","T","R","?","?","M","?","R","BOSS","M","?","M","$","M","R","M","?","T","?","?","?","R","M","R","BOSS"],"items_purchased_type":["Card","Relic","Card"],"build_version":"2020-12-22","purchased_purges":0,"victory":false,"max_hp_per_floor":[82,82,82,82,82,82,82,82,82,82,82,82,82,82,82,82,82,82,82,82,82,82,82,82,82,82,92,92,92,92,92,92,92,92],"card_choices":[{"not_picked":["hermit:Maintenance","hermit:Desperado"],"picked":"hermit:Roulette","floor":1},{"not_picked":["hermit:Gestalt","hermit:Dive"],"picked":"hermit:HighCaliber","floor":5},{"not_picked":["hermit:Manifest","hermit:Midnight"],"picked":"hermit:Headshot","floor":7},{"not_picked":["hermit:LoneWolf","hermit:Roulette"],"picked":"hermit:Quickdraw","floor":13},{"not_picked":["hermit:LuckOfTheDraw","hermit:Horror"],"picked":"hermit:Vantage","floor":14},{"not_picked":["hermit:Magnum","hermit:FromBeyond"],"picked":"hermit:HighNoon","floor":16},{"not_picked":["hermit:WideOpen","hermit:Vantage"],"picked":"hermit:Midnight","floor":18},{"not_picked":["hermit:LowProfile+1","hermit:BodyArmor+1"],"picked":"hermit:Ricochet","floor":19},{"not_picked":["hermit:Manifest+1","hermit:HighCaliber+1"],"picked":"hermit:Quickdraw+1","floor":20},{"not_picked":["hermit:GhostlyPresence+1","hermit:Coalescence"],"picked":"hermit:EyeOfTheStorm","floor":22},{"not_picked":["hermit:LowProfile","hermit:Gestalt"],"picked":"hermit:Snipe+1","floor":24},{"not_picked":["hermit:Malice","hermit:Horror"],"picked":"hermit:HighCaliber","floor":28},{"not_picked":["hermit:HoleUp+1","hermit:Vantage"],"picked":"hermit:Roulette+1","floor":31}],"player_experience":632532,"relics_obtained":[{"floor":9,"key":"Pocketwatch"},{"floor":11,"key":"Bag of Marbles"},{"floor":26,"key":"infinitespire:EmpoweringShard"},{"floor":27,"key":"Pear"}],"event_choices":[{"damage_healed":0,"gold_gain":100,"player_choice":"Pray","damage_taken":0,"max_hp_gain":0,"max_hp_loss":0,"event_name":"Golden Shrine","floor":4,"gold_loss":0},{"damage_healed":0,"gold_gain":0,"player_choice":"Got Potions","damage_taken":0,"max_hp_gain":0,"max_hp_loss":0,"event_name":"Lab","floor":12,"gold_loss":0},{"damage_healed":30,"gold_gain":0,"player_choice":"Heal","damage_taken":0,"max_hp_gain":0,"max_hp_loss":0,"event_name":"The Library","floor":29,"gold_loss":0}],"is_beta":false,"boss_relics":[{"not_picked":["Replay:Wanted Poster","Fusion Hammer"],"picked":"Runic Pyramid"}],"items_purged_floors":[],"is_endless":false,"potions_floor_spawned":[5,13,19,20,24,28],"killed_by":"Champ","ascension_level":0}}