{"host":"bq4pt811tk9yrmjl","time":1612056047,"event":{"mods":["AchievementEnabler","BaseMod","Colored Map","Colored Powertips","Defuse TimeMaze Blight","Hermit","Minty Spire (QoL Compilation)","Smile Girya","StSLib","SuperFastMode"],"gold_per_floor":[119,119,42,57,57,91,91,117,142,142,161,114,114,114,114,218,218,218,9,9,9,9,9,9,9,9,9,9],"floor_reached":27,"language":"ENG","playtime":290,"items_purged":[],"score":252,"play_id":"24e3de46-26af-4654-bef7-7c3ed869ebad","local_time":"20210130232047","is_ascension_mode":true,"campfire_choices":[{"data":"Demon Form","floor":7.0,"key":"SMITH"},{"floor":10.0,"key":"RECALL"},{"data":"Armaments","floor":15.0,"key":"SMITH"},{"data":"Limit Break","floor":23,"key":"SMITH"}],"circlet_count":0,"master_deck":["Strike_R","Strike_R","Strike_R","Strike_R","Strike_R","Defend_R","Defend_R","Defend_R","Defend_R","Bash","Ghostly Armor","Uppercut","Fire Breathing","Demon Form+1","Iron Wave","Armaments+1","Limit Break+1","Anger"],"relics":["Burning Blood","NeowsBlessing","Blood Vial","Lantern","Oddly Smooth Stone","Ectoplasm","Happy Flower","MutagenicStrength","Prayer Wheel"],"acts_visited":["Exordium","TheCity"],"potions_floor_usage":[25],"damage_taken":[{"damage":0.0,"enemies":"2 Louse","floor":1.0,"turns":1.0},{"damage":0.0,"enemies":"Jaw Worm","floor":4.0,"turns":1.0},{"damage":0.0,"enemies":"3 Sentries","floor":6.0,"turns":1.0},{"damage":24.0,"enemies":"Gremlin Nob","floor":8.0,"turns":5.0},{"damage":8.0,"enemies":"Small Slimes","floor":11.0,"turns":2.0},{"damage":20.0,"enemies":"Slime Boss","floor":16.0,"turns":7.0},{"damage":11,"enemies":"Shell Parasite","floor":18,"turns":5},{"damage":4,"enemies":"Chosen","floor":25,"turns":5},{"damage":80,"enemies":"Slavers","floor":27,"turns":5}],"seed_played":"-8492444134844791628","potions_obtained":[{"floor":6.0,"key":"LiquidMemories"},{"floor":8.0,"key":"AttackPotion"}],"is_trial":false,"path_per_floor":["M","?","$","M","$","E","R","E","T","R","M","$","?","?","R","B",null,"M","$","?","?","?","R","$","M","T","E"],"character_chosen":"IRONCLAD","items_purchased":["Uppercut","Armaments","Happy Flower","Swift Potion"],"campfire_rested":0,"item_purchase_floors":[3,12,19,19],"current_hp_per_floor":[80,73,73,80,80,80,80,62,62,62,62,62,62,62,62,50,80,75,75,75,75,75,75,75,79,79,0,0],"gold":9,"neow_bonus":"THREE_ENEMY_KILL","is_daily":false,"chose_seed":false,"campfire_upgraded":3,"win_rate":0.0,"timestamp":1612056047,"path_taken":["M","?","$","M","$","E","R","E","T","R","M","$","?","?","R","BOSS","M","$","?","?","?","R","$","M","T","E"],"items_purchased_type":["Card","Card","Relic","Potion"],"build_version":"2020-12-22","purchased_purges":0,"victory":false,"max_hp_per_floor":[80,80,80,80,80,80,80,80,80,80,80,80,80,80,80,80,80,80,80,80,80,80,80,80,80,80,80,80],"card_choices":[{"not_picked":["Clothesline","Dropkick"],"picked":"Ghostly Armor","floor":1.0},{"not_picked":["Headbutt","Flex"],"picked":"Fire Breathing","floor":4.0},{"not_picked":["Clothesline","Twin Strike"],"picked":"Demon Form","floor":6.0},{"not_picked":["Bloodletting","True Grit"],"picked":"Iron Wave","floor":8.0},{"not_picked":["Flex","Inflame","Hemokinesis"],"picked":"SKIP","floor":11.0},{"not_picked":["Reaper","Demon Form"],"picked":"Limit Break","floor":16.0},{"not_picked":["Seeing Red","Perfected Strike"],"picked":"Anger","floor":18},{"not_picked":["Pommel Strike","Sword Boomerang","Hemokinesis"],"picked":"SKIP","floor":25}],"player_experience":287693,"relics_obtained":[{"floor":6.0,"key":"Lantern"},{"floor":8.0,"key":"Oddly Smooth Stone"},{"floor":26,"key":"Prayer Wheel"}],"event_choices":[{"damage_healed":0.0,"max_hp_gain":0.0,"max_hp_loss":0.0,"gold_gain":0.0,"event_name":"Scrap Ooze","player_choice":"Success","floor":2.0,"gold_loss":0.0,"damage_taken":7.0,"relics_obtained":["Blood Vial"]},{"damage_healed":0.0,"max_hp_gain":0.0,"max_hp_loss":0.0,"gold_gain":0.0,"event_name":"Shining Light","player_choice":"Ignored","floor":13.0,"gold_loss":0.0,"damage_taken":0.0},{"damage_healed":0.0,"max_hp_gain":0.0,"max_hp_loss":0.0,"gold_gain":0.0,"event_name":"Liars Game","player_choice":"Ignored","floor":14.0,"gold_loss":0.0,"damage_taken":0.0},{"damage_healed":0,"gold_gain":99,"player_choice":"Stole From Cult","damage_taken":0,"max_hp_gain":0,"max_hp_loss":0,"event_name":"Nest","floor":20,"gold_loss":0},{"damage_healed":0,"gold_gain":0,"player_choice":"Ignored","damage_taken":0,"max_hp_gain":0,"max_hp_loss":0,"event_name":"Ghosts","floor":21,"gold_loss":0},{"damage_healed":0,"gold_gain":0,"player_choice":"Inject Mutagens","damage_taken":0,"relics_obtained":["MutagenicStrength"],"max_hp_gain":0,"max_hp_loss":0,"event_name":"Drug Dealer","floor":22,"gold_loss":0}],"is_beta":false,"boss_relics":[{"not_picked":["Runic Dome","Tiny House"],"picked":"Ectoplasm"}],"items_purged_floors":[],"is_endless":false,"potions_floor_spawned":[6,8],"killed_by":"Slavers","ascension_level":1}}