{"host":"vrsxkkch9ccrec7k","time":1612109236,"event":{"mods":["Act Like it!","BaseMod","Bestiary","Better Altar","Better Match","Better Note","Better Sensory Stone","Better Skull","Better Third Choice","Better Vampires","Downfall","Minty Spire (QoL Compilation)","Permanent Neow","Relic Stats","Spicy Shops","StSLib"],"gold_per_floor":[99,114,133,133,22,33,57,92,92,118,118,118,128,128,148,248,248,248,260,272,272,272,298,324,342,342,342,342,342,358,2,19,114,114,114,130,146,146,158,158,238,251,262,389,420,432,6,17,27,27],"floor_reached":51,"language":"ENG","playtime":3871,"items_purged":[],"score":1045,"play_id":"55620a34-57f0-49ed-a7e6-262bca2d2a35","local_time":"20210131110716","is_ascension_mode":true,"campfire_choices":[{"data":"Flash of Steel","floor":1,"key":"SMITH"},{"data":"hexamod:EmpoweredFlame","floor":9,"key":"SMITH"},{"floor":12,"key":"REST"},{"data":"hexamod:UnlimitedPower","floor":18,"key":"SMITH"},{"data":"hexamod:TimeOfNeed","floor":27,"key":"SMITH"},{"data":"hexamod:ApocalypseNow","floor":29,"key":"SMITH"},{"data":"hexamod:GiftsFromTheDead","floor":35,"key":"SMITH"},{"data":"hexamod:TimeOfNeed","floor":40,"key":"SMITH"}],"circlet_count":0,"master_deck":["hexamod:Defend","hexamod:Defend","hexamod:Defend","hexamod:Defend","hexamod:Float","Flash of Steel+1","hexamod:EmpoweredFlame","hexamod:FlamesFromBeyond","hexamod:CatchUp","hexamod:EmpoweredFlame+1","hexamod:SkipABeat","hexamod:StepThrough+1","hexamod:TimeOfNeed+1","hexamod:UnlimitedPower+1","hexamod:SpectersWail","hexamod:FastForward","hexamod:FastForward","hexamod:ApocalypseNow+1","hexamod:GhostflameBarrier+1","hexamod:FlamesFromBeyond+1","Bite+1","hexamod:SoulSteal","hexamod:FastForward","hexamod:NightmareGuise","hexamod:EmpoweredFlame","hexamod:TimeOfNeed+1","hexamod:GiftsFromTheDead+1","hexamod:SpectralAdrenaline","hexamod:AdvancingGuard+1","hexamod:RainOfEmbers","hexamod:FastForward","hexamod:GiftsFromTheDead"],"relics":["hexamod:SpiritBrand","Strawberry","Bag of Marbles","Dream Catcher","Coffee Dripper","Blue Candle","Whetstone","downfall:RedIOU","Anchor","White Beast Statue","hexamod:IceCube","InkBottle","Guardian:PocketSentry","Mummified Hand","Pear","Pantograph"],"acts_visited":["Exordium","TheCity","TheBeyond"],"potions_floor_usage":[8,8,13,16,23,33,36,36,39,42,42,46,48],"damage_taken":[{"damage":10,"enemies":"Small Slimes","floor":2,"turns":4},{"damage":0,"enemies":"Cultist","floor":3,"turns":3},{"damage":0,"enemies":"downfall:FleeingMerchant","floor":5,"turns":4},{"damage":2,"enemies":"Jaw Worm","floor":6,"turns":4},{"damage":5,"enemies":"3 Sentries","floor":8,"turns":3},{"damage":11,"enemies":"Lagavulin","floor":10,"turns":6},{"damage":0,"enemies":"Gremlin Gang","floor":13,"turns":2},{"damage":9,"enemies":"Blue Slaver","floor":15,"turns":4},{"damage":12,"enemies":"SI_SHIV_ARCHETYPE","floor":16,"turns":7},{"damage":7,"enemies":"Chosen","floor":19,"turns":3},{"damage":9,"enemies":"Sentry and Sphere","floor":20,"turns":4},{"damage":0,"enemies":"Book of Stabbing","floor":23,"turns":4},{"damage":1,"enemies":"Cultist and Chosen","floor":25,"turns":3},{"damage":30,"enemies":"Shelled Parasite and Fungi","floor":30,"turns":3},{"damage":0,"enemies":"downfall:FleeingMerchant","floor":31,"turns":4},{"damage":0,"enemies":"Centurion and Healer","floor":32,"turns":3},{"damage":16,"enemies":"DF_ARCHETYPE_CLAW","floor":33,"turns":5},{"damage":17,"enemies":"3 Darklings","floor":36,"turns":5},{"damage":20,"enemies":"3 Shapes","floor":37,"turns":4},{"damage":0,"enemies":"Sphere and 2 Shapes","floor":39,"turns":5},{"damage":27,"enemies":"Spire Growth","floor":42,"turns":4},{"damage":15,"enemies":"Jaw Worm Horde","floor":43,"turns":4},{"damage":0,"enemies":"downfall:FleeingMerchant","floor":44,"turns":5},{"damage":5,"enemies":"Giant Head","floor":45,"turns":8},{"damage":18,"enemies":"3 Darklings","floor":46,"turns":4},{"damage":12,"enemies":"Sphere and 2 Shapes","floor":48,"turns":4},{"damage":0,"enemies":"Maw","floor":49,"turns":4},{"damage":1,"enemies":"WA_ARCHETYPE_DIVINITY","floor":50,"turns":9}],"seed_played":"5975478419074636133","potions_obtained":[{"floor":2,"key":"ColorlessPotion"},{"floor":3,"key":"AttackPotion"},{"floor":8,"key":"Strength Potion"},{"floor":13,"key":"FairyPotion"},{"floor":16,"key":"Weak Potion"},{"floor":23,"key":"Guardian:BlockOnCardUsePotion"},{"floor":32,"key":"SkillPotion"},{"floor":33,"key":"Block Potion"},{"floor":36,"key":"hexamod:SoulburnPotion"},{"floor":37,"key":"EssenceOfSteel"},{"floor":39,"key":"Swift Potion"},{"floor":42,"key":"SpeedPotion"},{"floor":43,"key":"DuplicationPotion"},{"floor":44,"key":"BlessingOfTheForge"},{"floor":46,"key":"Weak Potion"},{"floor":48,"key":"Block Potion"},{"floor":49,"key":"LiquidMemories"}],"is_trial":false,"path_per_floor":["R","M","M","?","$","M","T","E","R","E","?","R","M","?","M","B",null,"R","M","M","?","?","E","T","M","?","R","?","R","M","$","M","B",null,"R","M","M","?","M","R","T","M","M","$","E","M","$","M","M","B",null],"character_chosen":"THE_SPIRIT","items_purchased":["PowerPotion","hexamod:EmpoweredFlame","Anchor","hexamod:EmpoweredFlame","White Beast Statue","Guardian:PocketSentry","Weak Potion","Pear","Pantograph","hexamod:FastForward"],"campfire_rested":1,"item_purchase_floors":[5,5,31,31,31,44,44,47,47,47],"current_hp_per_floor":[63,53,53,53,53,51,58,53,53,42,42,65,65,65,56,44,69,69,62,53,53,48,50,50,52,52,52,52,52,22,25,25,12,57,57,43,26,26,29,29,29,5,21,24,25,10,20,11,14,41],"gold":27,"neow_bonus":"RANDOM_COLORLESS","is_daily":false,"chose_seed":false,"campfire_upgraded":7,"win_rate":0.0,"timestamp":1612109236,"path_taken":["R","M","M","?","$","?","T","E","R","E","?","R","?","?","M","BOSS","R","M","M","?","?","E","T","M","?","R","?","R","M","$","M","BOSS","R","M","M","?","M","R","T","M","M","$","E","M","$","M","M","BOSS"],"items_purchased_type":["Potion","Card","Relic","Card","Relic","Relic","Potion","Relic","Relic","Card"],"build_version":"2020-12-22","purchased_purges":0,"victory":true,"max_hp_per_floor":[70,70,70,70,70,70,77,77,77,77,77,77,77,77,77,77,77,77,77,77,72,72,72,72,72,72,72,72,72,72,72,72,72,72,72,72,72,72,72,72,72,72,72,72,72,72,82,82,82,82],"relic_stats":{"Dream Catcher":1,"counters":[28,122],"Mummified Hand":[25],"Blue Candle":[0],"Pantograph":25,"Whetstone":["Bite","hexamod:StepThrough"],"obtain_stats":[{"Pear":47,"Blue Candle":22,"Juzu Bracelet":23,"Guardian:PocketSentry":44,"Whetstone":24,"White Beast Statue":31,"Dream Catcher":10,"Anchor":31,"Mummified Hand":45,"Strawberry":7,"Pantograph":47,"downfall:RedIOU":26,"Bag of Marbles":8,"Coffee Dripper":17,"hexamod:SpiritBrand":0,"hexamod:IceCube":34,"InkBottle":41},{"Pear":25,"Blue Candle":11,"Juzu Bracelet":12,"Guardian:PocketSentry":23,"Whetstone":12,"White Beast Statue":15,"Dream Catcher":6,"Anchor":15,"Mummified Hand":24,"Strawberry":4,"Pantograph":25,"downfall:RedIOU":13,"Bag of Marbles":5,"Coffee Dripper":9,"hexamod:SpiritBrand":0,"hexamod:IceCube":17,"InkBottle":20},{"Pear":105,"Blue Candle":44,"Juzu Bracelet":48,"Guardian:PocketSentry":93,"Whetstone":48,"White Beast Statue":58,"Dream Catcher":24,"Anchor":58,"Mummified Hand":101,"Strawberry":15,"Pantograph":105,"downfall:RedIOU":51,"Bag of Marbles":18,"Coffee Dripper":37,"hexamod:SpiritBrand":0,"hexamod:IceCube":66,"InkBottle":80}],"InkBottle":[21]},"card_choices":[{"not_picked":["Dramatic Entrance","Jack Of All Trades"],"picked":"Flash of Steel","floor":0},{"not_picked":["hexamod:AdvancingGuard","hexamod:EtherealExpedition"],"picked":"hexamod:EmpoweredFlame","floor":2},{"not_picked":["hexamod:ThermalTransfer","hexamod:NightmareGuise"],"picked":"hexamod:FlamesFromBeyond","floor":3},{"not_picked":["hexamod:Hexaguard","hexamod:DynamicBlow"],"picked":"hexamod:CatchUp","floor":5},{"not_picked":["hexamod:RadiantFlame","hexamod:AdvancingGuard"],"picked":"hexamod:SkipABeat","floor":6},{"not_picked":["hexamod:NightmareStrike","hexamod:BurningTouch"],"picked":"hexamod:StepThrough","floor":8},{"not_picked":["hexamod:SwordOfDarkness","hexamod:EtherealExpedition"],"picked":"hexamod:TimeOfNeed","floor":10},{"not_picked":["hexamod:GhostLash","hexamod:HauntingEcho"],"picked":"hexamod:SpectersWail","floor":12},{"not_picked":["hexamod:Hexaguard","hexamod:GhostLash"],"picked":"hexamod:FastForward","floor":13},{"not_picked":["hexamod:GhostLash","hexamod:NecessarySacrifice"],"picked":"hexamod:FastForward","floor":15},{"not_picked":["hexamod:VolcanoVisage","hexamod:GhostflameInferno"],"picked":"hexamod:ApocalypseNow","floor":16},{"not_picked":["hexamod:FastForward","hexamod:GhostShield"],"picked":"hexamod:GhostflameBarrier+1","floor":19},{"not_picked":["hexamod:GhostShield","hexamod:GhostLash"],"picked":"hexamod:FlamesFromBeyond+1","floor":20},{"not_picked":["hexamod:Firestarter","hexamod:Hexaguard"],"picked":"hexamod:SoulSteal","floor":23},{"not_picked":["hexamod:SpectralSpark+1","hexamod:DynamicBlow"],"picked":"hexamod:FastForward","floor":25},{"not_picked":["hexamod:NecessarySacrifice","hexamod:SpectersWail","hexamod:FourthSeal"],"picked":"SKIP","floor":30},{"not_picked":["hexamod:SpectersWail+1","hexamod:BacktrackSmack"],"picked":"hexamod:NightmareGuise","floor":31},{"not_picked":["hexamod:NightmareStrike+1","hexamod:HeatMetal+1"],"picked":"hexamod:TimeOfNeed","floor":32},{"not_picked":["hexamod:ParanormalForm","hexamod:TurnItUp"],"picked":"hexamod:GiftsFromTheDead","floor":33},{"not_picked":["hexamod:EtherealExpedition+1","hexamod:SpectersWail","hexamod:GhostLash+1"],"picked":"SKIP","floor":36},{"not_picked":["hexamod:Hexaguard","hexamod:SpectersWail","hexamod:StepThrough"],"picked":"SKIP","floor":37},{"not_picked":["hexamod:GhostLash+1","hexamod:SpectersWail+1","hexamod:Firestarter"],"picked":"SKIP","floor":39},{"not_picked":["hexamod:PhantomFireball+1","hexamod:FlamesFromBeyond+1","hexamod:SearingWound"],"picked":"SKIP","floor":42},{"not_picked":["hexamod:HeatMetal","hexamod:CatchUp","hexamod:SecondSeal"],"picked":"SKIP","floor":43},{"not_picked":["hexamod:FlamesFromBeyond+1","hexamod:SuperheatedStrike+1"],"picked":"hexamod:AdvancingGuard+1","floor":44},{"not_picked":["hexamod:HauntingEcho","hexamod:DynamicBlow","hexamod:Haunt"],"picked":"SKIP","floor":45},{"not_picked":["hexamod:InspiringFlames","hexamod:HeatMetal+1"],"picked":"hexamod:RainOfEmbers","floor":46},{"not_picked":["hexamod:NightmareGuise","hexamod:RadiantFlame+1"],"picked":"hexamod:GiftsFromTheDead","floor":48},{"not_picked":["hexamod:Hexaguard","hexamod:NightmareStrike+1","hexamod:HeatMetal"],"picked":"SKIP","floor":49}],"player_experience":1851661,"relics_obtained":[{"floor":7,"key":"Strawberry"},{"floor":8,"key":"Bag of Marbles"},{"floor":10,"key":"Dream Catcher"},{"floor":23,"key":"Juzu Bracelet"},{"floor":24,"key":"Whetstone"},{"floor":41,"key":"InkBottle"},{"floor":45,"key":"Mummified Hand"}],"event_choices":[{"cards_removed":["hexamod:Strike"],"damage_healed":0,"gold_gain":0,"player_choice":"Forget","damage_taken":0,"max_hp_gain":0,"max_hp_loss":0,"event_name":"Living Wall","floor":14,"gold_loss":0},{"damage_healed":0,"gold_gain":0,"player_choice":"Became a vampire","damage_taken":0,"max_hp_gain":0,"max_hp_loss":5,"event_name":"Vampires","floor":21,"gold_loss":0,"cards_obtained":["Bite"]}],"is_beta":false,"boss_relics":[{"not_picked":["Runic Pyramid","Tiny House"],"picked":"Coffee Dripper"},{"not_picked":["Empty Cage","Black Star"],"picked":"hexamod:IceCube"}],"items_purged_floors":[],"is_endless":false,"potions_floor_spawned":[2,3,8,13,16,23,32,33,36,37,39,42,43,44,45,46,48,49],"ascension_level":8}}