{"host":"xj2wyr3bqqv4irjd","time":1612131772,"event":{"mods":["Act Like it!","Aspiration","BaseMod","Koishi","Lobotomy","LobotomyExtend","Marisa£®ÏF”Í°°ƒß¿Ì…≥£©","Minty Spire (QoL Compilation)","Quick Restart","Rare Cards Sparkle","Reimu£®≤©¿ˆ¡È√Œ£©","Remilia£®¿Ÿ√◊¿Ú—«£©","Replay The Spire","SIMod","StSLib","The Alterego","Waifu the Spire","WarShipGirlsR/’ΩΩ¢…Ÿ≈ÆR mod","Yakumo Yukari mod","Youmu£®ªÍ∆«—˝√Œ£©"],"gold_per_floor":[232,251,251,264,279,314,314,314,314],"floor_reached":8,"language":"ZHS","playtime":796,"items_purged":[],"score":87,"play_id":"83f97143-b6ae-44a2-acde-c07763429e2c","local_time":"20210201062252","is_ascension_mode":true,"campfire_choices":[{"data":"Worldmountain_purple","floor":7,"key":"SMITH"}],"circlet_count":0,"master_deck":["AscendersBane","AT_purpleEX","AT_purpleEX","AT_purpleEX","AT_purpleEX","Defend_purpleEX","Defend_purpleEX","Defend_purpleEX","Defend_purpleEX","Observe_purple_1","Observe_purple_2","Worldmountain_purple+1","Theboundaryofcreation_purpleEX","DimensionStaggered_purple","StateErode_purple","SfantasyHide_purple"],"relics":["Boundary_crack","Memoryfragments_purpleEX","LetterFromLob","ReplayTheSpireMod:Lightbulb"],"acts_visited":["Exordium"],"potions_floor_usage":[8],"damage_taken":[{"damage":0.0,"enemies":"2 Louse","floor":1.0,"turns":4.0},{"damage":11.0,"enemies":"Small Slimes","floor":2.0,"turns":3.0},{"damage":1.0,"enemies":"Cultist","floor":4.0,"turns":3.0},{"damage":11.0,"enemies":"2 Fungi Beasts","floor":5.0,"turns":4.0},{"damage":42,"enemies":"Gremlin Nob","floor":6,"turns":5},{"damage":26,"enemies":"Lagavulin","floor":8,"turns":7}],"seed_played":"-4594557323003108631","potions_obtained":[{"floor":4.0,"key":"EssenceOfSteel"},{"floor":6,"key":"ColorlessPotion"}],"is_trial":false,"path_per_floor":["M","M","?","M","M","E","R","E"],"character_chosen":"Youkari","items_purchased":[],"campfire_rested":0,"item_purchase_floors":[],"current_hp_per_floor":[65,55,67,66,60,23,23,0,0],"gold":314,"neow_bonus":"HUNDRED_GOLD","is_daily":false,"chose_seed":false,"campfire_upgraded":1,"win_rate":0.0,"timestamp":1612131772,"path_taken":["M","M","?","M","M","E","R","E"],"items_purchased_type":[],"build_version":"2020-12-22","purchased_purges":0,"victory":false,"max_hp_per_floor":[70,70,70,70,70,70,70,70,70],"card_choices":[{"not_picked":["PositiveMatter_Antimatter_Universe_purple","RuleDissolution_purple"],"picked":"Worldmountain_purple","floor":1.0},{"not_picked":["DimensionStaggered_purple","Mirror_FormAndEmptin_purple"],"picked":"Theboundaryofcreation_purpleEX","floor":2.0},{"not_picked":["Mirror_FormAndEmptin_purple","Worldmountain_purple"],"picked":"DimensionStaggered_purple","floor":4.0},{"not_picked":["Worldmountain_purple","DimensionStaggered_purple"],"picked":"StateErode_purple","floor":5.0},{"not_picked":["Mirror_FormAndEmptin_purple","Computing_the_future_purpleEX"],"picked":"SfantasyHide_purple","floor":6}],"player_experience":578970,"relics_obtained":[{"floor":1.0,"key":"LetterFromLob"},{"floor":6,"key":"ReplayTheSpireMod:Lightbulb"}],"event_choices":[],"is_beta":false,"boss_relics":[],"items_purged_floors":[],"is_endless":false,"potions_floor_spawned":[4,6],"killed_by":"Lagavulin","ascension_level":10}}