{"host":"ydh61a5ftgdajrbo","time":1612108066,"event":{"mods":["BaseMod","Colored Map","Downfall","Minty Spire (QoL Compilation)","Spire Arcade","StSLib","The Cursed","The Servant 0.9.4"],"gold_per_floor":[113,113,126,142,157,184,184,184,184,205,205,228,7,41,41,160,160,176,176,176,76,97,141,240,240,240,281,281,296,296,296,296,427,427,447,474,533,547,571,615,615,615,683,114,114,148,167,180,180,180],"floor_reached":51,"language":"ZHS","playtime":3695,"items_purged":["Slimebound:Defend_Slimebound","downfall:Bewildered","Pain"],"score":853,"play_id":"9b437efb-2b7c-4ece-bc7a-3d7492f36350","local_time":"20210131234746","is_ascension_mode":true,"campfire_choices":[{"data":"Slimebound:CorrosiveSpit","floor":8.0,"key":"SMITH"},{"data":"Slimebound:LevelUp","floor":15.0,"key":"SMITH"},{"data":"Slimebound:GoopSpray","floor":25.0,"key":"SMITH"},{"data":"Slimebound:WasteNot","floor":28.0,"key":"SMITH"},{"floor":32.0,"key":"REST"},{"data":"downfall:Malfunctioning","floor":42,"key":"PURGE"},{"data":"Slimebound:Strike_Slimebound","floor":45,"key":"PURGE"},{"data":"Slimebound:Defend_Slimebound","floor":49,"key":"PURGE"}],"circlet_count":0,"master_deck":["Slimebound:Strike_Slimebound","Slimebound:Tackle","Slimebound:Defend_Slimebound","Slimebound:Split","Slimebound:CorrosiveSpit+1","Slimebound:PressTheAttack","Slimebound:SlimeTap","Slimebound:Schlurp","Slimebound:LivingWall","Slimebound:GoopSpray+1","Injury","Slimebound:HungryTackle","Slimebound:SplitAcid","Slimebound:Recycling","Slimebound:LevelUp+1","Slimebound:WasteNot+1","Slimebound:MegaLick","Slimebound:Gluttony+1","Slimebound:Repurpose","Shame","Slimebound:ServeAndProtect","Slimebound:DivideAndConquer","Slimebound:OneTwoCombo","Slimebound:PressTheAttack+1","Slimebound:SamplingLick+1","Slimebound:SpikyOuterGoop+1","Slimebound:HauntingLick+1","Slimebound:SplitSpecialist","Slimebound:TagTeam","Slimebound:DivideAndConquer+1"],"relics":["Slimebound:AbsorbEndCombat","Slimebound:AggressiveSlimeRelic","Mango","Golden Idol","Slimebound:PotencyRelic","Bottled Tornado","Cursed Key","sneckomod:BabySnecko","sneckomod:BlankCard","HornCleat","Peace Pipe","Fusion Hammer","Blood Vial","Dead Branch","Strawberry","Slimebound:MaxSlimesRelic","Slimebound:SelfDamagePreventRelic","Pen Nib","Ancient Tea Set"],"acts_visited":["Exordium","TheCity","TheBeyond"],"potions_floor_usage":[50,50],"damage_taken":[{"damage":0.0,"enemies":"Cultist","floor":1.0,"turns":3.0},{"damage":0.0,"enemies":"Small Slimes","floor":3.0,"turns":3.0},{"damage":7.0,"enemies":"Jaw Worm","floor":4.0,"turns":3.0},{"damage":5.0,"enemies":"Blue Slaver","floor":5.0,"turns":3.0},{"damage":7.0,"enemies":"Lagavulin","floor":6.0,"turns":7.0},{"damage":0.0,"enemies":"Exordium Wildlife","floor":10.0,"turns":3.0},{"damage":0.0,"enemies":"2 Fungi Beasts","floor":12.0,"turns":2.0},{"damage":12.0,"enemies":"3 Sentries","floor":14.0,"turns":4.0},{"damage":29.0,"enemies":"Hexaghost","floor":16.0,"turns":6.0},{"damage":12.0,"enemies":"Chosen","floor":18.0,"turns":3.0},{"damage":11.0,"enemies":"3 Byrds","floor":22.0,"turns":3.0},{"damage":29.0,"enemies":"Gremlin Leader","floor":23.0,"turns":3.0},{"damage":18.0,"enemies":"Slavers","floor":27.0,"turns":4.0},{"damage":0.0,"enemies":"Snecko","floor":29.0,"turns":4.0},{"damage":58.0,"enemies":"Champ","floor":33.0,"turns":10.0},{"damage":0.0,"enemies":"Orb Walker","floor":35.0,"turns":4.0},{"damage":24.0,"enemies":"2 Orb Walkers","floor":37.0,"turns":4.0},{"damage":6.0,"enemies":"3 Darklings","floor":38.0,"turns":4.0},{"damage":2.0,"enemies":"Sphere and 2 Shapes","floor":39.0,"turns":3.0},{"damage":15,"enemies":"Giant Head","floor":40,"turns":5},{"damage":0,"enemies":"Reptomancer","floor":46,"turns":3},{"damage":5,"enemies":"4 Shapes","floor":47,"turns":2},{"damage":8,"enemies":"Jaw Worm Horde","floor":48,"turns":2},{"damage":26,"enemies":"Time Eater","floor":50,"turns":6}],"seed_played":"2187861779801995504","potions_obtained":[{"floor":1.0,"key":"CultistPotion"},{"floor":4.0,"key":"Swift Potion"},{"floor":5.0,"key":"AttackPotion"},{"floor":11.0,"key":"EntropicBrew"},{"floor":27.0,"key":"FearPotion"},{"floor":29.0,"key":"Slimebound:ThreeZeroPotion"},{"floor":33.0,"key":"Weak Potion"},{"floor":38.0,"key":"CultistPotion"}],"is_trial":false,"path_per_floor":["M","?","M","M","M","E","?","R","T","M","?","M","$","E","R","B",null,"M","$","?","$","M","E","?","R","T","E","R","M","?","?","R","B",null,"M","T","?","M","M","E","?","R","T","$","R","E","M","M","R","B",null],"character_chosen":"SLIMEBOUND","items_purchased":["Slimebound:Recycling","Slimebound:SelfDamagePreventRelic","Slimebound:TagTeam","Pen Nib"],"campfire_rested":1,"item_purchase_floors":[13,44,44,44],"current_hp_per_floor":[65,58,60,59,56,69,69,69,69,73,73,77,77,71,71,50,79,71,71,71,71,66,43,43,43,43,29,29,33,33,33,56,6,79,79,79,61,65,73,86,86,86,86,86,86,86,83,85,85,68],"gold":180,"neow_bonus":"RANDOM_COMMON_RELIC","is_daily":false,"chose_seed":false,"campfire_upgraded":4,"win_rate":0.0,"timestamp":1612108066,"path_taken":["M","?","M","M","M","E","?","R","T","M","?","M","$","E","R","BOSS","M","?","?","$","M","E","?","R","T","E","R","?","?","?","R","BOSS","M","?","?","M","M","E","?","R","T","$","R","E","M","?","R","BOSS"],"items_purchased_type":["Card","Relic","Card","Relic"],"build_version":"2020-12-22","purchased_purges":3,"victory":true,"max_hp_per_floor":[65,65,65,65,65,79,79,79,79,79,79,79,79,79,79,79,79,79,79,79,79,79,79,79,79,79,79,79,79,79,79,79,79,79,79,79,79,79,79,86,86,86,86,86,86,86,86,86,86,86],"card_choices":[{"not_picked":["Slimebound:ForwardTackle","Slimebound:GoopTackle"],"picked":"Slimebound:PressTheAttack","floor":1.0},{"not_picked":["Slimebound:Recollect","Slimebound:PressTheAttack"],"picked":"Slimebound:SlimeTap","floor":3.0},{"not_picked":["Slimebound:Dissolve","Slimebound:ComboTackle"],"picked":"Slimebound:Schlurp","floor":4.0},{"not_picked":["Slimebound:SplitBruiser","Slimebound:Dissolve"],"picked":"Slimebound:LivingWall","floor":5.0},{"not_picked":["Slimebound:Schlurp","Slimebound:Nibble"],"picked":"Slimebound:GoopSpray","floor":6.0},{"not_picked":["Slimebound:MegaLick","Slimebound:HauntingLick"],"picked":"Slimebound:HungryTackle","floor":10.0},{"not_picked":["Slimebound:RollThrough","Slimebound:SlimeSpikes"],"picked":"Slimebound:SplitAcid","floor":12.0},{"not_picked":["Slimebound:SlimeSpikes","Slimebound:MinionMaster"],"picked":"Slimebound:LevelUp","floor":14.0},{"not_picked":["Slimebound:DuplicatedForm","Slimebound:MinionMaster"],"picked":"Slimebound:WasteNot","floor":16.0},{"not_picked":["Slimebound:Replication+1","Slimebound:RollThrough"],"picked":"Slimebound:MegaLick","floor":18.0},{"not_picked":["Slimebound:LeechEnergy","Slimebound:SplitMire+1"],"picked":"Slimebound:Gluttony+1","floor":22.0},{"not_picked":["Slimebound:FinishingTackle+1","Slimebound:ComboTackle"],"picked":"Slimebound:Repurpose","floor":23.0},{"not_picked":["Slimebound:LeechingTouch","Slimebound:Replication"],"picked":"Slimebound:ServeAndProtect","floor":27.0},{"not_picked":["Slimebound:ItLooksTasty","Slimebound:SplitMire"],"picked":"Slimebound:DivideAndConquer","floor":29.0},{"not_picked":["Slimebound:Recycling","Slimebound:LeechLife"],"picked":"Slimebound:OneTwoCombo","floor":33.0},{"not_picked":["Slimebound:MegaLick+1","Slimebound:ViciousTackle"],"picked":"Slimebound:PressTheAttack+1","floor":35.0},{"not_picked":["Slimebound:TongueLash+1","Slimebound:RainOfGoop"],"picked":"Slimebound:SamplingLick+1","floor":37.0},{"not_picked":["Slimebound:GoopSpray+1","Slimebound:SlimeTap"],"picked":"Slimebound:SpikyOuterGoop+1","floor":38.0},{"not_picked":["Slimebound:MegaLick+1","Slimebound:FlameTackle+1"],"picked":"Slimebound:HauntingLick+1","floor":39},{"not_picked":["Slimebound:ItLooksTasty+1","Slimebound:MegaLick"],"picked":"Slimebound:SplitSpecialist","floor":40},{"not_picked":["Slimebound:SamplingLick","Slimebound:SplitBruiser"],"picked":"Slimebound:DivideAndConquer+1","floor":46},{"not_picked":["Slimebound:LeechingTouch+1","Slimebound:LivingWall","Slimebound:GoopTackle"],"picked":"SKIP","floor":47},{"not_picked":["Slimebound:SplitSpecialist","Slimebound:ViciousTackle+1","Slimebound:TongueLash"],"picked":"SKIP","floor":48},{"not_picked":["Slimebound:SplitSpecialist","Slimebound:ViciousTackle+1","Slimebound:TongueLash"],"picked":"SKIP","floor":48}],"player_experience":340305,"relics_obtained":[{"floor":6.0,"key":"Mango"},{"floor":9.0,"key":"Slimebound:PotencyRelic"},{"floor":14.0,"key":"Bottled Tornado"},{"floor":23.0,"key":"sneckomod:BlankCard"},{"floor":26.0,"key":"HornCleat"},{"floor":27.0,"key":"Peace Pipe"},{"floor":36.0,"key":"Blood Vial"},{"floor":37.0,"key":"Dead Branch"},{"floor":40,"key":"Strawberry"},{"floor":43,"key":"Slimebound:MaxSlimesRelic"},{"floor":46,"key":"Ancient Tea Set"}],"event_choices":[{"cards_removed":["Slimebound:Strike_Slimebound"],"damage_healed":0.0,"max_hp_gain":0.0,"max_hp_loss":0.0,"gold_gain":0.0,"event_name":"Golden Wing","player_choice":"Card Removal","floor":2.0,"gold_loss":0.0,"damage_taken":7.0},{"damage_healed":0.0,"max_hp_gain":0.0,"max_hp_loss":0.0,"gold_gain":0.0,"event_name":"Golden Idol","player_choice":"Take Wound","floor":7.0,"gold_loss":0.0,"damage_taken":0.0,"relics_obtained":["Golden Idol"],"cards_obtained":["Injury"]},{"damage_healed":0.0,"max_hp_gain":0.0,"max_hp_loss":0.0,"gold_gain":0.0,"event_name":"Lab","player_choice":"Got Potions","floor":11.0,"gold_loss":0.0,"damage_taken":0.0},{"damage_healed":0.0,"max_hp_gain":0.0,"max_hp_loss":0.0,"gold_gain":99.0,"event_name":"Nest","player_choice":"Stole From Cult","floor":24.0,"gold_loss":0.0,"damage_taken":0.0},{"damage_healed":0.0,"max_hp_gain":0.0,"max_hp_loss":0.0,"gold_gain":0.0,"event_name":"Vampires","player_choice":"Ignored","floor":30.0,"gold_loss":0.0,"damage_taken":0.0},{"damage_healed":0.0,"max_hp_gain":0.0,"max_hp_loss":0.0,"gold_gain":0.0,"event_name":"N\u0027loth","player_choice":"Ignored","floor":31.0,"gold_loss":0.0,"damage_taken":0.0},{"damage_healed":0.0,"max_hp_gain":0.0,"max_hp_loss":0.0,"gold_gain":0.0,"event_name":"Mysterious Sphere","player_choice":"Fight","floor":37.0,"gold_loss":0.0,"damage_taken":0.0},{"cards_removed":["Slimebound:Defend_Slimebound"],"damage_healed":0,"gold_gain":0,"player_choice":"Purged","damage_taken":0,"max_hp_gain":0,"max_hp_loss":0,"event_name":"Purifier","floor":41,"gold_loss":0}],"is_beta":false,"boss_relics":[{"not_picked":["Empty Cage","Velvet Choker"],"picked":"Cursed Key"},{"not_picked":["Astrolabe","Coffee Dripper"],"picked":"Fusion Hammer"}],"items_purged_floors":[13,21,44],"is_endless":false,"potions_floor_spawned":[1,4,5,10,12,27,29,33,35,38,39,40],"ascension_level":2}}