{"host":"Qube","time":1612119889,"event":{"mods":["AchievementEnabler","BaseMod","Colored Map","Colored Powertips","Highlight Path","Minty Spire (QoL Compilation)","Permanent Neow","Quick Restart","Random Character Button","StSLib"],"gold_per_floor":[113,113,126,151,151,151,171,171,171,195,236,249,249,292,292,390,390,406,429,22,43,43,43,76,76,76],"floor_reached":25,"language":"ENG","playtime":994,"items_purged":[],"score":466,"play_id":"8696d9eb-126f-4476-b082-99060ffe94b3","local_time":"20210131110449","is_ascension_mode":true,"campfire_choices":[{"floor":6.0,"key":"REST"},{"data":"Adrenaline","floor":8.0,"key":"SMITH"},{"data":"Deadly Poison","floor":13.0,"key":"SMITH"},{"data":"Caltrops","floor":15.0,"key":"SMITH"},{"floor":23,"key":"REST"}],"circlet_count":0,"master_deck":["AscendersBane","Strike_G","Strike_G","Strike_G","Strike_G","Strike_G","Defend_G","Defend_G","Defend_G","Defend_G","Defend_G","Survivor","Neutralize","Adrenaline+1","Poisoned Stab","Footwork","Cloak And Dagger+1","PiercingWail","Acrobatics","Deadly Poison+1","Blur","Caltrops+1","Malaise","Accuracy+1","Catalyst","Blade Dance","Acrobatics+1","Tools of the Trade"],"relics":["Ring of the Snake","Golden Idol","Ninja Scroll","StrikeDummy","Art of War","SlaversCollar","Pear","Juzu Bracelet"],"acts_visited":["Exordium","TheCity"],"potions_floor_usage":[21],"damage_taken":[{"damage":0.0,"enemies":"2 Louse","floor":1.0,"turns":3.0},{"damage":0.0,"enemies":"Jaw Worm","floor":3.0,"turns":5.0},{"damage":4.0,"enemies":"Cultist","floor":4.0,"turns":3.0},{"damage":0.0,"enemies":"Exordium Wildlife","floor":7.0,"turns":5.0},{"damage":0.0,"enemies":"Lots of Slimes","floor":10.0,"turns":5.0},{"damage":8.0,"enemies":"Gremlin Nob","floor":11.0,"turns":3.0},{"damage":3.0,"enemies":"3 Louse","floor":12.0,"turns":3.0},{"damage":10.0,"enemies":"3 Sentries","floor":14.0,"turns":7.0},{"damage":10.0,"enemies":"The Guardian","floor":16.0,"turns":9.0},{"damage":7.0,"enemies":"Spheric Guardian","floor":18.0,"turns":4.0},{"damage":0,"enemies":"3 Byrds","floor":19,"turns":3},{"damage":10,"enemies":"Snake Plant","floor":21,"turns":4},{"damage":32,"enemies":"Book of Stabbing","floor":24,"turns":5}],"seed_played":"6776880863472484746","potions_obtained":[{"floor":10.0,"key":"DistilledChaos"},{"floor":11.0,"key":"Ancient Potion"},{"floor":12.0,"key":"AttackPotion"},{"floor":14.0,"key":"CultistPotion"},{"floor":16.0,"key":"Explosive Potion"},{"floor":18,"key":"Fire Potion"}],"is_trial":false,"path_per_floor":["M","?","M","M","?","R","M","R","T","M","E","M","R","E","R","B",null,"M","M","$","M","?","R","E","?"],"character_chosen":"THE_SILENT","items_purchased":["Catalyst","Pear","Blade Dance"],"campfire_rested":2,"item_purchase_floors":[20,20,20],"current_hp_per_floor":[59,38,38,34,34,52,52,52,52,52,44,41,41,31,31,21,50,43,43,53,43,31,52,20,0,0],"gold":76,"neow_bonus":"THREE_RARE_CARDS","is_daily":false,"chose_seed":false,"campfire_upgraded":3,"win_rate":0.0,"timestamp":1612119889,"path_taken":["M","?","M","M","?","R","M","R","T","M","E","M","R","E","R","BOSS","M","M","$","M","?","R","E","?"],"items_purchased_type":["Card","Relic","Card"],"build_version":"2020-12-18","purchased_purges":0,"victory":false,"max_hp_per_floor":[60,60,60,60,60,60,60,60,60,60,60,60,60,60,60,60,60,60,60,70,70,70,70,70,70,70],"card_choices":[{"not_picked":["Malaise","Die Die Die"],"picked":"Adrenaline","floor":0.0},{"not_picked":["Bane","Eviscerate"],"picked":"Poisoned Stab","floor":1.0},{"not_picked":["Prepared","Deadly Poison"],"picked":"Footwork","floor":3.0},{"not_picked":["Dodge and Roll","All Out Attack"],"picked":"Cloak And Dagger","floor":4.0},{"not_picked":["Eviscerate","Bane"],"picked":"PiercingWail","floor":7.0},{"not_picked":["Setup","Cloak And Dagger"],"picked":"Acrobatics","floor":10.0},{"not_picked":["Choke","Bane"],"picked":"Deadly Poison","floor":11.0},{"not_picked":["Dagger Throw","Blade Dance"],"picked":"Blur","floor":12.0},{"not_picked":["Bane","Outmaneuver"],"picked":"Caltrops","floor":14.0},{"not_picked":["Unload","Storm of Steel"],"picked":"Malaise","floor":16.0},{"not_picked":["All Out Attack","Expertise+1","Blade Dance"],"picked":"SKIP","floor":18},{"not_picked":["Setup","Bane"],"picked":"Accuracy+1","floor":19},{"not_picked":["Deadly Poison","Dagger Spray"],"picked":"Acrobatics+1","floor":21},{"not_picked":["Dagger Throw","Accuracy+1"],"picked":"Tools of the Trade","floor":24}],"player_experience":1024911,"relics_obtained":[{"floor":9.0,"key":"Ninja Scroll"},{"floor":11.0,"key":"StrikeDummy"},{"floor":14.0,"key":"Art of War"},{"floor":24,"key":"Juzu Bracelet"}],"event_choices":[{"damage_healed":0.0,"max_hp_gain":0.0,"max_hp_loss":0.0,"gold_gain":0.0,"event_name":"Golden Idol","player_choice":"Take Damage","floor":2.0,"gold_loss":0.0,"damage_taken":21.0,"relics_obtained":["Golden Idol"]},{"damage_healed":0.0,"max_hp_gain":0.0,"max_hp_loss":0.0,"gold_gain":0.0,"event_name":"Living Wall","player_choice":"Grow","floor":5.0,"gold_loss":0.0,"damage_taken":0.0,"cards_upgraded":["Cloak And Dagger"]},{"damage_healed":0,"gold_gain":0,"player_choice":"POTION ","damage_taken":12,"max_hp_gain":0,"max_hp_loss":0,"event_name":"Knowing Skull","floor":22,"potions_obtained":["Energy Potion"],"gold_loss":0,"cards_obtained":[]}],"is_beta":true,"boss_relics":[{"not_picked":["Tiny House","HoveringKite"],"picked":"SlaversCollar"}],"items_purged_floors":[],"is_endless":false,"potions_floor_spawned":[10,11,12,14,16,18],"ascension_level":20}}