{"host":"42xf941fomyavgzy","time":1612065102,"event":{"mods":["Act Like it!","Astrologer","BaseMod","Colored Map","Minty Spire (QoL Compilation)","Shop Mod","StSLib","SuperFastMode","The Cursed"],"gold_per_floor":[111,126,126,126,151,172,172,205,205,252,285,332,332,376,376,509,509,538,231,231,88,86,86,130,172,219,246,255,277,277,325,325,459,459,492,174,246,255,264,264,316,316,325,343,352,385,438,461,461,461,461],"floor_reached":50,"language":"JPN","playtime":3352,"items_purged":["Injury","Defend_R"],"score":913,"play_id":"dd2c5616-530f-4adc-a931-007e85cfa86a","local_time":"20210131125142","is_ascension_mode":true,"campfire_choices":[{"data":"Bash","floor":7,"key":"SMITH"},{"data":"True Grit","floor":13,"key":"SMITH"},{"data":"Rampage","floor":15,"key":"SMITH"},{"data":"Spot Weakness","floor":23,"key":"SMITH"},{"data":"J.A.X.","floor":30,"key":"SMITH"},{"data":"Impervious","floor":32,"key":"SMITH"},{"floor":40,"key":"RECALL"},{"data":"Rupture","floor":42,"key":"SMITH"},{"data":"Master of Strategy","floor":49,"key":"SMITH"}],"circlet_count":0,"master_deck":["Strike_R","Strike_R","Strike_R","Defend_R","Defend_R","Defend_R","Bash+1","Rampage+1","Iron Wave","Cleave","Clash","Anger","True Grit+1","Clothesline","Reaper","Battle Trance","Fire Breathing","Sentinel","Impervious+1","Headbutt","Spot Weakness+1","Battle Trance","Dark Embrace","Havoc+1","Shrug It Off","Intimidate","Offering","J.A.X.+1","Sword Boomerang+1","Bloodletting+1","Fiend Fire","Shrug It Off","Rupture+1","Headbutt","Master of Strategy+1","Doubt","Pummel","Decay","Madness","Madness","Regret","Feel No Pain+1","Whirlwind+1","Pommel Strike+1"],"relics":["Burning Blood","Golden Idol","Blood Vial","CeramicFish","Bottled Lightning","Potion Belt","Bag of Preparation","Coffee Dripper","DollysMirror","PreservedInsect","Red Mask","StrikeDummy","Centennial Puzzle","Mummified Hand","Cursed Key","HandDrill","Ice Cream","Toy Ornithopter","Oddly Smooth Stone","Kunai","Boot"],"acts_visited":["Exordium","TheCity","TheBeyond"],"potions_floor_usage":[12,14,16,33,47,47,48,50,50,50],"damage_taken":[{"damage":8,"enemies":"2 Louse","floor":1,"turns":3},{"damage":2,"enemies":"Jaw Worm","floor":2,"turns":3},{"damage":5,"enemies":"Cultist","floor":5,"turns":4},{"damage":7,"enemies":"Looter","floor":6,"turns":3},{"damage":16,"enemies":"Gremlin Nob","floor":8,"turns":4},{"damage":36,"enemies":"Lagavulin","floor":10,"turns":6},{"damage":0,"enemies":"Large Slime","floor":11,"turns":5},{"damage":18,"enemies":"3 Sentries","floor":12,"turns":5},{"damage":23,"enemies":"Gremlin Nob","floor":14,"turns":5},{"damage":0,"enemies":"Slime Boss","floor":16,"turns":6},{"damage":35,"enemies":"Shell Parasite","floor":18,"turns":6},{"damage":5,"enemies":"2 Thieves","floor":22,"turns":4},{"damage":10,"enemies":"Masked Bandits","floor":24,"turns":3},{"damage":1,"enemies":"Slavers","floor":25,"turns":3},{"damage":0,"enemies":"Cultist and Chosen","floor":27,"turns":4},{"damage":20,"enemies":"Snecko","floor":29,"turns":5},{"damage":9,"enemies":"Book of Stabbing","floor":31,"turns":2},{"damage":25,"enemies":"Automaton","floor":33,"turns":6},{"damage":3,"enemies":"Orb Walker","floor":35,"turns":2},{"damage":17,"enemies":"Mind Bloom Boss Battle","floor":37,"turns":7},{"damage":30,"enemies":"Giant Head","floor":41,"turns":7},{"damage":56,"enemies":"3 Shapes","floor":46,"turns":6},{"damage":21,"enemies":"Nemesis","floor":47,"turns":7},{"damage":0,"enemies":"3 Darklings","floor":48,"turns":4},{"damage":83,"enemies":"Awakened One","floor":50,"turns":5}],"seed_played":"3221724491599673904","potions_obtained":[{"floor":6,"key":"Explosive Potion"},{"floor":8,"key":"PowerPotion"},{"floor":10,"key":"Block Potion"},{"floor":16,"key":"DistilledChaos"},{"floor":22,"key":"Block Potion"},{"floor":27,"key":"Strength Potion"},{"floor":31,"key":"ColorlessPotion"},{"floor":33,"key":"SkillPotion"},{"floor":35,"key":"BlessingOfTheForge"},{"floor":47,"key":"Fire Potion"}],"is_trial":false,"path_per_floor":["M","M","?","?","M","M","R","E","T","E","M","E","R","E","R","B",null,"M","$","?","$","M","R","?","E","T","M","?","M","R","E","R","B",null,"M","$","?","?","T","R","E","R","T","?","T","M","E","M","R","B"],"character_chosen":"IRONCLAD","items_purchased":["Spot Weakness","DollysMirror","Dark Embrace","PreservedInsect","HandDrill","Rupture"],"campfire_rested":0,"item_purchase_floors":[19,19,19,21,36,36],"current_hp_per_floor":[70,74,74,74,75,74,74,64,64,36,48,46,46,37,37,51,73,46,46,72,72,75,75,76,80,80,80,80,72,72,71,71,74,79,80,80,80,80,80,80,65,65,65,55,55,30,28,47,47,0,0],"gold":461,"neow_bonus":"TRANSFORM_CARD","is_daily":false,"chose_seed":false,"campfire_upgraded":8,"win_rate":0.0,"timestamp":1612065102,"path_taken":["M","M","?","?","M","M","R","E","T","E","?","E","R","E","R","BOSS","M","$","?","$","M","R","?","E","T","M","?","M","R","E","R","BOSS","M","$","?","?","?","R","E","R","T","?","?","M","E","M","R","BOSS"],"items_purchased_type":["Card","Relic","Card","Relic","Relic","Card"],"build_version":"2020-12-22","purchased_purges":2,"victory":false,"max_hp_per_floor":[80,80,80,80,80,80,80,80,80,80,80,80,80,80,80,80,80,80,80,80,80,80,80,80,80,80,80,80,80,80,80,80,80,80,80,80,80,80,80,80,80,80,80,80,80,80,80,80,80,80,80],"card_choices":[{"not_picked":["Havoc","Dropkick"],"picked":"Iron Wave","floor":1},{"not_picked":["Metallicize","Flex"],"picked":"Cleave","floor":2},{"not_picked":["Wild Strike","Armaments"],"picked":"Anger","floor":5},{"not_picked":["Shrug It Off","Combust"],"picked":"True Grit","floor":6},{"not_picked":["Wild Strike","Body Slam"],"picked":"Clothesline","floor":8},{"not_picked":["Iron Wave","Clothesline"],"picked":"Reaper","floor":10},{"not_picked":["Body Slam","Whirlwind"],"picked":"Battle Trance","floor":11},{"not_picked":["Clothesline","Uppercut"],"picked":"Fire Breathing","floor":12},{"not_picked":["Dual Wield","Searing Blow"],"picked":"Sentinel","floor":14},{"not_picked":["Juggernaut","Demon Form"],"picked":"Impervious","floor":16},{"not_picked":["Whirlwind","Dropkick"],"picked":"Headbutt","floor":18},{"not_picked":["Cleave+1","Twin Strike+1"],"picked":"Havoc+1","floor":22},{"not_picked":["Fire Breathing","Intimidate"],"picked":"Shrug It Off","floor":24},{"not_picked":["Reckless Charge","True Grit+1"],"picked":"Intimidate","floor":25},{"not_picked":["Burning Pact","Thunderclap+1"],"picked":"Offering","floor":27},{"not_picked":["Shockwave","Wild Strike"],"picked":"Sword Boomerang+1","floor":29},{"not_picked":["Cleave","Clothesline"],"picked":"Bloodletting+1","floor":31},{"not_picked":["Bludgeon","Impervious"],"picked":"Fiend Fire","floor":33},{"not_picked":["Wild Strike","Iron Wave"],"picked":"Shrug It Off","floor":35},{"not_picked":["Havoc+1","Thunderclap"],"picked":"Headbutt","floor":37},{"not_picked":["Purity","Finesse"],"picked":"Master of Strategy","floor":38},{"not_picked":["Rage","Wild Strike+1"],"picked":"Pummel","floor":41},{"not_picked":["Perfected Strike","Clothesline"],"picked":"Feel No Pain+1","floor":46},{"not_picked":["Pommel Strike","Anger"],"picked":"Whirlwind+1","floor":47},{"not_picked":["Iron Wave+1","Twin Strike"],"picked":"Pommel Strike+1","floor":48}],"player_experience":444325,"relics_obtained":[{"floor":8,"key":"Blood Vial"},{"floor":9,"key":"CeramicFish"},{"floor":10,"key":"Bottled Lightning"},{"floor":12,"key":"Potion Belt"},{"floor":14,"key":"Bag of Preparation"},{"floor":24,"key":"Red Mask"},{"floor":25,"key":"StrikeDummy"},{"floor":26,"key":"Centennial Puzzle"},{"floor":31,"key":"Mummified Hand"},{"floor":37,"key":"Ice Cream"},{"floor":41,"key":"Toy Ornithopter"},{"floor":43,"key":"Oddly Smooth Stone"},{"floor":45,"key":"Kunai"},{"floor":47,"key":"Boot"}],"event_choices":[{"damage_healed":0,"gold_gain":0,"player_choice":"Take Wound","damage_taken":0,"relics_obtained":["Golden Idol"],"max_hp_gain":0,"max_hp_loss":0,"event_name":"Golden Idol","floor":3,"gold_loss":0,"cards_obtained":["Injury"]},{"damage_healed":0,"gold_gain":0,"cards_transformed":["Strike_R"],"player_choice":"Transformed","damage_taken":0,"max_hp_gain":0,"max_hp_loss":0,"event_name":"Transmorgrifier","floor":4,"gold_loss":0,"cards_obtained":["Clash"]},{"damage_healed":26,"gold_gain":0,"player_choice":"Heal","damage_taken":0,"max_hp_gain":0,"max_hp_loss":0,"event_name":"The Library","floor":20,"gold_loss":0},{"damage_healed":0,"gold_gain":0,"player_choice":"Fought Bandits","damage_taken":0,"max_hp_gain":0,"max_hp_loss":0,"event_name":"Masked Bandits","floor":24,"gold_loss":0},{"damage_healed":0,"gold_gain":0,"player_choice":"Obtain J.A.X.","damage_taken":0,"max_hp_gain":0,"max_hp_loss":0,"event_name":"Drug Dealer","floor":28,"gold_loss":0,"cards_obtained":["J.A.X."]},{"damage_healed":0,"gold_gain":0,"player_choice":"Fight","damage_taken":0,"max_hp_gain":0,"max_hp_loss":0,"event_name":"MindBloom","floor":37,"gold_loss":0},{"damage_healed":0,"gold_gain":0,"player_choice":"Memory 1","damage_taken":0,"max_hp_gain":0,"max_hp_loss":0,"event_name":"SensoryStone","floor":38,"gold_loss":0},{"damage_healed":0,"gold_gain":0,"player_choice":"Embrace Madness","damage_taken":10,"max_hp_gain":0,"max_hp_loss":0,"event_name":"Winding Halls","floor":44,"gold_loss":0,"cards_obtained":["Madness","Madness"]}],"is_beta":false,"boss_relics":[{"not_picked":["SlaversCollar","Runic Dome"],"picked":"Coffee Dripper"},{"not_picked":["Velvet Choker","Busted Crown"],"picked":"Cursed Key"}],"items_purged_floors":[19,36],"is_endless":false,"potions_floor_spawned":[6,8,10,16,22,27,31,33,35,41,47],"killed_by":"Awakened One","ascension_level":7}}