{"host":"facnppb4175fcpe2","time":1612096101,"event":{"mods":["AchievementEnabler","BaseMod","Colored Map","Colored Powertips","Highlight Path","Minty Spire (QoL Compilation)","Quick Restart","Rare Cards Sparkle","Relic Stats","StSLib","SuperFastMode"],"gold_per_floor":[114,114,114,114,114,114,148,160,234,269,269,269,269,284,284,284,284],"floor_reached":16,"language":"ZHS","playtime":260,"items_purged":[],"score":127,"play_id":"59a97916-e65a-4dde-9a7e-7f147351fd42","local_time":"20210131202821","is_ascension_mode":true,"campfire_choices":[{"data":"Corpse Explosion","floor":6.0,"key":"SMITH"},{"data":"Leg Sweep","floor":12,"key":"SMITH"},{"data":"Defend_G","floor":15,"key":"SMITH"}],"circlet_count":0,"master_deck":["Strike_G","Strike_G","Strike_G","Strike_G","Strike_G","Defend_G","Defend_G","Defend_G","Defend_G","Defend_G+1","Survivor","Neutralize","Corpse Explosion+1","Deadly Poison","Leg Sweep+1"],"relics":["Ring of the Snake","Happy Flower","Mummified Hand","Ninja Scroll","Snake Skull","Lantern"],"acts_visited":["Exordium"],"potions_floor_usage":[10,16],"damage_taken":[{"damage":0.0,"enemies":"Cultist","floor":1.0,"turns":4.0},{"damage":28.0,"enemies":"Gremlin Nob","floor":7.0,"turns":5.0},{"damage":7.0,"enemies":"Small Slimes","floor":8.0,"turns":3.0},{"damage":7,"enemies":"Lagavulin","floor":10,"turns":6},{"damage":0,"enemies":"2 Louse","floor":14,"turns":1},{"damage":8,"enemies":"Slime Boss","floor":16,"turns":6}],"seed_played":"921520450892030261","potions_obtained":[{"floor":8.0,"key":"SneckoOil"},{"floor":10,"key":"PowerPotion"},{"floor":14,"key":"Weak Potion"}],"is_trial":false,"path_per_floor":["M","$","?","$","?","R","E","M","T","E","?","R","T","M","R","B"],"character_chosen":"THE_SILENT","items_purchased":[],"campfire_rested":0,"item_purchase_floors":[],"current_hp_per_floor":[77,77,44,44,44,44,16,9,9,2,7,7,7,7,7,0,0],"gold":284,"neow_bonus":"TEN_PERCENT_HP_BONUS","is_daily":false,"chose_seed":false,"campfire_upgraded":3,"win_rate":0.0,"timestamp":1612096101,"path_taken":["M","?","?","$","?","R","E","?","T","E","?","R","?","M","R","BOSS"],"items_purchased_type":[],"build_version":"2020-12-22","purchased_purges":0,"victory":false,"max_hp_per_floor":[77,77,77,77,77,77,77,77,77,77,82,82,82,82,82,82,82],"relic_stats":{"Happy Flower":[7],"counters":[6,25],"Mummified Hand":[0],"Snake Skull":[5],"obtain_stats":[{"Lantern":13,"Happy Flower":3,"Mummified Hand":7,"Ninja Scroll":9,"Snake Skull":10,"Ring of the Snake":0},{"Lantern":4,"Happy Flower":1,"Mummified Hand":2,"Ninja Scroll":3,"Snake Skull":4,"Ring of the Snake":0},{"Lantern":18,"Happy Flower":4,"Mummified Hand":9,"Ninja Scroll":12,"Snake Skull":18,"Ring of the Snake":0}],"Ring of the Snake":[12]},"card_choices":[{"not_picked":["Acrobatics","Blade Dance","Sucker Punch"],"picked":"SKIP","floor":1.0},{"not_picked":["Dagger Spray","Dodge and Roll"],"picked":"Deadly Poison","floor":7.0},{"not_picked":["Deadly Poison","Deflect","Underhanded Strike"],"picked":"SKIP","floor":8.0},{"not_picked":["Outmaneuver","Tools of the Trade"],"picked":"Leg Sweep","floor":10},{"not_picked":["Sucker Punch","All Out Attack","Terror"],"picked":"SKIP","floor":14}],"player_experience":104538,"relics_obtained":[{"floor":7.0,"key":"Mummified Hand"},{"floor":9.0,"key":"Ninja Scroll"},{"floor":10,"key":"Snake Skull"},{"floor":13,"key":"Lantern"}],"event_choices":[{"damage_healed":0.0,"max_hp_gain":0.0,"max_hp_loss":0.0,"gold_gain":0.0,"event_name":"Scrap Ooze","player_choice":"Success","floor":3.0,"gold_loss":0.0,"damage_taken":33.0,"relics_obtained":["Happy Flower"]},{"damage_healed":0.0,"max_hp_gain":0.0,"max_hp_loss":0.0,"gold_gain":0.0,"event_name":"Match and Keep!","player_choice":"1 cards matched","floor":5.0,"gold_loss":0.0,"damage_taken":0.0,"cards_obtained":["Corpse Explosion"]},{"damage_healed":0,"gold_gain":0,"player_choice":"Donut","damage_taken":0,"max_hp_gain":5,"max_hp_loss":0,"event_name":"Big Fish","floor":11,"gold_loss":0}],"is_beta":false,"boss_relics":[],"items_purged_floors":[],"is_endless":false,"potions_floor_spawned":[8,10,14],"killed_by":"Slime Boss","ascension_level":4}}