{"host":"xb8s6f94jxtwitgf","time":1612112542,"event":{"mods":["Act Like it!","BaseMod","Better Third Choice","BetterRewards","GifTheSpireLib","Hubris","Minty Spire (QoL Compilation)","Reliquary","Remove Card Discount Mod","Spicy Shops","Spikes Relics","StSLib","TheSurvivalist"],"gold_per_floor":[113,113,388,399,412,412,412,412,437,471,180,180,12,36,36,137,137,148,148,148,158,171,204,204,237,291,311,416,416,431,469,469,571,571,588,610,610,627,627,667,667,667,692,726,33,62,62,62,62,62],"floor_reached":51,"language":"ENG","playtime":8083,"items_purged":["survmod:Strike","survmod:Defend","survmod:Strike","survmod:VersatileOffense","survmod:Defend","Regret","survmod:FlashbangTrap","survmod:Strike","hubris:Greed","hubris:Disease"],"score":1346,"play_id":"381e7ca7-7be2-41b2-954c-67091b5f8269","local_time":"20210131170222","is_ascension_mode":true,"campfire_choices":[{"floor":6.0,"key":"REST"},{"data":"survmod:Sprint","floor":8.0,"key":"SMITH"},{"data":"survmod:GoForFace","floor":12.0,"key":"SMITH"},{"data":"survmod:QuickThinking","floor":15.0,"key":"SMITH"},{"data":"Well Laid Plans","floor":24.0,"key":"SMITH"},{"data":"survmod:SwiftKick","floor":32.0,"key":"SMITH"},{"floor":42.0,"key":"REST"},{"floor":49.0,"key":"REST"}],"circlet_count":0,"master_deck":["survmod:Strike","survmod:Defend","survmod:Defend+1","survmod:Sprint+1","survmod:TwinShot","survmod:SwiftKick+1","survmod:GoForFace+1","survmod:GoForFace","survmod:QuickThinking+1","survmod:VersatileDefense+1","survmod:PenetratingShot","survmod:HiddenTactic","survmod:GoForFace","survmod:ConcussiveShot","Well Laid Plans+1","survmod:TwinShot+1","survmod:SkillfulManeuver+1","survmod:GoForFace+1","survmod:GoForFace","survmod:MercifulShot","Madness","Madness","survmod:GoForFace"],"relics":["survmod:InnateMutation","hubris:CrystalStatue","hubris:GlazedTorus","SpikesRelics:DaevaFist","Nunchaku","reliquary:Buckler","Juzu Bracelet","Strawberry","Cursed Key","Pocketwatch","Centennial Puzzle","Dream Catcher","Potion Belt","BicycleWheel","Shuriken","hubris:Metronome","SacredBark","hubris:Icosahedron","Turnip","hubris:TenFootPole","Singing Bowl","Bronze Scales","CaptainsWheel","Sundial","Molten Egg 2"],"acts_visited":["Exordium","TheCity","TheBeyond"],"potions_floor_usage":[50,50],"damage_taken":[{"damage":0.0,"enemies":"Cultist","floor":1.0,"turns":3.0},{"damage":3.0,"enemies":"Small Slimes","floor":4.0,"turns":3.0},{"damage":8.0,"enemies":"Jaw Worm","floor":5.0,"turns":3.0},{"damage":5.0,"enemies":"Lagavulin","floor":10.0,"turns":4.0},{"damage":0.0,"enemies":"Hexaghost","floor":16.0,"turns":7.0},{"damage":2.0,"enemies":"3 Byrds","floor":18.0,"turns":4.0},{"damage":0.0,"enemies":"Shell Parasite","floor":21.0,"turns":4.0},{"damage":0.0,"enemies":"Snake Plant","floor":22.0,"turns":5.0},{"damage":0.0,"enemies":"Book of Stabbing","floor":23.0,"turns":5.0},{"damage":4.0,"enemies":"Gremlin Leader","floor":25.0,"turns":4.0},{"damage":6.0,"enemies":"Chosen and Byrds","floor":27.0,"turns":3.0},{"damage":0.0,"enemies":"Colosseum Slavers","floor":28.0,"turns":3.0},{"damage":0.0,"enemies":"Colosseum Nobs","floor":28.0,"turns":4.0},{"damage":0.0,"enemies":"Snecko","floor":30.0,"turns":4.0},{"damage":10.0,"enemies":"Slavers","floor":31.0,"turns":4.0},{"damage":4.0,"enemies":"Champ","floor":33.0,"turns":6.0},{"damage":6.0,"enemies":"Orb Walker","floor":35.0,"turns":3.0},{"damage":0.0,"enemies":"3 Shapes","floor":36.0,"turns":3.0},{"damage":8.0,"enemies":"Sphere and 2 Shapes","floor":38.0,"turns":4.0},{"damage":28.0,"enemies":"Nemesis","floor":40.0,"turns":6.0},{"damage":15.0,"enemies":"Reptomancer","floor":44.0,"turns":4.0},{"damage":0.0,"enemies":"Nemesis","floor":46.0,"turns":4.0},{"damage":17,"enemies":"Awakened One","floor":50,"turns":8}],"seed_played":"104932575327316771","potions_obtained":[{"floor":4.0,"key":"SkillPotion"},{"floor":16.0,"key":"Explosive Potion"},{"floor":22.0,"key":"Dexterity Potion"},{"floor":23.0,"key":"FearPotion"},{"floor":27.0,"key":"Block Potion"},{"floor":28.0,"key":"Ancient Potion"},{"floor":33.0,"key":"AttackPotion"},{"floor":44.0,"key":"FearPotion"}],"is_trial":false,"path_per_floor":["M","T","?","M","M","R","?","R","T","E","$","R","$","T","R","B",null,"M","?","?","M","M","E","R","E","T","M","?","?","M","E","R","B",null,"M","M","?","M","?","E","?","R","T","E","$","E","?","$","R","B",null],"character_chosen":"THE_SURVIVOR","items_purchased":["hubris:CrystalStatue","survmod:TwinShot","survmod:SwiftKick","survmod:GoForFace","hubris:GlazedTorus","survmod:GoForFace","reliquary:FerryPass","survmod:PenetratingShot","survmod:HiddenTactic","survmod:GoForFace","Juzu Bracelet","Bronze Scales","CaptainsWheel","Sundial"],"campfire_rested":3,"item_purchase_floors":[0,0,0,0,0,0,11,11,11,13,13,45,45,45],"current_hp_per_floor":[26,26,26,23,15,30,30,30,30,25,25,25,25,32,32,32,57,55,55,55,55,55,55,55,51,51,45,45,45,45,35,35,31,57,51,51,44,36,36,8,11,29,29,16,16,18,19,19,42,55],"gold":62,"neow_bonus":"","is_daily":false,"chose_seed":false,"campfire_upgraded":5,"win_rate":0.0,"timestamp":1612112542,"path_taken":["M","?","?","M","?","R","?","R","T","E","$","R","?","?","R","BOSS","M","?","?","M","M","E","R","E","T","M","?","?","M","E","R","BOSS","M","M","?","M","?","E","?","R","T","E","$","E","?","?","R","BOSS"],"items_purchased_type":["Relic","Card","Card","Card","Relic","Card","Relic","Card","Card","Card","Relic","Relic","Relic","Relic"],"build_version":"2020-12-22","purchased_purges":10,"victory":true,"max_hp_per_floor":[50,50,50,50,50,50,50,50,50,50,50,50,50,57,57,57,57,57,57,57,57,57,57,57,57,57,57,57,57,57,57,57,57,57,57,57,57,57,57,57,60,60,60,62,62,64,70,70,72,72],"card_choices":[{"not_picked":["survmod:PenetratingShot","survmod:NockAnArrow"],"picked":"survmod:FlashbangTrap","floor":1.0},{"not_picked":["survmod:QuickDash","survmod:PinningSnipe"],"picked":"survmod:QuickThinking","floor":4.0},{"not_picked":["survmod:ShrapnelTraps","survmod:QuickDash","survmod:Detonation"],"picked":"SKIP","floor":5.0},{"not_picked":["survmod:TakeAim","survmod:AcidTrap"],"picked":"survmod:VersatileDefense","floor":10.0},{"not_picked":["survmod:DeadlyAim","survmod:Camouflage"],"picked":"survmod:ConcussiveShot","floor":16.0},{"not_picked":["survmod:SimpleMutation","survmod:FlareBarrage","survmod:SwiftKick"],"picked":"SKIP","floor":18.0},{"not_picked":["survmod:TrickShot+1","survmod:BendAndBow"],"picked":"survmod:TwinShot+1","floor":21.0},{"not_picked":["survmod:ShrapnelTraps+1","survmod:Camouflage","survmod:PinningSnipe"],"picked":"SKIP","floor":22.0},{"not_picked":["survmod:FlashbangTrap","survmod:PenetratingShot","survmod:DuckAndFlare"],"picked":"SKIP","floor":23.0},{"not_picked":["survmod:PersonalMark+1","survmod:SimpleMutation","survmod:OverexertingShot"],"picked":"SKIP","floor":25.0},{"not_picked":["survmod:Decoy","survmod:TrickShot+1"],"picked":"survmod:SkillfulManeuver+1","floor":27.0},{"not_picked":["survmod:LongShot","survmod:FlareBarrage"],"picked":"survmod:GoForFace","floor":30.0},{"not_picked":["survmod:FlareBarrage","survmod:QuickDash","survmod:SimpleMutation"],"picked":"SKIP","floor":31.0},{"not_picked":["survmod:Heartseeker","survmod:MarkedForDeath"],"picked":"survmod:MercifulShot","floor":33.0},{"not_picked":["survmod:SwiftKick+1","survmod:PenetratingShot","survmod:WalledOffTraps"],"picked":"SKIP","floor":35.0},{"not_picked":["survmod:MarkedShot","survmod:DuckAndFlare","survmod:BendAndBow"],"picked":"SKIP","floor":36.0},{"not_picked":["survmod:QuickDash","survmod:TacticalManeuver","survmod:ShrapnelTraps+1"],"picked":"SKIP","floor":38.0},{"not_picked":["survmod:MarkedFromAfar+1","survmod:LongShot"],"picked":"survmod:GoForFace","floor":40.0},{"not_picked":["survmod:NockAnArrow","survmod:SwiftKick+1","survmod:ConcussiveShot"],"picked":"Singing Bowl","floor":44.0},{"not_picked":["survmod:SwiftKick+1","survmod:FocusedFire+1","survmod:NockAnArrow+1"],"picked":"Singing Bowl","floor":46.0},{"not_picked":["PlatinumSkin","Purity","Magnetism"],"picked":"Singing Bowl","floor":47.0},{"not_picked":["Mind Blast+1","Finesse","Madness"],"picked":"Singing Bowl","floor":47.0},{"not_picked":["Panacea","Bandage Up","Trip"],"picked":"Singing Bowl","floor":47.0},{"not_picked":["survmod:SwiftKick+1","survmod:UnfortunateEscape","survmod:MarkedShot+1"],"picked":"Singing Bowl","floor":49.0}],"player_experience":989615,"relics_obtained":[{"floor":2.0,"key":"SpikesRelics:DaevaFist"},{"floor":9.0,"key":"Nunchaku"},{"floor":10.0,"key":"reliquary:Buckler"},{"floor":14.0,"key":"Strawberry"},{"floor":23.0,"key":"Pocketwatch"},{"floor":23.0,"key":"Centennial Puzzle"},{"floor":25.0,"key":"Dream Catcher"},{"floor":26.0,"key":"Potion Belt"},{"floor":28.0,"key":"BicycleWheel"},{"floor":28.0,"key":"Shuriken"},{"floor":31.0,"key":"hubris:Metronome"},{"floor":40.0,"key":"Turnip"},{"floor":43.0,"key":"hubris:TenFootPole"},{"floor":44.0,"key":"Singing Bowl"},{"floor":46.0,"key":"Molten Egg 2"}],"event_choices":[{"damage_healed":0.0,"max_hp_gain":0.0,"max_hp_loss":0.0,"gold_gain":275.0,"event_name":"Golden Shrine","player_choice":"Desecrate","floor":3.0,"gold_loss":0.0,"damage_taken":0.0,"cards_obtained":["Regret"]},{"damage_healed":0.0,"max_hp_gain":0.0,"max_hp_loss":0.0,"gold_gain":0.0,"event_name":"Golden Wing","player_choice":"Ignored","floor":7.0,"gold_loss":0.0,"damage_taken":0.0},{"damage_healed":0.0,"max_hp_gain":0.0,"max_hp_loss":0.0,"gold_gain":0.0,"event_name":"The Library","player_choice":"Read","floor":19.0,"gold_loss":0.0,"damage_taken":0.0,"cards_obtained":["Well Laid Plans"]},{"damage_healed":0.0,"max_hp_gain":0.0,"max_hp_loss":0.0,"gold_gain":0.0,"event_name":"Vampires","player_choice":"Ignored","floor":20.0,"gold_loss":0.0,"damage_taken":0.0},{"damage_healed":0.0,"max_hp_gain":0.0,"max_hp_loss":0.0,"gold_gain":0.0,"event_name":"Colosseum","player_choice":"Fight","floor":28.0,"gold_loss":0.0,"damage_taken":0.0},{"damage_healed":0.0,"max_hp_gain":0.0,"max_hp_loss":0.0,"gold_gain":0.0,"event_name":"Colosseum","player_choice":"Fought Nobs","floor":28.0,"gold_loss":0.0,"damage_taken":0.0},{"damage_healed":0.0,"max_hp_gain":0.0,"max_hp_loss":0.0,"gold_gain":0.0,"event_name":"Duplicator","player_choice":"Copied","floor":29.0,"gold_loss":0.0,"damage_taken":0.0,"cards_obtained":["survmod:GoForFace"]},{"damage_healed":0.0,"max_hp_gain":0.0,"max_hp_loss":0.0,"gold_gain":0.0,"event_name":"Winding Halls","player_choice":"Embrace Madness","floor":37.0,"gold_loss":0.0,"damage_taken":7.0,"cards_obtained":["Madness","Madness"]},{"damage_healed":0.0,"max_hp_gain":0.0,"max_hp_loss":0.0,"gold_gain":0.0,"event_name":"SensoryStone","player_choice":"Memory 3","floor":47.0,"gold_loss":0.0,"damage_taken":10.0}],"is_beta":false,"boss_relics":[{"not_picked":["Runic Dome","hubris:RunicObelisk"],"picked":"Cursed Key"},{"not_picked":["hubris:ScarierMask","hubris:BlackHole"],"picked":"SacredBark"}],"items_purged_floors":[0,0,0,0,0,11,11,11,45,45],"is_endless":false,"potions_floor_spawned":[4,16,22,23,27,28,33,44],"ascension_level":2}}