{"host":"4cz9gr89nglr7k8k","time":1612122351,"event":{"mods":["BaseMod","Minty Spire (QoL Compilation)","Relic Stats","Slay-I"],"gold_per_floor":[116,116,10,10,10,35,35,49,121,159,159,180,180,199,199,294,294,314,314,7,32,82,82,82,82,133,164,187,187,187,212,212,212,212],"floor_reached":33,"language":"DEU","playtime":842,"items_purged":[],"score":566,"play_id":"2d4fe7d3-b562-4930-aba9-868bd3e60cf2","local_time":"20210131204551","is_ascension_mode":true,"campfire_choices":[{"floor":7,"key":"REST"},{"floor":11,"key":"REST"},{"data":"Perfected Strike","floor":13,"key":"SMITH"},{"floor":15,"key":"REST"},{"floor":23,"key":"REST"},{"data":"Metallicize","floor":25,"key":"SMITH"},{"floor":32,"key":"REST"}],"circlet_count":0,"master_deck":["AscendersBane","Strike_R","Strike_R","Strike_R","Strike_R","Defend_R","Bash","Reckless Charge+1","Metallicize+1","Iron Wave","Perfected Strike+1","Twin Strike","Spot Weakness","Shockwave","Clothesline","Demon Form","Ghostly Armor+1","Dual Wield+1","Demon Form+1","Perfected Strike","Pommel Strike","Infernal Blade+1","Flex","Iron Wave","Flame Barrier"],"relics":["Burning Blood","Bag of Preparation","Golden Idol","White Beast Statue","Lantern","Astrolabe","MutagenicStrength","Pear","Bronze Scales","Red Skull"],"acts_visited":["Exordium","TheCity"],"potions_floor_usage":[29,33,33],"damage_taken":[{"damage":15,"enemies":"Small Slimes","floor":1,"turns":3},{"damage":0,"enemies":"Cultist","floor":6,"turns":3},{"damage":1,"enemies":"2 Louse","floor":8,"turns":3},{"damage":26,"enemies":"Gremlin Nob","floor":10,"turns":4},{"damage":8,"enemies":"Blue Slaver","floor":12,"turns":2},{"damage":22,"enemies":"Lots of Slimes","floor":14,"turns":5},{"damage":68,"enemies":"The Guardian","floor":16,"turns":12},{"damage":19,"enemies":"Spheric Guardian","floor":18,"turns":4},{"damage":14,"enemies":"2 Thieves","floor":21,"turns":3},{"damage":58,"enemies":"Book of Stabbing","floor":27,"turns":5},{"damage":20,"enemies":"Snake Plant","floor":28,"turns":2},{"damage":0,"enemies":"Gremlin Leader","floor":29,"turns":1},{"damage":6,"enemies":"Chosen and Byrds","floor":31,"turns":3},{"damage":56,"enemies":"Automaton","floor":33,"turns":6}],"seed_played":"-595334534420446685","potions_obtained":[{"floor":1,"key":"SteroidPotion"},{"floor":10,"key":"SpeedPotion"},{"floor":12,"key":"SmokeBomb"},{"floor":16,"key":"Strength Potion"},{"floor":31,"key":"PowerPotion"}],"is_trial":false,"path_per_floor":["M","?","$","?","$","M","R","M","T","E","R","M","R","M","R","B",null,"M","?","$","M","?","R","?","R","T","E","M","E","?","M","R","B"],"character_chosen":"IRONCLAD","items_purchased":["Metallicize","Iron Wave","Pear","Pommel Strike"],"campfire_rested":5,"item_purchase_floors":[3,3,20,20],"current_hp_per_floor":[59,59,59,33,33,39,61,66,66,46,68,66,66,50,72,10,59,46,46,56,48,48,73,73,73,73,21,7,13,13,13,38,0,0],"gold":212,"neow_bonus":"RANDOM_COMMON_RELIC","is_daily":false,"chose_seed":false,"campfire_upgraded":2,"win_rate":0.0,"timestamp":1612122351,"path_taken":["M","?","?","?","?","M","R","M","T","E","R","?","R","M","R","BOSS","M","?","$","M","?","R","?","R","T","E","M","E","?","M","R","BOSS"],"items_purchased_type":["Card","Card","Relic","Card"],"build_version":"2020-12-22","purchased_purges":0,"victory":false,"max_hp_per_floor":[75,75,75,75,75,75,75,75,75,75,75,75,75,75,75,75,75,75,75,85,85,85,85,85,85,85,85,85,85,85,85,85,85,85],"relic_stats":{"counters":[14,56],"Golden Idol":74,"Astrolabe":["Ghostly Armor","Dual Wield","Demon Form"],"Bronze Scales":[78],"Bag of Preparation":[28],"obtain_stats":[{"Lantern":10,"Pear":20,"Golden Idol":4,"Astrolabe":17,"MutagenicStrength":19,"Bronze Scales":26,"Bag of Preparation":0,"Burning Blood":0,"White Beast Statue":9,"Red Skull":27},{"Lantern":4,"Pear":8,"Golden Idol":1,"Astrolabe":7,"MutagenicStrength":8,"Bronze Scales":9,"Bag of Preparation":0,"Burning Blood":0,"White Beast Statue":3,"Red Skull":10},{"Lantern":13,"Pear":36,"Golden Idol":3,"Astrolabe":32,"MutagenicStrength":36,"Bronze Scales":39,"Bag of Preparation":0,"Burning Blood":0,"White Beast Statue":9,"Red Skull":44}],"Burning Blood":78},"card_choices":[{"not_picked":["Armaments","Dual Wield"],"picked":"Reckless Charge","floor":1},{"not_picked":["Havoc","Twin Strike"],"picked":"Perfected Strike","floor":6},{"not_picked":["Entrench","Wild Strike"],"picked":"Twin Strike","floor":8},{"not_picked":["Warcry","Evolve"],"picked":"Spot Weakness","floor":10},{"not_picked":["Dropkick","Power Through"],"picked":"Shockwave","floor":12},{"not_picked":["Rupture","Shrug It Off"],"picked":"Clothesline","floor":14},{"not_picked":["Limit Break","Fiend Fire"],"picked":"Demon Form","floor":16},{"not_picked":["Clothesline","Uppercut"],"picked":"Perfected Strike","floor":18},{"not_picked":["Dropkick","Clash+1"],"picked":"Infernal Blade+1","floor":21},{"not_picked":["Second Wind","Burning Pact"],"picked":"Flex","floor":27},{"not_picked":["Searing Blow","Blood for Blood"],"picked":"Iron Wave","floor":28},{"not_picked":["Fire Breathing+1","Flex"],"picked":"Flame Barrier","floor":31}],"player_experience":1532203,"relics_obtained":[{"floor":9,"key":"White Beast Statue"},{"floor":10,"key":"Lantern"},{"floor":26,"key":"Bronze Scales"},{"floor":27,"key":"Red Skull"}],"event_choices":[{"damage_healed":0,"gold_gain":0,"player_choice":"Upgraded","damage_taken":0,"max_hp_gain":0,"max_hp_loss":0,"event_name":"Upgrade Shrine","floor":2,"gold_loss":0,"cards_upgraded":["Reckless Charge"]},{"damage_healed":0,"gold_gain":0,"player_choice":"Take Damage","damage_taken":26,"relics_obtained":["Golden Idol"],"max_hp_gain":0,"max_hp_loss":0,"event_name":"Golden Idol","floor":4,"gold_loss":0},{"damage_healed":0,"gold_gain":0,"player_choice":"Inject Mutagens","damage_taken":0,"relics_obtained":["MutagenicStrength"],"max_hp_gain":0,"max_hp_loss":0,"event_name":"Drug Dealer","floor":19,"gold_loss":0},{"damage_healed":0,"gold_gain":50,"player_choice":"Stole From Cult","damage_taken":0,"max_hp_gain":0,"max_hp_loss":0,"event_name":"Nest","floor":22,"gold_loss":0},{"damage_healed":0,"gold_gain":0,"player_choice":"Ignored","damage_taken":0,"max_hp_gain":0,"max_hp_loss":0,"event_name":"Vampires","floor":24,"gold_loss":0},{"cards_removed":["Defend_R"],"damage_healed":0,"gold_gain":0,"player_choice":"Purged","damage_taken":0,"max_hp_gain":0,"max_hp_loss":0,"event_name":"Purifier","floor":30,"gold_loss":0}],"is_beta":false,"boss_relics":[{"not_picked":["SacredBark","Runic Cube"],"picked":"Astrolabe"}],"items_purged_floors":[],"is_endless":false,"potions_floor_spawned":[1,10,12,14,16,18,21,27,28,29,31],"killed_by":"Automaton","ascension_level":20}}