{"host":"ohzd90ieay82el1q","time":1612082451,"event":{"mods":["Act Like it!","Arknights","Aspiration","BaseMod","Chen","Colored Map","Colored Powertips","DeckTracker","Gensokyo","Highlight Path","Hubris","Infinite Spire","Koishi","Marisa£®ÏF”Í°°ƒß¿Ì…≥£©","Minty Spire (QoL Compilation)","Quick Restart","Random Character Button","Reimu£®≤©¿ˆ¡È√Œ£©","Relic Sorter","Remilia£®¿Ÿ√◊¿Ú—«£©","Replay The Spire","StSLib","SuperFastMode","Synergy Search","The Cursed","The Gatherer","The Jungle","The Runesmith","The Servant 0.9.4","Youmu£®ªÍ∆«—˝√Œ£©","[IsaacMod]“‘»ˆº‚À˛","[JumpMod]ŒË∂Øº‚À˛","°æ“≈ŒÔø®≈∆°øREMEMod"],"gold_per_floor":[109,109,184,252,252,252,292,252,301,317,343,343,403,436,436,448,448],"floor_reached":16,"language":"ZHS","playtime":600,"items_purged":["Writhe"],"score":131,"play_id":"5954e737-5d28-43e4-a781-0e2066a24048","local_time":"20210131164051","is_ascension_mode":false,"campfire_choices":[{"data":"Backstab","floor":6,"key":"SMITH"},{"data":"ats:Part Time Job","floor":12,"key":"SMITH"},{"floor":15,"key":"REST"}],"circlet_count":0,"master_deck":["ats:Strike C","ats:Strike V","ats:Armor Crushing Shot","ats:Defend","ats:Defend","ats:Defend","ats:Emotion Absorption","Bomb","Seek","ats:Part Time Job+1","ReplayTheSpireMod:Speed Training","Sucker Punch","Backstab+1","ats:Very Hot Blade","Injury","ats:Thermite Blade","ats:Very Hot Blade","ats:Flexible Camouflage","ats:Thermite Blade"],"relics":["ats:Sanity","HushsDoor","REME_ComplimentaryCards","HowToJump","UnicornStump","NeowsBlessing","ReplayTheSpireMod:CursedCoin","Orichalcum","Golden Idol","ats:Originium","Replay:Bandana","PaintedHorse:ReiMu","RuthlessExorcism:ReiMu","BookOfRevelations","TheBean"],"acts_visited":["Exordium"],"potions_floor_usage":[],"damage_taken":[{"damage":0.0,"enemies":"2 Louse","floor":1.0,"turns":1.0},{"damage":0,"enemies":"Lagavulin","floor":7,"turns":1},{"damage":0,"enemies":"Cultist","floor":10,"turns":1},{"damage":14,"enemies":"Gremlin Nob","floor":13,"turns":4},{"damage":3,"enemies":"Jaw Worm","floor":14,"turns":2},{"damage":0,"enemies":"Fading Forest","floor":16,"turns":3}],"seed_played":"-79522321076622169","potions_obtained":[{"floor":1.0,"key":"ColorlessPotion"},{"floor":4,"key":"Swift Potion"},{"floor":4,"key":"MagicPotion:ReiMu"}],"is_trial":false,"path_per_floor":["M","?","$","?","?","R","E","?","T","M","T","R","E","M","R","B"],"character_chosen":"DOCTOR_CLASS","items_purchased":["ReplayTheSpireMod:CursedCoin"],"campfire_rested":1,"item_purchase_floors":[3],"current_hp_per_floor":[72,72,72,54,54,54,54,54,54,54,54,54,46,43,64,66,66],"gold":448,"neow_bonus":"THREE_ENEMY_KILL","is_daily":false,"chose_seed":false,"campfire_upgraded":2,"win_rate":0.0,"timestamp":1612082451,"path_taken":["M","?","$","?","?","R","E","?","T","M","?","R","E","M","R","BOSS"],"items_purchased_type":["Relic"],"build_version":"2020-12-22","purchased_purges":1,"victory":false,"max_hp_per_floor":[72,72,72,72,72,72,72,72,72,72,72,72,72,72,72,72,72],"card_choices":[{"not_picked":[],"picked":"Bomb","floor":0.0},{"not_picked":["ats:Automatic Cover","ats:Absolute Focus"],"picked":"ats:Part Time Job","floor":1.0},{"not_picked":["ats:LN2 Cannon","ats:Assault Order"],"picked":"ats:Very Hot Blade","floor":4},{"not_picked":["ats:Guardian Obelisk","ats:Flame Of Heaven"],"picked":"ats:Thermite Blade","floor":7},{"not_picked":["ats:Leaping Hammer","ats:Shell Defense"],"picked":"ats:Very Hot Blade","floor":10},{"not_picked":["ats:Apocalypse","ats:Neurotoxin"],"picked":"ats:Flexible Camouflage","floor":13},{"not_picked":["ats:Cat Scratch","ats:Leaping Hammer"],"picked":"ats:Thermite Blade","floor":14}],"player_experience":96372,"relics_obtained":[{"floor":4,"key":"Orichalcum"},{"floor":7,"key":"ats:Originium"},{"floor":7,"key":"Replay:Bandana"},{"floor":9,"key":"RuthlessExorcism:ReiMu"},{"floor":11,"key":"BookOfRevelations"},{"floor":13,"key":"ats:Originium"},{"floor":13,"key":"TheBean"}],"event_choices":[{"damage_healed":0,"gold_gain":0,"player_choice":"Take Wound","damage_taken":0,"relics_obtained":["Golden Idol"],"max_hp_gain":0,"max_hp_loss":0,"event_name":"Golden Idol","floor":5,"gold_loss":0,"cards_obtained":["Injury"]},{"damage_healed":0,"gold_gain":0,"player_choice":"»˚«Æ","damage_taken":0,"relics_obtained":["PaintedHorse:ReiMu"],"max_hp_gain":0,"max_hp_loss":0,"event_name":"yidonshenshe","floor":8,"gold_loss":40}],"is_beta":false,"boss_relics":[],"items_purged_floors":[3],"is_endless":false,"potions_floor_spawned":[1,13,14],"killed_by":"Fading Forest","ascension_level":0}}