{"host":"xg4r5pv6chpuampg","time":1612126070,"event":{"mods":["AchievementEnabler","BaseMod","Googly Eyes","Minty Spire (QoL Compilation)"],"gold_per_floor":[110,110,210,221,233,12,41,56,56,56,72,89,89,106,106,210,210,227,64,82,82,82,117,132,132,132],"floor_reached":25,"language":"ENG","playtime":1150,"items_purged":[],"score":225,"play_id":"f6ad983c-e5f6-40ab-ab53-b27374a9dc9f","local_time":"20210131234750","is_ascension_mode":false,"campfire_choices":[{"floor":10,"key":"REST"},{"floor":13,"key":"REST"},{"data":"Crippling Poison","floor":15,"key":"SMITH"}],"circlet_count":0,"master_deck":["Strike_G","Strike_G","Strike_G","Strike_G","Strike_G","Defend_G","Defend_G","Defend_G","Defend_G","Defend_G","Survivor","Neutralize","Backstab","Noxious Fumes","Bane","Crippling Poison+1","Poisoned Stab","Catalyst+1","Deadly Poison+1","Poisoned Stab","Burst+1","CurseOfTheBell","PiercingWail+1","Mayhem+1","Flying Knee","PiercingWail+1","All Out Attack+1"],"relics":["Ring of the Snake","Bronze Scales","Tiny Chest","HandDrill","Frozen Egg 2","Toxic Egg 2","Calling Bell","Bird Faced Urn","Mercury Hourglass","Centennial Puzzle","Blood Vial","Molten Egg 2"],"acts_visited":["Exordium","TheCity"],"potions_floor_usage":[24,24,25,25],"damage_taken":[{"damage":5,"enemies":"2 Louse","floor":1,"turns":3},{"damage":0,"enemies":"Cultist","floor":4,"turns":4},{"damage":0,"enemies":"Small Slimes","floor":5,"turns":2},{"damage":25,"enemies":"3 Sentries","floor":7,"turns":7},{"damage":9,"enemies":"Exordium Thugs","floor":8,"turns":5},{"damage":2,"enemies":"Large Slime","floor":11,"turns":4},{"damage":6,"enemies":"3 Louse","floor":12,"turns":2},{"damage":6,"enemies":"Exordium Wildlife","floor":14,"turns":4},{"damage":8,"enemies":"Slime Boss","floor":16,"turns":8},{"damage":12,"enemies":"Shell Parasite","floor":18,"turns":2},{"damage":5,"enemies":"3 Byrds","floor":20,"turns":2},{"damage":31,"enemies":"Slavers","floor":23,"turns":4},{"damage":12,"enemies":"Centurion and Healer","floor":24,"turns":4},{"damage":12,"enemies":"Snecko","floor":25,"turns":4}],"seed_played":"5810919013661202772","potions_obtained":[{"floor":1,"key":"Regen Potion"},{"floor":8,"key":"DistilledChaos"},{"floor":14,"key":"BlessingOfTheForge"},{"floor":23,"key":"AttackPotion"},{"floor":24,"key":"DuplicationPotion"}],"is_trial":false,"path_per_floor":["M","?","?","M","M","$","E","M","T","R","M","M","R","M","R","B",null,"M","$","M","?","T","E","M","M"],"character_chosen":"THE_SILENT","items_purchased":["Crippling Poison","HandDrill","Mayhem+1"],"campfire_rested":2,"item_purchase_floors":[6,6,19],"current_hp_per_floor":[65,58,58,58,58,58,33,24,24,45,43,37,58,52,52,44,70,58,58,55,39,39,12,6,0,0],"gold":132,"neow_bonus":"RANDOM_COMMON_RELIC","is_daily":false,"chose_seed":false,"campfire_upgraded":1,"win_rate":0.0,"timestamp":1612126070,"path_taken":["M","?","?","?","M","$","E","M","T","R","M","M","R","M","R","BOSS","M","$","M","?","?","E","M","M"],"items_purchased_type":["Card","Relic","Card"],"build_version":"2020-12-22","purchased_purges":0,"victory":false,"max_hp_per_floor":[70,70,70,70,70,70,70,70,70,70,70,70,70,70,70,70,70,70,70,70,70,70,70,70,70,70],"card_choices":[{"not_picked":["Choke","Prepared"],"picked":"Backstab","floor":1},{"not_picked":["Dagger Throw","Prepared"],"picked":"Noxious Fumes","floor":4},{"not_picked":["Deadly Poison","Deflect"],"picked":"Bane","floor":5},{"not_picked":["Heel Hook","Outmaneuver","Blur"],"picked":"SKIP","floor":7},{"not_picked":["Skewer","Backstab"],"picked":"Poisoned Stab","floor":8},{"not_picked":["Quick Slash","Sucker Punch"],"picked":"Catalyst+1","floor":11},{"not_picked":["Masterful Stab","Heel Hook"],"picked":"Deadly Poison+1","floor":12},{"not_picked":["Deadly Poison+1","Well Laid Plans+1"],"picked":"Poisoned Stab","floor":14},{"not_picked":["Doppelganger+1","A Thousand Cuts+1"],"picked":"Burst+1","floor":16},{"not_picked":["Deadly Poison+1","Slice+1"],"picked":"PiercingWail+1","floor":18},{"not_picked":["Dagger Spray","Well Laid Plans+1"],"picked":"Flying Knee","floor":20},{"not_picked":["Choke+1","Masterful Stab+1"],"picked":"PiercingWail+1","floor":23},{"not_picked":["Slice+1","Sucker Punch+1"],"picked":"All Out Attack+1","floor":24}],"player_experience":28145,"relics_obtained":[{"floor":7,"key":"Frozen Egg 2"},{"floor":9,"key":"Toxic Egg 2"},{"floor":17,"key":"Bird Faced Urn"},{"floor":17,"key":"Mercury Hourglass"},{"floor":17,"key":"Centennial Puzzle"},{"floor":22,"key":"Blood Vial"},{"floor":23,"key":"Molten Egg 2"}],"event_choices":[{"damage_healed":0,"gold_gain":0,"player_choice":"Success","damage_taken":7,"relics_obtained":["Tiny Chest"],"max_hp_gain":0,"max_hp_loss":0,"event_name":"Scrap Ooze","floor":2,"gold_loss":0},{"damage_healed":0,"gold_gain":100,"player_choice":"Pray","damage_taken":0,"max_hp_gain":0,"max_hp_loss":0,"event_name":"Golden Shrine","floor":3,"gold_loss":0},{"damage_healed":0,"gold_gain":0,"player_choice":"Obtained Book","damage_taken":16,"max_hp_gain":0,"max_hp_loss":0,"event_name":"Cursed Tome","floor":21,"gold_loss":0}],"is_beta":false,"boss_relics":[{"not_picked":["Black Star","SlaversCollar"],"picked":"Calling Bell"}],"items_purged_floors":[],"is_endless":false,"potions_floor_spawned":[1,8,14,23,24],"killed_by":"Snecko","ascension_level":0}}