{"host":"ekyl8r8j8fco3zlk","time":1612097813,"event":{"mods":["ATMod(∞¢Ë™Mod)","Act Like it!","Arknights","BaseMod","CapriCore","Decade(Õı–°√˜)","Dota2Spire","Friendly Minions","Gensokyo","Marisa£®ÏF”Í°°ƒß¿Ì…≥£©","Minty Spire (QoL Compilation)","READ ME - Guardian Mod","Rare Cards Sparkle","Reimu£®≤©¿ˆ¡È√Œ£©","StSLib","The Alterego","The Immortal","The Jungle","The Senshi","TheWitcher","Waifu the Spire","WarShipGirlsR/’ΩΩ¢…Ÿ≈ÆR mod","Yakumo Yukari mod","°æ“≈ŒÔø®≈∆°øREMEMod"],"gold_per_floor":[110,110,137,137,160,160,190,45,45,76,76,120,120,120,120,120,120],"floor_reached":16,"language":"ZHS","playtime":642,"items_purged":[],"score":108,"play_id":"fe8ba31c-5f44-416f-9144-7009cecd1637","local_time":"20210131205653","is_ascension_mode":false,"campfire_choices":[{"data":"SnafuTest:ScholarsIntrigue","floor":6,"key":"SMITH"},{"data":"SnafuTest:SpellBlindFury","floor":11,"key":"SMITH"},{"floor":13,"key":"REST"},{"data":"SnafuTest:BountyHunt","floor":15,"key":"SMITH"}],"circlet_count":0,"master_deck":["SnafuTest:DefaultCommonAttack+1","SnafuTest:DefaultCommonAttack","SnafuTest:DefaultCommonAttack+1","SnafuTest:BountyHunt+1","SnafuTest:DefaultCommonSkill","SnafuTest:DefaultCommonSkill","SnafuTest:DefaultCommonSkill","SnafuTest:SignYrden+1","SnafuTest:SignIgni","SnafuTest:Shooting","SnafuTest:ScholarsIntrigue+1","SnafuTest:BombDimeritium","SnafuTest:ShoulderSlam","SnafuTest:SpellBlindFury+1","SnafuTest:Siege","SnafuTest:BattleCry","SnafuTest:QueensGuard","SnafuTest:BombDancingStar"],"relics":["SnafuTest:UnstableMutagenRelic","AT_ATBox","REME_ComplimentaryCards","Bag of Marbles","Eternal Feather","Dota2Spire:LinkenSphere","Whetstone"],"acts_visited":["Exordium"],"potions_floor_usage":[12,12],"damage_taken":[{"damage":2,"enemies":"Jaw Worm","floor":1,"turns":4},{"damage":0,"enemies":"2 Louse","floor":3,"turns":4},{"damage":4,"enemies":"Small Slimes","floor":5,"turns":3},{"damage":8,"enemies":"2 Fungi Beasts","floor":7,"turns":3},{"damage":21,"enemies":"Gremlin Nob","floor":10,"turns":4},{"damage":37,"enemies":"Lagavulin","floor":12,"turns":6},{"damage":54,"enemies":"Hexaghost","floor":16,"turns":8}],"seed_played":"1086723647650069370","potions_obtained":[{"floor":5,"key":"Weak Potion"},{"floor":10,"key":"Ancient Potion"},{"floor":12,"key":"SnafuTest:PlaceholderPotion"}],"is_trial":false,"path_per_floor":["M","?","M","?","M","R","M","$","T","E","R","E","R","$","R","B"],"character_chosen":"THE_WITCHER","items_purchased":["Bag of Marbles"],"campfire_rested":1,"item_purchase_floors":[8],"current_hp_per_floor":[73,73,73,73,69,69,61,61,61,40,49,12,43,43,52,0,0],"gold":120,"neow_bonus":"UPGRADE_CARD","is_daily":false,"chose_seed":false,"campfire_upgraded":3,"win_rate":0.0,"timestamp":1612097813,"path_taken":["M","?","M","?","M","R","M","?","T","E","R","E","R","$","R","BOSS"],"items_purchased_type":["Relic"],"build_version":"2020-12-22","purchased_purges":0,"victory":false,"max_hp_per_floor":[75,75,75,75,75,75,75,75,75,75,75,75,75,75,75,75,75],"card_choices":[{"not_picked":["SnafuTest:MCSongOfPeace","SnafuTest:PayHappyHour"],"picked":"SnafuTest:SignIgni","floor":1},{"not_picked":["SnafuTest:ShoulderSlam","SnafuTest:SpellMagicScry"],"picked":"SnafuTest:Shooting","floor":3},{"not_picked":["SnafuTest:MCMockAndRun","SnafuTest:PowerAlwaysAWay","SnafuTest:ShieldUp"],"picked":"SKIP","floor":5},{"not_picked":["SnafuTest:PayHappyHour","SnafuTest:SpellDarkMirror"],"picked":"SnafuTest:BattleCry","floor":7},{"not_picked":["SnafuTest:LastWish","SnafuTest:FirstAid"],"picked":"SnafuTest:QueensGuard","floor":10},{"not_picked":["SnafuTest:PowerCrimsonRitual","SnafuTest:BlueWhale"],"picked":"SnafuTest:BombDancingStar","floor":12}],"player_experience":582968,"relics_obtained":[{"floor":9,"key":"Eternal Feather"},{"floor":10,"key":"Dota2Spire:LinkenSphere"},{"floor":12,"key":"Whetstone"}],"event_choices":[{"damage_healed":0,"gold_gain":0,"player_choice":"Leave","damage_taken":0,"max_hp_gain":0,"max_hp_loss":0,"event_name":"The Cleric","floor":2,"gold_loss":0}],"is_beta":false,"boss_relics":[],"items_purged_floors":[],"is_endless":false,"potions_floor_spawned":[5,10,12],"killed_by":"Hexaghost","ascension_level":0}}