{"host":"qdfumeom6htv8yxl","time":1612119360,"event":{"mods":["AchievementEnabler","BaseMod","Bestiary","Block Reminder","Highlight Path","Minty Spire (QoL Compilation)","Quick Restart","Relic Stats"],"gold_per_floor":[360,0,14,14,34,46,60,60,84,99,128,128,128,128,128,202,202,235,45,63,63,63,63],"floor_reached":22,"language":"ENG","playtime":878,"items_purged":["Regret","Strike_B"],"score":372,"play_id":"7efc051a-953d-4a10-b99e-0a21273501f9","local_time":"20210131125600","is_ascension_mode":true,"campfire_choices":[{"floor":8,"key":"REST"},{"floor":12,"key":"REST"},{"data":"Zap","floor":15,"key":"SMITH"}],"circlet_count":0,"master_deck":["AscendersBane","Strike_B+1","Strike_B+1","Strike_B+1","Defend_B+1","Defend_B+1","Defend_B+1","Defend_B+1","Zap+1","Dualcast","Conserve Battery","Ball Lightning","Defragment+1","Ball Lightning","Genetic Algorithm","Core Surge","Defragment","Capacitor","Self Repair"],"relics":["Cracked Core","Gremlin Horn","Lantern","Bronze Scales","Orichalcum","Snecko Eye"],"acts_visited":["Exordium","TheCity"],"potions_floor_usage":[11,16,16,18,22],"damage_taken":[{"damage":8.0,"enemies":"Small Slimes","floor":1.0,"turns":3.0},{"damage":0.0,"enemies":"Cultist","floor":3.0,"turns":3.0},{"damage":2,"enemies":"Jaw Worm","floor":5,"turns":4},{"damage":31,"enemies":"Exordium Wildlife","floor":6,"turns":6},{"damage":7,"enemies":"3 Louse","floor":7,"turns":3},{"damage":6,"enemies":"Lots of Slimes","floor":10,"turns":4},{"damage":14,"enemies":"Lagavulin","floor":11,"turns":5},{"damage":10,"enemies":"The Guardian","floor":16,"turns":9},{"damage":19,"enemies":"2 Thieves","floor":18,"turns":3},{"damage":6,"enemies":"3 Byrds","floor":20,"turns":3},{"damage":17,"enemies":"Snake Plant","floor":22,"turns":2}],"seed_played":"9094226833382867697","potions_obtained":[{"floor":1.0,"key":"Dexterity Potion"},{"floor":6,"key":"LiquidBronze"},{"floor":10,"key":"Block Potion"},{"floor":11,"key":"DuplicationPotion"},{"floor":16,"key":"ColorlessPotion"},{"floor":20,"key":"PowerPotion"}],"is_trial":false,"path_per_floor":["M","$","M","?","M","M","M","R","T","M","E","R","$","?","R","B",null,"M","$","M","?","M"],"character_chosen":"DEFECT","items_purchased":["Gremlin Horn","Capacitor"],"campfire_rested":2,"item_purchase_floors":[2,19],"current_hp_per_floor":[56,56,56,56,54,23,16,37,37,31,17,38,38,38,38,28,60,41,41,35,35,18,18],"gold":63,"neow_bonus":"TWO_FIFTY_GOLD","is_daily":false,"chose_seed":false,"campfire_upgraded":1,"win_rate":0.0,"timestamp":1612119360,"path_taken":["M","$","M","?","?","M","M","R","T","M","E","R","?","?","R","BOSS","M","$","M","?","M"],"items_purchased_type":["Relic","Card"],"build_version":"2020-12-22","purchased_purges":2,"victory":false,"max_hp_per_floor":[71,71,71,71,71,71,71,71,71,71,71,71,71,71,71,71,71,71,71,71,71,71,71],"relic_stats":{"Gremlin Horn":[10,10],"counters":[11,45],"Bronze Scales":[117],"Snecko Eye":[15,12,17,13],"Orichalcum":[18],"obtain_stats":[{"Lantern":4,"Gremlin Horn":2,"Bronze Scales":9,"Snecko Eye":17,"Orichalcum":11,"Cracked Core":0},{"Lantern":2,"Gremlin Horn":1,"Bronze Scales":5,"Snecko Eye":8,"Orichalcum":7,"Cracked Core":0},{"Lantern":6,"Gremlin Horn":3,"Bronze Scales":19,"Snecko Eye":37,"Orichalcum":28,"Cracked Core":0}]},"card_choices":[{"not_picked":["Tempest","Chill","Cold Snap"],"picked":"SKIP","floor":1.0},{"not_picked":["Go for the Eyes","Storm"],"picked":"Conserve Battery","floor":3.0},{"not_picked":["Steam","Scrape"],"picked":"Ball Lightning","floor":5},{"not_picked":["Rebound","Recycle"],"picked":"Defragment","floor":6},{"not_picked":["Barrage","Stack","Steam Power"],"picked":"SKIP","floor":7},{"not_picked":["Beam Cell","Go for the Eyes"],"picked":"Ball Lightning","floor":10},{"not_picked":["Stack","Beam Cell"],"picked":"Genetic Algorithm","floor":11},{"not_picked":["Creative AI","All For One"],"picked":"Core Surge","floor":16},{"not_picked":["Barrage+1","Beam Cell+1"],"picked":"Defragment","floor":18},{"not_picked":["Static Discharge","Rebound"],"picked":"Self Repair","floor":20}],"player_experience":1962999,"relics_obtained":[{"floor":9,"key":"Bronze Scales"},{"floor":11,"key":"Orichalcum"}],"event_choices":[{"damage_healed":0.0,"max_hp_gain":0.0,"max_hp_loss":0.0,"gold_gain":0.0,"event_name":"WeMeetAgain","player_choice":"Gave Potion","floor":4.0,"gold_loss":0.0,"damage_taken":0.0,"relics_obtained":["Lantern"]},{"damage_healed":0,"gold_gain":0,"player_choice":"Upgraded","damage_taken":0,"max_hp_gain":0,"max_hp_loss":0,"event_name":"Upgrade Shrine","floor":14,"gold_loss":0,"cards_upgraded":["Defragment"]},{"damage_healed":0,"gold_gain":0,"player_choice":"Simplicity","damage_taken":0,"max_hp_gain":0,"max_hp_loss":0,"event_name":"Back to Basics","floor":21,"gold_loss":0,"cards_upgraded":["Strike_B","Strike_B","Strike_B","Defend_B","Defend_B","Defend_B","Defend_B"]}],"is_beta":false,"boss_relics":[{"not_picked":["Empty Cage","Tiny House"],"picked":"Snecko Eye"}],"items_purged_floors":[2,19],"is_endless":false,"potions_floor_spawned":[1,6,10,11,16,20],"killed_by":"Snake Plant","ascension_level":20}}