{"host":"2x189hkb4impm2gi","time":1612123517,"event":{"mods":["BaseMod","Colored Map","Colored Powertips","Minty Spire (QoL Compilation)"],"gold_per_floor":[114,12,22,32,52,85,101,3,3,17,17,46,61,80,80,185,185,205,224,224,238,138,138,138],"floor_reached":23,"language":"ENG","playtime":2038,"items_purged":["Strike_G","Strike_G"],"score":257,"play_id":"11d82d7f-0654-4186-8936-4a26aa277f1b","local_time":"20210131150517","is_ascension_mode":false,"campfire_choices":[{"data":"Infinite Blades","floor":15,"key":"SMITH"}],"circlet_count":0,"master_deck":["Strike_G","Strike_G","Defend_G","Defend_G","Defend_G","Defend_G","Defend_G","Survivor","Neutralize","Dagger Throw","Blade Dance","Noxious Fumes","Flying Knee","Infinite Blades+1","Backflip","Poisoned Stab","Underhanded Strike","Deadly Poison","Prepared","Deadly Poison","Endless Agony","Bouncing Flask","Night Terror","Sucker Punch+1","Outmaneuver+1","Adrenaline","Skewer"],"relics":["Ring of the Snake","HornCleat","Pen Nib","Bag of Preparation","Fusion Hammer"],"acts_visited":["Exordium","TheCity"],"potions_floor_usage":[6,12,14,16,16,18,23],"damage_taken":[{"damage":3,"enemies":"2 Louse","floor":1,"turns":3},{"damage":0,"enemies":"Cultist","floor":3,"turns":3},{"damage":0,"enemies":"Small Slimes","floor":4,"turns":3},{"damage":13,"enemies":"Red Slaver","floor":5,"turns":3},{"damage":14,"enemies":"3 Sentries","floor":6,"turns":5},{"damage":8,"enemies":"3 Louse","floor":7,"turns":3},{"damage":0,"enemies":"Blue Slaver","floor":10,"turns":3},{"damage":3,"enemies":"Lagavulin","floor":12,"turns":5},{"damage":13,"enemies":"Red Slaver","floor":13,"turns":3},{"damage":2,"enemies":"Exordium Thugs","floor":14,"turns":4},{"damage":0,"enemies":"Slime Boss","floor":16,"turns":7},{"damage":16,"enemies":"3 Byrds","floor":18,"turns":5},{"damage":1,"enemies":"Chosen","floor":19,"turns":3},{"damage":1,"enemies":"Snecko","floor":21,"turns":4},{"damage":67,"enemies":"Slavers","floor":23,"turns":4}],"seed_played":"4029932417984862707","potions_obtained":[{"floor":3,"key":"PowerPotion"},{"floor":6,"key":"CunningPotion"},{"floor":7,"key":"Block Potion"},{"floor":11,"key":"SkillPotion"},{"floor":11,"key":"Explosive Potion"},{"floor":11,"key":"BlessingOfTheForge"},{"floor":12,"key":"EssenceOfSteel"},{"floor":18,"key":"Fruit Juice"},{"floor":21,"key":"CunningPotion"}],"is_trial":false,"path_per_floor":["M","$","M","M","M","E","M","$","T","M","?","E","M","M","R","B",null,"M","M","?","M","$","E"],"character_chosen":"THE_SILENT","items_purchased":["Blade Dance","Noxious Fumes","Deadly Poison"],"campfire_rested":0,"item_purchase_floors":[2,2,8],"current_hp_per_floor":[74,74,74,74,61,47,39,39,39,39,39,36,23,21,21,21,77,66,65,65,64,64,0,0],"gold":138,"neow_bonus":"TEN_PERCENT_HP_BONUS","is_daily":false,"chose_seed":false,"campfire_upgraded":1,"win_rate":0.0,"timestamp":1612123517,"path_taken":["M","$","M","M","M","E","M","$","T","M","?","E","M","?","R","BOSS","M","M","?","?","$","E"],"items_purchased_type":["Card","Card","Card"],"build_version":"2020-12-22","purchased_purges":2,"victory":false,"max_hp_per_floor":[77,77,77,77,77,77,77,77,77,77,77,77,77,77,77,77,77,82,82,82,82,82,82,82],"card_choices":[{"not_picked":["Calculated Gamble","Skewer"],"picked":"Dagger Throw","floor":1},{"not_picked":["Sucker Punch","PiercingWail"],"picked":"Flying Knee","floor":3},{"not_picked":["Backflip","Dodge and Roll"],"picked":"Infinite Blades","floor":4},{"not_picked":["Acrobatics","Choke"],"picked":"Backflip","floor":5},{"not_picked":["Outmaneuver","Unload"],"picked":"Poisoned Stab","floor":6},{"not_picked":["Poisoned Stab","Dodge and Roll"],"picked":"Underhanded Strike","floor":7},{"not_picked":["Sucker Punch","Flying Knee"],"picked":"Prepared","floor":10},{"not_picked":["Choke","PiercingWail"],"picked":"Deadly Poison","floor":12},{"not_picked":["Backflip","Caltrops"],"picked":"Endless Agony","floor":13},{"not_picked":["Deadly Poison","Backflip"],"picked":"Bouncing Flask","floor":14},{"not_picked":["Wraith Form v2","Burst"],"picked":"Night Terror","floor":16},{"not_picked":["Prepared","Slice"],"picked":"Sucker Punch+1","floor":18},{"not_picked":["Dagger Spray","Dash+1"],"picked":"Outmaneuver+1","floor":19},{"not_picked":["Escape Plan","Deadly Poison"],"picked":"Skewer","floor":21}],"player_experience":7933,"relics_obtained":[{"floor":6,"key":"HornCleat"},{"floor":9,"key":"Pen Nib"},{"floor":12,"key":"Bag of Preparation"}],"event_choices":[{"damage_healed":0,"gold_gain":0,"player_choice":"Got Potions","damage_taken":0,"max_hp_gain":0,"max_hp_loss":0,"event_name":"Lab","floor":11,"gold_loss":0},{"damage_healed":0,"gold_gain":0,"cards_transformed":["Strike_G"],"player_choice":"Transformed","damage_taken":0,"max_hp_gain":0,"max_hp_loss":0,"event_name":"Transmorgrifier","floor":20,"gold_loss":0,"cards_obtained":["Adrenaline"]}],"is_beta":false,"boss_relics":[{"not_picked":["Empty Cage","Velvet Choker"],"picked":"Fusion Hammer"}],"items_purged_floors":[8,22],"is_endless":false,"potions_floor_spawned":[3,6,7,12,18,21],"killed_by":"Slavers","ascension_level":0}}