{"host":"y3h3n3f7seyagppx","time":1612115078,"event":{"mods":["AlwaysNeverKeys","BaseMod","Better Vampires","Colored Powertips","DeckTracker","Emptier Cage","Minty Spire (QoL Compilation)","Permanent Neow","Quick Restart","Rare Cards Sparkle","Relic Sorter","Relic Stats","StSLib","Transform Curses"],"gold_per_floor":[213,213,228,240,68,99,64,64,113,113,113],"floor_reached":10,"language":"ENG","playtime":567,"items_purged":[],"score":132,"play_id":"0329a861-ab08-43cc-853f-598b8445e108","local_time":"20210131124438","is_ascension_mode":true,"campfire_choices":[],"circlet_count":0,"master_deck":["AscendersBane","Strike_R","Strike_R+1","Strike_R","Strike_R","Strike_R","Defend_R","Defend_R","Defend_R+1","Defend_R","Bash","Pummel","Iron Wave","Pommel Strike","Offering"],"relics":["Burning Blood","Centennial Puzzle","Potion Belt","Ice Cream","Nunchaku"],"acts_visited":["Exordium"],"potions_floor_usage":[6,10],"damage_taken":[{"damage":3,"enemies":"2 Louse","floor":1,"turns":3},{"damage":6,"enemies":"Cultist","floor":3,"turns":4},{"damage":2,"enemies":"Jaw Worm","floor":4,"turns":4},{"damage":27,"enemies":"Gremlin Nob","floor":6,"turns":4},{"damage":0,"enemies":"Lagavulin","floor":10,"turns":3}],"seed_played":"-7347219012535013896","potions_obtained":[{"floor":1,"key":"SpeedPotion"},{"floor":4,"key":"CultistPotion"},{"floor":6,"key":"ColorlessPotion"}],"is_trial":false,"path_per_floor":["M","?","M","M","$","E","?","?","T","E"],"character_chosen":"IRONCLAD","items_purchased":["Centennial Puzzle"],"campfire_rested":0,"item_purchase_floors":[5],"current_hp_per_floor":[71,48,48,52,52,31,49,4,4,4,4],"gold":113,"neow_bonus":"HUNDRED_GOLD","is_daily":false,"chose_seed":false,"campfire_upgraded":0,"win_rate":0.0,"timestamp":1612115078,"path_taken":["M","?","M","M","$","E","?","?","T","E"],"items_purchased_type":["Relic"],"build_version":"2020-12-22","purchased_purges":0,"victory":false,"max_hp_per_floor":[75,75,75,75,75,75,75,75,75,75,75],"relic_stats":{"Centennial Puzzle":[3],"Nunchaku":[0],"counters":[5,18],"obtain_stats":[{"Potion Belt":6,"Ice Cream":8,"Centennial Puzzle":5,"Nunchaku":9,"Burning Blood":0},{"Potion Belt":4,"Ice Cream":4,"Centennial Puzzle":3,"Nunchaku":4,"Burning Blood":0},{"Potion Belt":15,"Ice Cream":15,"Centennial Puzzle":11,"Nunchaku":15,"Burning Blood":0}],"Burning Blood":24},"card_choices":[{"not_picked":["Burning Pact","Heavy Blade"],"picked":"Pummel","floor":1},{"not_picked":["Second Wind","Havoc"],"picked":"Iron Wave","floor":3},{"not_picked":["Havoc","True Grit"],"picked":"Pommel Strike","floor":4},{"not_picked":["Shrug It Off","Clash"],"picked":"Offering","floor":6}],"player_experience":21863393,"relics_obtained":[{"floor":6,"key":"Potion Belt"},{"floor":9,"key":"Nunchaku"}],"event_choices":[{"damage_healed":0,"gold_gain":0,"player_choice":"Entered Light","damage_taken":23,"max_hp_gain":0,"max_hp_loss":0,"event_name":"Shining Light","floor":2,"gold_loss":0,"cards_upgraded":["Strike_R","Defend_R"]},{"damage_healed":18,"gold_gain":0,"player_choice":"Healed","damage_taken":0,"max_hp_gain":0,"max_hp_loss":0,"event_name":"The Cleric","floor":7,"gold_loss":35},{"damage_healed":0,"gold_gain":0,"player_choice":"Success","damage_taken":45,"relics_obtained":["Ice Cream"],"max_hp_gain":0,"max_hp_loss":0,"event_name":"Scrap Ooze","floor":8,"gold_loss":0}],"is_beta":false,"boss_relics":[],"items_purged_floors":[],"is_endless":false,"potions_floor_spawned":[1,4,6],"killed_by":"Lagavulin","ascension_level":20}}