{"host":"id3983dklkt9trz7","time":1612051592,"event":{"mods":["AchievementEnabler","BaseMod","Colored Map","Colored Powertips","DeckTracker","HexUI Lib","Minty Spire (QoL Compilation)","Quick Restart","StSLib"],"gold_per_floor":[111,129,129,129,141,171,171,198,198,233,261,273,303,332,344,458,470,499,511,622,18,18,53,73,73,96,123,139,139,64,77,77,180,180,197,207,207,257,273,302,302,328,328,363,363,374,400,416,416,416],"floor_reached":51,"language":"ENG","playtime":3747,"items_purged":[],"score":1275,"play_id":"13d6f892-c27c-4bbb-bf5a-1d948569cf30","local_time":"20210131010632","is_ascension_mode":true,"campfire_choices":[{"floor":7.0,"key":"REST"},{"floor":12.0,"key":"REST"},{"data":"Echo Form","floor":15.0,"key":"SMITH"},{"data":"Machine Learning","floor":32.0,"key":"SMITH"},{"data":"1","floor":41.0,"key":"LIFT"},{"data":"2","floor":49,"key":"LIFT"}],"circlet_count":0,"master_deck":["Strike_B","Strike_B","Defend_B","Defend_B","Defend_B+1","Defend_B","Zap+1","Dualcast","Leap","Coolheaded","Melter","Echo Form+1","Go for the Eyes","Self Repair","Rebound","Cold Snap","Machine Learning+1","Sunder+1","Apotheosis","Stack","Machine Learning","Discovery","White Noise","Conserve Battery","Core Surge","Beam Cell+1","Multi-Cast","Ball Lightning+1","Static Discharge+1","Defragment","Static Discharge+1"],"relics":["Cracked Core","Girya","Mercury Hourglass","Mummified Hand","Pantograph","MawBank","Coffee Dripper","Smiling Mask","DataDisk","Bag of Preparation","Runic Capacitor","Juzu Bracelet","Centennial Puzzle","Mango","Nuclear Battery","Gambling Chip","Regal Pillow","Pen Nib","Bottled Flame","Happy Flower","Boot"],"acts_visited":["TheCity","TheBeyond"],"potions_floor_usage":[50,50,50],"damage_taken":[{"damage":11.0,"enemies":"Small Slimes","floor":1.0,"turns":3.0},{"damage":0.0,"enemies":"2 Louse","floor":2.0,"turns":3.0},{"damage":0.0,"enemies":"Cultist","floor":5.0,"turns":3.0},{"damage":26.0,"enemies":"Gremlin Nob","floor":6.0,"turns":4.0},{"damage":13.0,"enemies":"3 Sentries","floor":8.0,"turns":6.0},{"damage":0.0,"enemies":"Lagavulin","floor":10.0,"turns":7.0},{"damage":6.0,"enemies":"Lots of Slimes","floor":11.0,"turns":3.0},{"damage":5.0,"enemies":"Looter","floor":13.0,"turns":3.0},{"damage":0.0,"enemies":"2 Fungi Beasts","floor":14.0,"turns":2.0},{"damage":28.0,"enemies":"The Guardian","floor":16.0,"turns":10.0},{"damage":0.0,"enemies":"Spheric Guardian","floor":18.0,"turns":2.0},{"damage":22.0,"enemies":"Gremlin Leader","floor":23.0,"turns":6.0},{"damage":10.0,"enemies":"Shell Parasite","floor":24.0,"turns":4.0},{"damage":20.0,"enemies":"Slavers","floor":27.0,"turns":4.0},{"damage":0.0,"enemies":"Sentry and Sphere","floor":28.0,"turns":3.0},{"damage":0.0,"enemies":"Snecko","floor":31.0,"turns":3.0},{"damage":17.0,"enemies":"Collector","floor":33.0,"turns":7.0},{"damage":24.0,"enemies":"3 Shapes","floor":35.0,"turns":4.0},{"damage":40.0,"enemies":"3 Darklings","floor":36.0,"turns":5.0},{"damage":4.0,"enemies":"Mind Bloom Boss Battle","floor":38.0,"turns":4.0},{"damage":2.0,"enemies":"Transient","floor":39.0,"turns":5.0},{"damage":0.0,"enemies":"Giant Head","floor":40.0,"turns":6.0},{"damage":41.0,"enemies":"Reptomancer","floor":42.0,"turns":5.0},{"damage":0,"enemies":"Giant Head","floor":44,"turns":4},{"damage":30,"enemies":"Maw","floor":46,"turns":5},{"damage":26,"enemies":"Nemesis","floor":47,"turns":4},{"damage":24,"enemies":"Writhing Mass","floor":48,"turns":4},{"damage":37,"enemies":"Awakened One","floor":50,"turns":7}],"seed_played":"8489574423246719773","potions_obtained":[{"floor":8.0,"key":"LiquidBronze"},{"floor":10.0,"key":"BlessingOfTheForge"},{"floor":13.0,"key":"AttackPotion"},{"floor":14.0,"key":"PowerPotion"},{"floor":16.0,"key":"SneckoOil"},{"floor":31.0,"key":"Fruit Juice"},{"floor":35.0,"key":"Block Potion"},{"floor":36.0,"key":"FocusPotion"},{"floor":39.0,"key":"CultistPotion"}],"is_trial":false,"path_per_floor":["M","M","?","?","M","E","R","E","T","E","M","R","M","M","R","B",null,"M","?","?","$","?","E","M","?","T","E","M","?","?","M","R","B",null,"M","M","?","?","M","E","R","E","T","E","?","M","E","M","R","B",null],"character_chosen":"DEFECT","items_purchased":["Apotheosis","DataDisk","Bag of Preparation","Runic Capacitor"],"campfire_rested":2,"item_purchase_floors":[21,21,21,21],"current_hp_per_floor":[57,57,50,35,35,9,31,18,18,18,12,34,36,36,36,40,66,73,73,73,73,73,58,62,62,62,76,76,59,59,59,64,79,94,70,50,50,81,86,96,96,69,69,89,89,66,47,30,30,18],"gold":416,"neow_bonus":"UPGRADE_CARD","is_daily":false,"chose_seed":false,"campfire_upgraded":2,"win_rate":0.0,"timestamp":1612051592,"path_taken":["M","M","?","?","M","E","R","E","T","E","M","R","M","M","R","BOSS","M","?","?","$","?","E","M","?","T","E","M","?","?","M","R","BOSS","M","M","?","?","M","E","R","E","T","E","?","M","E","M","R","BOSS"],"items_purchased_type":["Card","Relic","Relic","Relic"],"build_version":"2020-12-22","purchased_purges":0,"victory":true,"max_hp_per_floor":[75,75,75,75,75,75,75,75,75,75,75,75,75,75,75,75,75,75,75,75,75,75,75,75,75,75,89,89,94,94,94,99,99,99,99,99,99,99,99,99,99,99,99,99,94,94,94,94,94,94],"card_choices":[{"not_picked":["Rebound","Compile Driver"],"picked":"Leap","floor":1.0},{"not_picked":["Go for the Eyes","Redo"],"picked":"Coolheaded","floor":2.0},{"not_picked":["Steam Power","Loop"],"picked":"Melter","floor":5.0},{"not_picked":["Recycle","Doom and Gloom"],"picked":"Echo Form","floor":6.0},{"not_picked":["Genetic Algorithm","Beam Cell"],"picked":"Go for the Eyes","floor":8.0},{"not_picked":["Chaos","Redo","Reprogram"],"picked":"SKIP","floor":10.0},{"not_picked":["Beam Cell","Rip and Tear"],"picked":"Self Repair","floor":11.0},{"not_picked":["Go for the Eyes","Fusion"],"picked":"Rebound","floor":13.0},{"not_picked":["Barrage","Gash"],"picked":"Cold Snap","floor":14.0},{"not_picked":["Meteor Strike","Seek"],"picked":"Machine Learning","floor":16.0},{"not_picked":["Auto Shields","Steam+1"],"picked":"Sunder+1","floor":18.0},{"not_picked":["Self Repair","FTL","Auto Shields+1"],"picked":"SKIP","floor":23.0},{"not_picked":["Gash+1","Storm"],"picked":"White Noise","floor":24.0},{"not_picked":["Fission","Genetic Algorithm","Steam"],"picked":"SKIP","floor":27.0},{"not_picked":["Beam Cell","Melter"],"picked":"Conserve Battery","floor":28.0},{"not_picked":["FTL","Reprogram+1","Steam+1"],"picked":"SKIP","floor":31.0},{"not_picked":["Reboot","All For One"],"picked":"Core Surge","floor":33.0},{"not_picked":["Turbo+1","Barrage"],"picked":"Beam Cell+1","floor":35.0},{"not_picked":["Auto Shields","Turbo","Steam Power"],"picked":"SKIP","floor":36.0},{"not_picked":["Compile Driver","Coolheaded"],"picked":"Multi-Cast","floor":38.0},{"not_picked":["Beam Cell","Cold Snap+1"],"picked":"Ball Lightning+1","floor":39.0},{"not_picked":["Conserve Battery+1","Streamline"],"picked":"Static Discharge+1","floor":40.0},{"not_picked":["Recycle+1","Cold Snap"],"picked":"Defragment","floor":42.0},{"not_picked":["Streamline+1","Rebound","Capacitor"],"picked":"SKIP","floor":44},{"not_picked":["Skim+1","Conserve Battery"],"picked":"Static Discharge+1","floor":46},{"not_picked":["Auto Shields+1","Streamline","Darkness+1"],"picked":"SKIP","floor":47},{"not_picked":["Doom and Gloom","Hologram","Leap"],"picked":"SKIP","floor":48}],"player_experience":337995,"relics_obtained":[{"floor":6.0,"key":"Mercury Hourglass"},{"floor":8.0,"key":"Mummified Hand"},{"floor":9.0,"key":"Pantograph"},{"floor":10.0,"key":"MawBank"},{"floor":23.0,"key":"Juzu Bracelet"},{"floor":26.0,"key":"Centennial Puzzle"},{"floor":27.0,"key":"Mango"},{"floor":38.0,"key":"Gambling Chip"},{"floor":40.0,"key":"Regal Pillow"},{"floor":42.0,"key":"Pen Nib"},{"floor":43.0,"key":"Bottled Flame"},{"floor":44,"key":"Happy Flower"},{"floor":47,"key":"Boot"}],"event_choices":[{"damage_healed":0.0,"max_hp_gain":0.0,"max_hp_loss":0.0,"gold_gain":0.0,"event_name":"Scrap Ooze","player_choice":"Success","floor":3.0,"gold_loss":0.0,"damage_taken":7.0,"relics_obtained":["Girya"]},{"damage_healed":0.0,"max_hp_gain":0.0,"max_hp_loss":0.0,"gold_gain":0.0,"event_name":"Shining Light","player_choice":"Entered Light","floor":4.0,"gold_loss":0.0,"damage_taken":15.0,"cards_upgraded":["Strike_B","Defend_B"]},{"damage_healed":0.0,"max_hp_gain":0.0,"max_hp_loss":0.0,"gold_gain":0.0,"event_name":"The Mausoleum","player_choice":"Opened","floor":19.0,"gold_loss":0.0,"damage_taken":0.0,"relics_obtained":["Smiling Mask"],"cards_obtained":["Writhe"]},{"damage_healed":0.0,"max_hp_gain":0.0,"max_hp_loss":0.0,"gold_gain":99.0,"event_name":"Nest","player_choice":"Stole From Cult","floor":20.0,"gold_loss":0.0,"damage_taken":0.0},{"damage_healed":0.0,"max_hp_gain":0.0,"max_hp_loss":0.0,"gold_gain":0.0,"event_name":"Match and Keep!","player_choice":"3 cards matched","floor":22.0,"gold_loss":0.0,"damage_taken":0.0,"cards_obtained":["Stack","Machine Learning","Discovery"]},{"cards_removed":["Writhe"],"damage_healed":0.0,"max_hp_gain":0.0,"max_hp_loss":0.0,"gold_gain":0.0,"event_name":"Purifier","player_choice":"Purged","floor":25.0,"gold_loss":0.0,"damage_taken":0.0},{"damage_healed":0.0,"max_hp_gain":5.0,"max_hp_loss":0.0,"gold_gain":0.0,"event_name":"Forgotten Altar","player_choice":"Shed Blood","floor":29.0,"gold_loss":0.0,"damage_taken":22.0},{"cards_removed":["Strike_B"],"damage_healed":0.0,"max_hp_gain":0.0,"max_hp_loss":0.0,"gold_gain":0.0,"event_name":"Beggar","player_choice":"Gave Gold","floor":30.0,"gold_loss":75.0,"damage_taken":0.0},{"cards_removed":["Strike_B"],"damage_healed":0.0,"max_hp_gain":0.0,"max_hp_loss":0.0,"gold_gain":0.0,"event_name":"Falling","player_choice":"Removed Attack","floor":37.0,"gold_loss":0.0,"damage_taken":0.0},{"damage_healed":0.0,"max_hp_gain":0.0,"max_hp_loss":0.0,"gold_gain":0.0,"event_name":"MindBloom","player_choice":"Fight","floor":38.0,"gold_loss":0.0,"damage_taken":0.0},{"damage_healed":0,"gold_gain":0,"player_choice":"Max HP","damage_taken":0,"max_hp_gain":0,"max_hp_loss":5,"event_name":"Winding Halls","floor":45,"gold_loss":0}],"is_beta":false,"boss_relics":[{"not_picked":["Busted Crown","Tiny House"],"picked":"Coffee Dripper"},{"not_picked":["SlaversCollar","Philosopher\u0027s Stone"],"picked":"Nuclear Battery"}],"items_purged_floors":[],"is_endless":false,"potions_floor_spawned":[8,10,13,14,16,18,31,35,36,39,46],"ascension_level":8}}