{"host":"aqym1xxr3lb31d9m","time":1612116311,"event":{"mods":["BaseMod","Block Reminder","Colored Map","Colored Powertips","DeckTracker","Highlight Path","Minty Spire (QoL Compilation)","Quick Restart","Random Character Button","StSLib","SuperFastMode","UnlockEverythingMod"],"gold_per_floor":[14,14,25,35,35,35,69,81,120,146,158,202,214,239,251,358,370,406,693,724,497,516,516,559,583,608,608,608],"floor_reached":27,"language":"JPN","playtime":1074,"items_purged":["Regret"],"score":546,"play_id":"d786d18b-2028-4818-85aa-90fa8cd12967","local_time":"20210201030511","is_ascension_mode":true,"campfire_choices":[{"data":"Zap","floor":6,"key":"SMITH"},{"data":"Streamline","floor":8,"key":"SMITH"},{"data":"Consume","floor":15,"key":"SMITH"},{"data":"Biased Cognition","floor":23,"key":"SMITH"}],"circlet_count":0,"master_deck":["AscendersBane","Strike_B","Strike_B","Strike_B","Defend_B","Defend_B","Defend_B","Zap+1","Dualcast","Sweeping Beam+1","Cold Snap","Chill","Streamline+1","Biased Cognition+1","Conserve Battery","Consume+1","Echo Form","Conserve Battery","Consume","Coolheaded","Compile Driver+1"],"relics":["Cracked Core","MawBank","Boot","Singing Bowl","Golden Idol","Inserter","Red Mask","Lantern"],"acts_visited":["Exordium","TheCity"],"potions_floor_usage":[7,12,20,21,24,27],"damage_taken":[{"damage":0,"enemies":"Cultist","floor":1,"turns":3},{"damage":2,"enemies":"Jaw Worm","floor":3,"turns":3},{"damage":3,"enemies":"Small Slimes","floor":4,"turns":2},{"damage":0,"enemies":"3 Sentries","floor":7,"turns":7},{"damage":7,"enemies":"Exordium Thugs","floor":10,"turns":4},{"damage":0,"enemies":"Gremlin Nob","floor":12,"turns":3},{"damage":1,"enemies":"Looter","floor":14,"turns":3},{"damage":32,"enemies":"The Guardian","floor":16,"turns":14},{"damage":6,"enemies":"Chosen","floor":18,"turns":5},{"damage":20,"enemies":"2 Thieves","floor":20,"turns":4},{"damage":7,"enemies":"Centurion and Healer","floor":22,"turns":11},{"damage":18,"enemies":"Masked Bandits","floor":24,"turns":6},{"damage":0,"enemies":"Snecko","floor":25,"turns":7},{"damage":9,"enemies":"Cultist and Chosen","floor":27,"turns":5}],"seed_played":"4882661726508283194","potions_obtained":[{"floor":1,"key":"FocusPotion"},{"floor":7,"key":"ColorlessPotion"},{"floor":12,"key":"FocusPotion"},{"floor":16,"key":"PotionOfCapacity"},{"floor":22,"key":"AttackPotion"},{"floor":24,"key":"Strength Potion"}],"is_trial":false,"path_per_floor":["M","?","M","M","?","R","E","R","T","M","$","E","?","M","R","B",null,"M","?","M","$","M","R","?","M","T","M"],"character_chosen":"DEFECT","items_purchased":["Fruit Juice","PowerPotion"],"campfire_rested":0,"item_purchase_floors":[21,21],"current_hp_per_floor":[64,64,62,59,59,59,59,59,59,52,52,52,52,51,51,19,53,47,47,29,34,27,27,9,9,9,0,0],"gold":608,"neow_bonus":"REMOVE_TWO","is_daily":false,"chose_seed":false,"campfire_upgraded":4,"win_rate":0.0,"timestamp":1612116311,"path_taken":["M","?","M","M","?","R","E","R","T","M","$","E","?","?","R","BOSS","M","?","M","$","?","R","?","M","T","M"],"items_purchased_type":["Potion","Potion"],"build_version":"2020-12-22","purchased_purges":1,"victory":false,"max_hp_per_floor":[71,71,71,71,71,71,71,71,71,71,71,71,64,64,64,64,64,64,64,66,71,71,71,71,71,71,71,71],"card_choices":[{"not_picked":["Recycle","Genetic Algorithm"],"picked":"Sweeping Beam","floor":1},{"not_picked":["Sweeping Beam","Steam"],"picked":"Cold Snap","floor":3},{"not_picked":["Turbo","Reprogram"],"picked":"Chill","floor":4},{"not_picked":["Go for the Eyes","Compile Driver"],"picked":"Streamline","floor":7},{"not_picked":["Ball Lightning","Beam Cell"],"picked":"Biased Cognition","floor":10},{"not_picked":["Reprogram","Steam Power"],"picked":"Conserve Battery","floor":12},{"not_picked":["Go for the Eyes","Redo"],"picked":"Consume","floor":14},{"not_picked":["Seek","Meteor Strike"],"picked":"Echo Form","floor":16},{"not_picked":["Steam Power","Skim"],"picked":"Conserve Battery","floor":18},{"not_picked":["Turbo","Barrage","Streamline"],"picked":"Singing Bowl","floor":20},{"not_picked":["Compile Driver","Turbo"],"picked":"Consume","floor":22},{"not_picked":["Heatsinks","Stack"],"picked":"Coolheaded","floor":24},{"not_picked":["Streamline","Hologram"],"picked":"Compile Driver+1","floor":25}],"player_experience":4160712,"relics_obtained":[{"floor":7,"key":"MawBank"},{"floor":9,"key":"Boot"},{"floor":12,"key":"Singing Bowl"},{"floor":24,"key":"Red Mask"},{"floor":26,"key":"Lantern"}],"event_choices":[{"damage_healed":0,"gold_gain":0,"player_choice":"Grow","damage_taken":0,"max_hp_gain":0,"max_hp_loss":0,"event_name":"Living Wall","floor":2,"gold_loss":0,"cards_upgraded":["Sweeping Beam"]},{"damage_healed":0,"gold_gain":0,"player_choice":"Ignored","damage_taken":0,"max_hp_gain":0,"max_hp_loss":0,"event_name":"Liars Game","floor":5,"gold_loss":0},{"damage_healed":0,"gold_gain":0,"player_choice":"Lose Max HP","damage_taken":0,"relics_obtained":["Golden Idol"],"max_hp_gain":0,"max_hp_loss":7,"event_name":"Golden Idol","floor":13,"gold_loss":0},{"damage_healed":0,"gold_gain":275,"player_choice":"Desecrate","damage_taken":0,"max_hp_gain":0,"max_hp_loss":0,"event_name":"Golden Shrine","floor":19,"gold_loss":0,"cards_obtained":["Regret"]},{"damage_healed":0,"gold_gain":0,"player_choice":"Fought Bandits","damage_taken":0,"max_hp_gain":0,"max_hp_loss":0,"event_name":"Masked Bandits","floor":24,"gold_loss":0}],"is_beta":false,"boss_relics":[{"not_picked":["Empty Cage","FrozenCore"],"picked":"Inserter"}],"items_purged_floors":[21],"is_endless":false,"potions_floor_spawned":[1,7,12,16,22,24],"killed_by":"Cultist and Chosen","ascension_level":20}}