{"host":"hzswyuuwdl03wwzr","time":1612112565,"event":{"mods":["100% Spire Juice","ATMod(∞¢Ë™Mod)","AchievementEnabler","Act Like it!","BaseMod","Gensokyo","Hallownest","Marisa£®ÏF”Í°°ƒß¿Ì…≥£©","Minty Spire (QoL Compilation)","Prisma Mod","Reliquary","Remilia_Scarlet Moed£®¿Ÿ√◊¿Ú—«°§Àπø®¿◊Ãÿ£©3.3.5","Replay The Spire","StSLib","The Animator","The Bug Knight","The Cursed","The Servant 0.9.4","Warlord Emblem","Yakumo Yukari mod","Youmu£®ªÍ∆«—˝√Œ£©","°æπ¶ƒ‹Mod°øªÏ„Á÷Æª∑–ﬁ∏¥≤π∂°","°æ“≈ŒÔø®≈∆°øREMEMod"],"gold_per_floor":[210,76,2,22,64,64,77,252,252,272,292,316,316,283,283,283,283],"floor_reached":16,"language":"ZHS","playtime":553,"items_purged":["PrismaMod:MiyuCommonAttack","PrismaMod:MiyuCommonDefend"],"score":88,"play_id":"cc2df38e-92e8-45d3-a0eb-0bdd5291b19c","local_time":"20210201010245","is_ascension_mode":false,"campfire_choices":[{"data":"PrismaMod:MiyuUncommonDefend","floor":6,"key":"SMITH"},{"data":"PrismaMod:MiyuCheapChannelRandom","floor":13,"key":"SMITH"},{"data":"PrismaMod:MiyuCheapChannelRandom","floor":15,"key":"SMITH"}],"circlet_count":0,"master_deck":["PrismaMod:MiyuCommonDefend","PrismaMod:MiyuCommonDefend","PrismaMod:MiyuCommonDefend","PrismaMod:MiyuCommonDefend","PrismaMod:MiyuCommonAttack","PrismaMod:MiyuCommonAttack+1","PrismaMod:MiyuCommonAttack+1","PrismaMod:MiyuCommonAttack","PrismaMod:MiyuCheapChannelAttack","PrismaMod:MiyuCheapChannelDefend","PrismaMod:MiyuAttackChannelAttack","PrismaMod:MiyuCheapChannelRandom+1","PrismaMod:MiyuUncommonDefend+1","PrismaMod:MiyuAttackChannelVul","PrismaMod:MiyuUberAttack","Doubt","PrismaMod:MiyuUberAOEAttack","PrismaMod:MiyuCheapChannelRandom+1"],"relics":["PrismaMod:PrismaSapphire","AT_ATBox","REME_ComplimentaryCards","reliquary:TatteredRug","InkBottle","Whetstone","Odd Mushroom"],"acts_visited":["Exordium"],"potions_floor_usage":[],"damage_taken":[{"damage":0,"enemies":"Cultist","floor":1,"turns":4},{"damage":7,"enemies":"Jaw Worm","floor":4,"turns":4},{"damage":14,"enemies":"2 Louse","floor":7,"turns":3},{"damage":1,"enemies":"Looter","floor":10,"turns":3},{"damage":4,"enemies":"The Mushroom Lair","floor":11,"turns":4},{"damage":66,"enemies":"Fading Forest","floor":16,"turns":9}],"seed_played":"-305716888350711802","potions_obtained":[{"floor":1,"key":"Death Potion"},{"floor":4,"key":"LifebloodPotion"}],"is_trial":false,"path_per_floor":["M","$","$","M","?","R","M","?","T","M","?","T","R","$","R","B"],"character_chosen":"MIYU","items_purchased":["reliquary:TatteredRug","PrismaMod:MiyuCheapChannelRandom","Explosive Potion"],"campfire_rested":0,"item_purchase_floors":[2,3,14],"current_hp_per_floor":[75,75,75,68,68,68,54,54,54,57,53,53,53,53,53,0,0],"gold":283,"neow_bonus":"HUNDRED_GOLD","is_daily":false,"chose_seed":false,"campfire_upgraded":3,"win_rate":0.0,"timestamp":1612112565,"path_taken":["M","?","$","M","?","R","M","?","T","M","?","?","R","$","R","BOSS"],"items_purchased_type":["Relic","Card","Potion"],"build_version":"2020-12-22","purchased_purges":2,"victory":false,"max_hp_per_floor":[75,75,75,75,75,75,75,75,75,75,75,75,75,75,75,75,75],"card_choices":[{"not_picked":["PrismaMod:MiyuUncommonDexBuff","PrismaMod:MiyuCheapChannelWeak"],"picked":"PrismaMod:MiyuAttackChannelAttack","floor":1},{"not_picked":["PrismaMod:MiyuCheapChannelVul","PrismaMod:MiyuCheapChannelAttack","PrismaMod:MiyuEvokeBuffDex"],"picked":"SKIP","floor":4},{"not_picked":["PrismaMod:MiyuEvokeBuffStr","PrismaMod:MiyuDefenseRemoval"],"picked":"PrismaMod:MiyuUncommonDefend","floor":5},{"not_picked":["PrismaMod:MiyuCheapEvoke","PrismaMod:MiyuUncommonAOEAttack"],"picked":"PrismaMod:MiyuAttackChannelVul","floor":5},{"not_picked":["PrismaMod:MiyuEvokeBuffDex","PrismaMod:MiyuCheapChannelAttack"],"picked":"PrismaMod:MiyuUberAttack","floor":7},{"not_picked":["PrismaMod:MiyuChristmas","PrismaMod:MiyuDefenseAbsorbMinor"],"picked":"PrismaMod:MiyuUberAOEAttack","floor":10},{"not_picked":["PrismaMod:MiyuCheapChannelWeak","PrismaMod:MiyuMaid"],"picked":"PrismaMod:MiyuCheapChannelRandom","floor":11}],"player_experience":36404,"relics_obtained":[{"floor":5,"key":"InkBottle"},{"floor":9,"key":"Whetstone"},{"floor":11,"key":"Odd Mushroom"}],"event_choices":[{"damage_healed":0,"gold_gain":175,"player_choice":"AGREE","damage_taken":0,"max_hp_gain":0,"max_hp_loss":0,"event_name":"Liars Game","floor":8,"gold_loss":0,"cards_obtained":["Doubt"]},{"damage_healed":0,"gold_gain":0,"player_choice":"Fought Mushrooms","damage_taken":0,"max_hp_gain":0,"max_hp_loss":0,"event_name":"Mushrooms","floor":11,"gold_loss":0}],"is_beta":false,"boss_relics":[],"items_purged_floors":[2,14],"is_endless":false,"potions_floor_spawned":[1,4],"killed_by":"Fading Forest","ascension_level":0}}