{"host":"vhvubw4jk4f204qs","time":1612068213,"event":{"mods":["AchievementEnabler","BaseMod","DeckTracker","GifTheSpireLib","Minty Spire (QoL Compilation)","Permanent Neow","Quick Restart","StSLib","SuperFastMode","The IronCluck","slay the spire mod where everything is the same but ironclad has a cowboy hat"],"gold_per_floor":[117,117,129,139,139,139,139],"floor_reached":6,"language":"ENG","playtime":223,"items_purged":[],"score":72,"play_id":"531a5d39-d8a7-4ff6-b65e-280585564bf3","local_time":"20210130234333","is_ascension_mode":true,"campfire_choices":[],"circlet_count":0,"master_deck":["AscendersBane","Strike_G","Strike_G","Strike_G","Strike_G","Strike_G","Defend_G","Defend_G","Defend_G","Defend_G","Defend_G","Survivor","Neutralize","All Out Attack","Prepared","Noxious Fumes"],"relics":["Runic Pyramid","GremlinMask"],"acts_visited":["Exordium"],"potions_floor_usage":[4,6],"damage_taken":[{"damage":7,"enemies":"Small Slimes","floor":1,"turns":4},{"damage":1,"enemies":"Cultist","floor":3,"turns":4},{"damage":6,"enemies":"2 Louse","floor":4,"turns":2},{"damage":7,"enemies":"Gremlin Nob","floor":6,"turns":4}],"seed_played":"3321340621738801884","potions_obtained":[{"floor":2,"key":"GhostInAJar"},{"floor":2,"key":"Poison Potion"},{"floor":4,"key":"Explosive Potion"}],"is_trial":false,"path_per_floor":["M","?","M","M","?","E"],"character_chosen":"THE_SILENT","items_purchased":[],"campfire_rested":0,"item_purchase_floors":[],"current_hp_per_floor":[52,52,51,45,45,38,38],"gold":139,"neow_bonus":"BOSS_RELIC","is_daily":false,"chose_seed":false,"campfire_upgraded":0,"win_rate":0.0,"timestamp":1612068213,"path_taken":["M","?","M","?","?","E"],"items_purchased_type":[],"build_version":"2020-12-22","purchased_purges":0,"victory":false,"max_hp_per_floor":[66,66,66,66,66,66,66],"card_choices":[{"not_picked":["Poisoned Stab","Bane"],"picked":"All Out Attack","floor":1},{"not_picked":["Endless Agony","Deflect"],"picked":"Prepared","floor":3},{"not_picked":["Blur","Masterful Stab"],"picked":"Noxious Fumes","floor":4}],"player_experience":752985,"relics_obtained":[],"event_choices":[{"damage_healed":0,"gold_gain":0,"player_choice":"Got Potions","damage_taken":0,"max_hp_gain":0,"max_hp_loss":0,"event_name":"Lab","floor":2,"gold_loss":0},{"damage_healed":0,"gold_gain":0,"player_choice":"Trade","damage_taken":0,"relics_obtained":["GremlinMask"],"max_hp_gain":0,"max_hp_loss":0,"event_name":"FaceTrader","floor":5,"gold_loss":0}],"is_beta":false,"boss_relics":[],"items_purged_floors":[],"is_endless":false,"potions_floor_spawned":[4],"killed_by":"Gremlin Nob","ascension_level":20}}