{"host":"vrsxkkch9ccrec7k","time":1612101230,"event":{"mods":["Act Like it!","BaseMod","Bestiary","Better Altar","Better Match","Better Note","Better Sensory Stone","Better Skull","Better Third Choice","Better Vampires","Downfall","Minty Spire (QoL Compilation)","Permanent Neow","Relic Stats","Spicy Shops","StSLib"],"gold_per_floor":[99,114,130,580,616,616,663,693,693,102,115,115,125,125,138,238,238,238,257,271,271,271,271],"floor_reached":21,"language":"ENG","playtime":1462,"items_purged":["downfall:Malfunctioning"],"score":235,"play_id":"0e3d9483-71c6-4f3b-8faa-117f8b309caa","local_time":"20210131085350","is_ascension_mode":true,"campfire_choices":[{"data":"sneckomod:SnekBite","floor":1.0,"key":"SMITH"},{"data":"sneckomod:UnendingSupply","floor":6.0,"key":"SMITH"},{"floor":12,"key":"REST"}],"circlet_count":0,"master_deck":["sneckomod:Strike+1","sneckomod:Strike","sneckomod:Strike","sneckomod:Defend","sneckomod:Defend","sneckomod:Defend","sneckomod:TailWhip","sneckomod:SnekBite+1","sneckomod:Unknown","sneckomod:RainOfDice+1","sneckomod:UnendingSupply+1","downfall:Icky","downfall:Icky","downfall:Icky","sneckomod:TrashToTreasure","sneckomod:SoulDraw","Apotheosis","expansioncontent:AwakenDeath","sneckomod:QuickBite","Burning Pact","DevaForm","sneckomod:UnknownUncommonSkill+1","sneckomod:UnknownDraw"],"relics":["sneckomod:SneckoSoul","Bag of Preparation","Smiling Mask","Letter Opener","bronze:MakeshiftBattery"],"acts_visited":["Exordium","TheCity"],"potions_floor_usage":[16,21],"damage_taken":[{"damage":2.0,"enemies":"Jaw Worm","floor":2.0,"turns":3.0},{"damage":10.0,"enemies":"Small Slimes","floor":3.0,"turns":4.0},{"damage":5.0,"enemies":"Cultist","floor":5.0,"turns":4.0},{"damage":32.0,"enemies":"Gremlin Nob","floor":8.0,"turns":5.0},{"damage":10,"enemies":"downfall:FleeingMerchant","floor":10,"turns":4},{"damage":7,"enemies":"Gremlin Gang","floor":11,"turns":3},{"damage":9,"enemies":"Blue Slaver","floor":13,"turns":2},{"damage":1,"enemies":"Exordium Wildlife","floor":15,"turns":2},{"damage":49,"enemies":"IC_STATUS_ARCHETYPE","floor":16,"turns":9},{"damage":23,"enemies":"Spheric Guardian","floor":19,"turns":6},{"damage":16,"enemies":"Shell Parasite","floor":20,"turns":3},{"damage":32,"enemies":"downfall:Augmenter","floor":21,"turns":3}],"seed_played":"380389073795620271","potions_obtained":[{"floor":2.0,"key":"BlessingOfTheForge"},{"floor":5.0,"key":"BlessingOfTheForge"},{"floor":11,"key":"Fire Potion"},{"floor":13,"key":"FearPotion"},{"floor":16,"key":"LiquidMemories"}],"is_trial":false,"path_per_floor":["R","M","M","?","M","R","T","E","?","$","M","R","M","?","M","B",null,"R","M","M","?"],"character_chosen":"THE_SNECKO","items_purchased":["Apotheosis","Letter Opener","expansioncontent:AwakenDeath","sneckomod:QuickBite"],"campfire_rested":1,"item_purchase_floors":[10,10,10,10],"current_hp_per_floor":[81,79,69,69,64,64,64,32,32,22,15,42,33,33,32,15,71,71,48,32,0,0,0],"gold":271,"neow_bonus":"THREE_CARDS","is_daily":false,"chose_seed":false,"campfire_upgraded":2,"win_rate":0.0,"timestamp":1612101230,"path_taken":["R","M","M","?","M","R","T","E","?","$","M","R","M","?","M","BOSS","R","M","M","?"],"items_purchased_type":["Card","Relic","Card","Card"],"build_version":"2020-12-22","purchased_purges":1,"victory":false,"max_hp_per_floor":[90,90,90,90,90,90,90,90,90,90,90,90,90,90,90,90,90,90,90,90,90,90,90],"relic_stats":{"counters":[12,48],"Bag of Preparation":[18],"Letter Opener":[64],"Smiling Mask":25,"obtain_stats":[{"Bag of Preparation":7,"Letter Opener":10,"sneckomod:SneckoSoul":0,"Smiling Mask":8,"bronze:MakeshiftBattery":17},{"Bag of Preparation":3,"Letter Opener":5,"sneckomod:SneckoSoul":0,"Smiling Mask":4,"bronze:MakeshiftBattery":9},{"Bag of Preparation":11,"Letter Opener":20,"sneckomod:SneckoSoul":0,"Smiling Mask":16,"bronze:MakeshiftBattery":36}]},"card_choices":[{"not_picked":["sneckomod:Unknown0Cost","sneckomod:UnknownClassSLIMEBOUND"],"picked":"sneckomod:Memorize","floor":0.0},{"not_picked":["sneckomod:UnknownUncommonSkill","sneckomod:SnekBeam"],"picked":"sneckomod:RainOfDice","floor":2.0},{"not_picked":["sneckomod:QuickMove","sneckomod:UnknownClassBLUE"],"picked":"sneckomod:UnendingSupply","floor":3.0},{"not_picked":["sneckomod:UnknownClassRED","sneckomod:UnknownCommonSkill","sneckomod:UnknownBlock"],"picked":"SKIP","floor":5.0},{"not_picked":["sneckomod:UnknownDexterity","sneckomod:UnknownStrike"],"picked":"sneckomod:TrashToTreasure","floor":8.0},{"not_picked":["sneckomod:UnknownClassPURPLE","sneckomod:UnknownClassBLUE"],"picked":"sneckomod:SoulDraw","floor":10},{"not_picked":["sneckomod:UnknownClassGREEN","sneckomod:UnknownClassTHE_BRONZE_AUTOMATON","sneckomod:QuickBite"],"picked":"SKIP","floor":11},{"not_picked":["sneckomod:DefensiveFlair","sneckomod:PureSnecko","sneckomod:UnknownClassTHE_CHAMP_GRAY"],"picked":"SKIP","floor":13},{"not_picked":["sneckomod:UnknownStrike","sneckomod:ImprovisedAttack","sneckomod:SnakeSap"],"picked":"SKIP","floor":15},{"not_picked":["sneckomod:UnknownBoss","sneckomod:Cheat"],"picked":"sneckomod:Unknown3Cost","floor":16},{"not_picked":["sneckomod:UnknownClassSLIMEBOUND","sneckomod:DiceCrush"],"picked":"sneckomod:UnknownUncommonSkill+1","floor":19},{"not_picked":["sneckomod:UnknownClassTHE_BRONZE_AUTOMATON","sneckomod:UnknownClassRED+1"],"picked":"sneckomod:UnknownDraw","floor":20}],"player_experience":1850185,"relics_obtained":[{"floor":7.0,"key":"Bag of Preparation"},{"floor":8.0,"key":"Smiling Mask"}],"event_choices":[{"damage_healed":0,"gold_gain":0,"player_choice":"LEAVE","damage_taken":0,"max_hp_gain":0,"max_hp_loss":0,"event_name":"betterThird:BetterScrap","floor":14,"gold_loss":0,"cards_obtained":["CarveReality"]}],"is_beta":false,"boss_relics":[{"not_picked":["expansioncontent:StudyCardRelic","SacredBark"],"picked":"bronze:MakeshiftBattery"}],"items_purged_floors":[10],"is_endless":false,"potions_floor_spawned":[2,5,11,13,16],"killed_by":"downfall:Augmenter","ascension_level":6}}