{"host":"zxkjcgzis4pm3za5","time":1612104312,"event":{"mods":["AchievementEnabler","Act Like it!","BaseMod","Colored Map","Colored Powertips","Friendly Minions","GifTheSpireLib","Minty Spire (QoL Compilation)","Quick Restart","Random Character Button","Relic Sorter","Relic Stats","StSLib"],"gold_per_floor":[111,111,124,150,170,170,170],"floor_reached":6,"language":"ENG","playtime":638,"items_purged":[],"score":68,"play_id":"0c4f31fa-8b1b-4cfe-9b4e-49e94d3ab397","local_time":"20210131201512","is_ascension_mode":true,"campfire_choices":[],"circlet_count":0,"master_deck":["AscendersBane","Strike_G","Strike_G","Strike_G","Strike_G","Strike_G","Defend_G","Defend_G","Defend_G","Defend_G","Defend_G","Survivor","Neutralize","Outmaneuver","Infinite Blades","Caltrops"],"relics":["Ring of the Snake","NeowsBlessing","Golden Idol","Orichalcum"],"acts_visited":["Exordium"],"potions_floor_usage":[],"damage_taken":[{"damage":0,"enemies":"2 Louse","floor":1,"turns":1},{"damage":0,"enemies":"Jaw Worm","floor":3,"turns":1},{"damage":0,"enemies":"Cultist","floor":5,"turns":1},{"damage":10,"enemies":"Lagavulin","floor":6,"turns":6}],"seed_played":"5384576869951076517","potions_obtained":[{"floor":3,"key":"AttackPotion"}],"is_trial":false,"path_per_floor":["M","?","M","T","M","E"],"character_chosen":"THE_SILENT","items_purchased":[],"campfire_rested":0,"item_purchase_floors":[],"current_hp_per_floor":[59,59,59,59,59,49,49],"gold":170,"neow_bonus":"THREE_ENEMY_KILL","is_daily":false,"chose_seed":false,"campfire_upgraded":0,"win_rate":0.0,"timestamp":1612104312,"path_taken":["M","?","M","?","?","E"],"items_purchased_type":[],"build_version":"2020-12-22","purchased_purges":0,"victory":false,"max_hp_per_floor":[66,60,60,60,60,60,60],"relic_stats":{"counters":[4,9],"Golden Idol":7,"Orichalcum":[18],"obtain_stats":[{"NeowsBlessing":0,"Golden Idol":2,"Orichalcum":4,"Ring of the Snake":0},{"NeowsBlessing":0,"Golden Idol":1,"Orichalcum":2,"Ring of the Snake":0},{"NeowsBlessing":0,"Golden Idol":1,"Orichalcum":2,"Ring of the Snake":0}],"Ring of the Snake":[8]},"card_choices":[{"not_picked":["Calculated Gamble","Bane"],"picked":"Outmaneuver","floor":1},{"not_picked":["Eviscerate","Concentrate"],"picked":"Infinite Blades","floor":3},{"not_picked":["Flechettes","Slice"],"picked":"Caltrops","floor":5}],"player_experience":300546,"relics_obtained":[{"floor":4,"key":"Orichalcum"}],"event_choices":[{"damage_healed":0,"gold_gain":0,"player_choice":"Lose Max HP","damage_taken":0,"relics_obtained":["Golden Idol"],"max_hp_gain":0,"max_hp_loss":6,"event_name":"Golden Idol","floor":2,"gold_loss":0}],"is_beta":false,"boss_relics":[],"items_purged_floors":[],"is_endless":false,"potions_floor_spawned":[3],"killed_by":"Lagavulin","ascension_level":18}}