{"host":"37r75cyug2ir6qa5","time":1612097553,"event":{"mods":["BaseMod","Colored Map","Downfall","Highlight Path","Minty Spire (QoL Compilation)","Replay The Spire","StSLib"],"gold_per_floor":[115,115,290,290,22,22,22,22,71,101,101,101,101,117,117,117,117],"floor_reached":16,"language":"ENG","playtime":487,"items_purged":["Doubt"],"score":132,"play_id":"6c21f64f-ed44-4e37-bec3-7f24122e767e","local_time":"20210131205233","is_ascension_mode":true,"campfire_choices":[{"data":"Bash","floor":6,"key":"SMITH"},{"data":"Seeing Red","floor":8,"key":"SMITH"},{"data":"Ghostly Armor","floor":11,"key":"SMITH"},{"floor":13,"key":"RECALL"},{"data":"Rupture","floor":15,"key":"SMITH"}],"circlet_count":0,"master_deck":["Strike_R","Strike_R","Strike_R+1","Strike_R","Strike_R+1","Defend_R","Defend_R+1","Defend_R","Defend_R","Bash+1","Seeing Red+1","Pummel","Ghostly Armor+1","Languid","Rupture+1"],"relics":["Burning Blood","Sling","Juzu Bracelet","Orichalcum","Ring of Peace"],"acts_visited":["Exordium"],"potions_floor_usage":[10,16],"damage_taken":[{"damage":14,"enemies":"Jaw Worm","floor":1,"turns":5},{"damage":11,"enemies":"3 Sentries","floor":10,"turns":11},{"damage":0,"enemies":"Small Slimes","floor":14,"turns":4},{"damage":61,"enemies":"Fading Forest","floor":16,"turns":9}],"seed_played":"297380072976404395","potions_obtained":[{"floor":1,"key":"SpeedPotion"},{"floor":14,"key":"ColorlessPotion"}],"is_trial":false,"path_per_floor":["M","?","?","?","$","R","$","R","T","E","R","?","R","M","R","B"],"character_chosen":"IRONCLAD","items_purchased":["Sling","Pummel"],"campfire_rested":0,"item_purchase_floors":[5,5],"current_hp_per_floor":[72,54,54,54,54,54,54,54,54,49,49,49,49,55,55,0,0],"gold":117,"neow_bonus":"TEN_PERCENT_HP_BONUS","is_daily":false,"chose_seed":false,"campfire_upgraded":4,"win_rate":0.0,"timestamp":1612097553,"path_taken":["M","?","?","?","$","R","?","R","T","E","R","?","R","M","R","BOSS"],"items_purchased_type":["Relic","Card"],"build_version":"2020-12-22","purchased_purges":1,"victory":false,"max_hp_per_floor":[88,88,88,88,88,88,88,88,88,88,88,88,88,88,88,88,88],"card_choices":[{"not_picked":["Dark Embrace","Shockwave"],"picked":"Seeing Red","floor":1},{"not_picked":["Replay:Undeath\u0027s Touch","Massacre"],"picked":"Ghostly Armor","floor":10},{"not_picked":["Havoc","Power Through"],"picked":"Rupture","floor":14}],"player_experience":188045,"relics_obtained":[{"floor":9,"key":"Juzu Bracelet"},{"floor":10,"key":"Orichalcum"},{"floor":12,"key":"Ring of Peace"}],"event_choices":[{"damage_healed":0,"gold_gain":0,"player_choice":"Entered Light","damage_taken":18,"max_hp_gain":0,"max_hp_loss":0,"event_name":"Shining Light","floor":2,"gold_loss":0,"cards_upgraded":["Strike_R","Strike_R"]},{"damage_healed":0,"gold_gain":175,"player_choice":"AGREE","damage_taken":0,"max_hp_gain":0,"max_hp_loss":0,"event_name":"Liars Game","floor":3,"gold_loss":0,"cards_obtained":["Doubt"]}],"is_beta":false,"boss_relics":[],"items_purged_floors":[5],"is_endless":false,"potions_floor_spawned":[1,14],"killed_by":"Fading Forest","ascension_level":8}}