{"host":"lnrxyx1mebyhalma","time":1612133678,"event":{"mods":["2.2 Compatiblity","BaseMod","Block Reminder","Colored Powertips","Minty Spire (QoL Compilation)","Rare Cards Sparkle","Smile Girya","Weighted Paths"],"gold_per_floor":[113,113,113,188,203,235,246,246,270,270,91,91,103,136,136,231,231,249,41,41,57,76,76,110,121,144,176,176,176],"floor_reached":28,"language":"PTB","playtime":1056,"items_purged":["Parasite","Defend_B"],"score":279,"play_id":"b7081e80-f4d5-4586-991c-5976a63fdc9d","local_time":"20210131205438","is_ascension_mode":true,"campfire_choices":[{"floor":10,"key":"REST"},{"data":"Hello World","floor":12,"key":"SMITH"},{"floor":15,"key":"REST"},{"floor":23,"key":"REST"}],"circlet_count":0,"master_deck":["Strike_B","Strike_B","Strike_B","Strike_B","Defend_B","Defend_B","Defend_B+1","Zap","Dualcast+1","Steam Power","Hello World+1","BootSequence","Rebound+1","Cold Snap+1","Conserve Battery","Cold Snap+1","Darkness","Beam Cell+1","Rainbow","Loop","Doom and Gloom+1","Defragment","Rainbow","Tempest+1","Steam","Sweeping Beam+1","Cold Snap+1","Self Repair"],"relics":["Cracked Core","War Paint","Molten Egg 2","Centennial Puzzle","Ancient Tea Set","SacredBark","Shuriken","Regal Pillow","Bottled Lightning"],"acts_visited":["Exordium","TheCity"],"potions_floor_usage":[27,27,27,28],"damage_taken":[{"damage":1,"enemies":"Jaw Worm","floor":1,"turns":3},{"damage":2,"enemies":"Small Slimes","floor":5,"turns":3},{"damage":28,"enemies":"Lagavulin","floor":6,"turns":8},{"damage":0,"enemies":"2 Louse","floor":7,"turns":2},{"damage":4,"enemies":"Exordium Wildlife","floor":13,"turns":3},{"damage":10,"enemies":"Gremlin Nob","floor":14,"turns":4},{"damage":30,"enemies":"The Guardian","floor":16,"turns":9},{"damage":0,"enemies":"Chosen","floor":18,"turns":4},{"damage":14,"enemies":"Shell Parasite","floor":21,"turns":4},{"damage":20,"enemies":"Centurion and Healer","floor":22,"turns":5},{"damage":39,"enemies":"Gremlin Leader","floor":24,"turns":8},{"damage":2,"enemies":"Snecko","floor":25,"turns":4},{"damage":7,"enemies":"Book of Stabbing","floor":27,"turns":3},{"damage":16,"enemies":"Snake Plant","floor":28,"turns":2}],"seed_played":"2390344008048608965","potions_obtained":[{"floor":6,"key":"Ancient Potion"},{"floor":7,"key":"DuplicationPotion"},{"floor":13,"key":"Energy Potion"},{"floor":25,"key":"Fire Potion"},{"floor":27,"key":"SteroidPotion"}],"is_trial":false,"path_per_floor":["M","?","?","?","M","E","M","?","T","R","$","R","M","E","R","B",null,"M","$","?","M","M","R","E","M","T","E","M"],"character_chosen":"DEFECT","items_purchased":["Conserve Battery","Cold Snap+1","Doom and Gloom+1","Defragment"],"campfire_rested":3,"item_purchase_floors":[11,11,19,19],"current_hp_per_floor":[74,74,56,45,43,15,15,33,33,55,55,55,51,41,62,32,72,72,72,72,58,38,59,20,18,18,11,0,0],"gold":176,"neow_bonus":"THREE_CARDS","is_daily":false,"chose_seed":false,"campfire_upgraded":1,"win_rate":0.0,"timestamp":1612133678,"path_taken":["M","?","?","?","M","E","?","?","T","R","$","R","M","E","R","BOSS","M","$","?","M","M","R","E","M","T","E","M"],"items_purchased_type":["Card","Card","Card","Card"],"build_version":"2020-12-22","purchased_purges":2,"victory":false,"max_hp_per_floor":[75,75,75,75,75,75,75,75,75,75,72,72,72,72,72,72,72,72,72,72,72,72,72,72,72,72,72,72,72],"card_choices":[{"not_picked":["Gash","Coolheaded"],"picked":"Steam Power","floor":0},{"not_picked":["Barrage","Conserve Battery"],"picked":"Hello World","floor":1},{"not_picked":["Coolheaded","Streamline"],"picked":"BootSequence","floor":5},{"not_picked":["Capacitor","Sweeping Beam+1"],"picked":"Rebound+1","floor":6},{"not_picked":["Coolheaded","Steam"],"picked":"Cold Snap+1","floor":7},{"not_picked":["Coolheaded","Undo"],"picked":"Darkness","floor":13},{"not_picked":["Hello World","Chill"],"picked":"Beam Cell+1","floor":14},{"not_picked":["Multi-Cast","All For One+1"],"picked":"Rainbow","floor":16},{"not_picked":["Glacier+1","Rip and Tear+1"],"picked":"Loop","floor":18},{"not_picked":["Doom and Gloom+1","Barrage+1"],"picked":"Tempest+1","floor":21},{"not_picked":["Skim","Hologram"],"picked":"Steam","floor":22},{"not_picked":["Redo","Turbo"],"picked":"Sweeping Beam+1","floor":24},{"not_picked":["Rebound+1","Scrape+1"],"picked":"Cold Snap+1","floor":25},{"not_picked":["Conserve Battery","Steam"],"picked":"Self Repair","floor":27}],"player_experience":98430,"relics_obtained":[{"floor":6,"key":"Molten Egg 2"},{"floor":9,"key":"Centennial Puzzle"},{"floor":14,"key":"Ancient Tea Set"},{"floor":24,"key":"Shuriken"},{"floor":26,"key":"Regal Pillow"},{"floor":27,"key":"Bottled Lightning"}],"event_choices":[{"damage_healed":0,"gold_gain":0,"player_choice":"Leave","damage_taken":0,"max_hp_gain":0,"max_hp_loss":0,"event_name":"The Cleric","floor":2,"gold_loss":0},{"damage_healed":0,"gold_gain":0,"player_choice":"Success","damage_taken":18,"relics_obtained":["War Paint"],"max_hp_gain":0,"max_hp_loss":0,"event_name":"Scrap Ooze","floor":3,"gold_loss":0},{"damage_healed":0,"gold_gain":75,"player_choice":"Gather Gold","damage_taken":11,"max_hp_gain":0,"max_hp_loss":0,"event_name":"World of Goop","floor":4,"gold_loss":0},{"damage_healed":18,"gold_gain":0,"player_choice":"Healed and dodged fight","damage_taken":0,"max_hp_gain":0,"max_hp_loss":0,"event_name":"Mushrooms","floor":8,"gold_loss":0,"cards_obtained":["Parasite"]},{"damage_healed":0,"gold_gain":0,"player_choice":"Copied","damage_taken":0,"max_hp_gain":0,"max_hp_loss":0,"event_name":"Duplicator","floor":20,"gold_loss":0,"cards_obtained":["Rainbow"]}],"is_beta":false,"boss_relics":[{"not_picked":["Cursed Key","FrozenCore"],"picked":"SacredBark"}],"items_purged_floors":[11,19],"is_endless":false,"potions_floor_spawned":[6,7,13,22,24,25,27],"killed_by":"Snake Plant","ascension_level":1}}