{"host":"03gh5aw7xaqhv7p2","time":1612107354,"event":{"mods":["BaseMod","Colored Powertips","Infinite Spire","Minty Spire (QoL Compilation)","StSLib"],"gold_per_floor":[118,118,118,137,155,155,175,175,175,203,221,4,37,37,37,115,115,134,147,162,87,87,87,87],"floor_reached":23,"language":"ENG","playtime":782,"items_purged":[],"score":477,"play_id":"7b1e6015-9bf7-435a-8013-f072755c4a1c","local_time":"20210131163554","is_ascension_mode":true,"campfire_choices":[{"data":"Consecrate","floor":6.0,"key":"SMITH"},{"data":"Consecrate","floor":8.0,"key":"SMITH"},{"data":"Consecrate","floor":15,"key":"SMITH"}],"circlet_count":0,"master_deck":["AscendersBane","Strike_P+1","Strike_P","Strike_P","Defend_P","Defend_P","Defend_P","Defend_P","Eruption","Vigilance+1","Consecrate","infinitespire:FinalStrike","Consecrate+1","Consecrate+1","Consecrate+1","Adaptation","Adaptation","ThirdEye","Blasphemy","Crescendo","FlurryOfBlows","ClearTheMind"],"relics":["PureWater","NeowsBlessing","Gambling Chip","Prayer Wheel","Lee\u0027s Waffle","Ancient Tea Set","VioletLotus"],"acts_visited":["Exordium","TheCity"],"potions_floor_usage":[13,13,13,16,20],"damage_taken":[{"damage":0.0,"enemies":"Small Slimes","floor":1.0,"turns":2.0},{"damage":0.0,"enemies":"Jaw Worm","floor":4.0,"turns":1.0},{"damage":0.0,"enemies":"Cultist","floor":5.0,"turns":1.0},{"damage":0.0,"enemies":"2 Fungi Beasts","floor":7.0,"turns":2.0},{"damage":16.0,"enemies":"Gremlin Nob","floor":10.0,"turns":3.0},{"damage":0,"enemies":"3 Louse","floor":11,"turns":1},{"damage":0,"enemies":"3 Sentries","floor":13,"turns":1},{"damage":28,"enemies":"The Guardian","floor":16,"turns":10},{"damage":11,"enemies":"2 Thieves","floor":18,"turns":3},{"damage":24,"enemies":"Chosen","floor":19,"turns":3},{"damage":17,"enemies":"Shelled Parasite and Fungi","floor":20,"turns":2},{"damage":59,"enemies":"Book of Stabbing","floor":23,"turns":3}],"seed_played":"1396299395445252963","potions_obtained":[{"floor":10.0,"key":"EntropicBrew"},{"floor":13,"key":"DistilledChaos"},{"floor":16,"key":"Explosive Potion"},{"floor":18,"key":"PowerPotion"}],"is_trial":false,"path_per_floor":["M","?","?","M","M","R","M","R","T","E","M","$","E","$","R","B",null,"M","M","M","?","?","E"],"character_chosen":"WATCHER","items_purchased":["Lee\u0027s Waffle","Fire Potion"],"campfire_rested":0,"item_purchase_floors":[12,12],"current_hp_per_floor":[61,41,23,23,23,23,23,23,23,7,7,75,75,75,75,47,68,57,33,16,16,31,0,0],"gold":87,"neow_bonus":"THREE_ENEMY_KILL","is_daily":false,"chose_seed":false,"campfire_upgraded":3,"win_rate":0.0,"timestamp":1612107354,"path_taken":["M","?","?","M","M","R","?","R","T","E","M","$","E","$","R","BOSS","M","?","M","?","?","E"],"items_purchased_type":["Relic","Potion"],"build_version":"2020-12-22","purchased_purges":0,"victory":false,"max_hp_per_floor":[68,68,68,68,68,68,68,68,68,68,68,75,75,75,75,75,75,75,75,75,75,75,75,75],"card_choices":[{"not_picked":["SashWhip","Worship"],"picked":"Consecrate","floor":1.0},{"not_picked":["infinitespire:DeathsTouch","infinitespire:UltimateForm"],"picked":"infinitespire:FinalStrike","floor":3.0},{"not_picked":["EmptyBody","ThirdEye"],"picked":"Consecrate","floor":4.0},{"not_picked":["BowlingBash","Prostrate"],"picked":"Consecrate","floor":5.0},{"not_picked":["ReachHeaven","CutThroughFate"],"picked":"Consecrate","floor":7.0},{"not_picked":["FlyingSleeves","Worship"],"picked":"Adaptation","floor":10.0},{"not_picked":["ForeignInfluence","BattleHymn"],"picked":"Adaptation","floor":11},{"not_picked":["Pray","BowlingBash","Establishment"],"picked":"SKIP","floor":11},{"not_picked":["SignatureMove","EmptyBody"],"picked":"ThirdEye","floor":13},{"not_picked":["Establishment","MasterReality"],"picked":"Blasphemy","floor":16},{"not_picked":["MentalFortress","Halt"],"picked":"Crescendo","floor":18},{"not_picked":["Wireheading","Vengeance"],"picked":"FlurryOfBlows","floor":18},{"not_picked":["BowlingBash","CutThroughFate"],"picked":"ClearTheMind","floor":19},{"not_picked":["Protect","CrushJoints","ThirdEye"],"picked":"SKIP","floor":19},{"not_picked":["Protect","WindmillStrike","MasterReality"],"picked":"SKIP","floor":20},{"not_picked":["Consecrate","ClearTheMind","Prostrate"],"picked":"SKIP","floor":20}],"player_experience":1949615,"relics_obtained":[{"floor":9.0,"key":"Gambling Chip"},{"floor":10.0,"key":"Prayer Wheel"},{"floor":13,"key":"Ancient Tea Set"}],"event_choices":[{"damage_healed":0.0,"max_hp_gain":0.0,"max_hp_loss":0.0,"gold_gain":0.0,"event_name":"Shining Light","player_choice":"Entered Light","floor":2.0,"gold_loss":0.0,"damage_taken":20.0,"cards_upgraded":["Strike_P","Vigilance"]},{"cards_removed":["Strike_P"],"damage_healed":0,"gold_gain":0,"player_choice":"Gave Gold","damage_taken":0,"max_hp_gain":0,"max_hp_loss":0,"event_name":"Beggar","floor":21,"gold_loss":75},{"damage_healed":15,"gold_gain":0,"player_choice":"Heal","damage_taken":0,"max_hp_gain":0,"max_hp_loss":0,"event_name":"The Library","floor":22,"gold_loss":0}],"is_beta":false,"boss_relics":[{"not_picked":["Runic Dome","SlaversCollar"],"picked":"VioletLotus"}],"items_purged_floors":[],"is_endless":false,"potions_floor_spawned":[10,13,16,18,19],"killed_by":"Book of Stabbing","ascension_level":20}}