{"host":"15f3wpiimhe5yrng","time":1612129655,"event":{"mods":["BaseMod","Better Altar","Better Match","Better Note","Better Sensory Stone","Better Skull","Better Third Choice","Chen","Colored Map","Downfall","GifTheSpireLib","Good Game Mod","Minty Spire (QoL Compilation)","Permanent Neow","StSLib","The Disciple","The Mystic"],"gold_per_floor":[99,115,115,125,135,135,135,585,219,245,255,55,72,105,117,212,212,212,226,226,326,376,409,409,459,478,509,520,584,584,603,621,621,621,621],"floor_reached":33,"language":"ENG","playtime":2297,"items_purged":["downfall:Malfunctioning"],"score":398,"play_id":"3c0c8a82-5b50-4dab-9aae-947b41aff507","local_time":"20210131224735","is_ascension_mode":false,"campfire_choices":[{"floor":1,"key":"RECALL"},{"data":"champ:HeavySlash","floor":12,"key":"SMITH"},{"data":"Guardian:HyperBeam_Guardian","floor":18,"key":"SMITH"},{"data":"Guardian:FierceBash","floor":30,"key":"SMITH"}],"circlet_count":0,"master_deck":["Guardian:Strike_Guardian","Guardian:Strike_Guardian","Guardian:Strike_Guardian","Guardian:Strike_Guardian+1","Guardian:Defend_Guardian+1","Guardian:Defend_Guardian","Guardian:Defend_Guardian","Guardian:Defend_Guardian","Guardian:CurlUp+1","Guardian:TwinSlam","champ:HeavySlash+1","Guardian:Repulse","Guardian:RollAttack+1","downfall:Icky","downfall:Icky","Guardian:RollAttack+1","Guardian:ShieldCharger+1","Guardian:HyperBeam_Guardian+1","Guardian:FierceBash+1","A Thousand Cuts+1","Guardian:GatlingBeam","Guardian:ShieldCharger+1","Guardian:GatlingBeam"],"relics":["REME:ComplimentaryCards","Snecko Eye","Bronze Scales","Eternal Feather","Mercury Hourglass","Bag of Preparation","Toxic Egg 2","downfall:HeartBlessingRed","downfall:HeartBlessingGreen","Lantern","Coffee Dripper","Oddly Smooth Stone","downfall:CloakOfManyFaces","CultistMask","FaceOfCleric","NlothsMask","GremlinMask","SsserpentHead","StrikeDummy","Spirit Poop","Singing Bowl"],"acts_visited":["Exordium","TheCity"],"potions_floor_usage":[10,16,16,27,27,31,31,33],"damage_taken":[{"damage":0,"enemies":"Small Slimes","floor":2,"turns":3},{"damage":2,"enemies":"2 Louse","floor":4,"turns":3},{"damage":6,"enemies":"Jaw Worm","floor":5,"turns":2},{"damage":0,"enemies":"downfall:FleeingMerchant","floor":9,"turns":4},{"damage":8,"enemies":"3 Sentries","floor":10,"turns":5},{"damage":0,"enemies":"Large Slime","floor":11,"turns":4},{"damage":0,"enemies":"2 Fungi Beasts","floor":13,"turns":2},{"damage":14,"enemies":"Gremlin Nob","floor":14,"turns":3},{"damage":0,"enemies":"Blue Slaver","floor":15,"turns":1},{"damage":0,"enemies":"WA_ARCHETYPE_RETAIN","floor":16,"turns":4},{"damage":4,"enemies":"3 Byrds","floor":19,"turns":2},{"damage":1,"enemies":"downfall:FaceTrader","floor":21,"turns":6},{"damage":9,"enemies":"Slavers","floor":23,"turns":2},{"damage":0,"enemies":"Snake Plant","floor":26,"turns":2},{"damage":0,"enemies":"Gremlin Leader","floor":27,"turns":3},{"damage":3,"enemies":"Chosen and Byrds","floor":28,"turns":3},{"damage":3,"enemies":"Cultist and Chosen","floor":29,"turns":2},{"damage":9,"enemies":"Shelled Parasite and Fungi","floor":31,"turns":3},{"damage":14,"enemies":"Snake Plant","floor":32,"turns":2},{"damage":19,"enemies":"IC_MUSHROOM_ARCHETYPE","floor":33,"turns":1}],"seed_played":"-1604620331042938348","potions_obtained":[{"floor":10,"key":"sneckomod:MuddlingPotion"},{"floor":14,"key":"sneckomod:MuddlingPotion"},{"floor":15,"key":"SneckoOil"},{"floor":16,"key":"DuplicationPotion"},{"floor":21,"key":"ColorlessPotion"},{"floor":27,"key":"sneckomod:MuddlingPotion"},{"floor":31,"key":"FearPotion"},{"floor":32,"key":"EssenceOfSteel"}],"is_trial":false,"path_per_floor":["R","M","?","M","M","?","T","?","$","E","M","R","M","E","M","B",null,"R","M","?","?","?","E","T","?","M","E","M","M","R","M","M","B"],"character_chosen":"GUARDIAN","items_purchased":["Regen Potion","Guardian:RollAttack","Bag of Preparation"],"campfire_rested":0,"item_purchase_floors":[9,9,9],"current_hp_per_floor":[80,80,9,7,1,1,1,1,1,7,7,16,16,2,2,2,80,80,76,31,30,30,22,22,22,23,24,22,22,34,28,15,0,0,0],"gold":621,"neow_bonus":"BOSS_RELIC","is_daily":false,"chose_seed":false,"campfire_upgraded":3,"win_rate":0.0,"timestamp":1612129655,"path_taken":["R","M","?","M","M","?","T","?","$","E","?","R","M","E","M","BOSS","R","M","?","?","?","E","T","?","M","E","M","?","R","M","M","BOSS"],"items_purchased_type":["Potion","Card","Relic"],"build_version":"2020-12-22","purchased_purges":1,"victory":false,"max_hp_per_floor":[80,80,80,80,80,80,80,80,80,80,80,80,80,80,80,80,80,80,80,80,80,80,81,81,81,82,83,84,87,87,90,91,91,91,91],"card_choices":[{"not_picked":["Guardian:Gem_Lightblue","Guardian:Planning"],"picked":"Guardian:Repulse","floor":2},{"not_picked":["Guardian:Clone","Guardian:Gem_Red"],"picked":"Guardian:RollAttack","floor":4},{"not_picked":["Guardian:CrystalBeam","Guardian:Harden","Guardian:PiercingHide"],"picked":"SKIP","floor":5},{"not_picked":["Guardian:Gem_Green","Guardian:Gem_Lightblue","Guardian:CrystalBeam"],"picked":"SKIP","floor":9},{"not_picked":["Guardian:FloatingOrbs","Guardian:TemporalShield+1","Guardian:Emergency+1"],"picked":"SKIP","floor":10},{"not_picked":["Guardian:Incinerate","Guardian:RollAttack"],"picked":"Guardian:ShieldCharger+1","floor":11},{"not_picked":["Guardian:PrimingBeam","Guardian:ChargeCore"],"picked":"Guardian:HyperBeam_Guardian","floor":13},{"not_picked":["Guardian:TemporalShield+1","Guardian:ArmoredProtocol","Guardian:RefractedBeam"],"picked":"SKIP","floor":14},{"not_picked":["Guardian:PrismaticBeam","Guardian:Reroute","Guardian:WalkerClaw"],"picked":"SKIP","floor":15},{"not_picked":["Guardian:HyperBeam_Guardian","Guardian:GemFinder"],"picked":"Guardian:FierceBash","floor":16},{"not_picked":["Guardian:Emergency+1","Guardian:FloatingOrbs+1","Guardian:TemporalShield+1"],"picked":"SKIP","floor":19},{"not_picked":["Guardian:GuardianWhirl","Guardian:Gem_Fragmented","Guardian:CrystalBeam+1"],"picked":"SKIP","floor":23},{"not_picked":["Guardian:Gem_Blue","Guardian:TimeCapacitor+1","Guardian:StasisStrike"],"picked":"SKIP","floor":26},{"not_picked":["Guardian:BronzeArmor+1","Guardian:WalkerClaw"],"picked":"Guardian:GatlingBeam","floor":27},{"not_picked":["Guardian:Gem_Cyan","Guardian:Suspension+1"],"picked":"Guardian:ShieldCharger+1","floor":28},{"not_picked":["Guardian:WalkerClaw","Guardian:TemporalStrike","Guardian:CrystalBeam+1"],"picked":"Singing Bowl","floor":29},{"not_picked":["Guardian:RollAttack","Guardian:TemporalShield+1","Guardian:Preprogram+1"],"picked":"Singing Bowl","floor":31},{"not_picked":["Guardian:Gem_Cyan","Guardian:Gem_Red"],"picked":"Guardian:GatlingBeam","floor":32}],"player_experience":114704,"relics_obtained":[{"floor":7,"key":"Mercury Hourglass"},{"floor":10,"key":"Toxic Egg 2"},{"floor":14,"key":"Lantern"},{"floor":21,"key":"downfall:CloakOfManyFaces"},{"floor":23,"key":"StrikeDummy"},{"floor":27,"key":"Singing Bowl"}],"event_choices":[{"damage_healed":0,"gold_gain":1,"player_choice":"Relic Relic ","damage_taken":71,"max_hp_gain":0,"max_hp_loss":0,"event_name":"betterThird:BetterScrap","floor":3,"gold_loss":0,"cards_obtained":["Auto Shields"]},{"damage_healed":0,"gold_gain":0,"player_choice":"UP UP RE ","damage_taken":51,"relics_obtained":["Oddly Smooth Stone"],"max_hp_gain":0,"max_hp_loss":0,"event_name":"betterSkull:BetterSkull","floor":20,"gold_loss":0,"cards_upgraded":["Guardian:RollAttack","Guardian:Defend_Guardian"]},{"cards_removed":["champ:HeavySlash"],"damage_healed":0,"gold_gain":0,"player_choice":"Take \u0026 Give","damage_taken":0,"max_hp_gain":0,"max_hp_loss":0,"event_name":"betterNote:BetterNote","floor":22,"gold_loss":0,"cards_obtained":["A Thousand Cuts"]},{"cards_removed":["downfall:Icky"],"damage_healed":0,"gold_gain":0,"player_choice":"Offered Curse","damage_taken":0,"relics_obtained":["Spirit Poop"],"max_hp_gain":0,"max_hp_loss":0,"event_name":"Bonfire Elementals","floor":25,"gold_loss":0}],"is_beta":false,"boss_relics":[{"not_picked":["Runic Pyramid","Astrolabe"],"picked":"Coffee Dripper"}],"items_purged_floors":[9],"is_endless":false,"potions_floor_spawned":[10,14,15,16,21,27,31,32],"killed_by":"IC_MUSHROOM_ARCHETYPE","ascension_level":0}}