{"host":"ds3v42j7tpaaz1mg","time":1612070377,"event":{"mods":["AchievementEnabler","Aspiration","BaseMod","Bestiary","Better Altar","Better Note","Better Sensory Stone","BetterRewards","Block Reminder","Colored Powertips","Conspire","Downfall","Energized Spire","Halation","Hermit","Highlight Path","Hubris","Infinite Spire","Jorbs\u0027s Wanderer Trilogy","Minty Spire (QoL Compilation)","Relic Stats","Replay The Spire","StSLib","The Elementalist","The Servant 0.9.4"],"gold_per_floor":[99,110,125,73,83,83,109,109,9,109,109,141,153,153,165,266,266,363,381,399,399,399,499,499,511,511,440,440,134,134,145,164,259,209,209,232,243,243,243,12,12,53,73,123,158,158,76,76,118,128],"floor_reached":51,"language":"ENG","playtime":3100,"items_purged":["downfall:Haunted"],"score":879,"play_id":"ed8f5ad3-96e8-4645-ba1b-ba87232ac644","local_time":"20210131001937","is_ascension_mode":false,"campfire_choices":[{"floor":1.0,"key":"RECALL"},{"data":"sneckomod:UnendingSupply","floor":9.0,"key":"SMITH"},{"floor":11.0,"key":"REST"},{"data":"sneckomod:Transmogrify","floor":30.0,"key":"SMITH"},{"floor":48,"key":"REST"}],"circlet_count":0,"master_deck":["sneckomod:Defend","sneckomod:Defend","sneckomod:Defend+1","sneckomod:TailWhip","sneckomod:SnekBite","sneckomod:UnknownBlock","sneckomod:UnendingSupply+1","sneckomod:UnknownCommonAttack+1","stsjorbsmod:Tragedy+1","sneckomod:CheapStock","sneckomod:Transmogrify+1","sneckomod:UnknownRareAttack","sneckomod:WideSting+1","sneckomod:UnknownExhaust","sneckomod:DangerNoodle","sneckomod:UnknownClassPURPLE","sneckomod:UnknownClassCULL_RED_COLOR","sneckomod:UnknownUncommonPower","infinitespire:SevenWalls+1","hubris:Gluttony","sneckomod:SerpentMind","hubris:Despair","Languid","Regret","stsjorbsmod:Procrastination","sneckomod:UnknownRarePower","sneckomod:Unknown1Cost","hubris:Compulsion","SpiritShield","sneckomod:UnknownRareAttack","sneckomod:GlitteringGambit","stsjorbsmod:Procrastination","sneckomod:UnknownRarePower","sneckomod:Strike","sneckomod:Restock","sneckomod:IronFang","sneckomod:UnknownClassCULL_RED_COLOR","Pain","Shame","conspire:NecroticWound","stsjorbsmod:Procrastination","hexamod:FourthSeal","sneckomod:DiceCrush","sneckomod:Restock","sneckomod:WideSting+1"],"relics":["halation:EternalFortune","downfall:HeartBlessingRed","ReplayTheSpireMod:TigerMarble","bronze:MakeshiftBattery","downfall:ExtraCursedKey","Chameleon Ring","Replay:Wax Seal","Replay:Baseball","Lee\u0027s Waffle","Juzu Bracelet","energizedSpire:HugeHouse","conspire:BottledYoYo","aspiration:PoetsPen_weak","Darkstone Periapt","StrikeDummy","infinitespire:Lucky Rock"],"acts_visited":["Exordium","TheCity","TheBeyond"],"potions_floor_usage":[33,44,44,47,47,50],"damage_taken":[{"damage":9.0,"enemies":"conspire:RoseBush","floor":2.0,"turns":2.0},{"damage":7.0,"enemies":"2 Louse","floor":3.0,"turns":3.0},{"damage":0.0,"enemies":"downfall:FleeingMerchant","floor":4.0,"turns":4.0},{"damage":0.0,"enemies":"Small Slimes","floor":5.0,"turns":4.0},{"damage":57.0,"enemies":"downfall:Heads","floor":10.0,"turns":6.0},{"damage":8.0,"enemies":"Replay:BlueRogue","floor":12.0,"turns":6.0},{"damage":13.0,"enemies":"Gremlin Gang","floor":13.0,"turns":3.0},{"damage":0.0,"enemies":"Large Slime","floor":15.0,"turns":2.0},{"damage":31.0,"enemies":"IC_STATUS_ARCHETYPE","floor":16.0,"turns":9.0},{"damage":34.0,"enemies":"conspire:FuzzyDice","floor":19.0,"turns":6.0},{"damage":8.0,"enemies":"3 Byrds","floor":20.0,"turns":4.0},{"damage":12.0,"enemies":"Snake Plant","floor":25.0,"turns":2.0},{"damage":4.0,"enemies":"downfall:FleeingMerchant","floor":27.0,"turns":4.0},{"damage":0.0,"enemies":"downfall:FleeingMerchant","floor":29.0,"turns":2.0},{"damage":0.0,"enemies":"3 Cultists","floor":31.0,"turns":2.0},{"damage":13.0,"enemies":"Centurion and Healer","floor":32.0,"turns":4.0},{"damage":5,"enemies":"WA_ARCHETYPE_CALM","floor":33,"turns":3},{"damage":19,"enemies":"3 Shapes","floor":36,"turns":4},{"damage":0,"enemies":"Orb Walker","floor":37,"turns":1},{"damage":32,"enemies":"4 Shapes","floor":42,"turns":5},{"damage":1,"enemies":"3 Darklings","floor":43,"turns":2},{"damage":9,"enemies":"Giant Head","floor":44,"turns":4},{"damage":3,"enemies":"Writhing Mass","floor":45,"turns":2},{"damage":0,"enemies":"Maw","floor":47,"turns":5},{"damage":3,"enemies":"Transient","floor":49,"turns":5},{"damage":33,"enemies":"SI_POISON_ARCHETYPE","floor":50,"turns":4}],"seed_played":"5501118567335277231","potions_obtained":[{"floor":3.0,"key":"Toxic Potion"},{"floor":10.0,"key":"Adrenaline Potion"},{"floor":12.0,"key":"Dexterity Potion"},{"floor":16.0,"key":"LiquidMemories"},{"floor":20.0,"key":"Doom Potion"},{"floor":26.0,"key":"ColorlessPotion"},{"floor":26.0,"key":"Ancient Potion"},{"floor":33,"key":"Dexterity Potion"},{"floor":35,"key":"Doom Potion"},{"floor":35,"key":"PowerPotion"},{"floor":36,"key":"Dexterity Potion"},{"floor":45,"key":"Adrenaline Potion"},{"floor":49,"key":"FearPotion"}],"is_trial":false,"path_per_floor":["R","M","M","$","M","?","T","?","R","?","R","E","M","?","M","B",null,"R","M","M","?","?","?","T","M","R","$","?","$","R","M","M","B",null,"R","M","M","?","?","$","T","M","M","E","M","?","M","R","M","B",null],"character_chosen":"THE_SNECKO","items_purchased":["sneckomod:UnendingSupply","Replay:Wax Seal","DistilledChaos","sneckomod:UnknownRareAttack","Replay:Baseball","Lee\u0027s Waffle","sneckomod:GlitteringGambit","SkillPotion","Membership Card","MealTicket"],"campfire_rested":2,"item_purchase_floors":[4,27,27,29,29,29,29,29,40,40],"current_hp_per_floor":[90,81,74,74,74,74,74,77,77,20,47,39,26,35,35,4,93,93,59,51,51,51,56,56,44,44,40,40,105,105,105,92,90,103,103,84,84,84,84,84,84,52,51,44,41,33,33,64,61,28],"gold":128,"neow_bonus":"BOSS_RELIC","is_daily":false,"chose_seed":false,"campfire_upgraded":2,"win_rate":0.0,"timestamp":1612070377,"path_taken":["R","M","M","$","M","?","T","?","R","?","R","E","M","?","M","BOSS","R","M","M","?","?","?","T","M","R","?","?","$","R","M","M","BOSS","R","M","M","?","?","$","T","M","M","E","M","?","M","R","M","BOSS"],"items_purchased_type":["Card","Relic","Potion","Card","Relic","Relic","Card","Potion","Relic","Relic"],"build_version":"2020-12-22","purchased_purges":1,"victory":true,"max_hp_per_floor":[90,90,90,90,90,90,90,93,93,93,93,93,93,93,93,93,93,93,93,93,93,93,98,98,98,98,98,98,105,105,105,105,108,103,103,103,103,103,103,103,103,103,103,105,105,105,105,105,105,105],"relic_stats":{"Darkstone Periapt":0,"Lee\u0027s Waffle":65,"counters":[26,98],"Juzu Bracelet":3,"obtain_stats":[{"ReplayFunnel":7,"Darkstone Periapt":41,"Lee\u0027s Waffle":29,"downfall:HeartBlessingRed":9,"aspiration:PoetsPen_weak":19,"Juzu Bracelet":19,"infinitespire:Lucky Rock":45,"sneckomod:SneckoSoul":0,"Akabeko":16,"Replay:Baseball":29,"Chameleon Ring":24,"halation:EternalFortune":8,"sneckomod:SleevedAce":44,"MealTicket":40,"downfall:ExtraCursedKey":23,"ReplayTheSpireMod:TigerMarble":12,"energizedSpire:HugeHouse":34,"conspire:BottledYoYo":38,"Membership Card":40,"Replay:Wax Seal":27,"StrikeDummy":44,"bronze:MakeshiftBattery":17,"Runic Pyramid":0},{"ReplayFunnel":4,"Darkstone Periapt":19,"Lee\u0027s Waffle":14,"downfall:HeartBlessingRed":4,"aspiration:PoetsPen_weak":10,"Juzu Bracelet":10,"infinitespire:Lucky Rock":23,"sneckomod:SneckoSoul":0,"Akabeko":9,"Replay:Baseball":14,"Chameleon Ring":11,"halation:EternalFortune":4,"sneckomod:SleevedAce":22,"MealTicket":19,"downfall:ExtraCursedKey":11,"ReplayTheSpireMod:TigerMarble":6,"energizedSpire:HugeHouse":17,"conspire:BottledYoYo":19,"Membership Card":19,"Replay:Wax Seal":13,"StrikeDummy":22,"bronze:MakeshiftBattery":9,"Runic Pyramid":0},{"ReplayFunnel":13,"Darkstone Periapt":71,"Lee\u0027s Waffle":57,"downfall:HeartBlessingRed":13,"aspiration:PoetsPen_weak":45,"Juzu Bracelet":45,"infinitespire:Lucky Rock":84,"sneckomod:SneckoSoul":0,"Akabeko":39,"Replay:Baseball":57,"Chameleon Ring":49,"halation:EternalFortune":13,"sneckomod:SleevedAce":82,"MealTicket":71,"downfall:ExtraCursedKey":49,"ReplayTheSpireMod:TigerMarble":25,"energizedSpire:HugeHouse":66,"conspire:BottledYoYo":71,"Membership Card":71,"Replay:Wax Seal":55,"StrikeDummy":82,"bronze:MakeshiftBattery":39,"Runic Pyramid":0}]},"card_choices":[{"not_picked":["sneckomod:QuickMove","sneckomod:SnekBeam"],"picked":"sneckomod:Nope","floor":2.0},{"not_picked":["sneckomod:UnknownCommonSkill","sneckomod:IronFang"],"picked":"sneckomod:UnknownBlock","floor":3.0},{"not_picked":["sneckomod:QuickMove","sneckomod:SnakeSap"],"picked":"sneckomod:Unknown2Cost","floor":4.0},{"not_picked":["sneckomod:DiceCrush","sneckomod:UnknownDraw"],"picked":"sneckomod:UnknownCommonAttack","floor":5.0},{"not_picked":["sneckomod:SoulCleanse","sneckomod:UnknownCommonSkill"],"picked":"sneckomod:Transmogrify","floor":10.0},{"not_picked":["sneckomod:UnknownCommonAttack","sneckomod:UnknownBlock"],"picked":"sneckomod:UnknownRareAttack","floor":12.0},{"not_picked":["sneckomod:UnknownWeak","sneckomod:DiceBlock"],"picked":"sneckomod:WideSting","floor":13.0},{"not_picked":["sneckomod:Mudshield","sneckomod:QuickBite"],"picked":"sneckomod:UnknownExhaust","floor":15.0},{"not_picked":["sneckomod:Cheat","sneckomod:Mudshield"],"picked":"sneckomod:DangerNoodle","floor":16.0},{"not_picked":["sneckomod:Unknown0Cost+1","sneckomod:MasterEye+1"],"picked":"sneckomod:UnknownClassCULL_RED_COLOR","floor":19.0},{"not_picked":["sneckomod:UnknownClassHEXA_GHOST_PURPLE+1","sneckomod:Nope"],"picked":"sneckomod:UnknownUncommonPower","floor":20.0},{"not_picked":["sneckomod:PureSnecko","sneckomod:SoulCleanse","sneckomod:ImprovisedGuard"],"picked":"SKIP","floor":25.0},{"not_picked":["sneckomod:Restock","sneckomod:UnknownDraw"],"picked":"sneckomod:UnknownRarePower","floor":27.0},{"not_picked":["sneckomod:UnknownUncommonPower+1","sneckomod:SoulDraw","sneckomod:PureSnecko"],"picked":"SKIP","floor":29.0},{"not_picked":["sneckomod:UnknownX","sneckomod:UnknownDexterity","sneckomod:UnknownCommonSkill"],"picked":"SKIP","floor":31.0},{"not_picked":["sneckomod:ImprovisedAttack","sneckomod:ImprovisedGuard","sneckomod:UnknownStrike"],"picked":"SKIP","floor":32.0},{"not_picked":["sneckomod:UnlimitedRolls","sneckomod:Mudshield"],"picked":"sneckomod:UnknownRarePower","floor":33},{"not_picked":["sneckomod:Cheat","sneckomod:SlitherStrike+1"],"picked":"sneckomod:IronFang","floor":36},{"not_picked":["sneckomod:ImprovisedGuard","sneckomod:QuickMove"],"picked":"sneckomod:UnknownClassCULL_RED_COLOR","floor":37},{"not_picked":["hexamod:ThirdSeal","hexamod:SecondSeal"],"picked":"hexamod:FourthSeal","floor":42},{"not_picked":["sneckomod:CheapStock","sneckomod:QuickBite+1","sneckomod:WideSting"],"picked":"SKIP","floor":42},{"not_picked":["sneckomod:SnekBeam+1","sneckomod:UnknownX+1","sneckomod:UnknownStrike+1"],"picked":"SKIP","floor":43},{"not_picked":["sneckomod:RainOfDice","sneckomod:SoulRoll+1","sneckomod:UnknownX"],"picked":"SKIP","floor":44},{"not_picked":["sneckomod:SoulDraw+1","sneckomod:QuickBite+1"],"picked":"sneckomod:DiceCrush","floor":45},{"not_picked":["sneckomod:UnknownCommonAttack","sneckomod:UnknownBlock+1"],"picked":"sneckomod:Restock","floor":47},{"not_picked":["sneckomod:TrashToTreasure+1","sneckomod:MasterEye+1"],"picked":"sneckomod:WideSting+1","floor":49}],"player_experience":661624,"relics_obtained":[{"floor":7.0,"key":"ReplayFunnel"},{"floor":12.0,"key":"Runic Pyramid"},{"floor":12.0,"key":"ReplayFunnel"},{"floor":12.0,"key":"ReplayTheSpireMod:TigerMarble"},{"floor":13.0,"key":"ReplayFunnel"},{"floor":15.0,"key":"Runic Pyramid"},{"floor":16.0,"key":"Akabeko"},{"floor":19.0,"key":"aspiration:PoetsPen_weak"},{"floor":19.0,"key":"Juzu Bracelet"},{"floor":20.0,"key":"Juzu Bracelet"},{"floor":24.0,"key":"Chameleon Ring"},{"floor":25.0,"key":"aspiration:PoetsPen_weak"},{"floor":29.0,"key":"Juzu Bracelet"},{"floor":31.0,"key":"Juzu Bracelet"},{"floor":32.0,"key":"Juzu Bracelet"},{"floor":33,"key":"halation:EternalFortune"},{"floor":36,"key":"aspiration:PoetsPen_weak"},{"floor":38,"key":"conspire:BottledYoYo"},{"floor":41,"key":"Darkstone Periapt"},{"floor":42,"key":"aspiration:PoetsPen_weak"},{"floor":43,"key":"Darkstone Periapt"},{"floor":44,"key":"sneckomod:SleevedAce"},{"floor":44,"key":"StrikeDummy"},{"floor":45,"key":"infinitespire:Lucky Rock"},{"floor":49,"key":"sneckomod:SleevedAce"}],"event_choices":[{"damage_healed":0.0,"max_hp_gain":0.0,"max_hp_loss":0.0,"gold_gain":0.0,"event_name":"FaceTrader","player_choice":"Leave","floor":21.0,"gold_loss":0.0,"damage_taken":0.0},{"cards_removed":["sneckomod:Transmogrify"],"damage_healed":0.0,"max_hp_gain":0.0,"max_hp_loss":0.0,"gold_gain":0.0,"event_name":"betterNote:BetterNote","player_choice":"Take \u0026 Give","floor":22.0,"gold_loss":0.0,"damage_taken":0.0,"cards_obtained":["infinitespire:SevenWalls"]}],"is_beta":false,"boss_relics":[{"not_picked":["aspiration:RitualDagger","Coffee Dripper"],"picked":"bronze:MakeshiftBattery"},{"not_picked":["Replay:Grab Bag","halation:Yufonium"],"picked":"energizedSpire:HugeHouse"}],"items_purged_floors":[29],"is_endless":false,"potions_floor_spawned":[3,10,12,16,20,31,33,36,43,45],"ascension_level":0}}