{"host":"87mnajev72vv2sjg","time":1612088885,"event":{"mods":["BaseMod","BetterRewards","Colored Map","Curses Come First","Infinite Spire","Minty Spire (QoL Compilation)","Shop Mod","StSLib","SuperFastMode","The Gatherer"],"gold_per_floor":[111,126,142,160,174,204,204,231,231,243,243,256,256,283,283,387,387,401,54,72,72,91,126,126,160,209,209,226,254,254,254,254,254],"floor_reached":31,"language":"ENG","playtime":2244,"items_purged":["Gatherer:Strike_Gatherer","Gatherer:Strike_Gatherer","Gatherer:Strike_Gatherer"],"score":454,"play_id":"ed44910b-1088-4508-8867-8d96740d4655","local_time":"20210131052805","is_ascension_mode":true,"metric_token":657,"campfire_choices":[{"floor":13,"key":"REST"},{"data":"Gatherer:Snatch","floor":15,"key":"SMITH"},{"floor":24,"key":"REST"},{"floor":27,"key":"REST"}],"circlet_count":0,"master_deck":["Gatherer:Strike_Gatherer+1","Gatherer:Defend_Gatherer","Gatherer:Defend_Gatherer","Gatherer:Defend_Gatherer","Gatherer:Defend_Gatherer","Gatherer:Centralize","Gatherer:FlowerWhip","Gatherer:QuickSynthesis","Gatherer:HeartToFruit","Gatherer:EnergyBasket","Gatherer:RecoveryHerb","Gatherer:GlowingPlant","Gatherer:Shadow","Gatherer:Light","Gatherer:ScherryThrow+1","Gatherer:Snatch+1","Gatherer:ScrollOfPurity","Gatherer:AlchemyTrial","Gatherer:RecoveryHerb","infinitespire:UltimateForm","Gatherer:Misfortune","Gatherer:UpgradeBag","Gatherer:Snatch"],"relics":["Gatherer:MiracleBag","TungstenRod","infinitespire:Satchel","Bird Faced Urn","MerchantsRug","Eternal Feather","Omamori","Mercury Hourglass","Art of War","Bag of Marbles"],"acts_visited":["Exordium","TheCity"],"potions_floor_usage":[4,8,8,12,16,16,16,20,22,23,25,28,30,30,30,30,31,31],"damage_taken":[{"damage":3,"enemies":"Jaw Worm","floor":1,"turns":3},{"damage":4,"enemies":"Small Slimes","floor":2,"turns":5},{"damage":1,"enemies":"Cultist","floor":3,"turns":3},{"damage":5,"enemies":"Exordium Thugs","floor":4,"turns":4},{"damage":10,"enemies":"Looter","floor":5,"turns":3},{"damage":21,"enemies":"Lagavulin","floor":6,"turns":5},{"damage":19,"enemies":"Gremlin Nob","floor":8,"turns":4},{"damage":1,"enemies":"Blue Slaver","floor":10,"turns":4},{"damage":0,"enemies":"Lots of Slimes","floor":12,"turns":4},{"damage":18,"enemies":"Hexaghost","floor":16,"turns":9},{"damage":4,"enemies":"Shell Parasite","floor":18,"turns":5},{"damage":31,"enemies":"2 Thieves","floor":20,"turns":4},{"damage":12,"enemies":"Snake Plant","floor":22,"turns":4},{"damage":40,"enemies":"Slavers","floor":23,"turns":7},{"damage":61,"enemies":"Book of Stabbing","floor":25,"turns":9},{"damage":2,"enemies":"Cultist and Chosen","floor":28,"turns":6},{"damage":49,"enemies":"Gremlin Leader","floor":29,"turns":6},{"damage":0,"enemies":"Snecko","floor":30,"turns":1},{"damage":134,"enemies":"Book of Stabbing","floor":31,"turns":8}],"seed_played":"-5660067172514231784","potions_obtained":[{"floor":3,"key":"PowerPotion"},{"floor":5,"key":"LiquidMemories"},{"floor":6,"key":"Poison Potion"},{"floor":11,"key":"LiquidMemories"},{"floor":11,"key":"Poison Potion"},{"floor":11,"key":"Regen Potion"},{"floor":12,"key":"LiquidBronze"},{"floor":16,"key":"GamblersBrew"},{"floor":20,"key":"Ancient Potion"},{"floor":22,"key":"LiquidMemories"},{"floor":28,"key":"EntropicBrew"}],"is_trial":false,"path_per_floor":["M","M","M","M","M","E","?","E","T","M","?","M","R","T","R","B",null,"M","$","M","AVR","M","E","R","E","T","R","M","E","M","E"],"character_chosen":"THE_GATHERER","items_purchased":["Gatherer:QuickSynthesis","Gatherer:AlchemyTrial","Gatherer:RecoveryHerb","MerchantsRug"],"campfire_rested":3,"item_purchase_floors":[0,19,19,19],"current_hp_per_floor":[61,60,59,57,50,33,27,8,8,18,18,28,54,54,54,55,87,86,86,64,64,62,39,79,31,31,71,81,44,46,0,0,0],"gold":254,"neow_bonus":"","is_daily":false,"chose_seed":false,"campfire_upgraded":1,"win_rate":0.0,"timestamp":1612088885,"path_taken":["M","M","M","M","M","E","?","E","T","M","?","?","R","?","R","BOSS","M","$","M","AVR","M","E","R","E","T","R","M","E","M","E"],"items_purchased_type":["Card","Card","Card","Relic"],"build_version":"2020-12-22","purchased_purges":3,"victory":false,"max_hp_per_floor":[75,78,78,81,81,81,81,81,81,84,84,87,87,87,87,87,87,90,90,93,93,93,96,96,96,96,96,99,99,99,99,99,99],"card_choices":[{"not_picked":["Gatherer:Convert","Gatherer:FragileHammer"],"picked":"Gatherer:EnergyBasket","floor":1},{"not_picked":["Gatherer:FragileHammer","Gatherer:DrugPower","Gatherer:ScrollOfWall"],"picked":"SKIP","floor":2},{"not_picked":["Gatherer:Convert","Gatherer:GatherMaterial","Gatherer:SaveValuables"],"picked":"SKIP","floor":3},{"not_picked":["Gatherer:TacticalStrike","Gatherer:FlowerFalling"],"picked":"Gatherer:RecoveryHerb","floor":4},{"not_picked":["Gatherer:Solidify","Gatherer:AcidicSpray"],"picked":"Gatherer:GlowingPlant","floor":5},{"not_picked":["Gatherer:Convert","Gatherer:Uplift"],"picked":"Gatherer:ScherryThrow","floor":6},{"not_picked":["Gatherer:FlowerBeam","Gatherer:ScherryThrow","Gatherer:TreeGrowth"],"picked":"SKIP","floor":8},{"not_picked":["Gatherer:MiningStrike","Gatherer:ScrollOfWall","Gatherer:BigPouch"],"picked":"SKIP","floor":10},{"not_picked":["Gatherer:FlowerShield","Gatherer:SealedBomb"],"picked":"Gatherer:Snatch","floor":12},{"not_picked":["Gatherer:CursedBlade","Gatherer:Examine"],"picked":"Gatherer:ScrollOfPurity","floor":16},{"not_picked":["Gatherer:EnergyBasket","Gatherer:Frenzy","Gatherer:Convert"],"picked":"SKIP","floor":18},{"not_picked":["Gatherer:WitheringStrike+1","Gatherer:FragileHammer","Gatherer:Frenzy+1"],"picked":"SKIP","floor":20},{"not_picked":["Gatherer:Duality","Gatherer:AromaProtection"],"picked":"Gatherer:Misfortune","floor":22},{"not_picked":["Gatherer:VenomBarrier","Gatherer:StoneFence"],"picked":"Gatherer:UpgradeBag","floor":23},{"not_picked":["Gatherer:FlowerShield","Gatherer:RecoveryHerb"],"picked":"Gatherer:Snatch","floor":25},{"not_picked":["Gatherer:FlowerShield","Gatherer:DrugPower","Gatherer:Polymorphism"],"picked":"SKIP","floor":28},{"not_picked":["Gatherer:Pollute+1","Gatherer:FragileHammer","Gatherer:Convert+1"],"picked":"SKIP","floor":29}],"player_experience":329172,"relics_obtained":[{"floor":6,"key":"TungstenRod"},{"floor":8,"key":"infinitespire:Satchel"},{"floor":9,"key":"Bird Faced Urn"},{"floor":14,"key":"Whetstone"},{"floor":23,"key":"Omamori"},{"floor":25,"key":"Mercury Hourglass"},{"floor":26,"key":"Art of War"},{"floor":29,"key":"Bag of Marbles"}],"event_choices":[{"cards_removed":["Gatherer:Strike_Gatherer"],"damage_healed":0,"gold_gain":0,"player_choice":"Card Removal","damage_taken":7,"max_hp_gain":0,"max_hp_loss":0,"event_name":"Golden Wing","floor":7,"gold_loss":0},{"damage_healed":0,"gold_gain":0,"player_choice":"Got Potions","damage_taken":0,"max_hp_gain":0,"max_hp_loss":0,"event_name":"Lab","floor":11,"gold_loss":0}],"is_beta":false,"boss_relics":[{"not_picked":["Black Star","Sozu"],"picked":"Gatherer:MiracleBag"}],"items_purged_floors":[0,19,21],"is_endless":false,"potions_floor_spawned":[3,5,6,12,16,20,22,28],"killed_by":"Book of Stabbing","ascension_level":1}}