{"host":"6azrrw3tf7wb0f4b","time":1612057978,"event":{"mods":["BaseMod","DeckTracker","Minty Spire (QoL Compilation)","SuperFastMode"],"gold_per_floor":[110,127,145,156,169,169,169,169,194,233,254,275,319,342,342,433,433,447,468,481,481,263,263,296,296,296,332,345,364,384,384,384],"floor_reached":31,"language":"KOR","playtime":807,"items_purged":["ReachHeaven"],"score":483,"play_id":"6c711722-eb4e-49a2-a6ad-866b16431a80","local_time":"20210131105258","is_ascension_mode":true,"campfire_choices":[{"data":"Eruption","floor":6.0,"key":"SMITH"},{"data":"CrushJoints","floor":8.0,"key":"SMITH"},{"data":"Brilliance","floor":15.0,"key":"SMITH"},{"floor":23.0,"key":"REST"},{"floor":25,"key":"REST"}],"circlet_count":0,"master_deck":["AscendersBane","Eruption+1","Vigilance","CrushJoints+1","CutThroughFate","EmptyBody","FlurryOfBlows","Brilliance+1","FlurryOfBlows","Prostrate","Pray","Vault","WreathOfFlame","Wish","SashWhip","DeceiveReality","Vengeance","Vault","EmptyBody","TalkToTheHand","Meditate","EmptyFist","LikeWater","Prostrate+1","Halt"],"relics":["PureWater","Boot","Golden Idol","Regal Pillow","Toy Ornithopter","Tiny Chest","Pandora\u0027s Box","MealTicket","Vajra","Blue Candle","Pen Nib"],"acts_visited":["Exordium","TheCity"],"potions_floor_usage":[27],"damage_taken":[{"damage":0.0,"enemies":"Cultist","floor":1.0,"turns":3.0},{"damage":3.0,"enemies":"2 Louse","floor":2.0,"turns":3.0},{"damage":2.0,"enemies":"Jaw Worm","floor":3.0,"turns":4.0},{"damage":0.0,"enemies":"Red Slaver","floor":4.0,"turns":2.0},{"damage":17.0,"enemies":"Large Slime","floor":5.0,"turns":6.0},{"damage":18.0,"enemies":"Gremlin Nob","floor":10.0,"turns":3.0},{"damage":4.0,"enemies":"2 Fungi Beasts","floor":11.0,"turns":3.0},{"damage":1.0,"enemies":"Looter","floor":12.0,"turns":2.0},{"damage":6.0,"enemies":"3 Sentries","floor":13.0,"turns":4.0},{"damage":13.0,"enemies":"Blue Slaver","floor":14.0,"turns":3.0},{"damage":1.0,"enemies":"Hexaghost","floor":16.0,"turns":6.0},{"damage":26.0,"enemies":"3 Byrds","floor":18.0,"turns":6.0},{"damage":0.0,"enemies":"Spheric Guardian","floor":19.0,"turns":3.0},{"damage":10.0,"enemies":"Snecko","floor":20.0,"turns":7.0},{"damage":33,"enemies":"Book of Stabbing","floor":24,"turns":9},{"damage":29,"enemies":"Slavers","floor":27,"turns":7},{"damage":12,"enemies":"Cultist and Chosen","floor":28,"turns":8},{"damage":16,"enemies":"Snake Plant","floor":29,"turns":4},{"damage":0,"enemies":"Snecko","floor":30,"turns":6},{"damage":5,"enemies":"Book of Stabbing","floor":31,"turns":2}],"seed_played":"-1424544598779804254","potions_obtained":[{"floor":1.0,"key":"Block Potion"},{"floor":3.0,"key":"Fire Potion"},{"floor":4.0,"key":"EssenceOfSteel"},{"floor":11.0,"key":"CultistPotion"},{"floor":16.0,"key":"SteroidPotion"},{"floor":18.0,"key":"SpeedPotion"},{"floor":19.0,"key":"BlessingOfTheForge"},{"floor":28,"key":"Fire Potion"}],"is_trial":false,"path_per_floor":["M","M","M","M","M","R","?","R","T","E","M","M","E","M","R","B",null,"M","M","M","?","$","R","E","R","T","E","M","M","M","E"],"character_chosen":"WATCHER","items_purchased":["MealTicket"],"campfire_rested":2,"item_purchase_floors":[22],"current_hp_per_floor":[65,62,60,60,43,43,43,43,43,25,21,20,19,6,6,10,53,27,27,17,17,17,52,19,54,54,30,18,2,2,0,0],"gold":384,"neow_bonus":"RANDOM_COMMON_RELIC","is_daily":false,"chose_seed":false,"campfire_upgraded":3,"win_rate":0.0,"timestamp":1612057978,"path_taken":["M","M","M","?","?","R","?","R","T","E","M","M","E","M","R","BOSS","M","M","M","?","$","R","E","R","T","E","M","?","M","E"],"items_purchased_type":["Relic"],"build_version":"2020-12-22","purchased_purges":1,"victory":false,"max_hp_per_floor":[72,72,72,72,72,72,67,67,67,67,67,67,67,67,67,67,67,67,67,67,67,67,67,67,67,67,67,67,67,67,67,67],"card_choices":[{"not_picked":["CarveReality","FlyingSleeves"],"picked":"CrushJoints","floor":1.0},{"not_picked":["Meditate","DeceiveReality","ClearTheMind"],"picked":"SKIP","floor":2.0},{"not_picked":["ThirdEye","Study"],"picked":"CutThroughFate","floor":3.0},{"not_picked":["WindmillStrike","Halt"],"picked":"EmptyBody","floor":4.0},{"not_picked":["Weave","Prostrate"],"picked":"FlurryOfBlows","floor":5.0},{"not_picked":["EmptyMind","Evaluate"],"picked":"Brilliance","floor":10.0},{"not_picked":["Study","BowlingBash"],"picked":"FlurryOfBlows","floor":11.0},{"not_picked":["FlyingSleeves","Conclude"],"picked":"Prostrate","floor":12.0},{"not_picked":["ClearTheMind","Nirvana","CutThroughFate"],"picked":"SKIP","floor":13.0},{"not_picked":["Weave","CutThroughFate"],"picked":"Pray","floor":14.0},{"not_picked":["SpiritShield","Omniscience"],"picked":"Vault","floor":16.0},{"not_picked":["Fasting2","ReachHeaven"],"picked":"EmptyBody","floor":18.0},{"not_picked":["Weave","EmptyBody"],"picked":"TalkToTheHand","floor":19.0},{"not_picked":["BowlingBash","WreathOfFlame","FlyingSleeves"],"picked":"SKIP","floor":20.0},{"not_picked":["FlurryOfBlows","Fasting2"],"picked":"EmptyFist","floor":24},{"not_picked":["PathToVictory","JustLucky"],"picked":"LikeWater","floor":27},{"not_picked":["FlurryOfBlows","PathToVictory"],"picked":"Prostrate+1","floor":28},{"not_picked":["Consecrate","SashWhip"],"picked":"Halt","floor":29},{"not_picked":["CarveReality+1","SignatureMove","Crescendo"],"picked":"SKIP","floor":30}],"player_experience":744150,"relics_obtained":[{"floor":9.0,"key":"Regal Pillow"},{"floor":10.0,"key":"Toy Ornithopter"},{"floor":13.0,"key":"Tiny Chest"},{"floor":24,"key":"Vajra"},{"floor":26,"key":"Blue Candle"},{"floor":27,"key":"Pen Nib"}],"event_choices":[{"damage_healed":0.0,"max_hp_gain":0.0,"max_hp_loss":5.0,"gold_gain":0.0,"event_name":"Golden Idol","player_choice":"Lose Max HP","floor":7.0,"gold_loss":0.0,"damage_taken":0.0,"relics_obtained":["Golden Idol"]},{"damage_healed":0.0,"max_hp_gain":0.0,"max_hp_loss":0.0,"gold_gain":0.0,"cards_transformed":["Wish"],"event_name":"Transmorgrifier","player_choice":"Transformed","floor":21.0,"gold_loss":0.0,"damage_taken":0.0,"cards_obtained":["Meditate"]}],"is_beta":false,"boss_relics":[{"not_picked":["Coffee Dripper","Astrolabe"],"picked":"Pandora\u0027s Box"}],"items_purged_floors":[22],"is_endless":false,"potions_floor_spawned":[1,3,4,11,12,16,18,19,28],"killed_by":"Book of Stabbing","ascension_level":13}}