{"host":"lnt5dzsuhru0aonl","time":1612063088,"event":{"mods":["2.2 Compatiblity","BaseMod","Colored Map","Colored Powertips","DeckTracker","Keyboard Shortcuts","Minty Spire (QoL Compilation)","Permanent Neow","Rare Cards Sparkle","StSLib","SuperFastMode","everything is the same but u backflip on backflip"],"gold_per_floor":[12,12,12,12,12,12,26,66,93,112,178,212,236,250,250,339,339,354,121,171,186,200,200,200],"floor_reached":23,"language":"KOR","playtime":552,"items_purged":["Strike_R"],"score":482,"play_id":"50218998-9476-4f23-ab02-f8bc9bbb6b6e","local_time":"20210131121808","is_ascension_mode":true,"campfire_choices":[{"data":"Fire Breathing","floor":6,"key":"SMITH"},{"data":"Armaments","floor":15,"key":"SMITH"}],"circlet_count":0,"master_deck":["AscendersBane","Strike_R","Defend_R","Defend_R","Defend_R","Defend_R","Bash","Fire Breathing+1","Flex","Sword Boomerang","Armaments+1","Reckless Charge","Pommel Strike","Immolate","Inflame"],"relics":["Burning Blood","Golden Idol","Anchor","Ancient Tea Set","Bag of Marbles","Odd Mushroom","Sozu","Art of War"],"acts_visited":["Exordium","TheCity"],"potions_floor_usage":[7,16,18],"damage_taken":[{"damage":6,"enemies":"2 Louse","floor":1,"turns":5},{"damage":2,"enemies":"Jaw Worm","floor":7,"turns":4},{"damage":15,"enemies":"3 Sentries","floor":8,"turns":4},{"damage":4,"enemies":"Small Slimes","floor":10,"turns":4},{"damage":25,"enemies":"3 Sentries","floor":11,"turns":5},{"damage":3,"enemies":"The Mushroom Lair","floor":12,"turns":4},{"damage":2,"enemies":"2 Fungi Beasts","floor":13,"turns":3},{"damage":8,"enemies":"Lots of Slimes","floor":14,"turns":7},{"damage":0,"enemies":"Slime Boss","floor":16,"turns":4},{"damage":7,"enemies":"2 Thieves","floor":18,"turns":3},{"damage":19,"enemies":"Spheric Guardian","floor":21,"turns":4},{"damage":31,"enemies":"Cultist and Chosen","floor":22,"turns":5},{"damage":32,"enemies":"Slavers","floor":23,"turns":3}],"seed_played":"-8342556069422271140","potions_obtained":[{"floor":1,"key":"Fire Potion"},{"floor":11,"key":"Fire Potion"},{"floor":13,"key":"Block Potion"}],"is_trial":false,"path_per_floor":["M","?","?","?","$","R","M","E","T","M","?","?","M","M","R","B",null,"M","$","?","M","M","E"],"character_chosen":"IRONCLAD","items_purchased":["Art of War"],"campfire_rested":0,"item_purchase_floors":[19],"current_hp_per_floor":[68,68,73,45,45,45,49,40,40,42,23,26,30,28,28,34,69,68,68,68,55,30,0,0],"gold":200,"neow_bonus":"REMOVE_TWO","is_daily":false,"chose_seed":false,"campfire_upgraded":2,"win_rate":0.0,"timestamp":1612063088,"path_taken":["M","?","?","?","?","R","M","E","T","M","?","?","M","M","R","BOSS","M","$","?","?","M","E"],"items_purchased_type":["Relic"],"build_version":"2020-12-22","purchased_purges":1,"victory":false,"max_hp_per_floor":[75,75,80,80,80,80,80,80,80,80,80,80,80,80,80,80,80,80,80,80,80,80,80,80],"card_choices":[{"not_picked":["Sentinel","Cleave"],"picked":"Fire Breathing","floor":1},{"not_picked":["Heavy Blade","Dual Wield"],"picked":"Sword Boomerang","floor":7},{"not_picked":["Warcry","Thunderclap"],"picked":"Armaments","floor":8},{"not_picked":["Flex","Shockwave","Perfected Strike"],"picked":"SKIP","floor":10},{"not_picked":["Headbutt","Sword Boomerang"],"picked":"Reckless Charge","floor":12},{"not_picked":["Rage","Headbutt","Thunderclap"],"picked":"SKIP","floor":13},{"not_picked":["True Grit","Battle Trance"],"picked":"Pommel Strike","floor":14},{"not_picked":["Juggernaut","Berserk"],"picked":"Immolate","floor":16},{"not_picked":["Ghostly Armor","Heavy Blade"],"picked":"Inflame","floor":18},{"not_picked":["Iron Wave","Havoc+1","Ghostly Armor"],"picked":"SKIP","floor":21},{"not_picked":["Cleave+1","Heavy Blade","Body Slam"],"picked":"SKIP","floor":22}],"player_experience":784647,"relics_obtained":[{"floor":8,"key":"Anchor"},{"floor":9,"key":"Ancient Tea Set"},{"floor":11,"key":"Bag of Marbles"},{"floor":12,"key":"Odd Mushroom"}],"event_choices":[{"damage_healed":0,"gold_gain":0,"cards_transformed":["Strike_R"],"player_choice":"Change","damage_taken":0,"max_hp_gain":0,"max_hp_loss":0,"event_name":"Living Wall","floor":2,"gold_loss":0,"cards_obtained":["Flex"]},{"damage_healed":0,"gold_gain":0,"player_choice":"Donut","damage_taken":0,"max_hp_gain":5,"max_hp_loss":0,"event_name":"Big Fish","floor":3,"gold_loss":0},{"damage_healed":0,"gold_gain":0,"player_choice":"Take Damage","damage_taken":28,"relics_obtained":["Golden Idol"],"max_hp_gain":0,"max_hp_loss":0,"event_name":"Golden Idol","floor":4,"gold_loss":0},{"damage_healed":0,"gold_gain":30,"player_choice":"Searched \u00272\u0027 times","damage_taken":0,"max_hp_gain":0,"max_hp_loss":0,"event_name":"Dead Adventurer","floor":11,"gold_loss":0},{"damage_healed":0,"gold_gain":0,"player_choice":"Fought Mushrooms","damage_taken":0,"max_hp_gain":0,"max_hp_loss":0,"event_name":"Mushrooms","floor":12,"gold_loss":0},{"damage_healed":0,"gold_gain":100,"player_choice":"Bet on Murderer","damage_taken":0,"max_hp_gain":0,"max_hp_loss":0,"event_name":"The Joust","floor":20,"gold_loss":50}],"is_beta":false,"boss_relics":[{"not_picked":["Philosopher\u0027s Stone","Velvet Choker"],"picked":"Sozu"}],"items_purged_floors":[19],"is_endless":false,"potions_floor_spawned":[1,11,13,14,21],"killed_by":"Slavers","ascension_level":20}}