{"host":"7k7s6ne09mxa92o8","time":1612082944,"event":{"mods":["2.2 Compatiblity","BaseMod","DeckTracker","Hermit","Minty Spire (QoL Compilation)","StSLib","Waifu the Spire"],"gold_per_floor":[111,111,129,191,191,220,24,40,40,40,55,55,68,85,85,187,187,200,200,84,183,183,183,65,97,97,132,159,159,159,193,193,367,367,387,387,418,429,429,429],"floor_reached":39,"language":"KOR","playtime":1450,"items_purged":[],"score":612,"play_id":"b7816341-2a47-4246-986d-282c4999d56d","local_time":"20210131174904","is_ascension_mode":true,"campfire_choices":[{"data":"hermit:Maintenance","floor":12.0,"key":"SMITH"},{"floor":15.0,"key":"REST"},{"data":"hermit:Maintenance","floor":23.0,"key":"SMITH"},{"floor":29,"key":"REST"},{"floor":32,"key":"REST"}],"circlet_count":0,"master_deck":["AscendersBane","hermit:Strike_Hermit","hermit:Strike_Hermit","hermit:Strike_Hermit","hermit:Strike_Hermit","hermit:Defend_Hermit","hermit:Defend_Hermit","hermit:Defend_Hermit","hermit:Defend_Hermit","hermit:Covet+1","hermit:Maintenance+1","hermit:Cheat+1","hermit:FinalCanter","hermit:HighCaliber","hermit:HeroicBravado","hermit:Maintenance+1","hermit:Vantage","hermit:DeadOrAlive","CurseOfTheBell","hermit:Horror+1","hermit:ShadowCloak","hermit:BodyArmor","hermit:Reprieve","hermit:Maintenance+1","hermit:Showdown"],"relics":["hermit:Momento","NeowsBlessing","The Courier","Mercury Hourglass","StrikeDummy","Pantograph","Calling Bell","Orichalcum","Matryoshka","TungstenRod","Juzu Bracelet","Anchor","Letter Opener","Art of War","SlaversCollar"],"acts_visited":["Exordium","TheCity","TheBeyond"],"potions_floor_usage":[25,27,28,31,38,39],"damage_taken":[{"damage":0.0,"enemies":"Small Slimes","floor":1.0,"turns":1.0},{"damage":0.0,"enemies":"Cultist","floor":3.0,"turns":1.0},{"damage":0.0,"enemies":"Lagavulin","floor":6.0,"turns":1.0},{"damage":2.0,"enemies":"Jaw Worm","floor":8.0,"turns":2.0},{"damage":10.0,"enemies":"Blue Slaver","floor":11.0,"turns":3.0},{"damage":10.0,"enemies":"Lots of Slimes","floor":13.0,"turns":3.0},{"damage":10.0,"enemies":"Red Slaver","floor":14.0,"turns":3.0},{"damage":3.0,"enemies":"Slime Boss","floor":16.0,"turns":11.0},{"damage":0.0,"enemies":"Spheric Guardian","floor":18.0,"turns":5.0},{"damage":0,"enemies":"3 Byrds","floor":25,"turns":3},{"damage":13,"enemies":"Shelled Parasite and Fungi","floor":27,"turns":4},{"damage":14,"enemies":"Centurion and Healer","floor":28,"turns":4},{"damage":12,"enemies":"Cultist and Chosen","floor":31,"turns":7},{"damage":22,"enemies":"Automaton","floor":33,"turns":15},{"damage":18,"enemies":"Orb Walker","floor":35,"turns":5},{"damage":5,"enemies":"3 Shapes","floor":37,"turns":9},{"damage":67,"enemies":"Jaw Worm Horde","floor":38,"turns":9},{"damage":14,"enemies":"Transient","floor":39,"turns":2}],"seed_played":"-7324229526701222529","potions_obtained":[{"floor":1.0,"key":"LiquidBronze"},{"floor":13.0,"key":"BlessingOfTheForge"},{"floor":14.0,"key":"ColorlessPotion"},{"floor":27,"key":"AttackPotion"},{"floor":31,"key":"SpeedPotion"},{"floor":38,"key":"DuplicationPotion"}],"is_trial":false,"path_per_floor":["M","?","M","?","?","E","$","M","T","T","M","R","M","M","R","B",null,"M","?","$","?","?","R","$","M","T","M","M","R","?","M","R","B",null,"M","?","M","M","M"],"character_chosen":"HERMIT","items_purchased":["Mercury Hourglass","Juzu Bracelet","Anchor"],"campfire_rested":3,"item_purchase_floors":[7,20,24],"current_hp_per_floor":[68,68,68,68,53,53,53,51,51,51,41,41,31,21,43,65,73,73,60,60,60,60,60,60,60,60,47,33,57,57,45,69,58,75,57,57,60,1,0,0],"gold":429,"neow_bonus":"THREE_ENEMY_KILL","is_daily":false,"chose_seed":false,"campfire_upgraded":2,"win_rate":0.0,"timestamp":1612082944,"path_taken":["M","?","?","?","?","E","?","?","T","?","M","R","M","M","R","BOSS","M","?","$","?","?","R","?","M","T","M","M","R","?","M","R","BOSS","M","?","M","M","M"],"items_purchased_type":["Relic","Relic","Relic"],"build_version":"2020-12-22","purchased_purges":0,"victory":false,"max_hp_per_floor":[75,75,75,75,75,75,75,75,75,75,75,75,75,75,75,75,75,75,80,80,80,80,80,80,80,80,80,80,80,80,80,80,80,80,80,80,80,80,80,80],"card_choices":[{"not_picked":["hermit:Horror","hermit:Ricochet"],"picked":"hermit:Maintenance","floor":1.0},{"not_picked":["hermit:HoleUp","hermit:TakeCover","hermit:WideOpen"],"picked":"SKIP","floor":3.0},{"not_picked":["hermit:HoleUp","hermit:Desperado"],"picked":"hermit:HighCaliber","floor":6.0},{"not_picked":["hermit:GoldenBullet","hermit:Quickdraw","hermit:LowProfile"],"picked":"SKIP","floor":8.0},{"not_picked":["hermit:CalledShot","hermit:Malice"],"picked":"hermit:HeroicBravado","floor":11.0},{"not_picked":["hermit:Glare","hermit:Snipe"],"picked":"hermit:Maintenance","floor":13.0},{"not_picked":["hermit:Manifest","hermit:Enervate"],"picked":"hermit:Vantage","floor":14.0},{"not_picked":["hermit:OverwhelmingPower","hermit:Purgatory"],"picked":"hermit:DeadOrAlive","floor":16.0},{"not_picked":["hermit:SprayPray","hermit:TrackingShot","hermit:Desperado"],"picked":"SKIP","floor":18.0},{"not_picked":["hermit:Desperado+1","hermit:Quickdraw"],"picked":"hermit:Horror+1","floor":25},{"not_picked":["hermit:GhostlyPresence","hermit:BlackWind"],"picked":"hermit:ShadowCloak","floor":27},{"not_picked":["hermit:PistolWhip","hermit:Misfire"],"picked":"hermit:BodyArmor","floor":28},{"not_picked":["hermit:Midnight","hermit:CalledShot","hermit:WideOpen"],"picked":"SKIP","floor":31},{"not_picked":["hermit:FinalCanter","hermit:HighNoon"],"picked":"hermit:Reprieve","floor":33},{"not_picked":["hermit:LowProfile+1","hermit:Showdown+1"],"picked":"hermit:Maintenance+1","floor":35},{"not_picked":["hermit:Dive","hermit:TrackingShot"],"picked":"hermit:Showdown","floor":37},{"not_picked":["hermit:Spite","hermit:WideOpen+1","hermit:BodyArmor+1"],"picked":"SKIP","floor":38}],"player_experience":1230678,"relics_obtained":[{"floor":6.0,"key":"The Courier"},{"floor":9.0,"key":"StrikeDummy"},{"floor":10.0,"key":"Pantograph"},{"floor":17.0,"key":"Orichalcum"},{"floor":17.0,"key":"Matryoshka"},{"floor":17.0,"key":"TungstenRod"},{"floor":26,"key":"Letter Opener"},{"floor":26,"key":"Art of War"}],"event_choices":[{"damage_healed":0.0,"max_hp_gain":0.0,"max_hp_loss":0.0,"gold_gain":0.0,"event_name":"Match and Keep!","player_choice":"2 cards matched","floor":2.0,"gold_loss":0.0,"damage_taken":0.0,"cards_obtained":["hermit:Cheat","hermit:FinalCanter"]},{"damage_healed":0.0,"max_hp_gain":0.0,"max_hp_loss":0.0,"gold_gain":0.0,"event_name":"Match and Keep!","player_choice":"2 cards matched","floor":2.0,"gold_loss":0.0,"damage_taken":0.0,"cards_obtained":["hermit:Cheat","hermit:FinalCanter"]},{"damage_healed":0.0,"max_hp_gain":0.0,"max_hp_loss":0.0,"gold_gain":62.0,"event_name":"Golden Wing","player_choice":"Gained Gold","floor":4.0,"gold_loss":0.0,"damage_taken":0.0},{"damage_healed":0.0,"max_hp_gain":0.0,"max_hp_loss":0.0,"gold_gain":0.0,"event_name":"Shining Light","player_choice":"Entered Light","floor":5.0,"gold_loss":0.0,"damage_taken":15.0,"cards_upgraded":["hermit:Cheat","hermit:Covet"]},{"damage_healed":0.0,"max_hp_gain":5.0,"max_hp_loss":0.0,"gold_gain":0.0,"event_name":"Forgotten Altar","player_choice":"Shed Blood","floor":19.0,"gold_loss":0.0,"damage_taken":19.0},{"damage_healed":0.0,"max_hp_gain":0.0,"max_hp_loss":0.0,"gold_gain":99.0,"event_name":"Nest","player_choice":"Stole From Cult","floor":21.0,"gold_loss":0.0,"damage_taken":0.0},{"cards_removed":["hermit:Snapshot"],"damage_healed":0.0,"max_hp_gain":0.0,"max_hp_loss":0.0,"gold_gain":0.0,"event_name":"Bonfire Elementals","player_choice":"Offered Basic","floor":22.0,"gold_loss":0.0,"damage_taken":0.0},{"damage_healed":0,"gold_gain":0,"player_choice":"Ignored","damage_taken":0,"max_hp_gain":0,"max_hp_loss":0,"event_name":"Ghosts","floor":30,"gold_loss":0},{"damage_healed":0,"gold_gain":0,"player_choice":"Ignored","damage_taken":0,"max_hp_gain":0,"max_hp_loss":0,"event_name":"Tomb of Lord Red Mask","floor":36,"gold_loss":0}],"is_beta":false,"boss_relics":[{"not_picked":["Cursed Key","Fusion Hammer"],"picked":"Calling Bell"},{"not_picked":["hermit:DentedPlate","Runic Dome"],"picked":"SlaversCollar"}],"items_purged_floors":[],"is_endless":false,"potions_floor_spawned":[1,13,14,16,27,31,38],"killed_by":"Transient","ascension_level":10}}