{"host":"y0avvqzsetgmdwfn","time":1612103496,"event":{"mods":["AchievementEnabler","BaseMod","Better Third Choice","Downfall","Minty Spire (QoL Compilation)","Red Circlet Mod","Reliquary","Replay The Spire","Spicy Shops","StSLib"],"gold_per_floor":[99,116,129,139,158,333,333,349,367,367,384,419,419,419,431,529,529,529,542,542,1,1,1,1,18,30,30,60,88,100,111,123,219,219,219,236,236,14,64,64,64,79,94,112,112,112,112],"floor_reached":45,"language":"ENG","playtime":3104,"items_purged":["Regret"],"score":491,"play_id":"7cea698d-448c-4bcf-8eae-07c473acbc66","local_time":"20210131223136","is_ascension_mode":false,"campfire_choices":[{"data":"champ:Taunt","floor":1.0,"key":"SMITH"},{"data":"champ:UltimateStance","floor":13.0,"key":"SMITH"},{"floor":18.0,"key":"DIG"},{"data":"champ:Improvising","floor":23.0,"key":"SMITH"},{"data":"champ:BerserkerStyle","floor":23.0,"key":"SMITH"},{"floor":27.0,"key":"REST"},{"data":"champ:IgnorePain","floor":35.0,"key":"SMITH"},{"data":"champ:DancingMaster","floor":35.0,"key":"SMITH"},{"data":"champ:IronFortress","floor":40,"key":"SMITH"},{"data":"champ:AdrenalArmor","floor":40,"key":"SMITH"}],"circlet_count":0,"master_deck":["champ:Strike","champ:Strike","champ:Strike","champ:Defend","champ:Defend","champ:Defend","champ:Execute","champ:Taunt+1","champ:AdrenalArmor","champ:Duel","champ:CalledShot","champ:TripleStrike","champ:RisingSlash","champ:FocusedBerserking","champ:HeartStrike","champ:UltimateStance+1","champ:Shatter","champ:Improvising+1","champ:FancyFootwork","champ:Devastate","champ:FaceSlap","champ:BerserkerStyle+1","champ:AdrenalArmor+1","Chrysalis","champ:FlashCut","champ:BringItOn","champ:PreciseThrust+1","champ:Circumvent+1","champ:GutPunch","champ:IgnorePain+1","champ:IronFortress+1","champ:DancingMaster+1","champ:ArenaPreparation+1","Decay","champ:HeartStrike","champ:EnragedBash","champ:StanceDance","champ:CalledShot+1"],"relics":["Philosopher\u0027s Stone","Blue Candle","champ:LiftRelic","ReplayTheSpireMod:Ninjato","Replay:Arrowhead","reliquary:WritOfMandamus","Centennial Puzzle","BargainBundle","Bottled Tornado","reliquary:TuningFork","Red Mask","Gambling Chip","Replay:Drink Me","OrangePellets","Replay:Baseball","Du-Vu Doll","Question Card"],"acts_visited":["Exordium","TheCity","TheBeyond"],"potions_floor_usage":[],"damage_taken":[{"damage":10.0,"enemies":"Cultist","floor":2.0,"turns":4.0},{"damage":28.0,"enemies":"Small Slimes","floor":3.0,"turns":3.0},{"damage":10.0,"enemies":"2 Louse","floor":4.0,"turns":3.0},{"damage":39.0,"enemies":"Exordium Thugs","floor":5.0,"turns":5.0},{"damage":46.0,"enemies":"Large Slime","floor":8.0,"turns":4.0},{"damage":35.0,"enemies":"3 Louse","floor":9.0,"turns":2.0},{"damage":36.0,"enemies":"Exordium Thugs","floor":11.0,"turns":4.0},{"damage":69.0,"enemies":"3 Sentries","floor":12.0,"turns":7.0},{"damage":2.0,"enemies":"Blue Slaver","floor":15.0,"turns":2.0},{"damage":55.0,"enemies":"SI_SHIV_ARCHETYPE","floor":16.0,"turns":7.0},{"damage":39.0,"enemies":"Chosen","floor":19.0,"turns":2.0},{"damage":57.0,"enemies":"downfall:FleeingMerchant","floor":21.0,"turns":4.0},{"damage":42.0,"enemies":"Shell Parasite","floor":25.0,"turns":2.0},{"damage":42.0,"enemies":"Shelled Parasite and Fungi","floor":26.0,"turns":2.0},{"damage":67.0,"enemies":"Masked Bandits","floor":28.0,"turns":4.0},{"damage":54.0,"enemies":"Replay:Snechameleon","floor":29.0,"turns":3.0},{"damage":44.0,"enemies":"Cultist and Chosen","floor":30.0,"turns":6.0},{"damage":51.0,"enemies":"Snake Plant","floor":31.0,"turns":3.0},{"damage":43.0,"enemies":"Sentry and Sphere","floor":32.0,"turns":2.0},{"damage":125.0,"enemies":"DF_ARCHETYPE_CLAW","floor":33.0,"turns":6.0},{"damage":97,"enemies":"3 Darklings","floor":36,"turns":5},{"damage":98,"enemies":"downfall:FleeingMerchant","floor":38,"turns":4},{"damage":67,"enemies":"downfall:FleeingMerchant","floor":39,"turns":4},{"damage":67,"enemies":"Orb Walker","floor":42,"turns":2},{"damage":67,"enemies":"Transient","floor":43,"turns":5},{"damage":73,"enemies":"Maw","floor":44,"turns":4},{"damage":68,"enemies":"Writhing Mass","floor":45,"turns":2}],"seed_played":"477401838966846142","potions_obtained":[{"floor":2.0,"key":"champ:OpenerPotion"},{"floor":3.0,"key":"DuplicationPotion"},{"floor":8.0,"key":"BlessingOfTheForge"},{"floor":11.0,"key":"BlessingOfTheForge"},{"floor":19.0,"key":"champ:OpenerPotion"},{"floor":26.0,"key":"Weak Potion"},{"floor":28.0,"key":"GamblersBrew"},{"floor":30.0,"key":"Swift Potion"},{"floor":31.0,"key":"champ:UltimateStancePotion"},{"floor":43,"key":"Adrenaline Potion"}],"is_trial":false,"path_per_floor":["R","M","M","M","M","?","T","M","M","?","M","E","R","?","M","B",null,"R","M","?","$","T","R","T","M","M","R","?","E","M","M","M","B",null,"R","M","?","?","?","R","T","M","M","M","M"],"character_chosen":"THE_CHAMP","items_purchased":["BargainBundle","champ:FaceSlap","champ:BerserkerStyle","champ:AdrenalArmor","Bottled Tornado","Chrysalis","OrangePellets","Replay:Baseball"],"campfire_rested":1,"item_purchase_floors":[21,21,21,21,21,21,38,38],"current_hp_per_floor":[90,90,82,82,73,73,73,72,72,72,71,47,47,47,45,27,90,90,86,71,64,64,64,64,50,43,70,55,52,71,62,61,42,68,68,68,68,68,68,68,68,68,68,68,0,0,0],"gold":112,"neow_bonus":"BOSS_RELIC","is_daily":false,"chose_seed":false,"campfire_upgraded":8,"win_rate":0.0,"timestamp":1612103496,"path_taken":["R","M","?","M","?","?","T","M","M","?","M","E","R","?","M","BOSS","R","M","?","$","?","R","T","M","M","R","?","E","M","M","M","BOSS","R","M","?","?","?","R","T","M","M","M","?"],"items_purchased_type":["Relic","Card","Card","Card","Relic","Card","Relic","Relic"],"build_version":"2020-12-22","purchased_purges":1,"victory":false,"max_hp_per_floor":[90,90,90,90,90,90,90,90,90,90,90,90,90,90,90,90,90,90,90,90,90,90,90,90,90,90,90,90,90,90,90,90,90,68,68,68,68,68,68,68,68,68,68,68,68,68,68],"card_choices":[{"not_picked":["champ:SkillfulDodge","champ:DefensiveShout"],"picked":"champ:AdrenalArmor","floor":2.0},{"not_picked":["champ:StanceDance","champ:FlashCut"],"picked":"champ:Duel","floor":3.0},{"not_picked":["champ:PreciseThrust","champ:BladeFlurry"],"picked":"champ:CalledShot","floor":4.0},{"not_picked":["champ:TornadoPunch","champ:PreciseThrust"],"picked":"champ:TripleStrike","floor":5.0},{"not_picked":["champ:EnragedBash","champ:FanOfKnives"],"picked":"champ:RisingSlash","floor":8.0},{"not_picked":["champ:EnGarde","champ:BringItOn"],"picked":"champ:FocusedBerserking","floor":9.0},{"not_picked":["champ:SetATrap","champ:TornadoPunch"],"picked":"champ:HeartStrike","floor":11.0},{"not_picked":["champ:Circumvent","champ:BladeFlurry"],"picked":"champ:UltimateStance","floor":12.0},{"not_picked":["champ:CrownThrow","champ:Circumvent"],"picked":"champ:Shatter","floor":15.0},{"not_picked":["champ:TripleStrike","champ:CheapShot"],"picked":"champ:Improvising","floor":16.0},{"not_picked":["champ:TornadoPunch","champ:BerserkersShout"],"picked":"champ:FancyFootwork","floor":19.0},{"not_picked":["champ:Backstep","champ:BringItOn"],"picked":"champ:Devastate","floor":21.0},{"not_picked":["champ:Parry","champ:BerserkersShout"],"picked":"champ:FlashCut","floor":25.0},{"not_picked":["champ:Shatter","champ:FocusedBerserking+1"],"picked":"champ:BringItOn","floor":26.0},{"not_picked":["champ:CrownThrow","champ:BringItOn"],"picked":"champ:PreciseThrust+1","floor":28.0},{"not_picked":["champ:Shatter","champ:Haymaker+1"],"picked":"champ:Circumvent+1","floor":29.0},{"not_picked":["champ:CalledShot","champ:BringItOn"],"picked":"champ:GutPunch","floor":30.0},{"not_picked":["champ:EnGarde","champ:FocusedDefense"],"picked":"champ:IgnorePain","floor":31.0},{"not_picked":["champ:BladeFlurry+1","champ:PreemptiveStrike+1"],"picked":"champ:IronFortress","floor":32.0},{"not_picked":["champ:SteelEdge","champ:CheapShot"],"picked":"champ:DancingMaster","floor":33.0},{"not_picked":["champ:DeathBlow","champ:CalledShot"],"picked":"champ:ArenaPreparation+1","floor":36},{"not_picked":["champ:CalledShot+1","champ:CrownThrow","champ:EnGarde+1"],"picked":"SKIP","floor":38},{"not_picked":["champ:PreciseThrust+1","champ:FlashCut+1"],"picked":"champ:HeartStrike","floor":39},{"not_picked":["champ:PerfectedStrike+1","champ:GladiatorStyle+1","champ:BerserkerStyle"],"picked":"champ:EnragedBash","floor":42},{"not_picked":["champ:TornadoPunch+1","champ:PerfectedStrike+1","champ:DefensiveStyle"],"picked":"champ:StanceDance","floor":43},{"not_picked":["champ:BladeFlurry","champ:BerserkersShout+1","champ:Lariat"],"picked":"champ:CalledShot+1","floor":44}],"player_experience":1990315,"relics_obtained":[{"floor":7.0,"key":"Blue Candle"},{"floor":12.0,"key":"ReplayTheSpireMod:Ninjato"},{"floor":18.0,"key":"Centennial Puzzle"},{"floor":24.0,"key":"reliquary:TuningFork"},{"floor":28.0,"key":"Red Mask"},{"floor":29.0,"key":"Gambling Chip"},{"floor":39,"key":"Du-Vu Doll"},{"floor":41,"key":"Question Card"}],"event_choices":[{"damage_healed":0.0,"max_hp_gain":0.0,"max_hp_loss":0.0,"gold_gain":0.0,"event_name":"Big Fish","player_choice":"Box","floor":14.0,"gold_loss":0.0,"damage_taken":0.0,"relics_obtained":["Replay:Arrowhead"],"cards_obtained":["Regret"]},{"damage_healed":0.0,"max_hp_gain":0.0,"max_hp_loss":0.0,"gold_gain":0.0,"event_name":"Masked Bandits","player_choice":"Fought Bandits","floor":28.0,"gold_loss":0.0,"damage_taken":0.0}],"is_beta":false,"boss_relics":[{"not_picked":["reliquary:RedPaperclip","Fusion Hammer"],"picked":"reliquary:WritOfMandamus"},{"not_picked":["ChewingGum","Abe\u0027s Treasure"],"picked":"Replay:Drink Me"}],"items_purged_floors":[21],"is_endless":false,"potions_floor_spawned":[2,3,8,11,19,26,28,30,31,43],"killed_by":"Writhing Mass","ascension_level":0}}