{"host":"skr63qsdfgeey3it","time":1612075279,"event":{"mods":["BaseMod","Colored Map","Hubris","Minty Spire (QoL Compilation)","Replay The Spire","Spicy Shops","StSLib"],"gold_per_floor":[114,38,38,48,136,136,171,183,234,255,255,255,330,59,59,168,268,293,293,322,322,348,348,392,245,245,245,282,282,316,342,342,452,452,473,295,315,315,334,363,385,419,419,442,442,442,442,485,494,494],"floor_reached":51,"language":"ENG","playtime":2426,"items_purged":["ReplayTheSpireMod:Splinters"],"score":1387,"play_id":"1fc4a235-29dc-4806-aff6-066a47b02e8c","local_time":"20210131004119","is_ascension_mode":true,"campfire_choices":[{"data":"Loop","floor":6,"key":"SMITH"},{"data":"Zap","floor":12,"key":"SMITH"},{"data":"Capacitor","floor":15,"key":"SMITH"},{"data":"Mirror Shield","floor":23,"key":"SMITH"},{"data":"Stack","floor":27,"key":"SMITH"},{"floor":32,"key":"DIG"},{"data":"hubris:Ukulele","floor":47,"key":"SMITH"}],"circlet_count":0,"master_deck":["AscendersBane","Strike_B","Strike_B","Strike_B","Defend_B","Defend_B+1","Defend_B","Defend_B","Zap+1","Dualcast","Loop+1","Leap+1","Self Repair","Capacitor+1","Glacier","Streamline","hubris:Ukulele+1","Tempest","hubris:Ukulele","Tempest","Echo Form","hubris:PowerSurge+1","Mirror Shield+1","Conserve Battery+1","Stack+1","Stack","Doom and Gloom+1","Thunder Strike","Thunder Strike","Turbo+1","Conserve Battery+1","hubris:PowerSurge","Panic Button+1","Leap+1","Core Surge","ReplayTheSpireMod:Calculation Training","Static Discharge","Buffer"],"relics":["Cracked Core","NeowsBlessing","ReplayTheSpireMod:CursedCoin","MealTicket","Blood Vial","Garlic","CeramicFish","DollysMirror","Replay:Wanted Poster","hubris:CrystalStatue","Strange Spoon","Singing Bowl","Replay:Ringing Soul","hubris:Zylophone","War Paint","SlaversCollar","DataDisk","PreservedInsect","Replay:Bottled Snecko","Thread and Needle","Smiling Mask"],"acts_visited":["Exordium","TheCity","TheBeyond"],"potions_floor_usage":[10,16,20,20,20,24,24,30,33,37,40,40,40,40,44],"damage_taken":[{"damage":0,"enemies":"Jaw Worm","floor":1,"turns":1},{"damage":0,"enemies":"Cultist","floor":4,"turns":1},{"damage":0,"enemies":"Gremlin Nob","floor":7,"turns":1},{"damage":2,"enemies":"2 Louse","floor":8,"turns":3},{"damage":3,"enemies":"Large Slime","floor":10,"turns":4},{"damage":27,"enemies":"Hexaghost","floor":16,"turns":5},{"damage":11,"enemies":"Chosen","floor":18,"turns":4},{"damage":0,"enemies":"Spheric Guardian","floor":20,"turns":3},{"damage":15,"enemies":"Snake Plant","floor":22,"turns":3},{"damage":13,"enemies":"Slavers","floor":24,"turns":5},{"damage":0,"enemies":"Gremlin Leader","floor":28,"turns":5},{"damage":5,"enemies":"Slavers","floor":30,"turns":4},{"damage":0,"enemies":"Cultist and Chosen","floor":31,"turns":4},{"damage":77,"enemies":"Automaton","floor":33,"turns":8},{"damage":17,"enemies":"Orb Walker","floor":35,"turns":4},{"damage":0,"enemies":"3 Shapes","floor":37,"turns":3},{"damage":31,"enemies":"Maw","floor":39,"turns":7},{"damage":40,"enemies":"Giant Head","floor":40,"turns":9},{"damage":22,"enemies":"Writhing Mass","floor":41,"turns":5},{"damage":12,"enemies":"Nemesis","floor":42,"turns":3},{"damage":5,"enemies":"4 Shapes","floor":44,"turns":6},{"damage":0,"enemies":"Reptomancer","floor":48,"turns":3},{"damage":12,"enemies":"hubris:GrandSnecko","floor":50,"turns":11}],"seed_played":"-5793057110879037837","potions_obtained":[{"floor":4,"key":"GamblersBrew"},{"floor":8,"key":"AttackPotion"},{"floor":10,"key":"EssenceOfSteel"},{"floor":19,"key":"EntropicBrew"},{"floor":19,"key":"SkillPotion"},{"floor":20,"key":"Strength Potion"},{"floor":31,"key":"Toxic Potion"},{"floor":35,"key":"ColorlessPotion"},{"floor":39,"key":"EntropicBrew"},{"floor":41,"key":"Strength Potion"}],"is_trial":false,"path_per_floor":["M","$","?","M","?","R","E","M","T","M","?","R","?","$","R","B",null,"M","?","M","$","M","R","E","$","T","R","E","$","E","M","R_BF","B",null,"M","$","M","?","M","E","M","E","T","M","$","?","R","E","R_BF","B",null],"character_chosen":"DEFECT","items_purchased":["ReplayTheSpireMod:CursedCoin","MealTicket","Tempest","hubris:Ukulele","DollysMirror","Strange Spoon","Conserve Battery+1","DataDisk"],"campfire_rested":0,"item_purchase_floors":[2,2,14,14,14,25,36,36],"current_hp_per_floor":[68,68,68,70,52,52,54,54,54,53,53,53,42,57,57,39,66,64,64,73,75,60,60,56,71,71,71,76,78,76,81,81,16,69,64,82,87,87,68,39,29,22,22,22,37,96,96,99,102,90],"gold":494,"neow_bonus":"THREE_ENEMY_KILL","is_daily":false,"chose_seed":false,"campfire_upgraded":6,"win_rate":0.0,"timestamp":1612075279,"path_taken":["M","$","?","?","?","R","E","M","T","?","?","R","?","$","R","BOSS","M","?","?","?","M","R","E","$","T","R","E","$","E","?","R_BF","BOSS","M","$","?","?","?","E","M","E","T","M","$","?","R","E","R_BF","BOSS"],"items_purchased_type":["Relic","Relic","Card","Card","Relic","Relic","Card","Relic"],"build_version":"2020-12-22","purchased_purges":1,"victory":true,"max_hp_per_floor":[75,75,75,75,75,75,75,75,75,75,75,75,75,75,75,75,75,75,75,75,75,75,75,75,75,75,75,78,78,81,84,84,87,87,90,93,96,96,99,101,104,107,107,110,110,96,96,99,102,102],"card_choices":[{"not_picked":["Hologram","Compile Driver"],"picked":"Conserve Battery","floor":1},{"not_picked":["Steam","Stack"],"picked":"Loop","floor":4},{"not_picked":["Barrage","Hologram"],"picked":"Leap","floor":5},{"not_picked":["Rebound","ReplayTheSpireMod:System Scan"],"picked":"Self Repair","floor":5},{"not_picked":["Gash","ReplaySort"],"picked":"Capacitor","floor":5},{"not_picked":["Turbo","Self Repair"],"picked":"Glacier","floor":7},{"not_picked":["Barrage","BasicCrystalCard"],"picked":"Streamline","floor":8},{"not_picked":["Steam","ReplayTheSpireMod:Reroute Power"],"picked":"hubris:Ukulele","floor":10},{"not_picked":["Creative AI","Reboot"],"picked":"Echo Form","floor":16},{"not_picked":["Panic Button","ReplayTheSpireMod:Reroute Power"],"picked":"hubris:PowerSurge+1","floor":18},{"not_picked":["Cold Snap","Ball Lightning+1"],"picked":"Mirror Shield","floor":20},{"not_picked":["ReplayTheSpireMod:Repulse","ReplayTheSpireMod:Reroute Power"],"picked":"Conserve Battery+1","floor":22},{"not_picked":["Genetic Algorithm","ReplayRNGCard"],"picked":"Stack","floor":24},{"not_picked":["Leap","Sweeping Beam"],"picked":"Stack","floor":28},{"not_picked":["Steam","Beam Cell"],"picked":"Doom and Gloom+1","floor":30},{"not_picked":["Hologram","Gash+1"],"picked":"Thunder Strike","floor":31},{"not_picked":["hubris:Prefetch","ReplayTheSpireMod:Omega Cannon"],"picked":"Thunder Strike","floor":33},{"not_picked":["Panic Button","Gash"],"picked":"Turbo+1","floor":35},{"not_picked":["Cold Snap+1","Beam Cell"],"picked":"hubris:PowerSurge","floor":37},{"not_picked":["Steam+1","Redo+1"],"picked":"Panic Button+1","floor":39},{"not_picked":["Leap","ReplayTheSpireMod:Repulse","Beam Cell"],"picked":"Singing Bowl","floor":40},{"not_picked":["Compile Driver+1","Heatsinks"],"picked":"Leap+1","floor":41},{"not_picked":["Go for the Eyes+1","Barrage"],"picked":"Core Surge","floor":42},{"not_picked":["Hello World","Redo+1"],"picked":"ReplayTheSpireMod:Calculation Training","floor":44},{"not_picked":["Coolheaded+1","ReplayTheSpireMod:Repulse"],"picked":"Static Discharge","floor":48}],"player_experience":836673,"relics_obtained":[{"floor":7,"key":"Garlic"},{"floor":9,"key":"CeramicFish"},{"floor":24,"key":"hubris:CrystalStatue"},{"floor":26,"key":"Singing Bowl"},{"floor":28,"key":"Replay:Ringing Soul"},{"floor":30,"key":"hubris:Zylophone"},{"floor":32,"key":"War Paint"},{"floor":40,"key":"PreservedInsect"},{"floor":42,"key":"Replay:Bottled Snecko"},{"floor":43,"key":"Thread and Needle"},{"floor":48,"key":"Smiling Mask"}],"event_choices":[{"cards_removed":["Conserve Battery"],"damage_healed":0,"gold_gain":0,"player_choice":"Gave Card","damage_taken":0,"relics_obtained":["Blood Vial"],"max_hp_gain":0,"max_hp_loss":0,"event_name":"WeMeetAgain","floor":3,"gold_loss":0},{"damage_healed":0,"gold_gain":0,"player_choice":"Leave","damage_taken":0,"max_hp_gain":0,"max_hp_loss":0,"event_name":"The Cleric","floor":11,"gold_loss":0},{"damage_healed":0,"gold_gain":75,"player_choice":"Gather Gold","damage_taken":11,"max_hp_gain":0,"max_hp_loss":0,"event_name":"World of Goop","floor":13,"gold_loss":0},{"damage_healed":0,"gold_gain":0,"player_choice":"Got Potions","damage_taken":0,"max_hp_gain":0,"max_hp_loss":0,"event_name":"Lab","floor":19,"gold_loss":0},{"damage_healed":0,"gold_gain":0,"player_choice":"Ignored","damage_taken":0,"max_hp_gain":0,"max_hp_loss":0,"event_name":"SecretPortal","floor":38,"gold_loss":0},{"damage_healed":96,"gold_gain":0,"player_choice":"Heal","damage_taken":0,"max_hp_gain":0,"max_hp_loss":14,"event_name":"The Moai Head","floor":46,"gold_loss":0}],"is_beta":false,"boss_relics":[{"not_picked":["hubris:BlackHole","hubris:HollowSoul"],"picked":"Replay:Wanted Poster"},{"not_picked":["Coffee Dripper","Tiny House"],"picked":"SlaversCollar"}],"items_purged_floors":[2],"is_endless":false,"potions_floor_spawned":[4,8,10,20,22,31,35,39,41],"ascension_level":10}}