{"host":"skr63qsdfgeey3it","time":1612086824,"event":{"mods":["BaseMod","Colored Map","Hubris","Minty Spire (QoL Compilation)","Replay The Spire","Spicy Shops","StSLib"],"gold_per_floor":[110,110,110,4,4,32,32,66,90,124,47,67,142,167,167,264,264,81,180,180,198,212,212,212,212],"floor_reached":24,"language":"ENG","playtime":650,"items_purged":[],"score":428,"play_id":"e93624d2-31ea-4abf-ac7d-a283ec526485","local_time":"20210131035344","is_ascension_mode":true,"campfire_choices":[{"data":"Gash","floor":7,"key":"SMITH"},{"floor":15,"key":"REST"},{"floor":23,"key":"REST"}],"circlet_count":0,"master_deck":["AscendersBane","Defend_B","Defend_B","Defend_B","Defend_B","Zap","Dualcast","Gash+1","Gash","Gash","FTL","FTL","Cold Snap","Conserve Battery","hubris:DoWhile","Hallucinations","Leap","Bite","Bite","Bite","Bite","Bite","Conserve Battery","Defragment"],"relics":["Cracked Core","NeowsBlessing","Bag of Preparation","Tiny Chest","Strawberry","hubris:BallOfYels","Replay:Wax Seal","Replay:Mystery Machine","Replay:Ancient Bell","Nunchaku","Pantograph","hubris:Zylophone"],"acts_visited":["Exordium","TheCity"],"potions_floor_usage":[10,10,10,16,16,22],"damage_taken":[{"damage":0,"enemies":"Small Slimes","floor":1,"turns":1},{"damage":0,"enemies":"3 Sentries","floor":6,"turns":1},{"damage":0,"enemies":"Gremlin Nob","floor":8,"turns":1},{"damage":30,"enemies":"Lagavulin","floor":10,"turns":4},{"damage":7,"enemies":"Jaw Worm","floor":12,"turns":3},{"damage":80,"enemies":"Fading Forest","floor":16,"turns":11},{"damage":31,"enemies":"Shell Parasite","floor":18,"turns":4},{"damage":21,"enemies":"2 Thieves","floor":21,"turns":3},{"damage":12,"enemies":"Cultist and Chosen","floor":22,"turns":5},{"damage":53,"enemies":"Gremlin Leader","floor":24,"turns":3}],"seed_played":"188943494964860026","potions_obtained":[{"floor":8,"key":"EntropicBrew"},{"floor":10,"key":"SteroidPotion"},{"floor":12,"key":"Regen Potion"},{"floor":18,"key":"PotionOfCapacity"},{"floor":21,"key":"EssenceOfSteel"}],"is_trial":false,"path_per_floor":["M","?","?","$","?","E","R","E","T","E","$","M","?","T","R","B",null,"M","?","?","M","M","R","E"],"character_chosen":"DEFECT","items_purchased":["Gash","Replay:Wax Seal"],"campfire_rested":2,"item_purchase_floors":[4,11],"current_hp_per_floor":[68,68,68,68,68,68,68,68,75,45,45,38,27,27,51,10,64,33,33,33,12,10,27,0,0],"gold":212,"neow_bonus":"THREE_ENEMY_KILL","is_daily":false,"chose_seed":false,"campfire_upgraded":1,"win_rate":0.0,"timestamp":1612086824,"path_taken":["M","?","?","$","?","E","R","E","T","E","?","?","?","?","R","BOSS","M","?","?","M","M","R","E"],"items_purchased_type":["Card","Relic"],"build_version":"2020-12-22","purchased_purges":0,"victory":false,"max_hp_per_floor":[75,75,75,75,75,75,75,75,82,82,82,82,82,82,82,82,82,82,82,57,57,57,57,57,57],"card_choices":[{"not_picked":["Leap","Aggregate"],"picked":"Gash","floor":1},{"not_picked":["Compile Driver","Sweeping Beam"],"picked":"FTL","floor":6},{"not_picked":["Rebound","Turbo"],"picked":"FTL","floor":8},{"not_picked":["Meteor Strike","Skim"],"picked":"Cold Snap","floor":10},{"not_picked":["Barrage","Hologram"],"picked":"Conserve Battery","floor":12},{"not_picked":["All For One","Amplify"],"picked":"hubris:DoWhile","floor":16},{"not_picked":["Looming Evil","hubris:Gluttony"],"picked":"Hallucinations","floor":17},{"not_picked":["ReplayTheSpireMod:Restless Dread","Looming Evil"],"picked":"ReplayTheSpireMod:IOU","floor":17},{"not_picked":["ReplayTheSpireMod:Restless Dread","hubris:Greed"],"picked":"ReplayTheSpireMod:IOU","floor":17},{"not_picked":["Redo","Blizzard"],"picked":"Leap","floor":18},{"not_picked":["Sweeping Beam","Hologram"],"picked":"Conserve Battery","floor":21},{"not_picked":["Beam Cell","Ball Lightning"],"picked":"Defragment","floor":22}],"player_experience":843212,"relics_obtained":[{"floor":6,"key":"Bag of Preparation"},{"floor":8,"key":"Tiny Chest"},{"floor":9,"key":"Strawberry"},{"floor":10,"key":"hubris:BallOfYels"},{"floor":14,"key":"Replay:Mystery Machine"}],"event_choices":[{"damage_healed":0,"gold_gain":0,"player_choice":"Leave","damage_taken":0,"max_hp_gain":0,"max_hp_loss":0,"event_name":"The Cleric","floor":2,"gold_loss":0},{"damage_healed":0,"gold_gain":75,"player_choice":"Gather Gold","damage_taken":11,"max_hp_gain":0,"max_hp_loss":0,"event_name":"World of Goop","floor":13,"gold_loss":0},{"damage_healed":0,"gold_gain":99,"player_choice":"Stole From Cult","damage_taken":0,"max_hp_gain":0,"max_hp_loss":0,"event_name":"Nest","floor":19,"gold_loss":0},{"damage_healed":0,"gold_gain":0,"player_choice":"Became a vampire","damage_taken":0,"max_hp_gain":0,"max_hp_loss":25,"event_name":"Vampires","floor":20,"gold_loss":0,"cards_obtained":["Bite","Bite","Bite","Bite","Bite"]}],"is_beta":false,"boss_relics":[{"not_picked":["Honey Jar","Busted Crown"],"picked":"Replay:Ancient Bell"},{"not_picked":["ReplayFunnel","Ancient Tea Set"],"picked":"Nunchaku"},{"not_picked":["hubris:SoftwareUpdate","ReplayTheSpireMod:Shallot"],"picked":"Pantograph"},{"not_picked":["Calipers","Replay:Arrowhead"],"picked":"hubris:Zylophone"}],"items_purged_floors":[],"is_endless":false,"potions_floor_spawned":[8,10,12,18,21],"killed_by":"Gremlin Leader","ascension_level":11}}