{"host":"tq99ucv8ezzqzioe","time":1612054184,"event":{"mods":["BaseMod","Colored Map","Downfall","Highlight Path","Minty Spire (QoL Compilation)","StSLib"],"gold_per_floor":[119,89,108,127,127,154,171,171,171,171,214,179,202,221,221,346,346,365,390,261,275,293,293,328,328,328,348,379,379,95,95,95,226,226,246,264,282,47,112,112,112,17,17,61,86,86,86,127,127,127,127,127,8,41,41,41],"floor_reached":55,"language":"ENG","playtime":3733,"items_purged":["Strike_R","Strike_R","Strike_R"],"score":1098,"play_id":"5c2e2db6-bc0b-425f-a5d6-526b238c8d22","local_time":"20210130194944","is_ascension_mode":true,"campfire_choices":[{"data":"Body Slam","floor":8,"key":"SMITH"},{"data":"Entrench","floor":15,"key":"SMITH"},{"data":"Juggernaut","floor":23,"key":"SMITH"},{"floor":25,"key":"RECALL"},{"data":"Shrug It Off","floor":29,"key":"SMITH"},{"data":"Shrug It Off","floor":32,"key":"SMITH"},{"floor":41,"key":"REST"},{"floor":46,"key":"REST"},{"floor":49,"key":"REST"},{"floor":52,"key":"REST"}],"circlet_count":0,"master_deck":["Strike_R+1","Defend_R","Defend_R","Defend_R","Defend_R","Bash+1","Shrug It Off+1","Body Slam+1","Evolve","Shrug It Off","Iron Wave+1","Entrench+1","Metallicize","Juggernaut+1","Iron Wave+1","Shrug It Off+1","Shrug It Off","Disarm+1","Body Slam+1","Warcry+1","Shrug It Off","Offering","Mayhem","Jack Of All Trades","Entrench","Shrug It Off","Shrug It Off","Entrench+1"],"relics":["Burning Blood","Happy Flower","Bottled Lightning","Golden Idol","White Beast Statue","Runic Dome","The Courier","Whetstone","Orrery","Fusion Hammer","Thread and Needle","Gremlin Horn","Pantograph","Mercury Hourglass","DollysMirror","TungstenRod"],"acts_visited":["Exordium","TheCity","TheBeyond","TheEnding"],"potions_floor_usage":[6,6,11,16,18,21,22,22,24,28,33,37,50,54,55],"damage_taken":[{"damage":7,"enemies":"Small Slimes","floor":1,"turns":4},{"damage":16,"enemies":"Cultist","floor":3,"turns":4},{"damage":4,"enemies":"Jaw Worm","floor":4,"turns":4},{"damage":26,"enemies":"Gremlin Nob","floor":6,"turns":5},{"damage":5,"enemies":"3 Louse","floor":7,"turns":5},{"damage":7,"enemies":"Lagavulin","floor":11,"turns":6},{"damage":3,"enemies":"Blue Slaver","floor":13,"turns":3},{"damage":4,"enemies":"Large Slime","floor":14,"turns":7},{"damage":14,"enemies":"The Guardian","floor":16,"turns":15},{"damage":6,"enemies":"2 Thieves","floor":18,"turns":4},{"damage":0,"enemies":"Shell Parasite","floor":19,"turns":5},{"damage":12,"enemies":"Centurion and Healer","floor":21,"turns":6},{"damage":2,"enemies":"3 Cultists","floor":22,"turns":5},{"damage":2,"enemies":"Book of Stabbing","floor":24,"turns":6},{"damage":7,"enemies":"Snecko","floor":27,"turns":5},{"damage":9,"enemies":"Gremlin Leader","floor":28,"turns":6},{"damage":0,"enemies":"Collector","floor":33,"turns":7},{"damage":0,"enemies":"3 Shapes","floor":35,"turns":3},{"damage":8,"enemies":"3 Darklings","floor":36,"turns":5},{"damage":6,"enemies":"Spire Growth","floor":37,"turns":3},{"damage":25,"enemies":"2 Orb Walkers","floor":39,"turns":5},{"damage":11,"enemies":"Nemesis","floor":44,"turns":7},{"damage":6,"enemies":"Transient","floor":45,"turns":5},{"damage":6,"enemies":"Giant Head","floor":48,"turns":6},{"damage":7,"enemies":"Donu and Deca","floor":50,"turns":6},{"damage":30,"enemies":"Shield and Spear","floor":54,"turns":4},{"damage":104,"enemies":"The Heart","floor":55,"turns":9}],"seed_played":"-951076232189409431","potions_obtained":[{"floor":2,"key":"Strength Potion"},{"floor":2,"key":"Guardian:BlockOnCardUsePotion"},{"floor":3,"key":"PowerPotion"},{"floor":7,"key":"LiquidBronze"},{"floor":13,"key":"DuplicationPotion"},{"floor":14,"key":"SkillPotion"},{"floor":16,"key":"champ:CounterPotion"},{"floor":18,"key":"BlessingOfTheForge"},{"floor":21,"key":"Block Potion"},{"floor":22,"key":"ColorlessPotion"},{"floor":24,"key":"SpeedPotion"},{"floor":27,"key":"Strength Potion"},{"floor":28,"key":"FearPotion"},{"floor":33,"key":"Dexterity Potion"},{"floor":36,"key":"Block Potion"},{"floor":37,"key":"Strength Potion"},{"floor":45,"key":"PowerPotion"},{"floor":54,"key":"sneckomod:MuddlingPotion"}],"is_trial":false,"path_per_floor":["M","?","M","M","?","E","M","R","T","?","E","?","M","M","R","B",null,"M","M","$","M","M","R","E","R","T","M","E","R","$","?","R","B",null,"M","M","M","$","?","?","R","$","T","E","M","R","$","E","R","B",null,"R","$","E","B"],"character_chosen":"IRONCLAD","items_purchased":["Shrug It Off","FairyPotion","Orrery","Mayhem","Entrench","Shrug It Off","DollysMirror"],"campfire_rested":4,"item_purchase_floors":[20,30,30,38,42,42,53],"current_hp_per_floor":[71,71,61,63,63,43,44,44,44,44,43,61,64,66,66,58,70,70,74,74,68,72,72,74,74,74,73,70,70,70,70,70,74,74,74,72,72,72,53,53,74,74,74,69,69,74,74,74,74,73,74,74,74,50,0,0],"gold":41,"neow_bonus":"UPGRADE_CARD","is_daily":false,"chose_seed":false,"campfire_upgraded":5,"win_rate":0.0,"timestamp":1612054184,"path_taken":["M","?","?","M","?","E","?","R","T","?","E","?","M","M","R","BOSS","M","M","$","M","M","R","E","R","T","M","E","R","$","?","R","BOSS","M","M","M","$","?","?","R","?","T","E","M","R","$","E","R","BOSS","R","$","E","BOSS"],"items_purchased_type":["Card","Potion","Relic","Card","Card","Card","Relic"],"build_version":"2020-12-22","purchased_purges":3,"victory":false,"max_hp_per_floor":[80,80,80,80,80,80,80,80,80,74,74,74,74,74,74,74,74,74,74,74,74,74,74,74,74,74,74,74,74,74,74,74,74,74,74,74,74,74,74,74,74,74,74,74,74,74,74,74,74,74,74,74,74,74,74,74],"card_choices":[{"not_picked":["Havoc","Disarm"],"picked":"Shrug It Off","floor":1},{"not_picked":["Heavy Blade","Wild Strike"],"picked":"Body Slam","floor":3},{"not_picked":["Reckless Charge","Warcry"],"picked":"Evolve","floor":4},{"not_picked":["Clothesline","Cleave"],"picked":"Shrug It Off","floor":6},{"not_picked":["Clothesline","Perfected Strike"],"picked":"Iron Wave","floor":7},{"not_picked":["Thunderclap","Fiend Fire"],"picked":"Entrench","floor":11},{"not_picked":["Infernal Blade","Dark Embrace","Wild Strike"],"picked":"SKIP","floor":13},{"not_picked":["Spot Weakness","Heavy Blade"],"picked":"Metallicize","floor":14},{"not_picked":["Offering","Berserk"],"picked":"Juggernaut","floor":16},{"not_picked":["Thunderclap","Pommel Strike+1"],"picked":"Iron Wave+1","floor":18},{"not_picked":["Havoc","Warcry","Thunderclap"],"picked":"SKIP","floor":19},{"not_picked":["Sentinel","Heavy Blade","Iron Wave"],"picked":"SKIP","floor":21},{"not_picked":["Heavy Blade+1","Power Through"],"picked":"Shrug It Off","floor":22},{"not_picked":["Brutality","Anger","Pommel Strike"],"picked":"SKIP","floor":24},{"not_picked":["Warcry","Havoc","Twin Strike"],"picked":"SKIP","floor":27},{"not_picked":["Shockwave","Heavy Blade+1"],"picked":"Disarm+1","floor":28},{"not_picked":["Havoc+1","Exhume"],"picked":"Body Slam+1","floor":30},{"not_picked":["Shockwave","True Grit"],"picked":"Warcry+1","floor":30},{"not_picked":["Cleave","Bloodletting"],"picked":"Shrug It Off","floor":30},{"not_picked":["Demon Form","Immolate"],"picked":"Offering","floor":33},{"not_picked":["Cleave+1","Sentinel","Clothesline"],"picked":"SKIP","floor":35},{"not_picked":["Headbutt+1","Hemokinesis+1","Power Through"],"picked":"SKIP","floor":36},{"not_picked":["Heavy Blade+1","Dropkick+1","Combust"],"picked":"SKIP","floor":37},{"not_picked":["Madness","Impatience"],"picked":"Jack Of All Trades","floor":40},{"not_picked":["Thunderclap","Carnage+1","Iron Wave"],"picked":"SKIP","floor":44},{"not_picked":["Evolve+1","Pommel Strike","Clothesline"],"picked":"SKIP","floor":45},{"not_picked":["Wild Strike","Twin Strike"],"picked":"Shrug It Off","floor":48},{"not_picked":["Clothesline","Clash+1","Shockwave+1"],"picked":"SKIP","floor":54}],"player_experience":828255,"relics_obtained":[{"floor":6,"key":"Happy Flower"},{"floor":9,"key":"Bottled Lightning"},{"floor":11,"key":"White Beast Statue"},{"floor":24,"key":"The Courier"},{"floor":28,"key":"Whetstone"},{"floor":39,"key":"Thread and Needle"},{"floor":43,"key":"Gremlin Horn"},{"floor":44,"key":"Pantograph"},{"floor":48,"key":"Mercury Hourglass"},{"floor":54,"key":"TungstenRod"}],"event_choices":[{"damage_healed":0,"gold_gain":0,"player_choice":"Bought 2 Potions","damage_taken":0,"max_hp_gain":0,"max_hp_loss":0,"event_name":"The Woman in Blue","floor":2,"gold_loss":0},{"cards_removed":["Strike_R"],"damage_healed":0,"gold_gain":0,"player_choice":"Offered Basic","damage_taken":0,"max_hp_gain":0,"max_hp_loss":0,"event_name":"Bonfire Elementals","floor":5,"gold_loss":0},{"damage_healed":0,"gold_gain":0,"player_choice":"Lose Max HP","damage_taken":0,"relics_obtained":["Golden Idol"],"max_hp_gain":0,"max_hp_loss":6,"event_name":"Golden Idol","floor":10,"gold_loss":0},{"damage_healed":18,"gold_gain":0,"player_choice":"Healed","damage_taken":0,"max_hp_gain":0,"max_hp_loss":0,"event_name":"The Cleric","floor":12,"gold_loss":35},{"damage_healed":0,"gold_gain":0,"player_choice":"Ignored","damage_taken":0,"max_hp_gain":0,"max_hp_loss":0,"event_name":"Vampires","floor":31,"gold_loss":0},{"damage_healed":0,"gold_gain":0,"player_choice":"Fight","damage_taken":0,"max_hp_gain":0,"max_hp_loss":0,"event_name":"Mysterious Sphere","floor":39,"gold_loss":0},{"damage_healed":0,"gold_gain":0,"player_choice":"Memory 1","damage_taken":0,"max_hp_gain":0,"max_hp_loss":0,"event_name":"SensoryStone","floor":40,"gold_loss":0}],"is_beta":false,"boss_relics":[{"not_picked":["SacredBark","bronze:MakeshiftBattery"],"picked":"Runic Dome"},{"not_picked":["Tiny House","Philosopher\u0027s Stone"],"picked":"Fusion Hammer"}],"items_purged_floors":[20,30,38],"is_endless":false,"potions_floor_spawned":[3,7,13,14,16,18,19,21,22,24,27,28,33,35,36,37,39,44,45,48,54],"killed_by":"The Heart","ascension_level":6}}