{"host":"zwuytn9vh5b8tdl7","time":1612115491,"event":{"mods":["AchievementEnabler","BaseMod","Colored Powertips","GifTheSpireLib","Minty Spire (QoL Compilation)","Rare Cards Sparkle","StSLib","The Animator"],"gold_per_floor":[122,397,417,430,460,460,460],"floor_reached":6,"language":"ENG","playtime":357,"items_purged":[],"score":38,"play_id":"aa34e058-8540-473c-9542-94a54eef0a5e","local_time":"20210131125131","is_ascension_mode":false,"campfire_choices":[],"circlet_count":0,"master_deck":["animator:Strike_Fate","animator:Defend_Fate","animator:Strike","animator:Strike","animator:Strike","animator:Defend","animator:Defend","animator:Defend","animator:Alexander","animator:Rider","animator:HomuraAkemi","animator:Shinoa","Regret","animator:Saitama","animator:HiiragiShinya","animator:ShinjiMatou"],"relics":["animator:LivingPicture","animator:TheMissingPiece"],"acts_visited":["Exordium"],"potions_floor_usage":[6,6],"damage_taken":[{"damage":0.0,"enemies":"Small Slimes","floor":1.0,"turns":5.0},{"damage":22.0,"enemies":"Cultist","floor":3.0,"turns":7.0},{"damage":8.0,"enemies":"Jaw Worm","floor":4.0,"turns":6.0},{"damage":22.0,"enemies":"Exordium Wildlife","floor":5.0,"turns":6.0},{"damage":16,"enemies":"Gremlin Nob","floor":6,"turns":3}],"seed_played":"-1415469250249865013","potions_obtained":[{"floor":3.0,"key":"CultistPotion"},{"floor":5,"key":"Ancient Potion"}],"is_trial":false,"path_per_floor":["M","?","M","M","M","E"],"character_chosen":"THE_ANIMATOR","items_purchased":[],"campfire_rested":0,"item_purchase_floors":[],"current_hp_per_floor":[66,66,44,37,15,0,0],"gold":460,"neow_bonus":"ONE_RANDOM_RARE_CARD","is_daily":false,"chose_seed":false,"campfire_upgraded":0,"win_rate":0.0,"timestamp":1612115491,"path_taken":["M","?","?","M","M","E"],"items_purchased_type":[],"build_version":"2020-12-22","purchased_purges":0,"victory":false,"max_hp_per_floor":[66,66,66,67,67,67,67],"card_choices":[{"not_picked":["animator:Gillette","animator:Verdia"],"picked":"animator:Shinoa","floor":1.0},{"not_picked":["animator:Hakurou","animator:Shinoa"],"picked":"animator:Saitama","floor":3.0},{"not_picked":["animator:Berserker","animator:Verdia"],"picked":"animator:HiiragiShinya","floor":4.0},{"not_picked":["animator:Illya","animator:RinTohsaka"],"picked":"animator:ShinjiMatou","floor":5}],"player_experience":354210,"relics_obtained":[],"event_choices":[{"damage_healed":0.0,"max_hp_gain":0.0,"max_hp_loss":0.0,"gold_gain":275.0,"event_name":"Golden Shrine","player_choice":"Desecrate","floor":2.0,"gold_loss":0.0,"damage_taken":0.0,"cards_obtained":["Regret"]}],"is_beta":false,"boss_relics":[],"items_purged_floors":[],"is_endless":false,"potions_floor_spawned":[3,5],"killed_by":"Gremlin Nob","ascension_level":0}}