{"host":"s5i48q09v0un9rqc","time":1612083460,"event":{"mods":["BaseMod","BetterRewards","Highlight Path","Minty Spire (QoL Compilation)","Rare Cards Sparkle","Shop Mod"],"gold_per_floor":[118,129,144,162,162,162,192,192,192,209,235,253,271,304,304,383,383,394,125,139,159,169,201,212,239,239,239,259,259,271,302,302,376,376,396,406,120,136,162,193,193,227,227,227,77,107,124,155,155,155,155,155,51,82,82],"floor_reached":56,"language":"ZHS","playtime":2399,"items_purged":["Strike_R","Strike_R","Strike_R","Strike_R","Defend_R"],"score":3548,"play_id":"1905a288-336b-43c9-89cd-95ddf1a07e41","local_time":"20210131165740","is_ascension_mode":true,"campfire_choices":[{"data":"Whirlwind","floor":6.0,"key":"SMITH"},{"data":"Limit Break","floor":8.0,"key":"SMITH"},{"data":"Entrench","floor":15.0,"key":"SMITH"},{"data":"Barricade","floor":27.0,"key":"SMITH"},{"data":"Battle Trance","floor":29.0,"key":"SMITH"},{"data":"Bloodletting","floor":32.0,"key":"SMITH"},{"data":"Dark Embrace","floor":41.0,"key":"SMITH"},{"data":"Strike_R","floor":44.0,"key":"PURGE"},{"floor":49.0,"key":"RECALL"},{"data":"Bash","floor":52.0,"key":"PURGE"}],"circlet_count":0,"master_deck":["AscendersBane","Defend_R","Defend_R","Defend_R","Whirlwind+1","Spot Weakness+1","Barricade+1","Limit Break+1","Battle Trance+1","Entrench+1","Reaper","Power Through+1","Feel No Pain","Bloodletting+1","Berserk","Dark Embrace+1","Shockwave+1","Armaments+1","Evolve"],"relics":["Burning Blood","Lee\u0027s Waffle","Anchor","Orichalcum","Bronze Scales","Chemical X","Happy Flower","MerchantsRug","White Beast Statue","Toy Ornithopter","SlaversCollar","OrangePellets","Gambling Chip","TungstenRod","Bag of Preparation","Mercury Hourglass","Philosopher\u0027s Stone","TheAbacus","Centennial Puzzle","Juzu Bracelet","Pen Nib","Vajra","MealTicket","Membership Card","War Paint","Oddly Smooth Stone"],"acts_visited":["Exordium","TheCity","TheBeyond","TheEnding"],"potions_floor_usage":[55],"damage_taken":[{"damage":1.0,"enemies":"Cultist","floor":1.0,"turns":3.0},{"damage":0.0,"enemies":"Small Slimes","floor":2.0,"turns":3.0},{"damage":0.0,"enemies":"Jaw Worm","floor":3.0,"turns":4.0},{"damage":0.0,"enemies":"Blue Slaver","floor":4.0,"turns":2.0},{"damage":28.0,"enemies":"Lagavulin","floor":7.0,"turns":6.0},{"damage":0.0,"enemies":"Red Slaver","floor":10.0,"turns":2.0},{"damage":0.0,"enemies":"3 Sentries","floor":11.0,"turns":2.0},{"damage":0.0,"enemies":"2 Fungi Beasts","floor":12.0,"turns":1.0},{"damage":0.0,"enemies":"Exordium Wildlife","floor":13.0,"turns":2.0},{"damage":0.0,"enemies":"Gremlin Nob","floor":14.0,"turns":2.0},{"damage":22.0,"enemies":"The Guardian","floor":16.0,"turns":9.0},{"damage":17.0,"enemies":"Chosen","floor":18.0,"turns":4.0},{"damage":33.0,"enemies":"3 Byrds","floor":20.0,"turns":4.0},{"damage":18.0,"enemies":"Snake Plant","floor":21.0,"turns":5.0},{"damage":62.0,"enemies":"Shelled Parasite and Fungi","floor":22.0,"turns":8.0},{"damage":43.0,"enemies":"Book of Stabbing","floor":23.0,"turns":5.0},{"damage":12.0,"enemies":"Cultist and Chosen","floor":24.0,"turns":3.0},{"damage":9.0,"enemies":"Gremlin Leader","floor":25.0,"turns":7.0},{"damage":0.0,"enemies":"3 Cultists","floor":28.0,"turns":3.0},{"damage":0.0,"enemies":"Chosen and Byrds","floor":30.0,"turns":5.0},{"damage":2.0,"enemies":"Slavers","floor":31.0,"turns":1.0},{"damage":4.0,"enemies":"Automaton","floor":33.0,"turns":6.0},{"damage":2.0,"enemies":"3 Darklings","floor":35.0,"turns":1.0},{"damage":34.0,"enemies":"3 Shapes","floor":36.0,"turns":2.0},{"damage":9.0,"enemies":"Transient","floor":38.0,"turns":5.0},{"damage":2.0,"enemies":"Nemesis","floor":40.0,"turns":4.0},{"damage":4.0,"enemies":"Reptomancer","floor":42.0,"turns":3.0},{"damage":4.0,"enemies":"Giant Head","floor":46.0,"turns":4.0},{"damage":2.0,"enemies":"Sphere and 2 Shapes","floor":47.0,"turns":4.0},{"damage":2.0,"enemies":"Nemesis","floor":48.0,"turns":5.0},{"damage":21.0,"enemies":"Time Eater","floor":50.0,"turns":5.0},{"damage":39.0,"enemies":"Shield and Spear","floor":54.0,"turns":3.0},{"damage":8,"enemies":"The Heart","floor":55,"turns":7}],"seed_played":"8497743506776338560","potions_obtained":[{"floor":1.0,"key":"Energy Potion"},{"floor":2.0,"key":"Fire Potion"},{"floor":4.0,"key":"FairyPotion"},{"floor":11.0,"key":"Strength Potion"},{"floor":14.0,"key":"SpeedPotion"},{"floor":18.0,"key":"Ancient Potion"},{"floor":20.0,"key":"HeartOfIron"},{"floor":21.0,"key":"Swift Potion"},{"floor":22.0,"key":"Dexterity Potion"},{"floor":23.0,"key":"BloodPotion"},{"floor":24.0,"key":"SmokeBomb"},{"floor":28.0,"key":"Weak Potion"},{"floor":30.0,"key":"Swift Potion"},{"floor":31.0,"key":"LiquidMemories"},{"floor":33.0,"key":"ElixirPotion"},{"floor":35.0,"key":"SteroidPotion"},{"floor":38.0,"key":"SpeedPotion"},{"floor":40.0,"key":"AttackPotion"},{"floor":47.0,"key":"PowerPotion"}],"is_trial":false,"path_per_floor":["M","M","M","M","?","R","E","R","T","M","E","M","M","E","R","B",null,"M","$","M","M","M","E","M","E","T","R","M","R","M","E","R","B",null,"M","M","$","M","T","E","R","E","T","R","$","E","M","E","R","B",null,"R","$","E","B",null],"character_chosen":"IRONCLAD","items_purchased":["Calipers","Lee\u0027s Waffle","Anchor","Orichalcum","Bronze Scales","Whirlwind","Spot Weakness","Chemical X","Happy Flower","MerchantsRug","White Beast Statue","OrangePellets","TheAbacus","Membership Card","War Paint","SpeedPotion"],"campfire_rested":0,"item_purchase_floors":[0,0,0,0,0,0,0,0,0,0,0,19,37,53,53,53],"current_hp_per_floor":[82,82,82,82,82,82,67,67,67,73,84,89,89,89,89,73,85,86,86,70,63,31,9,39,77,77,77,83,83,89,89,89,89,89,89,61,61,89,89,89,89,89,89,89,89,89,89,89,89,74,85,85,89,89,89],"gold":82,"neow_bonus":"","is_daily":false,"chose_seed":false,"campfire_upgraded":7,"win_rate":0.0,"timestamp":1612083460,"path_taken":["M","M","M","M","?","R","E","R","T","M","E","M","?","E","R","BOSS","M","$","M","M","M","E","M","E","T","R","M","R","?","E","R","BOSS","M","M","$","M","?","E","R","E","T","R","$","E","M","E","R","BOSS","R","$","E","BOSS"],"items_purchased_type":["Relic","Relic","Relic","Relic","Relic","Card","Card","Relic","Relic","Relic","Relic","Relic","Relic","Relic","Relic","Potion"],"build_version":"2020-12-22","purchased_purges":5,"victory":true,"max_hp_per_floor":[82,82,82,82,82,82,89,89,89,89,89,89,89,89,89,89,89,89,89,89,89,89,89,89,89,89,89,89,89,89,89,89,89,89,89,89,89,89,89,89,89,89,89,89,89,89,89,89,89,89,89,89,89,89,89],"card_choices":[{"not_picked":["Flex","Whirlwind","Dual Wield"],"picked":"SKIP","floor":1.0},{"not_picked":["Heavy Blade","Seeing Red","Rupture"],"picked":"SKIP","floor":2.0},{"not_picked":["Spot Weakness","Wild Strike","Anger"],"picked":"SKIP","floor":3.0},{"not_picked":["Havoc","Clash"],"picked":"Barricade","floor":4.0},{"not_picked":["Anger","Flex"],"picked":"Battle Trance","floor":7.0},{"not_picked":["Body Slam","Thunderclap","Iron Wave"],"picked":"SKIP","floor":10.0},{"not_picked":["Havoc","Heavy Blade","Immolate"],"picked":"SKIP","floor":11.0},{"not_picked":["Warcry","Twin Strike","Sword Boomerang"],"picked":"SKIP","floor":12.0},{"not_picked":["Iron Wave","Entrench","Thunderclap"],"picked":"SKIP","floor":13.0},{"not_picked":["Iron Wave","Thunderclap"],"picked":"Entrench","floor":13.0},{"not_picked":["Anger","Rupture","Heavy Blade"],"picked":"SKIP","floor":14.0},{"not_picked":["Impervious","Juggernaut"],"picked":"Reaper","floor":16.0},{"not_picked":["Havoc","Disarm"],"picked":"Power Through","floor":18.0},{"not_picked":["Twin Strike+1","Dual Wield+1","Intimidate+1"],"picked":"SKIP","floor":20.0},{"not_picked":["Sentinel","Clash+1","Flame Barrier"],"picked":"SKIP","floor":21.0},{"not_picked":["Battle Trance","Perfected Strike","Dropkick"],"picked":"SKIP","floor":22.0},{"not_picked":["Perfected Strike+1","Exhume","Shockwave"],"picked":"SKIP","floor":23.0},{"not_picked":["Rampage","True Grit","Warcry"],"picked":"SKIP","floor":24.0},{"not_picked":["Wild Strike","Cleave"],"picked":"Feel No Pain","floor":25.0},{"not_picked":["Headbutt","True Grit","Wild Strike"],"picked":"SKIP","floor":28.0},{"not_picked":["Dark Embrace","Flex"],"picked":"Bloodletting","floor":30.0},{"not_picked":["Immolate","Wild Strike","True Grit"],"picked":"SKIP","floor":31.0},{"not_picked":["Brutality","Limit Break"],"picked":"Berserk","floor":33.0},{"not_picked":["Fire Breathing","Iron Wave","Perfected Strike"],"picked":"SKIP","floor":35.0},{"not_picked":["Flex","Bloodletting"],"picked":"Dark Embrace","floor":36.0},{"not_picked":["Rupture+1","True Grit","Havoc"],"picked":"SKIP","floor":38.0},{"not_picked":["Body Slam+1","Wild Strike"],"picked":"Shockwave+1","floor":40.0},{"not_picked":["Blood for Blood","Body Slam","Flex"],"picked":"SKIP","floor":42.0},{"not_picked":["Armaments","Disarm","Reckless Charge"],"picked":"SKIP","floor":46.0},{"not_picked":["Bludgeon","Shrug It Off+1"],"picked":"Armaments+1","floor":47.0},{"not_picked":["Uppercut","Shrug It Off","Sword Boomerang+1"],"picked":"SKIP","floor":48.0},{"not_picked":["Sentinel","Searing Blow"],"picked":"Evolve","floor":54.0}],"player_experience":824335,"relics_obtained":[{"floor":7.0,"key":"Strawberry"},{"floor":9.0,"key":"Toy Ornithopter"},{"floor":11.0,"key":"Darkstone Periapt"},{"floor":14.0,"key":"Peace Pipe"},{"floor":23.0,"key":"Gambling Chip"},{"floor":25.0,"key":"TungstenRod"},{"floor":26.0,"key":"Bag of Preparation"},{"floor":31.0,"key":"Mercury Hourglass"},{"floor":39.0,"key":"Centennial Puzzle"},{"floor":40.0,"key":"Juzu Bracelet"},{"floor":42.0,"key":"Pen Nib"},{"floor":46.0,"key":"Vajra"},{"floor":48.0,"key":"MealTicket"},{"floor":54.0,"key":"Oddly Smooth Stone"}],"event_choices":[{"damage_healed":0.0,"max_hp_gain":0.0,"max_hp_loss":0.0,"gold_gain":0.0,"event_name":"Match and Keep!","player_choice":"1 cards matched","floor":5.0,"gold_loss":0.0,"damage_taken":0.0,"cards_obtained":["Limit Break"]}],"is_beta":false,"boss_relics":[{"not_picked":["Pandora\u0027s Box","Fusion Hammer"],"picked":"SlaversCollar"},{"not_picked":["Runic Cube","Cursed Key"],"picked":"Philosopher\u0027s Stone"}],"items_purged_floors":[0,19,37,45,53],"is_endless":false,"potions_floor_spawned":[1,2,3,4,7,10,11,12,13,14,16,18,20,21,22,23,24,25,28,30,31,33,35,36,38,40,42,46,47,48,54],"ascension_level":19}}