{"host":"xmr2g8b7eju0288o","time":1612073777,"event":{"mods":["100% Spire Juice","AchievementEnabler","BaseMod","Colored Map","Colored Powertips","KOR Keyword Fix","Minty Spire (QoL Compilation)","Quick Restart","Spicy Shops","StSLib","SuperFastMode"],"gold_per_floor":[419,494,509,509,526,166,176,204,204,204,204,204,239,259,259,336,96,114,64,89,104,123,123,156,183,234,234,263,263,297,313,313,390,390,408,134,150,150,185,215,225,255,255,271,298,298,323,336,336,414,485,485,497,517,541,216,141,141,155,187,212,242,242,256,291,311,311,385,385,397,174,194,194,227,227,258,271,296,296,325,325,357,370,370,444,444,460,460,460,477,502,502,535,32,66,84,113,113,141,171,171,245,319,319,337,412,442,467,485,485,11,31,63,79,111,123,142,156,156,228,228,241,274,284,309,234,234,253,279,309,326,353,386,418,432,432,506,506,506,506],"floor_reached":139,"language":"KOR","playtime":5360,"items_purged":[],"score":10502,"play_id":"c568ab8d-07ed-4643-ad41-3aaf89ff62f4","local_time":"20210131151617","daily_mods":["Hoarder","Heirloom","DeadlyEvents","Elite Swarm"],"is_ascension_mode":true,"campfire_choices":[{"floor":6.0,"key":"REST"},{"data":"Moonworks:AnotherUltimateWeapon","floor":10.0,"key":"SMITH"},{"data":"Moonworks:AnotherUltimateWeapon","floor":12.0,"key":"SMITH"},{"floor":15.0,"key":"REST"},{"floor":23.0,"key":"REST"},{"floor":27.0,"key":"REST"},{"data":"Moonworks:GoAway","floor":29.0,"key":"SMITH"},{"data":"Moonworks:GoAway","floor":32.0,"key":"SMITH"},{"floor":46.0,"key":"REST"},{"floor":49.0,"key":"DIG"},{"floor":58.0,"key":"DIG"},{"floor":63.0,"key":"DIG"},{"floor":67.0,"key":"DIG"},{"floor":75.0,"key":"DIG"},{"floor":79.0,"key":"DIG"},{"floor":81.0,"key":"DIG"},{"floor":84.0,"key":"DIG"},{"floor":92.0,"key":"DIG"},{"floor":98.0,"key":"DIG"},{"floor":101.0,"key":"DIG"},{"floor":110.0,"key":"DIG"},{"floor":119.0,"key":"DIG"},{"floor":127.0,"key":"DIG"},{"floor":136.0,"key":"DIG"}],"circlet_count":0,"master_deck":["AscendersBane","Moonworks:Strike+1","Moonworks:Strike","Moonworks:Strike+1","Moonworks:Defend","Moonworks:Defend","Moonworks:Defend+1","Moonworks:Defend","Moonworks:Ambush+1","Moonworks:LongDistanceShot","Moonworks:EvilSpyWorkPreparation","Moonworks:EvilSpyWorkPreparation+1","Moonworks:EvilSpyWorkPreparation","Moonworks:AnotherUltimateWeapon+1","Moonworks:AnotherUltimateWeapon+1","Moonworks:AnotherUltimateWeapon+1","Moonworks:GoAway","Moonworks:GoAway+1","Moonworks:GoAway+1","Moonworks:MetallicMonocoque+1","Moonworks:MetallicMonocoque+1","Moonworks:MetallicMonocoque+1","Moonworks:NicePresent","Moonworks:NicePresent","Moonworks:NicePresent","Moonworks:UnpaidWork+1","Moonworks:UnpaidWork+1","Moonworks:UnpaidWork+1","Moonworks:Accelerator+1","Moonworks:Accelerator+1","Moonworks:Accelerator+1","Moonworks:GoAway+1","Moonworks:GoAway+1","Moonworks:GoAway+1","Moonworks:NicePresent+1","Moonworks:NicePresent+1","Moonworks:NicePresent+1","Moonworks:NicePresent+1","Moonworks:NicePresent+1","Moonworks:NicePresent+1","Moonworks:CrystalBarrier+1","Moonworks:CrystalBarrier+1","Moonworks:Accelerator+1","Moonworks:Accelerator+1","Moonworks:Accelerator+1","Moonworks:EvilSpyWorkPreparation+1","Moonworks:EvilSpyWorkPreparation+1","Moonworks:EvilSpyWorkPreparation+1","Moonworks:AnotherUltimateWeapon+1","Moonworks:AnotherUltimateWeapon+1","Moonworks:AnotherUltimateWeapon+1","Moonworks:AnotherUltimateWeapon+1","Moonworks:AnotherUltimateWeapon+1","Moonworks:AnotherUltimateWeapon+1","Moonworks:AnotherUltimateWeapon+1","Moonworks:AnotherUltimateWeapon+1","Moonworks:AnotherUltimateWeapon+1","Moonworks:Blazing+1","Moonworks:Blazing+1","Moonworks:Blazing+1","Moonworks:EvilSpyWorkPreparation+1","Moonworks:EvilSpyWorkPreparation+1","Moonworks:EvilSpyWorkPreparation+1","Moonworks:AnotherUltimateWeapon+1","Moonworks:AnotherUltimateWeapon+1","Moonworks:AnotherUltimateWeapon+1"],"relics":["Moonworks:SBBomb","Moonworks:Homemark","Old Coin","Shuriken","Mango","Incense Burner","Runic Pyramid","Moonworks:LittleGull","Kunai","Orichalcum","War Paint","Omamori","Strawberry","Black Star","Frozen Egg 2","PreservedInsect","Calipers","FossilizedHelix","Eternal Feather","Tiny Chest","Regal Pillow","Toxic Egg 2","Sundial","HornCleat","Shovel","Gremlin Horn","Calling Bell","Bag of Preparation","InkBottle","Turnip","Odd Mushroom","Strange Spoon","Bag of Marbles","Pen Nib","Akabeko","Whetstone","Boot","Busted Crown","Lantern","Ornamental Fan","Centennial Puzzle","The Courier","Anchor","Unceasing Top","Prayer Wheel","Chemical X","Oddly Smooth Stone","Vajra","Potion Belt","Nunchaku","StrikeDummy","Coffee Dripper","Dream Catcher","Membership Card","Bottled Lightning","Happy Flower","Mercury Hourglass","Toy Ornithopter","Darkstone Periapt","SlaversCollar","Red Mask","Art of War","Gambling Chip"],"acts_visited":["Exordium","TheCity","TheBeyond","Exordium","TheCity","TheBeyond","Exordium","TheCity","TheBeyond"],"potions_floor_usage":[],"damage_taken":[{"damage":12.0,"enemies":"Small Slimes","floor":1.0,"turns":4.0},{"damage":8.0,"enemies":"2 Louse","floor":3.0,"turns":3.0},{"damage":6.0,"enemies":"Cultist","floor":5.0,"turns":3.0},{"damage":5.0,"enemies":"2 Fungi Beasts","floor":7.0,"turns":2.0},{"damage":31.0,"enemies":"Lagavulin","floor":8.0,"turns":7.0},{"damage":3.0,"enemies":"3 Sentries","floor":13.0,"turns":4.0},{"damage":0.0,"enemies":"3 Louse","floor":14.0,"turns":3.0},{"damage":32.0,"enemies":"The Guardian","floor":16.0,"turns":6.0},{"damage":4.0,"enemies":"Shell Parasite","floor":18.0,"turns":3.0},{"damage":29.0,"enemies":"Gremlin Leader","floor":20.0,"turns":4.0},{"damage":0.0,"enemies":"Chosen","floor":21.0,"turns":3.0},{"damage":0.0,"enemies":"Centurion and Healer","floor":22.0,"turns":3.0},{"damage":0.0,"enemies":"Slavers","floor":24.0,"turns":3.0},{"damage":4.0,"enemies":"Gremlin Leader","floor":25.0,"turns":5.0},{"damage":0.0,"enemies":"Book of Stabbing","floor":28.0,"turns":5.0},{"damage":2.0,"enemies":"Slavers","floor":30.0,"turns":5.0},{"damage":1.0,"enemies":"Snecko","floor":31.0,"turns":5.0},{"damage":8.0,"enemies":"Collector","floor":33.0,"turns":6.0},{"damage":0.0,"enemies":"Orb Walker","floor":35.0,"turns":3.0},{"damage":33.0,"enemies":"3 Shapes","floor":37.0,"turns":4.0},{"damage":7.0,"enemies":"Giant Head","floor":39.0,"turns":6.0},{"damage":0.0,"enemies":"Reptomancer","floor":40.0,"turns":5.0},{"damage":7.0,"enemies":"Writhing Mass","floor":41.0,"turns":7.0},{"damage":11.0,"enemies":"Nemesis","floor":42.0,"turns":8.0},{"damage":8.0,"enemies":"Sphere and 2 Shapes","floor":44.0,"turns":3.0},{"damage":0.0,"enemies":"Reptomancer","floor":45.0,"turns":3.0},{"damage":0.0,"enemies":"Mind Bloom Boss Battle","floor":47.0,"turns":5.0},{"damage":0.0,"enemies":"Jaw Worm Horde","floor":48.0,"turns":5.0},{"damage":15.0,"enemies":"Donu and Deca","floor":50.0,"turns":8.0},{"damage":22.0,"enemies":"Time Eater","floor":51.0,"turns":8.0},{"damage":0.0,"enemies":"2 Louse","floor":53.0,"turns":2.0},{"damage":0.0,"enemies":"Cultist","floor":54.0,"turns":3.0},{"damage":0.0,"enemies":"The Mushroom Lair","floor":55.0,"turns":3.0},{"damage":0.0,"enemies":"Small Slimes","floor":59.0,"turns":2.0},{"damage":0.0,"enemies":"Lagavulin","floor":60.0,"turns":2.0},{"damage":0.0,"enemies":"3 Sentries","floor":62.0,"turns":5.0},{"damage":0.0,"enemies":"Red Slaver","floor":64.0,"turns":4.0},{"damage":0.0,"enemies":"Lagavulin","floor":65.0,"turns":4.0},{"damage":0.0,"enemies":"Exordium Thugs","floor":66.0,"turns":5.0},{"damage":0.0,"enemies":"Slime Boss","floor":68.0,"turns":7.0},{"damage":0.0,"enemies":"3 Byrds","floor":70.0,"turns":2.0},{"damage":0.0,"enemies":"2 Thieves","floor":72.0,"turns":5.0},{"damage":0.0,"enemies":"Book of Stabbing","floor":74.0,"turns":3.0},{"damage":0.0,"enemies":"Slavers","floor":76.0,"turns":3.0},{"damage":0.0,"enemies":"Snecko","floor":77.0,"turns":5.0},{"damage":0.0,"enemies":"Book of Stabbing","floor":78.0,"turns":5.0},{"damage":33.0,"enemies":"Slavers","floor":80.0,"turns":4.0},{"damage":0.0,"enemies":"Gremlin Leader","floor":82.0,"turns":6.0},{"damage":0.0,"enemies":"Snake Plant","floor":83.0,"turns":5.0},{"damage":0.0,"enemies":"Champ","floor":85.0,"turns":7.0},{"damage":0.0,"enemies":"Orb Walker","floor":87.0,"turns":5.0},{"damage":0.0,"enemies":"3 Shapes","floor":90.0,"turns":3.0},{"damage":0.0,"enemies":"Mind Bloom Boss Battle","floor":91.0,"turns":6.0},{"damage":0.0,"enemies":"Giant Head","floor":93.0,"turns":7.0},{"damage":0.0,"enemies":"Nemesis","floor":95.0,"turns":5.0},{"damage":0.0,"enemies":"Jaw Worm Horde","floor":96.0,"turns":3.0},{"damage":50.0,"enemies":"Reptomancer","floor":97.0,"turns":4.0},{"damage":0.0,"enemies":"Giant Head","floor":99.0,"turns":4.0},{"damage":0.0,"enemies":"Reptomancer","floor":100.0,"turns":6.0},{"damage":0.0,"enemies":"Donu and Deca","floor":102.0,"turns":9.0},{"damage":47.0,"enemies":"Awakened One","floor":103.0,"turns":10.0},{"damage":0.0,"enemies":"Cultist","floor":105.0,"turns":4.0},{"damage":0.0,"enemies":"Lagavulin","floor":107.0,"turns":6.0},{"damage":0.0,"enemies":"Gremlin Nob","floor":108.0,"turns":6.0},{"damage":0.0,"enemies":"Small Slimes","floor":109.0,"turns":4.0},{"damage":0.0,"enemies":"2 Louse","floor":112.0,"turns":3.0},{"damage":0.0,"enemies":"Lagavulin","floor":113.0,"turns":3.0},{"damage":0.0,"enemies":"Exordium Wildlife","floor":114.0,"turns":3.0},{"damage":0.0,"enemies":"Gremlin Nob","floor":115.0,"turns":5.0},{"damage":0.0,"enemies":"Looter","floor":116.0,"turns":2.0},{"damage":0.0,"enemies":"Lots of Slimes","floor":117.0,"turns":2.0},{"damage":0.0,"enemies":"Exordium Thugs","floor":118.0,"turns":3.0},{"damage":0.0,"enemies":"The Guardian","floor":120.0,"turns":3.0},{"damage":0.0,"enemies":"Spheric Guardian","floor":122.0,"turns":2.0},{"damage":0.0,"enemies":"Masked Bandits","floor":123.0,"turns":3.0},{"damage":24.0,"enemies":"3 Byrds","floor":124.0,"turns":2.0},{"damage":0.0,"enemies":"Gremlin Leader","floor":125.0,"turns":3.0},{"damage":0.0,"enemies":"Snecko","floor":128.0,"turns":3.0},{"damage":0.0,"enemies":"Book of Stabbing","floor":129.0,"turns":3.0},{"damage":0.0,"enemies":"Slavers","floor":130.0,"turns":3.0},{"damage":0.0,"enemies":"Chosen and Byrds","floor":131.0,"turns":3.0},{"damage":0.0,"enemies":"Gremlin Leader","floor":132.0,"turns":2.0},{"damage":0.0,"enemies":"Slavers","floor":133.0,"turns":3.0},{"damage":0.0,"enemies":"Book of Stabbing","floor":134.0,"turns":6.0},{"damage":0.0,"enemies":"Cultist and Chosen","floor":135.0,"turns":2.0},{"damage":0.0,"enemies":"Automaton","floor":137.0,"turns":4.0},{"damage":0,"enemies":"3 Darklings","floor":139,"turns":4}],"seed_played":"2938006719633395373","potions_obtained":[{"floor":7.0,"key":"FairyPotion"},{"floor":8.0,"key":"SpeedPotion"},{"floor":13.0,"key":"Weak Potion"},{"floor":18.0,"key":"PowerPotion"},{"floor":21.0,"key":"ColorlessPotion"},{"floor":37.0,"key":"PowerPotion"},{"floor":44.0,"key":"SpeedPotion"},{"floor":50.0,"key":"BlessingOfTheForge"},{"floor":77.0,"key":"SneckoOil"},{"floor":95.0,"key":"DistilledChaos"},{"floor":102.0,"key":"Dexterity Potion"},{"floor":103.0,"key":"SteroidPotion"},{"floor":108.0,"key":"Energy Potion"},{"floor":116.0,"key":"Fruit Juice"},{"floor":125.0,"key":"Strength Potion"},{"floor":135.0,"key":"Fruit Juice"},{"floor":137.0,"key":"Regen Potion"}],"is_trial":true,"path_per_floor":["M","?","M","?","M","R","M","E","T","R","?","R","E","M","R","B",null,"M","?","E","M","M","R","E","E","T","R","E","R","E","M","R","B",null,"M","$","M","$","E","E","M","E","T","M","E","R","?","M","R","B","B",null,"M","M","?","$","?","R","M","E","T","E","R","M","E","M","R","B",null,"M","$","M","?","E","R","E","M","E","R","E","R","E","M","R","B",null,"M","?","?","M","?","R","E","$","E","M","E","R","E","E","R","B","B",null,"M","?","E","E","M","R","$","M","E","M","E","M","M","M","R","B",null,"M","?","M","E","?","R","M","E","E","M","E","E","E","M","R","B",null,"M"],"character_chosen":"THE_STARBREAKER","items_purchased":["Frozen Egg 2","Strange Spoon","Bag of Marbles","Moonworks:EvilSpyWorkPreparation+1","Lantern","Chemical X","Oddly Smooth Stone","Vajra","Potion Belt","Membership Card","Bottled Lightning","Happy Flower","Mercury Hourglass","Toy Ornithopter"],"campfire_rested":5,"item_purchase_floors":[36,56,56,71,71,94,94,94,94,111,111,111,111,111],"current_hp_per_floor":[38,27,19,19,13,29,24,16,30,30,30,30,27,27,47,15,56,52,52,23,23,23,43,43,39,39,59,59,59,64,63,63,55,71,71,71,38,38,31,36,29,18,18,10,10,62,62,62,76,61,39,67,67,67,67,67,67,76,76,76,76,76,76,76,76,76,76,76,76,76,76,76,54,54,81,81,81,81,81,48,75,75,75,81,81,81,81,77,77,77,77,77,77,77,77,77,27,60,60,60,77,77,30,65,65,54,54,54,54,77,77,77,77,77,77,82,82,82,82,82,82,82,82,58,58,58,82,82,82,82,82,82,82,82,87,87,87,87,87,87],"gold":506,"neow_bonus":"","is_daily":false,"chose_seed":false,"campfire_upgraded":4,"win_rate":0.0,"timestamp":1612073777,"path_taken":["M","?","M","?","?","R","M","E","T","R","?","R","E","M","R","BOSS","M","?","?","?","M","R","E","?","T","R","E","R","E","M","R","BOSS","M","$","M","?","?","E","M","E","T","M","E","R","?","M","R","BOSS","BOSS","M","M","?","$","?","R","M","?","T","?","R","?","E","M","R","BOSS","M","$","M","?","?","R","E","M","E","R","E","R","E","M","R","BOSS","M","?","?","M","?","R","E","$","E","?","E","R","?","E","R","BOSS","BOSS","M","?","?","?","?","R","$","M","E","M","E","M","M","M","R","BOSS","M","?","M","?","?","R","M","E","E","M","E","?","E","M","R","BOSS","M"],"items_purchased_type":["Relic","Relic","Relic","Card","Relic","Relic","Relic","Relic","Relic","Relic","Relic","Relic","Relic","Relic"],"build_version":"2020-12-22","purchased_purges":0,"victory":false,"max_hp_per_floor":[55,55,55,55,55,55,55,55,69,69,69,69,69,69,69,69,69,69,69,69,69,69,69,69,69,69,69,69,69,76,76,76,76,76,76,76,76,76,76,76,76,76,76,76,76,76,76,76,76,76,76,76,76,76,76,76,76,76,76,76,76,76,76,76,76,76,76,76,76,76,76,76,81,81,81,81,81,81,81,81,81,81,81,81,81,81,81,77,77,77,77,77,77,77,77,77,77,77,77,77,77,77,77,77,77,77,77,77,77,77,77,77,77,77,77,82,82,82,82,82,82,82,82,82,82,82,82,82,82,82,82,82,82,82,87,87,87,87,87,87],"card_choices":[{"not_picked":["Moonworks:BigMagnum","Moonworks:DeployBits","Moonworks:JonathanRush"],"picked":"SKIP","floor":1.0},{"not_picked":["Moonworks:LuckyCharm","Moonworks:TreasureThief"],"picked":"Moonworks:EvilSpyWorkPreparation","floor":3.0},{"not_picked":["Moonworks:SakisCookie","Moonworks:JonathanRush","Moonworks:ForcedRevival"],"picked":"SKIP","floor":5.0},{"not_picked":["Moonworks:LulusLuckyEgg","Moonworks:StiffCrystal","Moonworks:MixPhenomenon"],"picked":"SKIP","floor":7.0},{"not_picked":["Moonworks:StarBlastingFuse","Moonworks:GoAway"],"picked":"Moonworks:AnotherUltimateWeapon","floor":8.0},{"not_picked":["Moonworks:HolyNight","Moonworks:SinkOrSwim","Moonworks:StarBlastingFuse"],"picked":"SKIP","floor":13.0},{"not_picked":["Moonworks:LulusLuckyEgg","Moonworks:Assault","Moonworks:StiffCrystal"],"picked":"SKIP","floor":14.0},{"not_picked":["Moonworks:IndiscriminateFireSupport","Moonworks:DeployBits","Moonworks:Dinner"],"picked":"SKIP","floor":18.0},{"not_picked":["Moonworks:LeapThroughSpace","Moonworks:RocketCannon","Moonworks:MeltingMemories"],"picked":"SKIP","floor":20.0},{"not_picked":["Moonworks:FinalSurgery+1","Moonworks:ForcedRevival","Moonworks:IndiscriminateFireSupport"],"picked":"SKIP","floor":21.0},{"not_picked":["Moonworks:Assault","Moonworks:ForcedRevival","Moonworks:BigMagnum+1"],"picked":"SKIP","floor":22.0},{"not_picked":["Moonworks:LeapThroughSpace","Moonworks:StarBlastingFuse"],"picked":"Moonworks:GoAway","floor":24.0},{"not_picked":["Moonworks:CrystalBarrier","Moonworks:WeAreWaruda","Moonworks:ReflectiveShell"],"picked":"SKIP","floor":25.0},{"not_picked":["Moonworks:RocketCannon","Moonworks:Encore","Moonworks:EvilMastermind"],"picked":"SKIP","floor":28.0},{"not_picked":["Moonworks:Wanted","Moonworks:SubspaceTunnel","Moonworks:Blazing"],"picked":"SKIP","floor":30.0},{"not_picked":["Moonworks:CloudOfSeagulls","Moonworks:ForcedRevival","Moonworks:Bloodlust"],"picked":"SKIP","floor":31.0},{"not_picked":["Moonworks:RedAndBlue+1","Moonworks:LulusLuckyEgg","Moonworks:IndiscriminateFireSupport+1"],"picked":"SKIP","floor":35.0},{"not_picked":["Moonworks:SakisCookie","Moonworks:JonathanRush","Moonworks:MiracleWalker"],"picked":"SKIP","floor":37.0},{"not_picked":["Moonworks:CrystalBarrier+1","Moonworks:FinalBattle+1","Moonworks:WeAreWaruda"],"picked":"SKIP","floor":39.0},{"not_picked":["Moonworks:AccelHyper","Moonworks:LeapThroughSpace+1"],"picked":"Moonworks:MetallicMonocoque+1","floor":40.0},{"not_picked":["Moonworks:EvilSpyWorkPreparation","Moonworks:SakisCookie"],"picked":"Moonworks:NicePresent","floor":41.0},{"not_picked":["Moonworks:Gamble","Moonworks:LeapThroughSpace+1","Moonworks:StarBlastingFuse"],"picked":"SKIP","floor":42.0},{"not_picked":["Moonworks:LulusLuckyEgg+1","Moonworks:ReproductionOfRecords+1","Moonworks:DeployBits+1"],"picked":"SKIP","floor":44.0},{"not_picked":["Moonworks:AccelHyper+1","Moonworks:OutOfAmmo+1","Moonworks:FinalBattle+1"],"picked":"SKIP","floor":45.0},{"not_picked":["Moonworks:BindingChains+1","Moonworks:StiffCrystal+1"],"picked":"Moonworks:UnpaidWork+1","floor":48.0},{"not_picked":["Moonworks:Gamble","Moonworks:ReflectiveShell+1"],"picked":"Moonworks:Accelerator+1","floor":50.0},{"not_picked":["Moonworks:StarBlastingFuse+1","Moonworks:LeapThroughSpace+1"],"picked":"Moonworks:GoAway+1","floor":51.0},{"not_picked":["Moonworks:BigMagnum+1","Moonworks:DevilHand","Moonworks:ImOnFire+1"],"picked":"SKIP","floor":53.0},{"not_picked":["Moonworks:MiracleWalker+1","Moonworks:DeployBits+1"],"picked":"Moonworks:NicePresent+1","floor":54.0},{"not_picked":["Moonworks:IndiscriminateFireSupport","Moonworks:DeployBits+1"],"picked":"Moonworks:NicePresent+1","floor":59.0},{"not_picked":["Moonworks:FinalBattle+1","Moonworks:RocketCannon"],"picked":"Moonworks:CrystalBarrier+1","floor":60.0},{"not_picked":["Moonworks:RocketCannon","Moonworks:FinalBattle+1"],"picked":"Moonworks:Accelerator+1","floor":62.0},{"not_picked":["Moonworks:LulusLuckyEgg+1","Moonworks:DeployBits+1","Moonworks:LuckyCharm+1"],"picked":"SKIP","floor":64.0},{"not_picked":["Moonworks:GoAway+1","Moonworks:Accelerator+1","Moonworks:FinalBattle+1"],"picked":"SKIP","floor":65.0},{"not_picked":["Moonworks:DeployBits+1","Moonworks:IndiscriminateFireSupport","Moonworks:LuckyCharm+1"],"picked":"SKIP","floor":66.0},{"not_picked":["Moonworks:Assault"],"picked":"SKIP","floor":70.0},{"not_picked":["Moonworks:SealedMemories+1"],"picked":"SKIP","floor":72.0},{"not_picked":["Moonworks:MetallicMonocoque+1"],"picked":"SKIP","floor":74.0},{"not_picked":["Moonworks:Encore+1"],"picked":"SKIP","floor":76.0},{"not_picked":["Moonworks:CloudOfSeagulls+1"],"picked":"SKIP","floor":77.0},{"not_picked":["Moonworks:MetallicMonocoque+1"],"picked":"SKIP","floor":78.0},{"not_picked":["Moonworks:MeltingMemories+1"],"picked":"SKIP","floor":80.0},{"not_picked":["Moonworks:PlushieMaster+1"],"picked":"SKIP","floor":82.0},{"not_picked":["Moonworks:JonathanRush+1"],"picked":"SKIP","floor":83.0},{"not_picked":[],"picked":"Moonworks:AnotherUltimateWeapon+1","floor":85.0},{"not_picked":["Moonworks:JonathanRush"],"picked":"SKIP","floor":87.0},{"not_picked":["Moonworks:LuckyCharm+1"],"picked":"SKIP","floor":90.0},{"not_picked":["Moonworks:GoAway+1"],"picked":"SKIP","floor":91.0},{"not_picked":["Moonworks:LeapThroughSpace+1"],"picked":"SKIP","floor":93.0},{"not_picked":["Moonworks:Wanted+1"],"picked":"SKIP","floor":95.0},{"not_picked":["Moonworks:ImOnFire+1"],"picked":"SKIP","floor":96.0},{"not_picked":["Moonworks:ImOnFire+1"],"picked":"SKIP","floor":96.0},{"not_picked":[],"picked":"Moonworks:AnotherUltimateWeapon+1","floor":97.0},{"not_picked":[],"picked":"Moonworks:AnotherUltimateWeapon+1","floor":99.0},{"not_picked":[],"picked":"Moonworks:Blazing+1","floor":100.0},{"not_picked":[],"picked":"Moonworks:EvilSpyWorkPreparation+1","floor":105.0},{"not_picked":["Moonworks:AngelHand+1"],"picked":"SKIP","floor":105.0},{"not_picked":["Moonworks:ShieldCounter+1"],"picked":"SKIP","floor":107.0},{"not_picked":["Moonworks:CrystalBarrier+1"],"picked":"SKIP","floor":108.0},{"not_picked":["Moonworks:NicePresent+1"],"picked":"SKIP","floor":109.0},{"not_picked":["Moonworks:JonathanRush"],"picked":"SKIP","floor":109.0},{"not_picked":["Moonworks:SealedMemories+1"],"picked":"SKIP","floor":112.0},{"not_picked":["Moonworks:JonathanRush"],"picked":"SKIP","floor":112.0},{"not_picked":["Moonworks:CrystalBarrier+1"],"picked":"SKIP","floor":113.0},{"not_picked":["Moonworks:AngelHand+1"],"picked":"SKIP","floor":114.0},{"not_picked":["Moonworks:MiracleWalker+1"],"picked":"SKIP","floor":114.0},{"not_picked":["Moonworks:StarBlastingFuse+1"],"picked":"SKIP","floor":115.0},{"not_picked":["Moonworks:NicePresent+1"],"picked":"SKIP","floor":116.0},{"not_picked":["Moonworks:IndiscriminateFireSupport"],"picked":"SKIP","floor":116.0},{"not_picked":["Moonworks:CastOff+1"],"picked":"SKIP","floor":117.0},{"not_picked":["Moonworks:BigBangBell+1"],"picked":"SKIP","floor":117.0},{"not_picked":["Moonworks:NicePresent+1"],"picked":"SKIP","floor":118.0},{"not_picked":["Moonworks:Dinner+1"],"picked":"SKIP","floor":118.0},{"not_picked":["Moonworks:SakisCookie+1"],"picked":"SKIP","floor":122.0},{"not_picked":["Moonworks:Assault"],"picked":"SKIP","floor":122.0},{"not_picked":["Moonworks:BigMagnum+1"],"picked":"SKIP","floor":124.0},{"not_picked":["Moonworks:CloudOfSeagulls"],"picked":"SKIP","floor":124.0},{"not_picked":[],"picked":"Moonworks:AnotherUltimateWeapon+1","floor":125.0},{"not_picked":["Moonworks:JonathanRush"],"picked":"SKIP","floor":128.0},{"not_picked":["Moonworks:CloudOfSeagulls"],"picked":"SKIP","floor":128.0},{"not_picked":["Moonworks:HolyNight+1"],"picked":"SKIP","floor":129.0},{"not_picked":["Moonworks:FinalBattle+1"],"picked":"SKIP","floor":130.0},{"not_picked":["Moonworks:FinalSurgery"],"picked":"SKIP","floor":131.0},{"not_picked":["Moonworks:SelfDestruct"],"picked":"SKIP","floor":131.0},{"not_picked":["Moonworks:AccelHyper+1"],"picked":"SKIP","floor":132.0},{"not_picked":["Moonworks:HolyNight+1"],"picked":"SKIP","floor":133.0},{"not_picked":["Moonworks:Accelerator+1"],"picked":"SKIP","floor":134.0},{"not_picked":["Moonworks:NicePresent+1"],"picked":"SKIP","floor":135.0},{"not_picked":["Moonworks:EvilSpyWorkPreparation+1"],"picked":"SKIP","floor":135.0}],"player_experience":118438,"relics_obtained":[{"floor":8.0,"key":"Shuriken"},{"floor":9.0,"key":"Mango"},{"floor":13.0,"key":"Incense Burner"},{"floor":20.0,"key":"Moonworks:LittleGull"},{"floor":24.0,"key":"Kunai"},{"floor":25.0,"key":"Orichalcum"},{"floor":26.0,"key":"War Paint"},{"floor":28.0,"key":"Omamori"},{"floor":30.0,"key":"Strawberry"},{"floor":39.0,"key":"PreservedInsect"},{"floor":39.0,"key":"Calipers"},{"floor":40.0,"key":"FossilizedHelix"},{"floor":40.0,"key":"Eternal Feather"},{"floor":42.0,"key":"Tiny Chest"},{"floor":42.0,"key":"Regal Pillow"},{"floor":43.0,"key":"Toxic Egg 2"},{"floor":45.0,"key":"Sundial"},{"floor":45.0,"key":"HornCleat"},{"floor":47.0,"key":"Shovel"},{"floor":49.0,"key":"Gremlin Horn"},{"floor":52.0,"key":"Bag of Preparation"},{"floor":52.0,"key":"InkBottle"},{"floor":52.0,"key":"Turnip"},{"floor":55.0,"key":"Odd Mushroom"},{"floor":58.0,"key":"Pen Nib"},{"floor":61.0,"key":"Akabeko"},{"floor":63.0,"key":"Whetstone"},{"floor":67.0,"key":"Boot"},{"floor":75.0,"key":"Ornamental Fan"},{"floor":79.0,"key":"Centennial Puzzle"},{"floor":81.0,"key":"The Courier"},{"floor":84.0,"key":"Anchor"},{"floor":91.0,"key":"Unceasing Top"},{"floor":92.0,"key":"Prayer Wheel"},{"floor":98.0,"key":"Nunchaku"},{"floor":101.0,"key":"StrikeDummy"},{"floor":110.0,"key":"Dream Catcher"},{"floor":119.0,"key":"Darkstone Periapt"},{"floor":123.0,"key":"Red Mask"},{"floor":127.0,"key":"Art of War"},{"floor":136.0,"key":"Gambling Chip"}],"event_choices":[{"damage_healed":0.0,"max_hp_gain":0.0,"max_hp_loss":0.0,"gold_gain":75.0,"event_name":"World of Goop","player_choice":"Gather Gold","floor":2.0,"gold_loss":0.0,"damage_taken":11.0},{"damage_healed":0.0,"max_hp_gain":0.0,"max_hp_loss":0.0,"gold_gain":0.0,"event_name":"Upgrade Shrine","player_choice":"Upgraded","floor":4.0,"gold_loss":0.0,"damage_taken":0.0,"cards_upgraded":["Moonworks:Ambush"]},{"damage_healed":0.0,"max_hp_gain":0.0,"max_hp_loss":0.0,"gold_gain":0.0,"event_name":"Living Wall","player_choice":"Grow","floor":11.0,"gold_loss":0.0,"damage_taken":0.0,"cards_upgraded":["Moonworks:AnotherUltimateWeapon"]},{"damage_healed":0.0,"max_hp_gain":0.0,"max_hp_loss":0.0,"gold_gain":0.0,"event_name":"The Joust","player_choice":"Bet on Murderer","floor":19.0,"gold_loss":50.0,"damage_taken":0.0},{"damage_healed":0.0,"max_hp_gain":0.0,"max_hp_loss":0.0,"gold_gain":0.0,"event_name":"MindBloom","player_choice":"Fight","floor":47.0,"gold_loss":0.0,"damage_taken":0.0},{"damage_healed":0.0,"max_hp_gain":0.0,"max_hp_loss":0.0,"gold_gain":0.0,"event_name":"Mushrooms","player_choice":"Fought Mushrooms","floor":55.0,"gold_loss":0.0,"damage_taken":0.0},{"cards_removed":["Moonworks:Strike"],"damage_healed":0.0,"max_hp_gain":0.0,"max_hp_loss":0.0,"gold_gain":0.0,"event_name":"The Cleric","player_choice":"Card Removal","floor":57.0,"gold_loss":75.0,"damage_taken":0.0},{"damage_healed":0.0,"max_hp_gain":5.0,"max_hp_loss":0.0,"gold_gain":0.0,"event_name":"Forgotten Altar","player_choice":"Shed Blood","floor":73.0,"gold_loss":0.0,"damage_taken":27.0},{"damage_healed":0.0,"max_hp_gain":0.0,"max_hp_loss":4.0,"gold_gain":0.0,"event_name":"Winding Halls","player_choice":"Max HP","floor":88.0,"gold_loss":0.0,"damage_taken":0.0},{"damage_healed":0.0,"max_hp_gain":0.0,"max_hp_loss":0.0,"gold_gain":0.0,"event_name":"Tomb of Lord Red Mask","player_choice":"Ignored","floor":89.0,"gold_loss":0.0,"damage_taken":0.0},{"damage_healed":0.0,"max_hp_gain":0.0,"max_hp_loss":0.0,"gold_gain":0.0,"event_name":"MindBloom","player_choice":"Fight","floor":91.0,"gold_loss":0.0,"damage_taken":0.0},{"damage_healed":0.0,"max_hp_gain":0.0,"max_hp_loss":0.0,"gold_gain":75.0,"event_name":"World of Goop","player_choice":"Gather Gold","floor":106.0,"gold_loss":0.0,"damage_taken":11.0},{"damage_healed":0.0,"max_hp_gain":0.0,"max_hp_loss":0.0,"gold_gain":0.0,"event_name":"Masked Bandits","player_choice":"Fought Bandits","floor":123.0,"gold_loss":0.0,"damage_taken":0.0},{"cards_removed":["Moonworks:CrystalBarrier"],"damage_healed":0.0,"max_hp_gain":0.0,"max_hp_loss":0.0,"gold_gain":0.0,"event_name":"Beggar","player_choice":"Gave Gold","floor":126.0,"gold_loss":75.0,"damage_taken":0.0}],"is_beta":false,"boss_relics":[{"not_picked":["Empty Cage","Runic Dome"],"picked":"Runic Pyramid"},{"not_picked":["Cursed Key","Tiny House"],"picked":"Black Star"},{"not_picked":["Snecko Eye","Moonworks:SBBomb"],"picked":"Calling Bell"},{"not_picked":["Tiny House","SlaversCollar"],"picked":"Busted Crown"},{"not_picked":["Cursed Key","Velvet Choker"],"picked":"Moonworks:SBBomb"},{"not_picked":["Runic Dome","SacredBark"],"picked":"Coffee Dripper"},{"not_picked":["Fusion Hammer","Cursed Key"],"picked":"SlaversCollar"},{"not_picked":["Velvet Choker","Snecko Eye","Pandora\u0027s Box"]}],"items_purged_floors":[],"is_endless":true,"potions_floor_spawned":[7,8,13,18,21,24,28,30,35,37,44,50,55,62,64,65,66,70,74,77,80,85,90,91,93,95,102,103,108,109,112,114,116,124,125,129,130,133,135,137],"killed_by":"3 Darklings","ascension_level":20}}