{"host":"dcj2yvrgcvh5dl2s","time":1612072422,"event":{"mods":["BaseMod","Bestiary","Better Note","Block Reminder","Colored Powertips","Curses Come First","DeckTracker","Minty Spire (QoL Compilation)","Quick Restart","Rare Cards Sparkle","Relic Stats","StSLib"],"gold_per_floor":[16,16,31,50,125,160,170,170,170],"floor_reached":8,"language":"ENG","playtime":255,"items_purged":[],"score":116,"play_id":"94790853-df75-43eb-b54c-8d31c3ea2830","local_time":"20210131155341","is_ascension_mode":true,"campfire_choices":[],"circlet_count":0,"master_deck":["AscendersBane","Strike_R","Strike_R","Strike_R","Strike_R","Strike_R","Defend_R","Defend_R","Defend_R","Defend_R","Bash","Shrug It Off","Inflame","Uppercut","Impervious"],"relics":["Burning Blood","Letter Opener"],"acts_visited":["Exordium"],"potions_floor_usage":[8,8],"damage_taken":[{"damage":7,"enemies":"Cultist","floor":1,"turns":4},{"damage":4,"enemies":"2 Louse","floor":3,"turns":4},{"damage":4,"enemies":"Small Slimes","floor":4,"turns":4},{"damage":49,"enemies":"Lagavulin","floor":6,"turns":6},{"damage":11,"enemies":"2 Fungi Beasts","floor":7,"turns":4},{"damage":29,"enemies":"Gremlin Nob","floor":8,"turns":3}],"seed_played":"-6598614468661734806","potions_obtained":[{"floor":2,"key":"Energy Potion"},{"floor":2,"key":"SmokeBomb"},{"floor":7,"key":"EssenceOfSteel"}],"is_trial":false,"path_per_floor":["M","?","M","M","?","E","M","E"],"character_chosen":"IRONCLAD","items_purchased":[],"campfire_rested":0,"item_purchase_floors":[],"current_hp_per_floor":[81,81,83,85,74,31,26,0,0],"gold":170,"neow_bonus":"TWENTY_PERCENT_HP_BONUS","is_daily":false,"chose_seed":false,"campfire_upgraded":0,"win_rate":0.0,"timestamp":1612072421,"path_taken":["M","?","?","M","?","E","M","E"],"items_purchased_type":[],"build_version":"2020-12-22","purchased_purges":0,"victory":false,"max_hp_per_floor":[89,89,89,89,89,89,89,89,89],"relic_stats":{"counters":[6,25],"Letter Opener":[0],"obtain_stats":[{"Letter Opener":6,"Burning Blood":0},{"Letter Opener":4,"Burning Blood":0},{"Letter Opener":18,"Burning Blood":0}],"Burning Blood":30},"card_choices":[{"not_picked":["Thunderclap","Combust"],"picked":"Shrug It Off","floor":1},{"not_picked":["Shockwave","Dark Embrace"],"picked":"Inflame","floor":3},{"not_picked":["Headbutt","Metallicize"],"picked":"Uppercut","floor":4},{"not_picked":["Second Wind","True Grit"],"picked":"Impervious","floor":6},{"not_picked":["Twin Strike","Clothesline","Perfected Strike"],"picked":"SKIP","floor":7}],"player_experience":2312163,"relics_obtained":[{"floor":6,"key":"Letter Opener"}],"event_choices":[{"damage_healed":0,"gold_gain":0,"player_choice":"Got Potions","damage_taken":0,"max_hp_gain":0,"max_hp_loss":0,"event_name":"Lab","floor":2,"gold_loss":0},{"damage_healed":0,"gold_gain":75,"player_choice":"Gather Gold","damage_taken":11,"max_hp_gain":0,"max_hp_loss":0,"event_name":"World of Goop","floor":5,"gold_loss":0}],"is_beta":false,"boss_relics":[],"items_purged_floors":[],"is_endless":false,"potions_floor_spawned":[4,7],"killed_by":"Gremlin Nob","ascension_level":20}}