{"host":"qm4rv4rkpk76sbxu","time":1612109150,"event":{"mods":["BaseMod","Bestiary","Block Reminder","DeckTracker","Filter the Spire","Keyboard Shortcuts","Minty Spire (QoL Compilation)","MonsterHotkey","Quick Restart","Random Character Button","Relic Stats","Slay-I","StSLib","Unceasing Turn Reminder","ojb\u0027s Better Paths Mod","ojb\u0027s Info Mod"],"gold_per_floor":[118,135,285,285,301,325,325,295,295,51,69,69,34,74,74,163,163,182,196,196,196,85,85,112,129,129,129,129],"floor_reached":27,"language":"ENG","playtime":2041,"items_purged":["Doubt"],"score":462,"play_id":"272df7c1-cdff-43f2-b67d-b0b0de3dce9b","local_time":"20210131170550","is_ascension_mode":true,"campfire_choices":[{"data":"Crippling Poison","floor":7.0,"key":"SMITH"},{"data":"Footwork","floor":12.0,"key":"SMITH"},{"data":"Finisher","floor":15.0,"key":"SMITH"},{"data":"Ghostly","floor":23.0,"key":"SMITH"}],"circlet_count":0,"master_deck":["AscendersBane","Strike_G","Strike_G","Strike_G","Strike_G","Strike_G","Defend_G","Defend_G","Defend_G","Defend_G","Defend_G","Survivor","Neutralize","Crippling Poison+1","Slice","Poisoned Stab","Slice","Dagger Spray","Blur","Footwork+1","Slice","Backflip","Finisher+1","Phantasmal Killer","CurseOfTheBell","Ghostly+1","Ghostly","Ghostly","Dagger Throw"],"relics":["Runic Pyramid","Bloody Idol","Art of War","Orrery","Mummified Hand","Calling Bell","Snake Skull","InkBottle","Unceasing Top","Smiling Mask","Sundial"],"acts_visited":["Exordium","TheCity"],"potions_floor_usage":[27],"damage_taken":[{"damage":0.0,"enemies":"2 Louse","floor":1.0,"turns":3.0},{"damage":1.0,"enemies":"Jaw Worm","floor":2.0,"turns":5.0},{"damage":0.0,"enemies":"Cultist","floor":5.0,"turns":4.0},{"damage":12.0,"enemies":"Blue Slaver","floor":6.0,"turns":4.0},{"damage":0.0,"enemies":"3 Louse","floor":11.0,"turns":2.0},{"damage":4.0,"enemies":"Lagavulin","floor":14.0,"turns":5.0},{"damage":12.0,"enemies":"Slime Boss","floor":16.0,"turns":5.0},{"damage":2.0,"enemies":"Chosen","floor":18.0,"turns":7.0},{"damage":8.0,"enemies":"Spheric Guardian","floor":19.0,"turns":6.0},{"damage":20.0,"enemies":"Gremlin Leader","floor":24.0,"turns":9.0},{"damage":5.0,"enemies":"Cultist and Chosen","floor":25.0,"turns":6.0},{"damage":17,"enemies":"Slavers","floor":27,"turns":3}],"seed_played":"-8008985064844396266","potions_obtained":[{"floor":2.0,"key":"Strength Potion"},{"floor":6.0,"key":"DuplicationPotion"},{"floor":8.0,"key":"BlessingOfTheForge"},{"floor":18.0,"key":"Ancient Potion"}],"is_trial":false,"path_per_floor":["M","M","?","?","M","M","R","?","T","$","M","R","?","E","R","B",null,"M","M","?","?","$","R","E","M","T","E"],"character_chosen":"THE_SILENT","items_purchased":["Orrery","GhostInAJar"],"campfire_rested":0,"item_purchase_floors":[10,22],"current_hp_per_floor":[59,58,58,58,58,46,46,46,46,46,46,46,60,56,56,44,56,54,46,30,30,30,30,15,15,15,0,0],"gold":129,"neow_bonus":"BOSS_RELIC","is_daily":false,"chose_seed":false,"campfire_upgraded":4,"win_rate":0.0,"timestamp":1612109150,"path_taken":["M","M","?","?","M","M","R","?","T","$","?","R","?","E","R","BOSS","M","M","?","?","$","R","E","M","T","E"],"items_purchased_type":["Relic","Potion"],"build_version":"2020-12-22","purchased_purges":1,"victory":false,"max_hp_per_floor":[66,66,66,60,60,60,60,60,60,60,60,60,60,60,60,60,60,60,60,30,30,30,30,30,30,30,30,30],"relic_stats":{"counters":[12,59],"Mummified Hand":[5],"Sundial":[0],"Bloody Idol":10,"Snake Skull":[11],"Art of War":[11],"Smiling Mask":0,"obtain_stats":[{"Golden Idol":4,"Snake Skull":17,"Smiling Mask":24,"Calling Bell":17,"Mummified Hand":14,"Sundial":26,"Bloody Idol":21,"Orrery":10,"Art of War":9,"InkBottle":17,"Unceasing Top":17,"Ring of the Snake":0,"Runic Pyramid":0},{"Golden Idol":2,"Snake Skull":7,"Smiling Mask":10,"Calling Bell":7,"Mummified Hand":6,"Sundial":11,"Bloody Idol":9,"Orrery":4,"Art of War":4,"InkBottle":7,"Unceasing Top":7,"Ring of the Snake":0,"Runic Pyramid":0},{"Golden Idol":8,"Snake Skull":28,"Smiling Mask":50,"Calling Bell":28,"Mummified Hand":23,"Sundial":56,"Bloody Idol":41,"Orrery":16,"Art of War":16,"InkBottle":28,"Unceasing Top":28,"Ring of the Snake":0,"Runic Pyramid":0}],"InkBottle":[11],"Unceasing Top":[0]},"card_choices":[{"not_picked":["Outmaneuver","Dodge and Roll"],"picked":"Crippling Poison","floor":1.0},{"not_picked":["Prepared","Dodge and Roll"],"picked":"Slice","floor":2.0},{"not_picked":["Choke","Concentrate"],"picked":"Poisoned Stab","floor":5.0},{"not_picked":["Well Laid Plans","PiercingWail"],"picked":"Slice","floor":6.0},{"not_picked":["Acrobatics","Sucker Punch"],"picked":"Dagger Spray","floor":10.0},{"not_picked":["Dagger Spray","Underhanded Strike"],"picked":"Blur","floor":10.0},{"not_picked":["Doppelganger","Riddle With Holes"],"picked":"Footwork","floor":10.0},{"not_picked":["Flying Knee","Cloak And Dagger"],"picked":"Slice","floor":10.0},{"not_picked":["Reflex","Expertise"],"picked":"Backflip","floor":10.0},{"not_picked":["Dodge and Roll","Deadly Poison","Quick Slash"],"picked":"SKIP","floor":11.0},{"not_picked":["Eviscerate","Dagger Spray"],"picked":"Finisher","floor":14.0},{"not_picked":["Grand Finale","Die Die Die"],"picked":"Phantasmal Killer","floor":16.0},{"not_picked":["Poisoned Stab","Masterful Stab+1","Backflip"],"picked":"SKIP","floor":18.0},{"not_picked":["Masterful Stab","Eviscerate","Outmaneuver"],"picked":"SKIP","floor":19.0},{"not_picked":["Flechettes","PiercingWail"],"picked":"Dagger Throw","floor":24.0},{"not_picked":["Bane","Backflip","Cloak And Dagger"],"picked":"SKIP","floor":25.0}],"player_experience":1452488,"relics_obtained":[{"floor":9.0,"key":"Art of War"},{"floor":14.0,"key":"Mummified Hand"},{"floor":17.0,"key":"Snake Skull"},{"floor":17.0,"key":"InkBottle"},{"floor":17.0,"key":"Unceasing Top"},{"floor":24.0,"key":"Smiling Mask"},{"floor":26.0,"key":"Sundial"}],"event_choices":[{"damage_healed":0.0,"max_hp_gain":0.0,"max_hp_loss":0.0,"gold_gain":150.0,"event_name":"Liars Game","player_choice":"AGREE","floor":3.0,"gold_loss":0.0,"damage_taken":0.0,"cards_obtained":["Doubt"]},{"damage_healed":0.0,"max_hp_gain":0.0,"max_hp_loss":6.0,"gold_gain":0.0,"event_name":"Golden Idol","player_choice":"Lose Max HP","floor":4.0,"gold_loss":0.0,"damage_taken":0.0,"relics_obtained":["Golden Idol"]},{"damage_healed":0.0,"max_hp_gain":0.0,"max_hp_loss":0.0,"gold_gain":0.0,"event_name":"The Woman in Blue","player_choice":"Bought 2 Potions","floor":8.0,"gold_loss":0.0,"damage_taken":0.0},{"damage_healed":15.0,"max_hp_gain":0.0,"max_hp_loss":0.0,"gold_gain":0.0,"event_name":"The Cleric","player_choice":"Healed","floor":13.0,"gold_loss":35.0,"damage_taken":0.0},{"damage_healed":0.0,"max_hp_gain":0.0,"max_hp_loss":30.0,"gold_gain":0.0,"event_name":"Ghosts","player_choice":"Became a Ghost","floor":20.0,"gold_loss":0.0,"damage_taken":0.0,"cards_obtained":["Ghostly","Ghostly","Ghostly"]},{"damage_healed":0.0,"max_hp_gain":0.0,"max_hp_loss":0.0,"gold_gain":0.0,"event_name":"Forgotten Altar","player_choice":"Gave Idol","floor":21.0,"relics_lost":["Golden Idol"],"gold_loss":0.0,"damage_taken":0.0,"relics_obtained":["Bloody Idol"]}],"is_beta":false,"boss_relics":[{"not_picked":["Astrolabe","Velvet Choker"],"picked":"Calling Bell"}],"items_purged_floors":[10],"is_endless":false,"potions_floor_spawned":[2,6,18],"killed_by":"Slavers","ascension_level":20}}