{"host":"c52z9ixzgdjttcmx","time":1612115039,"event":{"mods":["BaseMod","Colored Powertips","Downfall","Filter the Spire","Minty Spire (QoL Compilation)","Rare Cards Sparkle","Relic Stats","StSLib"],"gold_per_floor":[99,109,109,124,135,154,154,154,154,154],"floor_reached":8,"language":"ENG","playtime":702,"items_purged":[],"score":48,"play_id":"3ba75d92-c3bc-4b1b-a772-ca7864ef5d72","local_time":"20210131114359","is_ascension_mode":false,"campfire_choices":[{"data":"sneckomod:Strike","floor":1,"key":"SMITH"}],"circlet_count":0,"master_deck":["sneckomod:Strike+1","sneckomod:Strike","sneckomod:Strike","sneckomod:Defend","sneckomod:Defend","sneckomod:Defend","sneckomod:TailWhip","sneckomod:SnekBite","sneckomod:Unknown","sneckomod:Unknown","sneckomod:SoulRoll","sneckomod:UnendingSupply","sneckomod:UnendingSupply","sneckomod:TailWhip","Shame","sneckomod:SoulCleanse","sneckomod:UnknownBlock","sneckomod:DiceCrush"],"relics":["sneckomod:SneckoSoul","Toy Ornithopter"],"acts_visited":["Exordium"],"potions_floor_usage":[6],"damage_taken":[{"damage":14,"enemies":"Small Slimes","floor":2,"turns":5},{"damage":6,"enemies":"Cultist","floor":4,"turns":3},{"damage":8,"enemies":"Jaw Worm","floor":5,"turns":3},{"damage":17,"enemies":"Large Slime","floor":6,"turns":8},{"damage":57,"enemies":"3 Sentries","floor":8,"turns":8}],"seed_played":"-2859195851630471872","potions_obtained":[{"floor":4,"key":"Guardian:BlockOnCardUsePotion"},{"floor":6,"key":"LiquidBronze"}],"is_trial":false,"path_per_floor":["R","M","?","M","M","M","T","E"],"character_chosen":"THE_SNECKO","items_purchased":[],"campfire_rested":0,"item_purchase_floors":[],"current_hp_per_floor":[90,76,76,70,62,45,45,0,0,0],"gold":154,"neow_bonus":"THREE_CARDS","is_daily":false,"chose_seed":false,"campfire_upgraded":1,"win_rate":0.0,"timestamp":1612115039,"path_taken":["R","M","?","M","M","?","T","E"],"items_purchased_type":[],"build_version":"2020-12-22","purchased_purges":0,"victory":false,"max_hp_per_floor":[90,90,90,90,90,90,90,90,90,90],"relic_stats":{"counters":[5,27],"obtain_stats":[{"sneckomod:SneckoSoul":0,"Toy Ornithopter":7},{"sneckomod:SneckoSoul":0,"Toy Ornithopter":4},{"sneckomod:SneckoSoul":0,"Toy Ornithopter":19}],"Toy Ornithopter":0},"card_choices":[{"not_picked":["sneckomod:DiceBlock","sneckomod:DefensiveFlair"],"picked":"sneckomod:SoulRoll","floor":0},{"not_picked":["sneckomod:QuickMove","sneckomod:SlitherStrike"],"picked":"sneckomod:UnendingSupply","floor":2},{"not_picked":["sneckomod:UnknownCommonSkill","sneckomod:WideSting"],"picked":"sneckomod:SoulCleanse","floor":4},{"not_picked":["sneckomod:SoulDraw","sneckomod:UnknownCommonAttack"],"picked":"sneckomod:UnknownBlock","floor":5},{"not_picked":["sneckomod:QuickMove","sneckomod:RainOfDice"],"picked":"sneckomod:DiceCrush","floor":6}],"player_experience":3412877,"relics_obtained":[{"floor":7,"key":"Toy Ornithopter"}],"event_choices":[],"is_beta":false,"boss_relics":[],"items_purged_floors":[],"is_endless":false,"potions_floor_spawned":[4,6],"killed_by":"3 Sentries","ascension_level":0}}