{"host":"qy7jow5usmjkdnnq","time":1612136340,"event":{"mods":["BaseMod","Colored Map","Downfall","Minty Spire (QoL Compilation)","Permanent Neow","Relic Stats","StSLib"],"gold_per_floor":[99,117,117,137,137,166,166,190,218,228,259,273,273,283,302,406,406,406,418,418,432,172,203,203,103,115,126,159,176,76,102,114,216,216,116,134,19,36,36,50,50,50,75,0,0,0,0],"floor_reached":48,"language":"ENG","playtime":3781,"items_purged":["Guardian:Strike_Guardian","Guardian:Strike_Guardian"],"score":1647,"play_id":"7f95d7c1-d943-4f79-8bc3-8bca6c0e3eed","local_time":"20210201003900","is_ascension_mode":true,"campfire_choices":[{"data":"Guardian:FierceBash","floor":1,"key":"SMITH"},{"floor":13,"key":"REST"},{"floor":18,"key":"RECALL"},{"data":"Guardian:FastForward","floor":25,"key":"SMITH"},{"data":"Guardian:PiercingHide","floor":30,"key":"SMITH"},{"data":"Guardian:CompilePackage","floor":35,"key":"SMITH"},{"floor":45,"key":"REST"}],"circlet_count":0,"master_deck":["Guardian:Strike_Guardian","Guardian:Strike_Guardian","Guardian:Defend_Guardian","Guardian:Defend_Guardian","Guardian:Defend_Guardian+1","Guardian:Defend_Guardian","Guardian:CurlUp","Guardian:TwinSlam","Guardian:FierceBash+1","Guardian:Suspension","Guardian:ShieldCharger","Guardian:ShieldCharger","Guardian:Emergency","Guardian:CompilePackage+1","Guardian:TemporalShield","Guardian:PiercingHide+1","Guardian:FastForward+1","Guardian:BronzeOrb","Guardian:Preprogram+1","Guardian:VentSteam","Guardian:Incinerate","Guardian:Incinerate+1","Guardian:BodySlam+1","CurseOfTheBell","Guardian:Suspension+1"],"relics":["Guardian:ModeShifterPlus","WarpedTongs","Pen Nib","Orichalcum","Anchor","Guardian:DefensiveModeMoreBlock","hexamod:BolsterEngine","OrangePellets","CaptainsWheel","downfall:HeartBlessingBlue","Potion Belt","downfall:HeartBlessingRed","Art of War","Calling Bell","FossilizedHelix","Strawberry","Question Card","downfall:HeartBlessingGreen","downfall:TeleportStone","Dream Catcher"],"acts_visited":["Exordium","TheCity","TheBeyond","TheEnding"],"potions_floor_usage":[16,31,43,43,47,47,47,47,47,47,47,47],"damage_taken":[{"damage":19,"enemies":"Small Slimes","floor":2,"turns":4},{"damage":11,"enemies":"Cultist","floor":4,"turns":6},{"damage":14,"enemies":"3 Sentries","floor":6,"turns":7},{"damage":5,"enemies":"Lagavulin","floor":9,"turns":7},{"damage":0,"enemies":"Jaw Worm","floor":10,"turns":2},{"damage":9,"enemies":"3 Sentries","floor":11,"turns":6},{"damage":0,"enemies":"Gremlin Gang","floor":12,"turns":2},{"damage":7,"enemies":"Red Slaver","floor":14,"turns":4},{"damage":6,"enemies":"Exordium Thugs","floor":15,"turns":6},{"damage":4,"enemies":"WA_ARCHETYPE_RETAIN","floor":16,"turns":6},{"damage":0,"enemies":"Chosen","floor":19,"turns":4},{"damage":0,"enemies":"Shell Parasite","floor":21,"turns":4},{"damage":0,"enemies":"downfall:FleeingMerchant","floor":22,"turns":4},{"damage":0,"enemies":"Book of Stabbing","floor":23,"turns":5},{"damage":0,"enemies":"Centurion and Healer","floor":26,"turns":5},{"damage":0,"enemies":"3 Cultists","floor":27,"turns":4},{"damage":4,"enemies":"Slavers","floor":28,"turns":5},{"damage":0,"enemies":"Snake Plant","floor":29,"turns":2},{"damage":6,"enemies":"Book of Stabbing","floor":31,"turns":4},{"damage":0,"enemies":"Sentry and Sphere","floor":32,"turns":3},{"damage":0,"enemies":"IC_MUSHROOM_ARCHETYPE","floor":33,"turns":6},{"damage":0,"enemies":"Orb Walker","floor":36,"turns":3},{"damage":0,"enemies":"downfall:FleeingMerchant","floor":37,"turns":4},{"damage":0,"enemies":"3 Shapes","floor":38,"turns":3},{"damage":0,"enemies":"3 Darklings","floor":40,"turns":3},{"damage":0,"enemies":"SI_POISON_ARCHETYPE","floor":41,"turns":5},{"damage":31,"enemies":"downfall:CharBossMerchant","floor":43,"turns":7},{"damage":1,"enemies":"downfall:NeowBoss","floor":46,"turns":13},{"damage":19,"enemies":"downfall:NeowBossFinal","floor":47,"turns":9}],"seed_played":"-5341921446867156173","potions_obtained":[{"floor":4,"key":"bronze:BurnAndBuffPotion"},{"floor":6,"key":"champ:CounterPotion"},{"floor":9,"key":"Strength Potion"},{"floor":19,"key":"hexamod:SoulburnPotion"},{"floor":26,"key":"EntropicBrew"},{"floor":27,"key":"Weak Potion"},{"floor":33,"key":"PowerPotion"},{"floor":36,"key":"ColorlessPotion"},{"floor":38,"key":"Dexterity Potion"}],"is_trial":false,"path_per_floor":["R","M","?","M","?","E","T","T","E","M","E","M","R","M","M","B",null,"R","M","?","M","$","E","T","R","M","M","E","M","R","E","M","B",null,"R","M","$","M","?","M","B",null,"E","$","R","B","B",null],"character_chosen":"GUARDIAN","items_purchased":["Guardian:Incinerate","OrangePellets","DuplicationPotion"],"campfire_rested":2,"item_purchase_floors":[22,22,44],"current_hp_per_floor":[72,53,53,42,42,28,28,28,23,23,14,14,35,28,22,18,59,59,59,51,51,51,51,51,61,61,61,57,57,57,51,51,51,81,81,81,81,81,81,81,81,87,56,56,82,81,62],"gold":0,"neow_bonus":"THREE_RARE_CARDS","is_daily":false,"chose_seed":false,"campfire_upgraded":4,"win_rate":0.0,"timestamp":1612136340,"path_taken":["R","M","?","?","?","E","T","?","E","M","E","M","R","?","M","BOSS","R","M","?","M","$","E","T","R","?","M","E","M","R","E","M","BOSS","R","M","$","M","?","M","BOSS","E","$","R","BOSS","BOSS"],"items_purchased_type":["Card","Relic","Potion"],"build_version":"2020-12-22","purchased_purges":2,"victory":true,"max_hp_per_floor":[72,72,72,72,72,72,72,72,72,72,72,72,72,72,72,72,72,72,72,72,72,72,72,72,82,82,82,82,82,82,82,82,82,89,89,89,89,89,89,89,89,89,89,89,89,89,89],"relic_stats":{"OrangePellets":[5],"Dream Catcher":1,"counters":[29,143],"Pen Nib":[20],"Art of War":[3],"Orichalcum":[18],"Question Card":6,"obtain_stats":[{"Guardian:DefensiveModeMoreBlock":9,"Potion Belt":28,"Guardian:ModeShifterPlus":17,"downfall:HeartBlessingRed":30,"Guardian:ModeShifter":0,"downfall:HeartBlessingGreen":35,"Pen Nib":6,"downfall:TeleportStone":39,"Orichalcum":7,"Question Card":34,"WarpedTongs":3,"Calling Bell":34,"OrangePellets":22,"Anchor":8,"CaptainsWheel":23,"Dream Catcher":43,"downfall:HeartBlessingBlue":25,"Strawberry":34,"Art of War":31,"hexamod:BolsterEngine":11,"FossilizedHelix":34},{"Guardian:DefensiveModeMoreBlock":4,"Potion Belt":17,"Guardian:ModeShifterPlus":10,"downfall:HeartBlessingRed":18,"Guardian:ModeShifter":0,"downfall:HeartBlessingGreen":21,"Pen Nib":3,"downfall:TeleportStone":24,"Orichalcum":3,"Question Card":21,"WarpedTongs":1,"Calling Bell":21,"OrangePellets":13,"Anchor":3,"CaptainsWheel":14,"Dream Catcher":27,"downfall:HeartBlessingBlue":14,"Strawberry":21,"Art of War":19,"hexamod:BolsterEngine":6,"FossilizedHelix":21},{"Guardian:DefensiveModeMoreBlock":24,"Potion Belt":81,"Guardian:ModeShifterPlus":50,"downfall:HeartBlessingRed":83,"Guardian:ModeShifter":0,"downfall:HeartBlessingGreen":96,"Pen Nib":17,"downfall:TeleportStone":106,"Orichalcum":17,"Question Card":96,"WarpedTongs":4,"Calling Bell":96,"OrangePellets":62,"Anchor":17,"CaptainsWheel":67,"Dream Catcher":121,"downfall:HeartBlessingBlue":67,"Strawberry":96,"Art of War":87,"hexamod:BolsterEngine":32,"FossilizedHelix":96}],"WarpedTongs":[137]},"card_choices":[{"not_picked":["Guardian:GatlingBeam","Guardian:Gem_Synthetic"],"picked":"Guardian:FierceBash","floor":0},{"not_picked":["Guardian:PiercingHide","Guardian:VentSteam"],"picked":"Guardian:Suspension","floor":2},{"not_picked":["Guardian:BronzeArmor","Guardian:CrystalBeam"],"picked":"Guardian:ShieldCharger","floor":4},{"not_picked":["Guardian:ChargeUp","Guardian:TemporalShield"],"picked":"Guardian:Gem_White","floor":6},{"not_picked":["Guardian:VentSteam","Guardian:TemporalStrike"],"picked":"Guardian:ShieldCharger","floor":9},{"not_picked":["Guardian:CrystalBeam","Guardian:PrismaticBarrier"],"picked":"Guardian:Emergency","floor":10},{"not_picked":["Guardian:Gem_Green","Guardian:WalkerClaw"],"picked":"Guardian:CompilePackage","floor":11},{"not_picked":["Guardian:CrystalBeam","Guardian:Gem_Cyan"],"picked":"Guardian:TemporalShield","floor":12},{"not_picked":["Guardian:ChargeCore","Guardian:PrimingBeam"],"picked":"Guardian:Gem_Crimson","floor":14},{"not_picked":["Guardian:TimeBomb","Guardian:Gem_Green"],"picked":"Guardian:PiercingHide","floor":15},{"not_picked":["Guardian:StasisStrike","Guardian:Gem_Synthetic"],"picked":"Guardian:FastForward","floor":16},{"not_picked":["Guardian:Gem_Lightblue","Guardian:RollAttack+1"],"picked":"Guardian:BronzeOrb","floor":19},{"not_picked":["Guardian:Planning","Guardian:Gem_Lightblue"],"picked":"Guardian:Preprogram+1","floor":21},{"not_picked":["Guardian:ArmoredProtocol","Guardian:PrimingBeam"],"picked":"Guardian:VentSteam","floor":22},{"not_picked":["Guardian:Gem_Purple","Guardian:Recover"],"picked":"Guardian:Incinerate+1","floor":23},{"not_picked":["Guardian:Clone+1","Guardian:ShieldSpikes+1"],"picked":"Guardian:Gem_Crimson","floor":26},{"not_picked":["Guardian:Planning","Guardian:FloatingOrbs","Guardian:TemporalStrike"],"picked":"SKIP","floor":27},{"not_picked":["Guardian:Suspension+1","Guardian:PiercingHide"],"picked":"Guardian:Gem_Yellow","floor":28},{"not_picked":["Guardian:BronzeArmor","Guardian:Gem_Cyan"],"picked":"Guardian:BodySlam+1","floor":29},{"not_picked":["Guardian:RefractedBeam","Guardian:SpikerProtocol","Guardian:RollAttack"],"picked":"SKIP","floor":31},{"not_picked":["Guardian:BronzeArmor","Guardian:RefractedBeam+1","Guardian:MultiBeam"],"picked":"SKIP","floor":32},{"not_picked":["Guardian:TimeSifter","Guardian:ConstructionForm"],"picked":"Guardian:Gem_Orange","floor":33},{"not_picked":["Guardian:Incinerate+1","Guardian:SentryBeam","Guardian:Planning+1","Guardian:ChargeUp+1"],"picked":"SKIP","floor":36},{"not_picked":["Guardian:Recover","Guardian:BaubleBeam","Guardian:WalkerClaw+1","Guardian:HyperBeam_Guardian"],"picked":"SKIP","floor":37},{"not_picked":["Guardian:Planning","Guardian:Recover+1","Guardian:Orbwalk"],"picked":"Guardian:Suspension+1","floor":38},{"not_picked":["Guardian:Reroute","Guardian:Gem_Lightblue","Guardian:Gem_Purple"],"picked":"Guardian:Gem_Synthetic","floor":40},{"not_picked":["Guardian:StasisField","Guardian:PrismaticBarrier","Guardian:Incinerate+1"],"picked":"Guardian:Gem_Cyan","floor":43}],"player_experience":703620,"relics_obtained":[{"floor":6,"key":"Pen Nib"},{"floor":7,"key":"Orichalcum"},{"floor":8,"key":"Anchor"},{"floor":9,"key":"Guardian:DefensiveModeMoreBlock"},{"floor":11,"key":"hexamod:BolsterEngine"},{"floor":23,"key":"CaptainsWheel"},{"floor":28,"key":"Potion Belt"},{"floor":31,"key":"Art of War"},{"floor":34,"key":"FossilizedHelix"},{"floor":34,"key":"Strawberry"},{"floor":34,"key":"Question Card"},{"floor":43,"key":"Dream Catcher"}],"event_choices":[],"is_beta":false,"boss_relics":[{"not_picked":["Black Star","Velvet Choker"],"picked":"Guardian:ModeShifterPlus"},{"not_picked":["sneckomod:SneckoTalon","SlaversCollar"],"picked":"Calling Bell"}],"items_purged_floors":[22,37],"is_endless":false,"potions_floor_spawned":[4,6,9,11,19,21,26,27,33,36,38,40],"ascension_level":7}}