{"host":"ziko4uwynam20dv9","time":1612064046,"event":{"mods":["Aspiration","BaseMod","BetterRewards","Downfall","Hubris","Infinite Spire","Minty Spire (QoL Compilation)","Remilia??????","Replay The Spire","Shop Mod","StSLib","The Animator","The Jungle"],"gold_per_floor":[116,131,131,63,79,79,111,111,111,111,139,139,139,154,154,228,228,244,254,271,414,478,478,512,562,609,659,659,722,59,109,109,109,109],"floor_reached":33,"language":"FRA","playtime":2161,"items_purged":["Replay:Hysterical Blindness"],"score":653,"play_id":"c5e6b47c-aebb-4edb-a7cc-de2f7bd5d363","local_time":"20210131043406","is_ascension_mode":true,"campfire_choices":[{"data":"Metallicize","floor":6,"key":"SMITH"},{"data":"ReplayTheSpireMod:Strike From Hell","floor":8,"key":"SMITH"},{"data":"Shrug It Off","floor":10,"key":"SMITH"},{"data":"Infernal Blade","floor":12,"key":"SMITH"},{"floor":23,"key":"REST"},{"floor":28,"key":"REST"}],"circlet_count":0,"master_deck":["AscendersBane","Strike_R","Strike_R","Strike_R","Strike_R","Strike_R","Defend_R","Defend_R","Defend_R","Defend_R","Bash","Rage","Shrug It Off+1","Metallicize+1","Twin Strike","ReplayTheSpireMod:Strike From Hell+1","Infernal Blade+1","Perfected Strike+1","Bludgeon","Infernal Blade+1","ReplayTheSpireMod:Corrosion Curse+1","ReplayTheSpireMod:Strike From Hell+1","Anger","Spot Weakness","hubris:ReadiedAction","Warcry","Heavy Blade","Immolate"],"relics":["Burning Blood","FossilizedHelix","Garlic","aspiration:Lifesprig","ReplayTheSpireMod:Spearhead","SsserpentHead","Cursed Key","hubris:MobiusCoin","hubris:Macrotransations","Red Skull","Durian","StoneCalendar"],"acts_visited":["Exordium","Exordium"],"potions_floor_usage":[16,22,24,29,33],"damage_taken":[{"damage":8,"enemies":"Small Slimes","floor":1,"turns":4},{"damage":2,"enemies":"2 Louse","floor":2,"turns":4},{"damage":0,"enemies":"Cultist","floor":5,"turns":5},{"damage":22,"enemies":"Lagavulin","floor":7,"turns":8},{"damage":20,"enemies":"3 Sentries","floor":11,"turns":15},{"damage":0,"enemies":"Large Slime","floor":14,"turns":5},{"damage":20,"enemies":"Slime Boss","floor":16,"turns":11},{"damage":4,"enemies":"theJungle:GiantWrat","floor":18,"turns":4},{"damage":0,"enemies":"theJungle:5_Spyders","floor":19,"turns":6},{"damage":25,"enemies":"theJungle:2_Snecko_Cultists","floor":20,"turns":5},{"damage":0,"enemies":"theJungle:JungleHuntersEncounter","floor":22,"turns":5},{"damage":37,"enemies":"theJungle:MamaSnecko","floor":24,"turns":6},{"damage":18,"enemies":"theJungle:Lyon","floor":29,"turns":5},{"damage":61,"enemies":"theJungle:FunGuy","floor":33,"turns":11}],"seed_played":"-6591433437520177578","potions_obtained":[{"floor":1,"key":"BloodPotion"},{"floor":5,"key":"GamblersBrew"},{"floor":14,"key":"LifebloodPotion"},{"floor":18,"key":"SteroidPotion"},{"floor":20,"key":"Fire Potion"},{"floor":24,"key":"Block Potion"},{"floor":27,"key":"Adrenaline Potion"}],"is_trial":false,"path_per_floor":["M","M","?","$","M","R","E","R","T","R","E","R","?","M","R","B",null,"M","M","M","?","M","R","E","$","T","?","R","M","$","?","R","B"],"character_chosen":"IRONCLAD","items_purchased":["Metallicize","hubris:Macrotransations","Durian","StoneCalendar"],"campfire_rested":2,"item_purchase_floors":[4,25,30,30],"current_hp_per_floor":[66,70,70,70,75,75,59,59,59,59,45,45,45,51,73,59,71,73,75,56,26,32,54,38,19,19,19,41,29,34,34,58,0,0],"gold":109,"neow_bonus":"","is_daily":false,"chose_seed":false,"campfire_upgraded":4,"win_rate":0.0,"timestamp":1612064046,"path_taken":["M","M","?","$","M","R","E","R","T","R","E","R","?","M","R","BOSS","M","M","M","?","?","R","E","?","T","?","R","?","$","?","R","BOSS"],"items_purchased_type":["Card","Relic","Relic","Relic"],"build_version":"2020-12-22","purchased_purges":1,"victory":false,"max_hp_per_floor":[75,75,75,75,75,75,75,75,75,75,75,75,75,75,75,75,75,75,75,75,75,75,75,75,75,75,75,75,75,80,80,80,80,80],"card_choices":[{"not_picked":["Feel No Pain","Combust"],"picked":"Rage","floor":1},{"not_picked":["Iron Wave","Pummel"],"picked":"Shrug It Off","floor":2},{"not_picked":["Rage","Clothesline"],"picked":"Twin Strike","floor":5},{"not_picked":["Power Through","Sword Boomerang"],"picked":"ReplayTheSpireMod:Strike From Hell","floor":7},{"not_picked":["Shrug It Off","Iron Wave"],"picked":"Infernal Blade","floor":11},{"not_picked":["Heavy Blade","Clothesline"],"picked":"Perfected Strike","floor":14},{"not_picked":["Hemogenesis","Impervious"],"picked":"Bludgeon","floor":16},{"not_picked":["Twin Strike","Headbutt+1"],"picked":"Infernal Blade","floor":18},{"not_picked":["Rupture","Ghostly Armor"],"picked":"ReplayTheSpireMod:Corrosion Curse","floor":19},{"not_picked":["Searing Blow","Run Through"],"picked":"ReplayTheSpireMod:Strike From Hell+1","floor":20},{"not_picked":["Iron Wave","Thunderclap"],"picked":"Anger","floor":21},{"not_picked":["Blood for Blood","Sword Boomerang"],"picked":"Spot Weakness","floor":21},{"not_picked":["Run Through+1","Thunderclap"],"picked":"hubris:ReadiedAction","floor":21},{"not_picked":["Pummel","Clash"],"picked":"Warcry","floor":22},{"not_picked":["Second Wind","Sever Soul"],"picked":"Heavy Blade","floor":24},{"not_picked":["Run Through","Shrug It Off"],"picked":"Immolate","floor":29}],"player_experience":968206,"relics_obtained":[{"floor":7,"key":"Garlic"},{"floor":9,"key":"aspiration:Lifesprig"},{"floor":11,"key":"ReplayTheSpireMod:Spearhead"},{"floor":24,"key":"hubris:MobiusCoin"},{"floor":26,"key":"Red Skull"}],"event_choices":[{"damage_healed":0,"gold_gain":0,"player_choice":"Ignored","damage_taken":0,"max_hp_gain":0,"max_hp_loss":0,"event_name":"Golden Wing","floor":3,"gold_loss":0},{"damage_healed":0,"gold_gain":0,"player_choice":"Trade","damage_taken":0,"relics_obtained":["SsserpentHead"],"max_hp_gain":0,"max_hp_loss":0,"event_name":"FaceTrader","floor":13,"gold_loss":0},{"damage_healed":0,"gold_gain":0,"player_choice":"Got Potions","damage_taken":0,"max_hp_gain":0,"max_hp_loss":0,"event_name":"Lab","floor":27,"gold_loss":0}],"is_beta":false,"boss_relics":[{"not_picked":["Pandora\u0027s Box","Ring of Chaos"],"picked":"Cursed Key"}],"items_purged_floors":[30],"is_endless":false,"potions_floor_spawned":[1,5,14,18,19,20,24],"killed_by":"theJungle:FunGuy","ascension_level":15}}