{"host":"6xsbn6ynqlzwllfm","time":1612114471,"event":{"mods":["2.2 Compatiblity","BaseMod","Bestiary","Colored Map","Colored Powertips","Curses Come First","Highlight Path","Keyboard Shortcuts","Minty Spire (QoL Compilation)","Relic Stats","Slay the Relics Exporter","StSLib","SuperFastMode"],"gold_per_floor":[119,119,131,131,146,179,202,202,253,281,295,295,307,307,307,307,307],"floor_reached":16,"language":"ENG","playtime":311,"items_purged":[],"score":270,"play_id":"2832aeaf-44d1-4245-b1a2-f289f8bc644e","local_time":"20210131123431","is_ascension_mode":true,"campfire_choices":[{"data":"EmptyFist","floor":8,"key":"SMITH"},{"floor":15,"key":"DIG"}],"circlet_count":0,"master_deck":["AscendersBane","Strike_P","Strike_P","Strike_P","Strike_P","Defend_P+1","Defend_P+1","Defend_P","Defend_P","Eruption","Vigilance","EmptyFist+1","FlurryOfBlows","ReachHeaven","Perseverance","Wallop+1","Perseverance","FollowUp","BowlingBash"],"relics":["PureWater","NeowsBlessing","Ancient Tea Set","Odd Mushroom","Smiling Mask","Omamori","Shovel","War Paint"],"acts_visited":["Exordium"],"potions_floor_usage":[6,6,16,16],"damage_taken":[{"damage":0.0,"enemies":"2 Louse","floor":1.0,"turns":1.0},{"damage":0.0,"enemies":"Cultist","floor":3.0,"turns":1.0},{"damage":0.0,"enemies":"Small Slimes","floor":5.0,"turns":1.0},{"damage":25,"enemies":"3 Sentries","floor":6,"turns":3},{"damage":6,"enemies":"The Mushroom Lair","floor":7,"turns":3},{"damage":0,"enemies":"Gremlin Nob","floor":10,"turns":2},{"damage":3,"enemies":"Looter","floor":11,"turns":3},{"damage":0,"enemies":"Exordium Wildlife","floor":13,"turns":4},{"damage":7,"enemies":"The Guardian","floor":16,"turns":4}],"seed_played":"-8799045270181078116","potions_obtained":[{"floor":3.0,"key":"Dexterity Potion"},{"floor":4.0,"key":"PowerPotion"},{"floor":4.0,"key":"LiquidMemories"},{"floor":6,"key":"StancePotion"},{"floor":10,"key":"CultistPotion"}],"is_trial":false,"path_per_floor":["M","?","M","?","M","E","?","R","T","E","M","?","M","?","R","B"],"character_chosen":"WATCHER","items_purchased":[],"campfire_rested":0,"item_purchase_floors":[],"current_hp_per_floor":[61,66,66,66,66,41,35,35,35,35,32,21,21,21,21,14,14],"gold":307,"neow_bonus":"THREE_ENEMY_KILL","is_daily":false,"chose_seed":false,"campfire_upgraded":1,"win_rate":0.0,"timestamp":1612114471,"path_taken":["M","?","M","?","?","E","?","R","T","E","M","?","M","?","R","BOSS"],"items_purchased_type":[],"build_version":"2020-12-22","purchased_purges":0,"victory":false,"max_hp_per_floor":[68,73,73,73,73,73,73,73,73,73,73,73,73,73,73,73,73],"relic_stats":{"Shovel":1,"counters":[9,22],"War Paint":["Defend_P","Defend_P"],"Smiling Mask":0,"obtain_stats":[{"Shovel":12,"NeowsBlessing":0,"Omamori":10,"PureWater":0,"Odd Mushroom":7,"War Paint":15,"Ancient Tea Set":6,"Smiling Mask":9},{"Shovel":7,"NeowsBlessing":0,"Omamori":6,"PureWater":0,"Odd Mushroom":5,"War Paint":8,"Ancient Tea Set":4,"Smiling Mask":5},{"Shovel":14,"NeowsBlessing":0,"Omamori":11,"PureWater":0,"Odd Mushroom":9,"War Paint":18,"Ancient Tea Set":6,"Smiling Mask":9}]},"card_choices":[{"not_picked":["Evaluate","Consecrate"],"picked":"EmptyFist","floor":1.0},{"not_picked":["Study","Halt"],"picked":"FlurryOfBlows","floor":3.0},{"not_picked":["JustLucky","Crescendo"],"picked":"ReachHeaven","floor":5.0},{"not_picked":["Protect","FlurryOfBlows"],"picked":"Perseverance","floor":6},{"not_picked":["PathToVictory","FlyingSleeves"],"picked":"Wallop","floor":7},{"not_picked":["Prostrate","Study"],"picked":"Perseverance","floor":10},{"not_picked":["Prostrate","Adaptation"],"picked":"FollowUp","floor":11},{"not_picked":["Protect","Pray"],"picked":"BowlingBash","floor":13}],"player_experience":1360156,"relics_obtained":[{"floor":6,"key":"Ancient Tea Set"},{"floor":7,"key":"Odd Mushroom"},{"floor":9,"key":"Smiling Mask"},{"floor":10,"key":"Omamori"},{"floor":15,"key":"War Paint"}],"event_choices":[{"damage_healed":0.0,"max_hp_gain":5.0,"max_hp_loss":0.0,"gold_gain":0.0,"event_name":"Big Fish","player_choice":"Donut","floor":2.0,"gold_loss":0.0,"damage_taken":0.0},{"damage_healed":0.0,"max_hp_gain":0.0,"max_hp_loss":0.0,"gold_gain":0.0,"event_name":"Lab","player_choice":"Got Potions","floor":4.0,"gold_loss":0.0,"damage_taken":0.0},{"damage_healed":0,"gold_gain":0,"player_choice":"Fought Mushrooms","damage_taken":0,"max_hp_gain":0,"max_hp_loss":0,"event_name":"Mushrooms","floor":7,"gold_loss":0},{"damage_healed":0,"gold_gain":0,"player_choice":"Success","damage_taken":11,"relics_obtained":["Shovel"],"max_hp_gain":0,"max_hp_loss":0,"event_name":"Scrap Ooze","floor":12,"gold_loss":0},{"damage_healed":0,"gold_gain":0,"player_choice":"Grow","damage_taken":0,"max_hp_gain":0,"max_hp_loss":0,"event_name":"Living Wall","floor":14,"gold_loss":0,"cards_upgraded":["Wallop"]}],"is_beta":false,"boss_relics":[],"items_purged_floors":[],"is_endless":false,"potions_floor_spawned":[3,5,6,10],"killed_by":"The Guardian","ascension_level":20}}