{"host":"928gv66myv2vlnsd","time":1612054509,"event":{"mods":["BaseMod","Highlight Path","Minty Spire (QoL Compilation)","StSLib"],"gold_per_floor":[113,127,202,202,352,380,380,380,406,416,429,429,39,71,71,145,145,159,159,159],"floor_reached":19,"language":"ENG","playtime":768,"items_purged":["Doubt"],"score":380,"play_id":"cd630812-1917-4c8e-9401-42497d060370","local_time":"20210130195509","is_ascension_mode":true,"campfire_choices":[{"data":"Skewer","floor":7,"key":"SMITH"},{"floor":12,"key":"REST"},{"floor":15,"key":"REST"}],"circlet_count":0,"master_deck":["AscendersBane","Strike_G","Strike_G","Strike_G","Strike_G","Strike_G","Defend_G","Defend_G","Defend_G","Defend_G","Defend_G","Survivor","Neutralize","Blade Dance","Deadly Poison","Skewer+1","Blur","Bouncing Flask","Accuracy","Cloak And Dagger","Footwork","Tools of the Trade","Well Laid Plans"],"relics":["Ring of the Snake","NeowsBlessing","Vajra","Dream Catcher","Bag of Marbles","Meat on the Bone","Bag of Preparation","Velvet Choker"],"acts_visited":["Exordium","TheCity"],"potions_floor_usage":[14,19],"damage_taken":[{"damage":0,"enemies":"Cultist","floor":1,"turns":1},{"damage":0,"enemies":"Small Slimes","floor":2,"turns":1},{"damage":0,"enemies":"Gremlin Nob","floor":6,"turns":1},{"damage":0,"enemies":"2 Louse","floor":10,"turns":3},{"damage":0,"enemies":"Looter","floor":11,"turns":1},{"damage":34,"enemies":"3 Sentries","floor":14,"turns":9},{"damage":42,"enemies":"Hexaghost","floor":16,"turns":11},{"damage":11,"enemies":"Shell Parasite","floor":18,"turns":6},{"damage":9,"enemies":"3 Byrds","floor":19,"turns":3}],"seed_played":"3368608274451684262","potions_obtained":[{"floor":2,"key":"GhostInAJar"},{"floor":16,"key":"Ancient Potion"},{"floor":18,"key":"DistilledChaos"}],"is_trial":false,"path_per_floor":["M","M","?","?","?","E","R","T","T","M","M","R","$","E","R","B",null,"M","M"],"character_chosen":"THE_SILENT","items_purchased":["Meat on the Bone","Accuracy"],"campfire_rested":2,"item_purchase_floors":[13,13],"current_hp_per_floor":[59,59,48,53,53,53,53,53,53,53,53,71,71,37,58,28,60,49,40,40],"gold":159,"neow_bonus":"THREE_ENEMY_KILL","is_daily":false,"chose_seed":false,"campfire_upgraded":1,"win_rate":0.0,"timestamp":1612054509,"path_taken":["M","M","?","?","?","E","R","?","T","M","?","R","?","E","R","BOSS","M","M"],"items_purchased_type":["Relic","Card"],"build_version":"2020-12-22","purchased_purges":1,"victory":false,"max_hp_per_floor":[66,66,66,71,71,71,71,71,71,71,71,71,71,71,71,71,71,71,71,71],"card_choices":[{"not_picked":["Underhanded Strike","Dagger Spray"],"picked":"Blade Dance","floor":1},{"not_picked":["Acrobatics","Underhanded Strike"],"picked":"Deadly Poison","floor":2},{"not_picked":["Dodge and Roll","Tactician"],"picked":"Skewer","floor":6},{"not_picked":["Outmaneuver","Footwork"],"picked":"Blur","floor":10},{"not_picked":["Sucker Punch","Endless Agony","Reflex"],"picked":"SKIP","floor":11},{"not_picked":["Quick Slash","PiercingWail"],"picked":"Bouncing Flask","floor":12},{"not_picked":["Underhanded Strike","Flechettes"],"picked":"Cloak And Dagger","floor":14},{"not_picked":["Dagger Throw","Die Die Die"],"picked":"Footwork","floor":15},{"not_picked":["Doppelganger","Glass Knife"],"picked":"Tools of the Trade","floor":16},{"not_picked":["Terror","Masterful Stab"],"picked":"Well Laid Plans","floor":18}],"player_experience":1402499,"relics_obtained":[{"floor":6,"key":"Vajra"},{"floor":8,"key":"Dream Catcher"},{"floor":9,"key":"Bag of Marbles"},{"floor":14,"key":"Bag of Preparation"}],"event_choices":[{"damage_healed":0,"gold_gain":75,"player_choice":"Gather Gold","damage_taken":11,"max_hp_gain":0,"max_hp_loss":0,"event_name":"World of Goop","floor":3,"gold_loss":0},{"damage_healed":0,"gold_gain":0,"player_choice":"Donut","damage_taken":0,"max_hp_gain":5,"max_hp_loss":0,"event_name":"Big Fish","floor":4,"gold_loss":0},{"damage_healed":0,"gold_gain":150,"player_choice":"AGREE","damage_taken":0,"max_hp_gain":0,"max_hp_loss":0,"event_name":"Liars Game","floor":5,"gold_loss":0,"cards_obtained":["Doubt"]}],"is_beta":false,"boss_relics":[{"not_picked":["Ring of the Serpent","Coffee Dripper"],"picked":"Velvet Choker"}],"items_purged_floors":[13],"is_endless":false,"potions_floor_spawned":[2,16,18],"killed_by":"3 Byrds","ascension_level":18}}