{"host":"ek3xvuouaw6vk9if","time":1612067122,"event":{"mods":["BaseMod","BetterRewards","Downfall","Minty Spire (QoL Compilation)","Permanent Neow","Quick Restart","Relic Stats","Replay The Spire","Robot Space Explorer","Spire Arcade","StSLib","The Marked"],"gold_per_floor":[0,14,34,53,64,76,101,101,101,130,142,142,142,152,162,260,260,260,119,119,4,17,17,17,44,44,44,59,89,89,121,138,243,243,243,262,262,117,117,142,154,178,224,160,180,180,200,210,228,228,228,228],"floor_reached":50,"language":"ENG","playtime":2642,"items_purged":["bronze:Strike","Writhe","bronze:Strike"],"score":612,"play_id":"e88ddde0-23b5-44c0-95d2-111a6a3adff9","local_time":"20210130232522","is_ascension_mode":true,"campfire_choices":[{"data":"Mayhem","floor":1,"key":"SMITH"},{"data":"bronze:Format","floor":9,"key":"SMITH"},{"data":"bronze:Goto","floor":12,"key":"SMITH"},{"data":"bronze:HyperBeam","floor":18,"key":"SMITH"},{"data":"bronze:Boost","floor":26,"key":"SMITH"},{"data":"bronze:Frontload","floor":30,"key":"SMITH"},{"data":"bronze:Boost","floor":35,"key":"SMITH"},{"data":"bronze:Assembly","floor":46,"key":"SMITH"}],"circlet_count":0,"master_deck":["bronze:Strike","bronze:Strike","bronze:Defend","bronze:Defend","bronze:Defend","bronze:Defend","bronze:Replicate+1","bronze:Goto+1","Mayhem+1","bronze:Flail+1","bronze:DelayedSlice+1","bronze:Format+1","bronze:Frontload+1","bronze:FineTuning","bronze:Overload","bronze:HyperBeam+1","bronze:FineTuning","bronze:Frontload+1","bronze:Boost+1","RitualDagger+1","bronze:Branch+1","bronze:Boost+1","bronze:Flail+1","bronze:AlphaBuild+1","bronze:FineTuning+1","expansioncontent:Chronoboost","bronze:Assembly+1","bronze:Repair","bronze:Flail+1","bronze:ChildClass+1"],"relics":["bronze:PlatinumCore","Boot","PreservedInsect","Bag of Marbles","Garlic","Molten Egg 2","Bronze Scales","Eternal Feather","Ring of Chaos","Pet Ghost","Shuriken","MawBank","bronze:CableSpool","Replay:Ringing Soul"],"acts_visited":["Exordium","TheCity","TheBeyond"],"potions_floor_usage":[16,32,33,36,50,50,50,50],"damage_taken":[{"damage":1,"enemies":"Cultist","floor":2,"turns":4},{"damage":1,"enemies":"Jaw Worm","floor":3,"turns":4},{"damage":10,"enemies":"Small Slimes","floor":4,"turns":2},{"damage":4,"enemies":"Blue Slaver","floor":5,"turns":4},{"damage":11,"enemies":"Lots of Slimes","floor":6,"turns":2},{"damage":9,"enemies":"Lagavulin","floor":10,"turns":5},{"damage":0,"enemies":"Blue Slaver","floor":11,"turns":3},{"damage":0,"enemies":"2 Fungi Beasts","floor":14,"turns":1},{"damage":0,"enemies":"Looter","floor":15,"turns":3},{"damage":24,"enemies":"SI_SHIV_ARCHETYPE","floor":16,"turns":8},{"damage":0,"enemies":"downfall:FleeingMerchant","floor":19,"turns":4},{"damage":0,"enemies":"downfall:FleeingMerchant","floor":21,"turns":4},{"damage":10,"enemies":"3 Byrds","floor":22,"turns":3},{"damage":0,"enemies":"Replay:Snechameleon","floor":25,"turns":4},{"damage":0,"enemies":"Spheric Guardian","floor":28,"turns":3},{"damage":2,"enemies":"Book of Stabbing","floor":29,"turns":5},{"damage":1,"enemies":"Replay:Snechameleon","floor":31,"turns":3},{"damage":0,"enemies":"Shelled Parasite and Fungi","floor":32,"turns":4},{"damage":7,"enemies":"IC_MUSHROOM_ARCHETYPE","floor":33,"turns":5},{"damage":0,"enemies":"3 Shapes","floor":36,"turns":2},{"damage":2,"enemies":"downfall:FleeingMerchant","floor":38,"turns":3},{"damage":0,"enemies":"Orb Walker","floor":42,"turns":2},{"damage":2,"enemies":"Reptomancer","floor":43,"turns":5},{"damage":10,"enemies":"Maw","floor":45,"turns":6},{"damage":7,"enemies":"4 Shapes","floor":47,"turns":4},{"damage":29,"enemies":"Writhing Mass","floor":48,"turns":5},{"damage":14,"enemies":"Maw","floor":49,"turns":6},{"damage":40,"enemies":"DF_ARCHETYPE_ORBS","floor":50,"turns":3}],"seed_played":"7643083547886590850","potions_obtained":[{"floor":2,"key":"LiquidMemories"},{"floor":3,"key":"Reflective Coating"},{"floor":6,"key":"champ:CounterPotion"},{"floor":10,"key":"LifebloodPotion"},{"floor":25,"key":"Block Potion"},{"floor":31,"key":"EntropicBrew"},{"floor":32,"key":"AttackPotion"},{"floor":43,"key":"hexamod:SoulburnPotion"}],"is_trial":false,"path_per_floor":["R","M","M","M","M","M","T","?","R","E","M","R","?","M","M","B",null,"R","$","?","$","M","?","T","E","R","?","M","E","R","E","M","B",null,"R","M","?","$","?","T","T","M","E","$","M","R","M","M","M","B"],"character_chosen":"THE_AUTOMATON","items_purchased":["bronze:Frontload","bronze:Assembly","Pet Ghost","Swift Potion","bronze:Flail+1"],"campfire_rested":0,"item_purchase_floors":[19,38,38,38,44],"current_hp_per_floor":[70,69,68,58,54,43,43,43,43,34,34,34,34,34,34,10,70,70,70,70,70,60,60,60,60,60,54,54,52,52,51,51,44,70,70,70,70,68,68,68,68,68,69,72,69,76,72,43,36,0,0,0],"gold":228,"neow_bonus":"RANDOM_COLORLESS_2","is_daily":false,"chose_seed":false,"campfire_upgraded":8,"win_rate":0.0,"timestamp":1612067122,"path_taken":["R","M","M","M","M","M","T","?","R","E","M","R","?","?","M","BOSS","R","$","?","$","M","?","T","E","R","?","M","E","R","E","M","BOSS","R","M","?","$","?","?","T","M","E","$","M","R","M","M","M","BOSS"],"items_purchased_type":["Card","Card","Relic","Potion","Card"],"build_version":"2020-12-22","purchased_purges":3,"victory":false,"max_hp_per_floor":[70,70,70,70,70,70,70,70,70,70,70,70,70,70,70,70,70,70,70,70,70,70,70,70,70,70,70,70,70,70,70,70,70,70,70,70,70,70,70,70,70,70,73,76,76,76,79,79,79,79,79,79],"relic_stats":{"counters":[28,107],"Shuriken":[12],"Bronze Scales":[111],"Eternal Feather":7,"PreservedInsect":272,"Boot":[90],"MawBank":48,"obtain_stats":[{"bronze:PlatinumCore":17,"bronze:BronzeCore":0,"Eternal Feather":31,"PreservedInsect":10,"Ring of Chaos":34,"Boot":7,"MawBank":40,"Pet Ghost":38,"bronze:CableSpool":41,"Replay:Ringing Soul":43,"Shuriken":39,"Bronze Scales":29,"Molten Egg 2":25,"Bag of Marbles":20,"Garlic":24},{"bronze:PlatinumCore":10,"bronze:BronzeCore":0,"Eternal Feather":17,"PreservedInsect":6,"Ring of Chaos":19,"Boot":5,"MawBank":21,"Pet Ghost":21,"bronze:CableSpool":21,"Replay:Ringing Soul":23,"Shuriken":21,"Bronze Scales":16,"Molten Egg 2":14,"Bag of Marbles":11,"Garlic":13},{"bronze:PlatinumCore":36,"bronze:BronzeCore":0,"Eternal Feather":62,"PreservedInsect":21,"Ring of Chaos":71,"Boot":16,"MawBank":76,"Pet Ghost":76,"bronze:CableSpool":76,"Replay:Ringing Soul":83,"Shuriken":76,"Bronze Scales":59,"Molten Egg 2":51,"Bag of Marbles":40,"Garlic":47}]},"card_choices":[{"not_picked":["Master of Strategy","Secret Weapon"],"picked":"Mayhem","floor":0},{"not_picked":["bronze:Deprecate","bronze:Branch"],"picked":"bronze:Flail","floor":2},{"not_picked":["bronze:Repulsor","bronze:WhirlingStrike"],"picked":"bronze:DelayedSlice","floor":3},{"not_picked":["bronze:BuggyMess","bronze:Turbo"],"picked":"bronze:Format","floor":4},{"not_picked":["bronze:ForLoop","bronze:Shield"],"picked":"bronze:Frontload","floor":5},{"not_picked":["bronze:Repair","bronze:BuggyMess"],"picked":"bronze:FineTuning","floor":6},{"not_picked":["bronze:DelayedGuard","bronze:BugBarrage","bronze:ClassDefault"],"picked":"SKIP","floor":10},{"not_picked":["bronze:Branch","bronze:WhirlingStrike","bronze:DelayedGuard"],"picked":"SKIP","floor":11},{"not_picked":["bronze:DarkDash","bronze:ChosenStrike","bronze:WildBeam"],"picked":"SKIP","floor":14},{"not_picked":["bronze:Iterate","bronze:Turbo"],"picked":"bronze:Overload","floor":15},{"not_picked":["bronze:CleanCode","bronze:Mutator"],"picked":"bronze:HyperBeam","floor":16},{"not_picked":["bronze:CutThrough","bronze:Iterate"],"picked":"bronze:FineTuning","floor":19},{"not_picked":["bronze:DigitalCarnage","bronze:Shield","bronze:OilSpill"],"picked":"SKIP","floor":21},{"not_picked":["bronze:Overheat","bronze:Constructor"],"picked":"bronze:Boost","floor":22},{"not_picked":["bronze:Allocate","bronze:Return","bronze:Repulsor"],"picked":"SKIP","floor":25},{"not_picked":["bronze:Shield","bronze:Frontload","bronze:Turbo+1"],"picked":"SKIP","floor":28},{"not_picked":["bronze:Shield","bronze:Frontload","bronze:Turbo+1"],"picked":"SKIP","floor":28},{"not_picked":["bronze:Frontload","bronze:NullPointer+1"],"picked":"bronze:Branch+1","floor":29},{"not_picked":["bronze:Overheat+1","bronze:Branch+1"],"picked":"bronze:Boost","floor":31},{"not_picked":["bronze:BronzeOrb+1","bronze:Repair"],"picked":"bronze:Flail+1","floor":32},{"not_picked":["bronze:ThunderWave+1","bronze:HyperBeam+1"],"picked":"bronze:AlphaBuild+1","floor":33},{"not_picked":["bronze:BuggyMess","bronze:ChosenStrike+1"],"picked":"bronze:FineTuning+1","floor":36},{"not_picked":["expansioncontent:DecaShield","expansioncontent:PolyBeam"],"picked":"expansioncontent:Chronoboost","floor":37},{"not_picked":["bronze:DelayedGuard+1","bronze:BitShift+1","bronze:Invalidate+1"],"picked":"SKIP","floor":38},{"not_picked":["bronze:WildBeam+1","bronze:Repulsor","bronze:Deprecate+1"],"picked":"SKIP","floor":42},{"not_picked":["bronze:Turbo","bronze:Safeguard+1"],"picked":"bronze:Repair","floor":43},{"not_picked":["bronze:Overheat+1","bronze:NullPointer+1","bronze:CutThrough+1"],"picked":"SKIP","floor":45},{"not_picked":["bronze:Repulsor+1","bronze:BugBarrage+1"],"picked":"bronze:ChildClass+1","floor":47},{"not_picked":["bronze:BugBarrage+1","bronze:Repair","bronze:DelayedGuard"],"picked":"SKIP","floor":48},{"not_picked":["bronze:OilSpill+1","bronze:Separator+1","bronze:ClassDefault"],"picked":"SKIP","floor":49}],"player_experience":741777,"relics_obtained":[{"floor":7,"key":"Boot"},{"floor":10,"key":"PreservedInsect"},{"floor":24,"key":"Garlic"},{"floor":25,"key":"Molten Egg 2"},{"floor":29,"key":"Bronze Scales"},{"floor":31,"key":"Eternal Feather"},{"floor":39,"key":"Shuriken"},{"floor":40,"key":"MawBank"},{"floor":41,"key":"bronze:CableSpool"},{"floor":43,"key":"Replay:Ringing Soul"}],"event_choices":[{"damage_healed":0,"gold_gain":0,"player_choice":"Grow","damage_taken":0,"max_hp_gain":0,"max_hp_loss":0,"event_name":"Living Wall","floor":8,"gold_loss":0,"cards_upgraded":["bronze:Flail"]}],"is_beta":false,"boss_relics":[{"not_picked":["Astrolabe","Snecko Eye"],"picked":"bronze:PlatinumCore"},{"not_picked":["Replay:Wanted Poster","Runic Pyramid"],"picked":"Ring of Chaos"}],"items_purged_floors":[19,21,38],"is_endless":false,"potions_floor_spawned":[2,3,6,10,25,31,32,43,48],"killed_by":"DF_ARCHETYPE_ORBS","ascension_level":1}}