{"host":"dhbelfuuk89i1oub","time":1612076837,"event":{"mods":["AchievementEnabler","Act Like it!","Aspiration","BaseMod","Bestiary","Better Match","Better Third Choice","BetterRewards","Colored Map","Colored Powertips","Conspire","Elementarium","Energized Spire","Friendly Minions","GifTheSpireLib","Googly Eyes","Halation","Hallownest","Hermit","Infinite Spire","Jedi Mod","Minty Spire (QoL Compilation)","Pale of the Ancients","RatMod","Relic Filter","Relic Sorter","Reliquary","Replay The Spire","Spikes Relics","Spire Arcade","StSLib","Stuff the Spire","The Animator","The Cursed","The Dragon Tamer","The Judge","The Jungle","The Marked","The Senshi","The Witch"],"gold_per_floor":[155,0,0,0,0,0,331,343,343,343,359,359,377,70,70,169,169,181,181,212,229,249,282,298,298,325,340,23,52,52,76,76,171,171,190,205,223,40,58,58,73,73,99,99,112,129,129,156,156,156,156,156,6,35,35,35],"floor_reached":55,"language":"ENG","playtime":6155,"items_purged":["Normality","StuffTheSpire:Resist","Specialist","Shrug It Off","Wild Strike","Dark Embrace"],"score":1123,"play_id":"bc1535f9-d30a-4741-bfe9-972a3a7ebbbd","local_time":"20210131150717","is_ascension_mode":true,"campfire_choices":[{"floor":6,"key":"REST"},{"data":"Midas Touch","floor":10,"key":"SMITH"},{"data":"jedi:MakeshiftSword","floor":12,"key":"SMITH"},{"floor":15,"key":"REST"},{"data":"Offering","floor":25,"key":"SMITH"},{"data":"Inflame","floor":40,"key":"SMITH"},{"data":"jedi:MakeshiftSword","floor":47,"key":"SMITH"},{"floor":49,"key":"RECALL"},{"data":"Double Tap","floor":52,"key":"SMITH"}],"circlet_count":0,"master_deck":["AscendersBane","Strike_R","Strike_R","Strike_R","Strike_R+2","Strike_R+1","Defend_R","Defend_R","Defend_R+1","Defend_R","Bash+1","Midas Touch+1","Sentinel","jedi:MakeshiftSword+1","Shrug It Off","StuffTheSpire:Slingshot+1","Offering+1","Armaments+1","Dual Wield","Inflame+1","Double Tap+1","Rage+1","Dropkick+1","Disarm+1","jedi:MakeshiftSword+1","Inflame+1"],"relics":["Burning Blood","rat:ZhonyasHourglass","ReplayTheSpireMod:CursedCoin","StuffTheSpire:Nightcore","reliquary:PrincelyHelmet","CrustySpines","Incense Burner","Toy Ornithopter","Hallownest:DreamNailRelic","GolemAmulet","Old Coin","ClockworkSouvenir","energizedSpire:DeadBattery","halation:PinkSoulGem","Pet Ghost","reliquary:ExpiredCoupon","aspiration:Lifesprig","Whetstone","StuffTheSpire:HeavyRock","Simple Rune","halation:AfternoonTea","energizedSpire:NeverEndingSparkler","reliquary:PartyBalloon","conspire:Flyswatter","reliquary:HotPoker"],"acts_visited":["Hallownest:Greenpath","Hallownest:Greenpath","Hallownest:KingdomsEdge","TheEnding"],"potions_floor_usage":[29,33,39,54],"damage_taken":[{"damage":11,"enemies":"Hallownest:2_Baldur","floor":1,"turns":4},{"damage":12,"enemies":"Hallownest:eliteVengeflyKing","floor":7,"turns":5},{"damage":6,"enemies":"Hallownest:2_Tiktiks_and_1_Crawlid","floor":8,"turns":3},{"damage":13,"enemies":"2_ Uuma","floor":11,"turns":5},{"damage":0,"enemies":"Hallownest:monsterAspidMother","floor":13,"turns":3},{"damage":45,"enemies":"Hallownest:BossHornet","floor":16,"turns":10},{"damage":6,"enemies":"theJungle:GiantWrat","floor":18,"turns":3},{"damage":12,"enemies":"conspire:MimicChest","floor":20,"turns":2},{"damage":9,"enemies":"theJungle:Flameango_and_Byrd","floor":21,"turns":3},{"damage":6,"enemies":"theJungle:Lyon","floor":22,"turns":3},{"damage":5,"enemies":"theJungle:2_Phrogs","floor":23,"turns":4},{"damage":6,"enemies":"theJungle:SlimyTreeVines","floor":24,"turns":4},{"damage":28,"enemies":"theJungle:2_Flameangoes","floor":27,"turns":4},{"damage":16,"enemies":"theJungle:Cassacara","floor":29,"turns":3},{"damage":5,"enemies":"theJungle:TotemBoss","floor":33,"turns":8},{"damage":7,"enemies":"Hallownest:3_Siblings","floor":35,"turns":5},{"damage":1,"enemies":"Hallownest:2_Littles","floor":36,"turns":3},{"damage":18,"enemies":"Hallownest:Slobbering_and_Violent","floor":37,"turns":4},{"damage":6,"enemies":"Hallownest:2_Soldiers_and_1_Guardian","floor":39,"turns":3},{"damage":29,"enemies":"Hallownest:Xero_Hu_Marmu","floor":41,"turns":8},{"damage":6,"enemies":"Hallownest:2_Great","floor":45,"turns":3},{"damage":0,"enemies":"Hallownest:2_Wandering_and_1_Horned","floor":46,"turns":4},{"damage":6,"enemies":"Hallownest:eliteHiveKnight","floor":48,"turns":4},{"damage":12,"enemies":"Hallownest:Radiance","floor":50,"turns":7},{"damage":37,"enemies":"Shield and Spear","floor":54,"turns":5},{"damage":50,"enemies":"The Heart","floor":55,"turns":6}],"seed_played":"4399713972415480590","potions_obtained":[{"floor":16,"key":"Reflective Coating"},{"floor":23,"key":"SkillPotion"},{"floor":27,"key":"Adrenaline Potion"},{"floor":29,"key":"SpeedPotion"},{"floor":33,"key":"jedi:StrikingPotion"},{"floor":36,"key":"Weak Potion"},{"floor":45,"key":"Energy Potion"},{"floor":48,"key":"SteroidPotion"},{"floor":54,"key":"SteroidPotion"}],"is_trial":false,"path_per_floor":["M","?","?","T","$","R","E","M","T","R","M","R","M","$","R","B",null,"M","?","?","M","M","E","M","R","T","M","$","E","AVR","T","R_BF","B",null,"M","M","M","$","M","R","M","AVR","T","?","M","M","R","E","R","B",null,"R","$","E","B"],"character_chosen":"IRONCLAD","items_purchased":["ReplayTheSpireMod:CursedCoin","StuffTheSpire:Resist","Shrug It Off","Midas Touch","Specialist","Sentinel","Incense Burner","ClockworkSouvenir","Dark Embrace","Whetstone","Inflame","Dropkick+1"],"campfire_rested":2,"item_purchase_floors":[0,0,0,0,0,0,0,14,14,28,28,38],"current_hp_per_floor":[19,19,19,19,19,43,37,37,37,37,30,30,36,36,60,21,65,65,65,59,69,69,80,80,80,80,58,58,53,53,53,77,80,80,79,80,80,80,80,80,57,57,57,57,57,63,63,63,63,57,74,74,74,48,0,0],"gold":35,"neow_bonus":"","is_daily":false,"chose_seed":false,"campfire_upgraded":6,"win_rate":0.0,"timestamp":1612076837,"path_taken":["M","?","?","?","$","R","E","?","T","R","?","R","M","$","R","BOSS","M","?","?","?","M","E","?","R","T","M","$","E","AVR","?","R_BF","BOSS","M","M","?","$","M","R","M","AVR","T","?","?","M","R","E","R","BOSS","R","$","E","BOSS"],"items_purchased_type":["Relic","Card","Card","Card","Card","Card","Relic","Relic","Card","Relic","Card","Card"],"build_version":"2020-12-22","purchased_purges":6,"victory":false,"max_hp_per_floor":[80,80,80,80,80,80,80,80,80,80,80,80,80,80,80,80,80,80,80,80,80,80,80,80,80,80,80,80,80,80,80,80,80,80,80,80,80,80,80,80,80,80,80,80,80,80,80,80,80,80,80,80,80,80,80,80],"card_choices":[{"not_picked":["True Grit","Reckless Charge"],"picked":"jedi:MakeshiftSword","floor":1},{"not_picked":["ReplayReversal","Rage"],"picked":"Shrug It Off","floor":7},{"not_picked":["Pummel","Clash"],"picked":"Wild Strike","floor":8},{"not_picked":["Infernal Blade","Body Slam","Sword Boomerang"],"picked":"SKIP","floor":11},{"not_picked":["Hemokinesis","Iron Wave"],"picked":"StuffTheSpire:Slingshot","floor":13},{"not_picked":["jedi:bloodyhammer","Berserk"],"picked":"Offering","floor":16},{"not_picked":["StuffTheSpire:Slingshot","Intimidate+1","StuffTheSpire:Incineration"],"picked":"SKIP","floor":18},{"not_picked":["Infernal Blade","StuffTheSpire:Incineration"],"picked":"Armaments+1","floor":20},{"not_picked":["Perfected Strike+1","Carnage","Clothesline"],"picked":"SKIP","floor":21},{"not_picked":["StuffTheSpire:RockThrow+1","Blood for Blood","Eclipse"],"picked":"SKIP","floor":22},{"not_picked":["infinitespire:OneForAll","jedi:fear","True Grit"],"picked":"SKIP","floor":23},{"not_picked":["Body Slam+1","Thunderclap","StuffTheSpire:RockThrow"],"picked":"SKIP","floor":24},{"not_picked":["Twin Strike","jedi:MakeshiftSword"],"picked":"Dual Wield","floor":27},{"not_picked":["conspire:Charge","Pummel","Brutality"],"picked":"SKIP","floor":29},{"not_picked":["rat:Execute","Replay:Many Hands"],"picked":"Double Tap","floor":33},{"not_picked":["Anger","True Grit+1"],"picked":"Rage+1","floor":35},{"not_picked":["Havoc","Armaments+1","Rage+1"],"picked":"SKIP","floor":36},{"not_picked":["Intimidate+1","Warcry+1","Life Link"],"picked":"SKIP","floor":37},{"not_picked":["Clash+1","Clothesline+1"],"picked":"Disarm+1","floor":39},{"not_picked":["ReplayTheSpireMod:Muscle Training+1","Pommel Strike+1"],"picked":"jedi:MakeshiftSword","floor":41},{"not_picked":["Replay:Undeath\u0027s Touch","jedi:bloodyhammer","Body Slam+1"],"picked":"SKIP","floor":45},{"not_picked":["StuffTheSpire:Incineration","StuffTheSpire:Resist"],"picked":"Inflame+1","floor":46},{"not_picked":["Dark Embrace","jedi:hate+1","Warcry"],"picked":"SKIP","floor":48},{"not_picked":["StuffTheSpire:Slingshot","Entrench+1","Flex+1"],"picked":"SKIP","floor":54}],"player_experience":1040013,"relics_obtained":[{"floor":4,"key":"GolemAmulet"},{"floor":7,"key":"Old Coin"},{"floor":9,"key":"rat:ZhonyasHourglass"},{"floor":20,"key":"Pet Ghost"},{"floor":23,"key":"reliquary:ExpiredCoupon"},{"floor":26,"key":"aspiration:Lifesprig"},{"floor":29,"key":"StuffTheSpire:HeavyRock"},{"floor":31,"key":"halation:AfternoonTea"},{"floor":48,"key":"conspire:Flyswatter"},{"floor":54,"key":"reliquary:HotPoker"}],"event_choices":[{"damage_healed":0,"gold_gain":0,"player_choice":"Leave","damage_taken":0,"max_hp_gain":0,"max_hp_loss":0,"event_name":"conspire:Investor","floor":44,"gold_loss":0}],"is_beta":false,"boss_relics":[{"not_picked":["halation:SmartPhone","halation:PlatinumPhoenix"],"picked":"energizedSpire:DeadBattery"},{"not_picked":["halation:Risk","Painkiller Herb"],"picked":"energizedSpire:NeverEndingSparkler"}],"items_purged_floors":[14,28,30,38,42,53],"is_endless":false,"potions_floor_spawned":[16,23,27,29,33,36,39,45,48,54],"killed_by":"The Heart","ascension_level":10}}