{"host":"eqvoimh73njwfgdh","time":1612102748,"event":{"mods":["AchievementEnabler","BaseMod","Better Altar","Better Match","Better Note","Better Sensory Stone","Better Skull","Better Third Choice","BetterRewards","Colored Powertips","Conspire","Energized Spire","Halation","Hubris","Infinite Spire","Minty Spire (QoL Compilation)","Permanent Neow","Rare Cards Sparkle","Relic Stats","Reliquary","Replay The Spire","Spicy Shops","StSLib","The Animator","The Blue Laboratory"],"gold_per_floor":[119,130,130,166,192,192,192,192,192],"floor_reached":8,"language":"ENG","playtime":372,"items_purged":[],"score":65,"play_id":"ee8233c0-e94f-4d46-b43f-db48a3ba51d5","local_time":"20210131151908","is_ascension_mode":true,"campfire_choices":[{"floor":6,"key":"RECALL"}],"circlet_count":0,"master_deck":["animator:Strike_OwariNoSeraph","animator:Defend_OwariNoSeraph","animator:Strike","animator:Strike","animator:Strike","animator:Defend","animator:Defend","animator:Defend","animator:Shinoa","animator:Mikaela","animator:Konayuki","Injury","animator:Pride","animator:FeridBathory","ReplayTheSpireMod:Faulty Equipment"],"relics":["animator:LivingPicture","animator:TheMissingPiece","Lantern","Golden Idol"],"acts_visited":["Exordium"],"potions_floor_usage":[8],"damage_taken":[{"damage":1,"enemies":"Jaw Worm","floor":1,"turns":3},{"damage":0,"enemies":"2 Louse","floor":2,"turns":3},{"damage":2,"enemies":"conspire:RoseBush","floor":4,"turns":3},{"damage":11,"enemies":"Large Slime","floor":5,"turns":10},{"damage":48,"enemies":"Lagavulin","floor":8,"turns":10}],"seed_played":"1391918333192281849","potions_obtained":[{"floor":1,"key":"animator:FalseLifePotion"}],"is_trial":false,"path_per_floor":["M","M","?","M","M","R","?","E"],"character_chosen":"THE_ANIMATOR","items_purchased":[],"campfire_rested":0,"item_purchase_floors":[],"current_hp_per_floor":[58,58,58,56,45,45,45,0,0],"gold":192,"neow_bonus":"RANDOM_COMMON_RELIC","is_daily":false,"chose_seed":false,"campfire_upgraded":0,"win_rate":0.0,"timestamp":1612102748,"path_taken":["M","M","?","M","M","R","?","E"],"items_purchased_type":[],"build_version":"2020-12-22","purchased_purges":0,"victory":false,"max_hp_per_floor":[66,66,66,66,66,66,66,66,66],"relic_stats":{"counters":[5,29],"Golden Idol":8,"obtain_stats":[{"Lantern":0,"Golden Idol":3,"animator:TheMissingPiece":0,"animator:LivingPicture":0},{"Lantern":0,"Golden Idol":2,"animator:TheMissingPiece":0,"animator:LivingPicture":0},{"Lantern":0,"Golden Idol":6,"animator:TheMissingPiece":0,"animator:LivingPicture":0}]},"card_choices":[{"not_picked":["animator:ZankiKiguchi","animator:Millim"],"picked":"animator:Konayuki","floor":1},{"not_picked":["animator:Tet","animator:Gluttony","animator:Bozes"],"picked":"SKIP","floor":2},{"not_picked":["animator:Tyuule","animator:ElricEdward"],"picked":"animator:Pride","floor":4},{"not_picked":["animator:Yoichi","animator:Yuuichirou"],"picked":"animator:FeridBathory","floor":5}],"player_experience":159916,"relics_obtained":[],"event_choices":[{"damage_healed":0,"gold_gain":0,"player_choice":"Take Wound","damage_taken":0,"relics_obtained":["Golden Idol"],"max_hp_gain":0,"max_hp_loss":0,"event_name":"Golden Idol","floor":3,"gold_loss":0,"cards_obtained":["Injury"]}],"is_beta":false,"boss_relics":[],"items_purged_floors":[],"is_endless":false,"potions_floor_spawned":[1],"killed_by":"Lagavulin","ascension_level":7}}