{"host":"8f5cu9y0fpol72qs","time":1612058469,"event":{"mods":["AlwaysNeverKeys","BaseMod","Colored Map","Colored Powertips","Curses Come First","Highlight Path","Key Reminder","Minty Spire (QoL Compilation)","StSLib"],"gold_per_floor":[112,37,37,57,68,68,97,97,97,108,127,127,52,78,78,150,150,164,179,179,179],"floor_reached":20,"language":"ENG","playtime":5006,"items_purged":["Strike_B"],"score":331,"play_id":"26d7036a-c747-4b1b-9469-17ecfb07ee49","local_time":"20210130180109","is_ascension_mode":true,"campfire_choices":[{"data":"Beam Cell","floor":6.0,"key":"SMITH"},{"floor":8,"key":"REST"},{"floor":15,"key":"REST"}],"circlet_count":0,"master_deck":["AscendersBane","Strike_B","Defend_B","Defend_B","Defend_B","Defend_B","Zap","Dualcast","Cold Snap","Sweeping Beam","Beam Cell+1","Genetic Algorithm","Go for the Eyes","Conserve Battery","All For One","Steam+1"],"relics":["Cracked Core","Singing Bowl","White Beast Statue","FossilizedHelix","Philosopher\u0027s Stone"],"acts_visited":["Exordium","TheCity"],"potions_floor_usage":[11,14,16],"damage_taken":[{"damage":13.0,"enemies":"Jaw Worm","floor":1.0,"turns":5.0},{"damage":8.0,"enemies":"2 Louse","floor":4.0,"turns":3.0},{"damage":7.0,"enemies":"Small Slimes","floor":5.0,"turns":2.0},{"damage":37,"enemies":"Lagavulin","floor":7,"turns":11},{"damage":12,"enemies":"2 Fungi Beasts","floor":10,"turns":4},{"damage":2,"enemies":"Gremlin Gang","floor":11,"turns":4},{"damage":28,"enemies":"3 Sentries","floor":14,"turns":8},{"damage":6,"enemies":"The Guardian","floor":16,"turns":15},{"damage":13,"enemies":"Shell Parasite","floor":18,"turns":7},{"damage":28,"enemies":"2 Thieves","floor":19,"turns":5},{"damage":30,"enemies":"Cultist and Chosen","floor":20,"turns":4}],"seed_played":"-8590893731768005380","potions_obtained":[{"floor":1.0,"key":"EssenceOfDarkness"},{"floor":10,"key":"Block Potion"},{"floor":11,"key":"Regen Potion"},{"floor":14,"key":"DuplicationPotion"},{"floor":16,"key":"FearPotion"},{"floor":18,"key":"Weak Potion"},{"floor":19,"key":"SkillPotion"}],"is_trial":false,"path_per_floor":["M","?","?","M","M","R","E","R","T","M","M","?","$","E","R","B",null,"M","M","M"],"character_chosen":"DEFECT","items_purchased":[],"campfire_rested":2,"item_purchase_floors":[],"current_hp_per_floor":[58,58,58,50,43,43,6,29,29,17,15,15,15,4,28,22,66,53,27,0,0],"gold":179,"neow_bonus":"TEN_PERCENT_HP_BONUS","is_daily":false,"chose_seed":false,"campfire_upgraded":1,"win_rate":0.0,"timestamp":1612058469,"path_taken":["M","?","?","M","M","R","E","R","T","M","M","?","$","E","R","BOSS","M","M","M"],"items_purchased_type":[],"build_version":"2020-12-22","purchased_purges":1,"victory":false,"max_hp_per_floor":[78,78,78,78,78,78,78,78,78,78,78,78,78,80,80,80,80,80,82,82,82],"card_choices":[{"not_picked":["Consume","Gash"],"picked":"Cold Snap","floor":1.0},{"not_picked":["Steam","Coolheaded"],"picked":"Sweeping Beam","floor":4.0},{"not_picked":["Coolheaded","Chaos"],"picked":"Beam Cell","floor":5.0},{"not_picked":["Ball Lightning","Beam Cell"],"picked":"Genetic Algorithm","floor":7},{"not_picked":["Compile Driver","White Noise"],"picked":"Go for the Eyes","floor":10},{"not_picked":["Streamline","Coolheaded"],"picked":"Conserve Battery","floor":11},{"not_picked":["Redo","Storm","Machine Learning"],"picked":"Singing Bowl","floor":14},{"not_picked":["Rainbow","Meteor Strike"],"picked":"All For One","floor":16},{"not_picked":["Reinforced Body","Ball Lightning"],"picked":"Steam+1","floor":18},{"not_picked":["Gash","Go for the Eyes","Cold Snap"],"picked":"Singing Bowl","floor":19}],"player_experience":949987,"relics_obtained":[{"floor":7,"key":"Singing Bowl"},{"floor":9,"key":"White Beast Statue"},{"floor":14,"key":"FossilizedHelix"}],"event_choices":[{"cards_removed":["Strike_B"],"damage_healed":0.0,"max_hp_gain":0.0,"max_hp_loss":0.0,"gold_gain":0.0,"event_name":"The Cleric","player_choice":"Card Removal","floor":2.0,"gold_loss":75.0,"damage_taken":0.0},{"damage_healed":0.0,"max_hp_gain":0.0,"max_hp_loss":0.0,"gold_gain":0.0,"event_name":"Liars Game","player_choice":"Ignored","floor":3.0,"gold_loss":0.0,"damage_taken":0.0},{"cards_removed":["Strike_B"],"damage_healed":0,"gold_gain":0,"player_choice":"Forget","damage_taken":0,"max_hp_gain":0,"max_hp_loss":0,"event_name":"Living Wall","floor":12,"gold_loss":0}],"is_beta":false,"boss_relics":[{"not_picked":["SacredBark","Velvet Choker"],"picked":"Philosopher\u0027s Stone"}],"items_purged_floors":[13],"is_endless":false,"potions_floor_spawned":[1,10,11,14,16,18,19],"killed_by":"Cultist and Chosen","ascension_level":16}}