{"host":"04hh9gplt9wkfmr1","time":1612122531,"event":{"mods":["AchievementEnabler","BaseMod","Colored Map","KOR Keyword Fix","Minty Spire (QoL Compilation)","Rare Cards Sparkle","SuperFastMode"],"gold_per_floor":[115,131,147,167,184,184,216,235,235,410,420,420,420,420,420],"floor_reached":14,"language":"KOR","playtime":475,"items_purged":[],"score":155,"play_id":"ec9a6736-1634-4150-8ece-79b20280d366","local_time":"20210201044851","is_ascension_mode":true,"campfire_choices":[{"floor":6,"key":"REST"},{"floor":12,"key":"REST"}],"circlet_count":0,"master_deck":["AscendersBane","Strike_G","Strike_G","Strike_G","Strike_G","Strike_G","Defend_G","Defend_G","Defend_G","Defend_G","Defend_G","Survivor","Neutralize","Footwork","Blade Dance","PiercingWail","Bullet Time","Noxious Fumes","Tools of the Trade","Doubt"],"relics":["Ring of the Snake","Calipers","Art of War","MealTicket","Strawberry"],"acts_visited":["Exordium"],"potions_floor_usage":[5,14],"damage_taken":[{"damage":2.0,"enemies":"Jaw Worm","floor":1.0,"turns":6.0},{"damage":7.0,"enemies":"Small Slimes","floor":2.0,"turns":5.0},{"damage":3.0,"enemies":"Cultist","floor":3.0,"turns":4.0},{"damage":4,"enemies":"Looter","floor":4,"turns":3},{"damage":7,"enemies":"Lots of Slimes","floor":5,"turns":6},{"damage":14,"enemies":"3 Sentries","floor":7,"turns":7},{"damage":1,"enemies":"2 Fungi Beasts","floor":8,"turns":5},{"damage":8,"enemies":"Exordium Wildlife","floor":11,"turns":6},{"damage":40,"enemies":"Gremlin Nob","floor":14,"turns":5}],"seed_played":"-8011531059224166439","potions_obtained":[{"floor":4,"key":"Swift Potion"},{"floor":5,"key":"EssenceOfSteel"},{"floor":8,"key":"AttackPotion"}],"is_trial":false,"path_per_floor":["M","M","M","M","M","R","E","M","T","?","M","R","T","E"],"character_chosen":"THE_SILENT","items_purchased":[],"campfire_rested":2,"item_purchase_floors":[],"current_hp_per_floor":[43,36,33,29,22,43,29,28,28,28,20,41,48,8,8],"gold":420,"neow_bonus":"ONE_RARE_RELIC","is_daily":false,"chose_seed":false,"campfire_upgraded":0,"win_rate":0.0,"timestamp":1612122531,"path_taken":["M","M","M","M","M","R","E","M","T","?","M","R","?","E"],"items_purchased_type":[],"build_version":"2020-12-22","purchased_purges":0,"victory":false,"max_hp_per_floor":[70,70,70,70,70,70,70,70,70,70,70,70,77,77,77],"card_choices":[{"not_picked":["Dagger Spray","Slice"],"picked":"Footwork","floor":1.0},{"not_picked":["Flying Knee","Acrobatics"],"picked":"Blade Dance","floor":2.0},{"not_picked":["Leg Sweep","Bane"],"picked":"PiercingWail","floor":3.0},{"not_picked":["Poisoned Stab","Deflect"],"picked":"Bullet Time","floor":4},{"not_picked":["Caltrops","Underhanded Strike"],"picked":"Noxious Fumes","floor":5},{"not_picked":["Underhanded Strike","Slice"],"picked":"Tools of the Trade","floor":7},{"not_picked":["Outmaneuver","Dagger Spray","Dagger Throw"],"picked":"SKIP","floor":8},{"not_picked":["Prepared","All Out Attack","Calculated Gamble"],"picked":"SKIP","floor":11}],"player_experience":114238,"relics_obtained":[{"floor":7,"key":"Art of War"},{"floor":9,"key":"MealTicket"},{"floor":13,"key":"Strawberry"}],"event_choices":[{"damage_healed":0,"gold_gain":175,"player_choice":"AGREE","damage_taken":0,"max_hp_gain":0,"max_hp_loss":0,"event_name":"Liars Game","floor":10,"gold_loss":0,"cards_obtained":["Doubt"]}],"is_beta":false,"boss_relics":[],"items_purged_floors":[],"is_endless":false,"potions_floor_spawned":[4,5,8,11],"killed_by":"Gremlin Nob","ascension_level":13}}