{"host":"mb4cisebr17g8vuz","time":1612125438,"event":{"mods":["AchievementEnabler","BaseMod","Colored Map","Colored Powertips","Minty Spire (QoL Compilation)","SuperFastMode","everything is the same but u backflip on backflip"],"gold_per_floor":[109,109,34,109,129,154,154,186,212,244,244,244,259,276,276,276,350,350,368,293,307,88,138,138,138,138,165,165,165],"floor_reached":28,"language":"KOR","playtime":545,"items_purged":["Strike_R","Strike_R"],"score":488,"play_id":"f486711a-2ec8-499c-becd-6bafca6d5799","local_time":"20210131153718","is_ascension_mode":true,"campfire_choices":[{"data":"Demon Form","floor":12.0,"key":"SMITH"},{"data":"Uppercut","floor":16.0,"key":"SMITH"},{"floor":24,"key":"REST"},{"data":"Limit Break","floor":26,"key":"SMITH"}],"circlet_count":0,"master_deck":["AscendersBane","Strike_R","Strike_R+1","Defend_R","Defend_R","Defend_R","Defend_R","Bash","Hemokinesis+1","Wild Strike","Demon Form+1","Uppercut+1","Shrug It Off","Sword Boomerang","Limit Break+1","CurseOfTheBell","Shrug It Off"],"relics":["Burning Blood","NeowsBlessing","Toy Ornithopter","Orichalcum","Regal Pillow","Juzu Bracelet","Calling Bell","Smiling Mask","Self Forming Clay","Ginger","Bag of Marbles","Ancient Tea Set"],"acts_visited":["Exordium","TheCity"],"potions_floor_usage":[28],"damage_taken":[{"damage":0.0,"enemies":"2 Louse","floor":1.0,"turns":1.0},{"damage":3.0,"enemies":"Small Slimes","floor":5.0,"turns":2.0},{"damage":0.0,"enemies":"3 Sentries","floor":6.0,"turns":2.0},{"damage":24.0,"enemies":"Gremlin Nob","floor":8.0,"turns":4.0},{"damage":25.0,"enemies":"Lagavulin","floor":10.0,"turns":6.0},{"damage":0.0,"enemies":"Cultist","floor":13.0,"turns":3.0},{"damage":2.0,"enemies":"Looter","floor":14.0,"turns":2.0},{"damage":20.0,"enemies":"Slime Boss","floor":17.0,"turns":7.0},{"damage":25,"enemies":"Shell Parasite","floor":19,"turns":5},{"damage":23,"enemies":"Chosen","floor":21,"turns":5},{"damage":70,"enemies":"Gremlin Leader","floor":28,"turns":6}],"seed_played":"-8223249808860420890","potions_obtained":[{"floor":1.0,"key":"FearPotion"},{"floor":5.0,"key":"Weak Potion"},{"floor":10.0,"key":"Block Potion"},{"floor":17.0,"key":"LiquidBronze"},{"floor":19,"key":"BlessingOfTheForge"}],"is_trial":false,"path_per_floor":["M","?","$","?","M","E","?","E","T","E","?","R","M","M","R","R","B",null,"M","?","M","$","?","R","?","R","T","E"],"character_chosen":"IRONCLAD","items_purchased":["Bag of Marbles"],"campfire_rested":1,"item_purchase_floors":[22],"current_hp_per_floor":[74,51,51,40,43,49,49,41,41,22,22,22,28,32,32,32,23,62,43,43,26,26,26,63,63,63,63,0,0],"gold":165,"neow_bonus":"THREE_ENEMY_KILL","is_daily":false,"chose_seed":false,"campfire_upgraded":3,"win_rate":0.0,"timestamp":1612125438,"path_taken":["M","?","$","?","M","E","?","E","T","E","?","R","M","M","R","R","BOSS","M","?","M","$","?","R","?","R","T","E"],"items_purchased_type":["Relic"],"build_version":"2020-12-22","purchased_purges":2,"victory":false,"max_hp_per_floor":[75,75,75,75,75,75,75,75,75,75,75,75,75,75,75,75,75,75,75,75,75,75,75,75,75,75,75,75,75],"card_choices":[{"not_picked":["Burning Pact","Havoc"],"picked":"Hemokinesis","floor":1.0},{"not_picked":["Iron Wave","Armaments"],"picked":"Wild Strike","floor":5.0},{"not_picked":["Spot Weakness","Sentinel"],"picked":"Demon Form","floor":6.0},{"not_picked":["Rampage","Battle Trance"],"picked":"Uppercut","floor":8.0},{"not_picked":["Flex","Headbutt","Hemokinesis"],"picked":"SKIP","floor":10.0},{"not_picked":["Battle Trance","Havoc"],"picked":"Shrug It Off","floor":13.0},{"not_picked":["Wild Strike","Exhume"],"picked":"Sword Boomerang","floor":14.0},{"not_picked":["Corruption","Brutality"],"picked":"Limit Break","floor":17.0},{"not_picked":["Thunderclap+1","Whirlwind+1"],"picked":"Shrug It Off","floor":19},{"not_picked":["Flex","Havoc+1","Uppercut"],"picked":"SKIP","floor":21}],"player_experience":242600,"relics_obtained":[{"floor":6.0,"key":"Toy Ornithopter"},{"floor":8.0,"key":"Orichalcum"},{"floor":9.0,"key":"Regal Pillow"},{"floor":10.0,"key":"Juzu Bracelet"},{"floor":18.0,"key":"Smiling Mask"},{"floor":18.0,"key":"Self Forming Clay"},{"floor":18.0,"key":"Ginger"},{"floor":27,"key":"Ancient Tea Set"}],"event_choices":[{"damage_healed":0.0,"max_hp_gain":0.0,"max_hp_loss":0.0,"gold_gain":0.0,"event_name":"Shining Light","player_choice":"Entered Light","floor":2.0,"gold_loss":0.0,"damage_taken":23.0,"cards_upgraded":["Strike_R","Hemokinesis"]},{"damage_healed":0.0,"max_hp_gain":0.0,"max_hp_loss":0.0,"gold_gain":75.0,"event_name":"World of Goop","player_choice":"Gather Gold","floor":4.0,"gold_loss":0.0,"damage_taken":11.0},{"damage_healed":0.0,"max_hp_gain":0.0,"max_hp_loss":0.0,"gold_gain":0.0,"event_name":"Wheel of Change","player_choice":"Cursed","floor":7.0,"gold_loss":0.0,"damage_taken":0.0,"cards_obtained":["Decay"]},{"cards_removed":["Decay"],"damage_healed":0.0,"max_hp_gain":0.0,"max_hp_loss":0.0,"gold_gain":0.0,"event_name":"Living Wall","player_choice":"Forget","floor":11.0,"gold_loss":0.0,"damage_taken":0.0},{"cards_removed":["Strike_R"],"damage_healed":0,"gold_gain":0,"player_choice":"Gave Gold","damage_taken":0,"max_hp_gain":0,"max_hp_loss":0,"event_name":"Beggar","floor":20,"gold_loss":75},{"damage_healed":0,"gold_gain":50,"player_choice":"Stole From Cult","damage_taken":0,"max_hp_gain":0,"max_hp_loss":0,"event_name":"Nest","floor":23,"gold_loss":0},{"damage_healed":0,"gold_gain":0,"player_choice":"Ignored","damage_taken":0,"max_hp_gain":0,"max_hp_loss":0,"event_name":"Ghosts","floor":25,"gold_loss":0}],"is_beta":false,"boss_relics":[{"not_picked":["Busted Crown","Empty Cage"],"picked":"Calling Bell"}],"items_purged_floors":[3,22],"is_endless":false,"potions_floor_spawned":[1,5,10,17,19],"killed_by":"Gremlin Leader","ascension_level":18}}