{"host":"3498uni0c31c9bdm","time":1612123503,"event":{"mods":["BaseMod","Better Third Choice","Minty Spire (QoL Compilation)","Replay The Spire","StSLib"],"gold_per_floor":[117,117,19,30,43,69,69,99,99,114,114,134,134,134,134,151,151,254,254,270,270,282,282,282,282,300,314,314,314,16,26,26,40,40,40,40],"floor_reached":35,"language":"ENG","playtime":1134,"items_purged":[],"score":456,"play_id":"ca0b1481-1815-4076-9a90-827af25e26c1","local_time":"20210201070503","is_ascension_mode":true,"campfire_choices":[{"floor":7,"key":"REST"},{"floor":11,"key":"REST"},{"floor":17,"key":"REST"},{"floor":25,"key":"REST"},{"floor":29,"key":"REST"},{"floor":34,"key":"REST"}],"circlet_count":0,"master_deck":["AscendersBane","Strike_P","Strike_P","Strike_P","Strike_P","Defend_P","Defend_P","Defend_P","Defend_P","Eruption","Vigilance","Protect","Consecrate","Replay:ManipulateFuture+1","PathToVictory","BowlingBash","Prostrate","CarveReality","JustLucky","SpiritShield","Injury","Injury","ReplayTheSpireMod:Faulty Equipment","SashWhip","ForeignInfluence+1","Crescendo","PathToVictory","PathToVictory","EmptyBody+1"],"relics":["PureWater","NeowsBlessing","Pear","Toy Ornithopter","Lantern","Replay:Ancient Bell","Tiny Chest","Iron Hammer","Du-Vu Doll","MutagenicStrength","Turnip","ReplayTheSpireMod:TigerMarble","Juzu Bracelet","ReplayFunnel","Yang"],"acts_visited":["Exordium","TheCity"],"potions_floor_usage":[10,18,18,27,27,35],"damage_taken":[{"damage":0,"enemies":"Jaw Worm","floor":1,"turns":1},{"damage":0,"enemies":"Cultist","floor":4,"turns":1},{"damage":0,"enemies":"2 Louse","floor":5,"turns":1},{"damage":42,"enemies":"3 Sentries","floor":6,"turns":15},{"damage":44,"enemies":"Lagavulin","floor":8,"turns":9},{"damage":11,"enemies":"Large Slime","floor":10,"turns":5},{"damage":0,"enemies":"Exordium Wildlife","floor":12,"turns":3},{"damage":15,"enemies":"Exordium Thugs","floor":16,"turns":6},{"damage":47,"enemies":"The Guardian","floor":18,"turns":11},{"damage":35,"enemies":"2 Thieves","floor":20,"turns":3},{"damage":1,"enemies":"Chosen","floor":22,"turns":4},{"damage":31,"enemies":"Centurion and Healer","floor":26,"turns":6},{"damage":7,"enemies":"Snake Plant","floor":27,"turns":4},{"damage":36,"enemies":"Sentry and Sphere","floor":31,"turns":8},{"damage":8,"enemies":"Snecko","floor":33,"turns":5},{"damage":33,"enemies":"Pondfish","floor":35,"turns":5}],"seed_played":"4089665798513908399","potions_obtained":[{"floor":1,"key":"Flashbang"},{"floor":8,"key":"Doom Potion"},{"floor":16,"key":"Adrenaline Potion"},{"floor":18,"key":"Weak Potion"},{"floor":22,"key":"Swift Potion"},{"floor":33,"key":"LiquidBronze"}],"is_trial":false,"path_per_floor":["M","$","?","M","M","E","R","E","T","M","R","M","PTL","PTL","?","M","R","B",null,"M","?","M","?","?","R","M","M","T","R","$","M","T","M","R","B"],"character_chosen":"WATCHER","items_purchased":["Juzu Bracelet","ReplayFunnel"],"campfire_rested":6,"item_purchase_floors":[30,30],"current_hp_per_floor":[65,65,75,75,75,33,57,13,13,7,31,31,31,31,31,16,40,3,62,27,27,26,26,26,50,19,22,22,46,46,10,10,2,26,0,0],"gold":40,"neow_bonus":"THREE_ENEMY_KILL","is_daily":false,"chose_seed":false,"campfire_upgraded":0,"win_rate":0.0,"timestamp":1612123503,"path_taken":["M","$","?","M","M","E","R","E","T","M","R","?","PTL","PTL","?","M","R","BOSS","M","?","M","?","?","R","M","M","T","R","$","M","?","M","R","BOSS"],"items_purchased_type":["Relic","Relic"],"build_version":"2020-12-22","purchased_purges":0,"victory":false,"max_hp_per_floor":[72,72,82,82,82,82,82,82,82,82,82,82,82,82,82,82,82,82,82,82,82,82,82,82,82,82,82,82,82,82,82,82,82,82,82,82],"card_choices":[{"not_picked":["Conclude","FollowUp"],"picked":"Protect","floor":1},{"not_picked":["Conclude","Perseverance"],"picked":"Consecrate","floor":4},{"not_picked":["Worship","Vengeance"],"picked":"Replay:ManipulateFuture","floor":5},{"not_picked":["EmptyMind","FollowUp"],"picked":"PathToVictory","floor":6},{"not_picked":["Halt","EmptyBody"],"picked":"BowlingBash","floor":8},{"not_picked":["ConjureBlade","Swivel"],"picked":"Prostrate","floor":10},{"not_picked":["Replay:AtTheReady","Halt"],"picked":"CarveReality","floor":12},{"not_picked":["Replay:ManipulateFuture","Halt"],"picked":"JustLucky","floor":16},{"not_picked":["MasterReality","Replay:AllIn"],"picked":"SpiritShield","floor":18},{"not_picked":["Overencumbered","Looming Evil"],"picked":"Injury","floor":19},{"not_picked":["Sickly","Spreading Infection"],"picked":"Injury","floor":19},{"not_picked":["Regret","Amnesia"],"picked":"ReplayTheSpireMod:Faulty Equipment","floor":19},{"not_picked":["Evaluate","Swivel"],"picked":"SashWhip","floor":20},{"not_picked":["Replay:AtTheReady","Fasting2"],"picked":"ForeignInfluence+1","floor":22},{"not_picked":["Replay:ManipulateFuture","Replay:AtTheReady"],"picked":"Crescendo","floor":26},{"not_picked":["Replay:Battleflow","Study"],"picked":"PathToVictory","floor":27},{"not_picked":["Replay:BluntJabs","CrushJoints"],"picked":"PathToVictory","floor":31},{"not_picked":["Replay:Anticipation","JustLucky"],"picked":"EmptyBody+1","floor":33}],"player_experience":779965,"relics_obtained":[{"floor":6,"key":"Toy Ornithopter"},{"floor":8,"key":"Lantern"},{"floor":28,"key":"ReplayTheSpireMod:TigerMarble"},{"floor":32,"key":"Yang"}],"event_choices":[{"damage_healed":0,"gold_gain":0,"player_choice":"Paid Gold","damage_taken":0,"relics_obtained":["Pear"],"max_hp_gain":0,"max_hp_loss":0,"event_name":"WeMeetAgain","floor":3,"gold_loss":98},{"damage_healed":0,"gold_gain":0,"player_choice":"Inject Mutagens","damage_taken":0,"relics_obtained":["MutagenicStrength"],"max_hp_gain":0,"max_hp_loss":0,"event_name":"Drug Dealer","floor":23,"gold_loss":0}],"is_beta":false,"boss_relics":[{"not_picked":["ReplayTheSpireMod:DimensionalGlitch","Philosopher\u0027s Stone"],"picked":"Replay:Ancient Bell"},{"not_picked":["Regal Pillow","Replay:Bandana"],"picked":"Tiny Chest"},{"not_picked":["Ornamental Fan","Frozen Egg 2"],"picked":"Iron Hammer"},{"not_picked":["Unceasing Top","Shovel"],"picked":"Du-Vu Doll"}],"items_purged_floors":[],"is_endless":false,"potions_floor_spawned":[1,8,16,18,22,33],"killed_by":"Pondfish","ascension_level":11}}