{"host":"sian7qp8a9pc9xwd","time":1612124704,"event":{"mods":["BaseMod","Minty Spire (QoL Compilation)","StSLib","SuperFastMode"],"gold_per_floor":[11,11,84,100,117,117,134,134,160,160,180,211,235,273,273,402,402,425,37,61,11,36,77,96,96,150,249,288,309,309,349,349,349,349],"floor_reached":33,"language":"ENG","playtime":1859,"items_purged":[],"score":527,"play_id":"4154abff-c6d2-48c2-81b6-ab3abfe87756","local_time":"20210131152504","is_ascension_mode":true,"campfire_choices":[{"data":"Uppercut","floor":6.0,"key":"SMITH"},{"data":"Body Slam","floor":10.0,"key":"SMITH"},{"data":"Impervious","floor":15.0,"key":"SMITH"},{"data":"Exhume","floor":25.0,"key":"SMITH"},{"data":"Shrug It Off","floor":32,"key":"SMITH"}],"circlet_count":0,"master_deck":["AscendersBane","Strike_R","Strike_R","Strike_R","Defend_R+1","Defend_R","Defend_R","Defend_R","Flame Barrier+1","Body Slam+1","Uppercut+1","Shrug It Off+1","Impervious+1","Exhume+1","Battle Trance+1","True Grit+1"],"relics":["Black Blood","Gremlin Horn","Golden Idol","Orichalcum","War Paint","Charon\u0027s Ashes","CaptainsWheel","Happy Flower","Potion Belt","Ancient Tea Set","Red Skull","Lizard Tail"],"acts_visited":["Exordium","TheCity"],"potions_floor_usage":[31,33,33],"damage_taken":[{"damage":11.0,"enemies":"Cultist","floor":1.0,"turns":4.0},{"damage":11.0,"enemies":"Jaw Worm","floor":4.0,"turns":6.0},{"damage":4.0,"enemies":"Small Slimes","floor":5.0,"turns":4.0},{"damage":3.0,"enemies":"Exordium Wildlife","floor":7.0,"turns":5.0},{"damage":1.0,"enemies":"Lots of Slimes","floor":11.0,"turns":3.0},{"damage":21.0,"enemies":"Lagavulin","floor":12.0,"turns":7.0},{"damage":0.0,"enemies":"Exordium Thugs","floor":13.0,"turns":4.0},{"damage":3.0,"enemies":"Gremlin Nob","floor":14.0,"turns":4.0},{"damage":19.0,"enemies":"Slime Boss","floor":16.0,"turns":11.0},{"damage":10.0,"enemies":"3 Byrds","floor":18.0,"turns":4.0},{"damage":10.0,"enemies":"Chosen","floor":20.0,"turns":6.0},{"damage":8.0,"enemies":"Slavers","floor":23.0,"turns":4.0},{"damage":0.0,"enemies":"Sentry and Sphere","floor":24.0,"turns":4.0},{"damage":0.0,"enemies":"Book of Stabbing","floor":28.0,"turns":3.0},{"damage":0.0,"enemies":"Cultist and Chosen","floor":29.0,"turns":4.0},{"damage":29,"enemies":"Slavers","floor":31,"turns":7},{"damage":63,"enemies":"Collector","floor":33,"turns":8}],"seed_played":"6491951795544897608","potions_obtained":[{"floor":1.0,"key":"GamblersBrew"},{"floor":5.0,"key":"SmokeBomb"},{"floor":7.0,"key":"SneckoOil"},{"floor":12.0,"key":"Strength Potion"},{"floor":18.0,"key":"DuplicationPotion"},{"floor":23.0,"key":"Regen Potion"},{"floor":29.0,"key":"Swift Potion"}],"is_trial":false,"path_per_floor":["M","?","T","M","M","R","M","?","T","R","M","E","M","E","R","B",null,"M","$","M","$","T","E","M","R","T","?","E","M","?","E","R","B"],"character_chosen":"IRONCLAD","items_purchased":["Fruit Juice","CaptainsWheel","SpeedPotion"],"campfire_rested":0,"item_purchase_floors":[19,19,21],"current_hp_per_floor":[67,67,67,62,64,64,67,47,47,47,52,37,43,46,46,33,68,70,75,77,77,77,81,85,85,85,85,85,85,69,52,52,4,4],"gold":349,"neow_bonus":"REMOVE_TWO","is_daily":false,"chose_seed":false,"campfire_upgraded":5,"win_rate":0.0,"timestamp":1612124704,"path_taken":["M","?","?","M","M","R","M","?","T","R","M","E","?","E","R","BOSS","M","$","M","?","?","E","M","R","T","?","E","M","?","E","R","BOSS"],"items_purchased_type":["Potion","Relic","Potion"],"build_version":"2020-12-22","purchased_purges":0,"victory":false,"max_hp_per_floor":[80,80,80,80,80,80,80,80,80,80,80,80,80,80,80,80,80,80,85,85,85,85,85,85,85,85,85,85,85,90,90,90,90,90],"card_choices":[{"not_picked":["Reckless Charge","Shockwave","Cleave"],"picked":"SKIP","floor":1.0},{"not_picked":["Clothesline","Burning Pact"],"picked":"Body Slam","floor":4.0},{"not_picked":["Wild Strike","Cleave"],"picked":"Uppercut","floor":5.0},{"not_picked":["Dual Wield","True Grit","Clothesline"],"picked":"SKIP","floor":7.0},{"not_picked":["Dark Embrace","Dropkick"],"picked":"Shrug It Off","floor":11.0},{"not_picked":["Searing Blow","Barricade","Second Wind"],"picked":"SKIP","floor":12.0},{"not_picked":["True Grit","Anger","Armaments"],"picked":"SKIP","floor":13.0},{"not_picked":["Body Slam","Sword Boomerang"],"picked":"Impervious","floor":14.0},{"not_picked":["Bludgeon","Reaper"],"picked":"Exhume","floor":16.0},{"not_picked":["Combust+1","Dual Wield","Sentinel+1"],"picked":"SKIP","floor":18.0},{"not_picked":["Disarm","Clothesline"],"picked":"Battle Trance+1","floor":20.0},{"not_picked":["Thunderclap","Hemokinesis","Metallicize"],"picked":"SKIP","floor":23.0},{"not_picked":["Clothesline","Pommel Strike+1"],"picked":"True Grit+1","floor":24.0},{"not_picked":["Heavy Blade","Headbutt","Rage+1"],"picked":"SKIP","floor":28.0},{"not_picked":["Sword Boomerang","Sever Soul+1","Brutality"],"picked":"SKIP","floor":29.0},{"not_picked":["Armaments","Sword Boomerang","Rage+1"],"picked":"SKIP","floor":31}],"player_experience":854101,"relics_obtained":[{"floor":3.0,"key":"Gremlin Horn"},{"floor":9.0,"key":"Orichalcum"},{"floor":12.0,"key":"War Paint"},{"floor":14.0,"key":"Charon\u0027s Ashes"},{"floor":22.0,"key":"Happy Flower"},{"floor":23.0,"key":"Potion Belt"},{"floor":26.0,"key":"Ancient Tea Set"},{"floor":28.0,"key":"Red Skull"},{"floor":31,"key":"Lizard Tail"}],"event_choices":[{"damage_healed":0.0,"max_hp_gain":0.0,"max_hp_loss":0.0,"gold_gain":0.0,"cards_transformed":["Strike_R"],"event_name":"Living Wall","player_choice":"Change","floor":2.0,"gold_loss":0.0,"damage_taken":0.0,"cards_obtained":["Flame Barrier"]},{"damage_healed":0.0,"max_hp_gain":0.0,"max_hp_loss":0.0,"gold_gain":0.0,"event_name":"Golden Idol","player_choice":"Take Damage","floor":8.0,"gold_loss":0.0,"damage_taken":20.0,"relics_obtained":["Golden Idol"]},{"damage_healed":0.0,"max_hp_gain":0.0,"max_hp_loss":0.0,"gold_gain":99.0,"event_name":"Nest","player_choice":"Stole From Cult","floor":27.0,"gold_loss":0.0,"damage_taken":0.0},{"damage_healed":0.0,"max_hp_gain":5.0,"max_hp_loss":0.0,"gold_gain":0.0,"event_name":"Forgotten Altar","player_choice":"Shed Blood","floor":30.0,"gold_loss":0.0,"damage_taken":21.0}],"is_beta":false,"boss_relics":[{"not_picked":["Ectoplasm","Coffee Dripper"],"picked":"Black Blood"}],"items_purged_floors":[],"is_endless":false,"potions_floor_spawned":[1,5,7,12,18,23,29],"killed_by":"Collector","ascension_level":11}}