{"host":"pzgr3gbl0nac7xxx","time":1612121883,"event":{"mods":["BaseMod","Downfall","Minty Spire (QoL Compilation)","Replay The Spire","StSLib","The Blue Laboratory","The Cursed","The Servant 0.9.4"],"gold_per_floor":[112,112,287,28,28,61,61,73,148,181,39,69,69,69,69,171,171,190,190,190,190,220,282,308,308],"floor_reached":24,"language":"ENG","playtime":1126,"items_purged":["Doubt","Strike_G"],"score":251,"play_id":"35e90bf0-7fad-448e-8cb9-4794e7786e5d","local_time":"20210131133803","is_ascension_mode":true,"campfire_choices":[{"floor":7.0,"key":"REST"},{"floor":13,"key":"REST"}],"circlet_count":0,"master_deck":["Strike_G","Defend_G","Defend_G","Defend_G","Defend_G","Defend_G+1","Survivor+1","Neutralize","Adrenaline","Deadly Poison","Dodge and Roll+1","Dagger Spray+1","Distraction","Night Terror+1","Backstab+1","Poisoned Stab","A Thousand Cuts+1","Dagger Spray+1","Envenom+1","Deflect+1","Deadly Poison","CommonCold","Envenom+1"],"relics":["Ring of the Snake","Juzu Bracelet","Matryoshka","Tingsha","The Courier","Golden Egg","Replay:Bottled Snecko","Tiny Chest","Nloth\u0027s Gift","Ring of Fangs","Replay:Bandana","InkBottle","Vajra"],"acts_visited":["Exordium","TheCity"],"potions_floor_usage":[16,16],"damage_taken":[{"damage":2.0,"enemies":"Small Slimes","floor":1.0,"turns":3.0},{"damage":16.0,"enemies":"3 Sentries","floor":6.0,"turns":10.0},{"damage":0.0,"enemies":"Jaw Worm","floor":8.0,"turns":3.0},{"damage":7.0,"enemies":"Lagavulin","floor":10.0,"turns":8.0},{"damage":9,"enemies":"3 Sentries","floor":12,"turns":6},{"damage":5,"enemies":"The Guardian","floor":16,"turns":9},{"damage":15,"enemies":"2 Thieves","floor":18,"turns":3},{"damage":15,"enemies":"Shell Parasite","floor":22,"turns":3},{"damage":43,"enemies":"Slavers","floor":23,"turns":5},{"damage":6,"enemies":"3 Cultists","floor":24,"turns":2}],"seed_played":"7170773639676707754","potions_obtained":[{"floor":10.0,"key":"SneckoOil"},{"floor":12,"key":"blueLaboratory:BottleOfRum"},{"floor":23,"key":"blueLaboratory:PhilterOfMotion"}],"is_trial":false,"path_per_floor":["M","?","?","$","T","E","R","M","T","E","$","E","R","?","R","B",null,"M","?","?","T","M","E","M"],"character_chosen":"THE_SILENT","items_purchased":["Juzu Bracelet","Dodge and Roll+1","Backstab"],"campfire_rested":2,"item_purchase_floors":[4,4,11],"current_hp_per_floor":[68,54,54,54,54,38,59,59,59,52,52,43,64,69,75,70,75,60,60,60,60,45,2,0,0],"gold":308,"neow_bonus":"ONE_RANDOM_RARE_CARD","is_daily":false,"chose_seed":false,"campfire_upgraded":0,"win_rate":0.0,"timestamp":1612121883,"path_taken":["M","?","?","$","?","E","R","M","T","E","$","E","R","?","R","BOSS","M","?","?","?","M","E","M"],"items_purchased_type":["Relic","Card","Card"],"build_version":"2020-12-22","purchased_purges":2,"victory":false,"max_hp_per_floor":[70,70,70,70,70,70,70,70,70,70,70,70,70,75,75,75,75,75,75,75,75,75,75,75,75],"card_choices":[{"not_picked":["PiercingWail","Dagger Spray"],"picked":"Deadly Poison","floor":1.0},{"not_picked":["Malaise","Slice"],"picked":"Dagger Spray","floor":6.0},{"not_picked":["Flying Knee","Skewer"],"picked":"Distraction","floor":8.0},{"not_picked":["Calculated Gamble","Well Laid Plans"],"picked":"Night Terror","floor":10.0},{"not_picked":["Cloak And Dagger","Prepared"],"picked":"Poisoned Stab","floor":12},{"not_picked":["Doppelganger","Tools of the Trade"],"picked":"A Thousand Cuts","floor":16},{"not_picked":["Prepared","Cloak And Dagger"],"picked":"Deadly Poison","floor":18},{"not_picked":["Outmaneuver","Glass Knife","Draining Mist"],"picked":"SKIP","floor":22},{"not_picked":["Accuracy","Storm of Steel"],"picked":"Envenom","floor":23}],"player_experience":155906,"relics_obtained":[{"floor":5.0,"key":"Matryoshka"},{"floor":6.0,"key":"Tingsha"},{"floor":9.0,"key":"The Courier"},{"floor":9.0,"key":"Golden Egg"},{"floor":10.0,"key":"Replay:Bottled Snecko"},{"floor":12,"key":"Tiny Chest"},{"floor":20,"key":"Ring of Fangs"},{"floor":21,"key":"Replay:Bandana"},{"floor":21,"key":"InkBottle"},{"floor":23,"key":"Vajra"}],"event_choices":[{"damage_healed":0.0,"max_hp_gain":0.0,"max_hp_loss":0.0,"gold_gain":0.0,"event_name":"Shining Light","player_choice":"Entered Light","floor":2.0,"gold_loss":0.0,"damage_taken":14.0,"cards_upgraded":["Survivor","Defend_G"]},{"damage_healed":0.0,"max_hp_gain":0.0,"max_hp_loss":0.0,"gold_gain":175.0,"event_name":"Liars Game","player_choice":"AGREE","floor":3.0,"gold_loss":0.0,"damage_taken":0.0,"cards_obtained":["Doubt"]},{"damage_healed":0,"gold_gain":0,"player_choice":"Donut","damage_taken":0,"max_hp_gain":5,"max_hp_loss":0,"event_name":"Big Fish","floor":14,"gold_loss":0},{"damage_healed":0,"gold_gain":0,"player_choice":"Traded Relic","damage_taken":0,"relics_obtained":["Nloth\u0027s Gift"],"max_hp_gain":0,"max_hp_loss":0,"event_name":"N\u0027loth","floor":19,"relics_lost":["Astrolabe"],"gold_loss":0}],"is_beta":false,"boss_relics":[{"not_picked":["bronze:MakeshiftBattery","ReplayTheSpireMod:DimensionalGlitch"],"picked":"Astrolabe"}],"items_purged_floors":[4,11],"is_endless":false,"potions_floor_spawned":[10,12,23],"killed_by":"3 Cultists","ascension_level":2}}