{"host":"Ringo","time":1612107907,"event":{"mods":["BaseMod","Colored Map","Conspire","Dota2Spire","Hubris","Minty Spire (QoL Compilation)","Replay The Spire","StSLib","The Construct","[IsaacMod]ÒÔÈö¼âËþ","¡¾ÒÅÎï¿¨ÅÆ¡¿REMEMod"],"gold_per_floor":[115,127,147,158,177,207,226,257,338,372,404,429,471,511,523,614,626,654,676,705,325,3,36,62,93,93,112,144,179,209,236,236,310,310,324,339,54,73,89,114,146,175,175,203,231,262,296,306,306,306,301],"floor_reached":52,"language":"ZHS","playtime":1477,"items_purged":[],"score":3979,"play_id":"89dd5e59-1529-4486-a936-92279a5edc51","local_time":"20210131234507","daily_mods":["SealedDeck","Vintage","Heirloom","Time Dilation","Flight","DeadlyEvents","Elite Swarm","Lethality","Binary"],"is_ascension_mode":true,"campfire_choices":[{"data":"Wallop","floor":15,"key":"SMITH"},{"data":"Crescendo","floor":32,"key":"SMITH"},{"data":"Study","floor":49,"key":"SMITH"}],"circlet_count":0,"master_deck":["AscendersBane","Halt+1","CrushJoints+1","CrushJoints+1","Crescendo+1","FollowUp","CarveReality+1","CutThroughFate+1","Wallop+1","EmptyFist+1","Evaluate","DeusExMachina+1","FlyingSleeves+1","LessonLearned","Study+1"],"relics":["PureWater","Busted Crown","HushsDoor","replay:Trail_Library","Void","Replay:Bottled Snecko","PreservedInsect","SatanicBible","TheBible","Garlic","Letter Opener","TeardropLocket","TheBean","MawBank","Dota2Spire:EyeOfSkadi","Dota2Spire:Desolator","Dota2Spire:RefresherOrb","GuppysCollar","GuppysHead","Dota2Spire:ShivaGuard","Bag of Marbles","Anchor","HowToJump","Oddly Smooth Stone","Membership Card","Bird Faced Urn","Damaru","Dota2Spire:MagicBottle","Dota2Spire:MaskOfMadness","DoctorsRemote","ReplayFunnel","Replay:WaspNest","Bottled Flame","ReplayTheSpireMod:DimensionalGlitch","Kunai","Dota2Spire:EchoSabre","Ginger","ClockworkSouvenir","Replay:Bottled Flurry","Akabeko","Dota2Spire:Vanguard","SharpPlug","Replay:Bottled Eggs","Strawberry","Blood Vial","conspire:Dentures","Happy Flower","Frozen Egg 2"],"acts_visited":["Exordium","TheCity","TheBeyond"],"potions_floor_usage":[8,16,16,35,36,51,51],"damage_taken":[{"damage":0,"enemies":"Jaw Worm","floor":1,"turns":1},{"damage":0,"enemies":"2 Louse","floor":2,"turns":1},{"damage":0,"enemies":"Small Slimes","floor":3,"turns":2},{"damage":0,"enemies":"Looter","floor":4,"turns":1},{"damage":0,"enemies":"Large Slime","floor":5,"turns":2},{"damage":0,"enemies":"3 Sentries","floor":6,"turns":2},{"damage":0,"enemies":"Blue Slaver","floor":7,"turns":1},{"damage":0,"enemies":"Replay:BlueRogue","floor":8,"turns":1},{"damage":0,"enemies":"Gremlin Nob","floor":10,"turns":1},{"damage":0,"enemies":"3 Sentries","floor":11,"turns":2},{"damage":0,"enemies":"2 Fungi Beasts","floor":12,"turns":1},{"damage":0,"enemies":"Lagavulin","floor":13,"turns":2},{"damage":0,"enemies":"Gremlin Nob","floor":14,"turns":1},{"damage":0,"enemies":"Slime Boss","floor":16,"turns":1},{"damage":0,"enemies":"Chosen","floor":18,"turns":1},{"damage":0,"enemies":"conspire:FuzzyDice","floor":19,"turns":2},{"damage":0,"enemies":"Cultist and Chosen","floor":20,"turns":2},{"damage":0,"enemies":"Slavers","floor":23,"turns":2},{"damage":0,"enemies":"Gremlin Leader","floor":24,"turns":1},{"damage":0,"enemies":"Book of Stabbing","floor":25,"turns":1},{"damage":0,"enemies":"Chosen and Byrds","floor":27,"turns":2},{"damage":0,"enemies":"Gremlin Leader","floor":28,"turns":1},{"damage":0,"enemies":"Replay:Snechameleon","floor":29,"turns":1},{"damage":0,"enemies":"Gremlin Leader","floor":30,"turns":1},{"damage":0,"enemies":"conspire:SneckoGhost","floor":31,"turns":1},{"damage":0,"enemies":"Collector","floor":33,"turns":1},{"damage":0,"enemies":"3 Darklings","floor":35,"turns":1},{"damage":0,"enemies":"3 Shapes","floor":36,"turns":1},{"damage":0,"enemies":"Jaw Worm Horde","floor":38,"turns":2},{"damage":0,"enemies":"Maw","floor":39,"turns":3},{"damage":0,"enemies":"R_Hoarder","floor":40,"turns":2},{"damage":0,"enemies":"Giant Head","floor":41,"turns":2},{"damage":0,"enemies":"R_Hoarder","floor":42,"turns":2},{"damage":0,"enemies":"Giant Head","floor":44,"turns":2},{"damage":0,"enemies":"R_Hoarder","floor":45,"turns":2},{"damage":0,"enemies":"Reptomancer","floor":46,"turns":1},{"damage":0,"enemies":"R_Hoarder","floor":47,"turns":3},{"damage":0,"enemies":"Sphere and 2 Shapes","floor":48,"turns":1},{"damage":0,"enemies":"hubris:GrandSnecko","floor":50,"turns":3},{"damage":0,"enemies":"Donu and Deca","floor":51,"turns":3}],"seed_played":"2170749769433135054","potions_obtained":[{"floor":4,"key":"Reflective Coating"},{"floor":5,"key":"FearPotion"},{"floor":8,"key":"Languid Potion"},{"floor":19,"key":"DistilledChaos"},{"floor":20,"key":"BlessingOfTheForge"},{"floor":35,"key":"SteroidPotion"},{"floor":38,"key":"Dexterity Potion"}],"is_trial":true,"path_per_floor":["M","M","M","M","M","E","M","E","T","E","E","M","E","E","R","B",null,"M","M","M","$","$","E","E","E","T","M","E","E","E","E","R","B",null,"M","M","$","M","M","E","E","E","T","E","E","E","E","M","R","B","B",null],"character_chosen":"WATCHER","items_purchased":["GuppysCollar","GuppysHead","HowToJump","Oddly Smooth Stone","FlyingSleeves","Membership Card","Bird Faced Urn","LessonLearned","Ginger","ClockworkSouvenir","Study"],"campfire_rested":0,"item_purchase_floors":[17,17,21,21,21,22,22,34,37,37,37],"current_hp_per_floor":[61,61,61,61,61,61,61,61,61,61,61,61,66,66,66,66,50,50,50,50,50,50,50,50,50,50,50,50,50,50,50,50,50,47,47,47,47,47,47,47,47,47,47,54,54,54,54,54,54,54,54],"gold":301,"neow_bonus":"","is_daily":false,"chose_seed":false,"campfire_upgraded":3,"win_rate":0.0,"timestamp":1612107907,"path_taken":["M","M","M","M","M","E","M","E","T","E","E","M","E","E","R","BOSS","M","M","M","$","$","E","E","E","T","M","E","E","E","E","R","BOSS","M","M","$","M","M","E","E","E","T","E","E","E","E","M","R","BOSS","BOSS"],"items_purchased_type":["Relic","Relic","Relic","Relic","Card","Relic","Relic","Card","Relic","Relic","Card"],"build_version":"2020-12-18","purchased_purges":0,"victory":true,"max_hp_per_floor":[68,68,68,68,68,68,68,68,68,68,68,68,73,73,73,73,50,50,50,50,50,50,50,50,50,50,50,50,50,50,50,50,50,47,47,47,47,47,47,47,47,47,47,54,54,54,54,54,54,54,54],"card_choices":[],"player_experience":602617,"relics_obtained":[{"floor":1,"key":"Replay:Bottled Snecko"},{"floor":2,"key":"Smiling Mask"},{"floor":3,"key":"PreservedInsect"},{"floor":4,"key":"SatanicBible"},{"floor":5,"key":"TheBible"},{"floor":6,"key":"Garlic"},{"floor":7,"key":"hubris:Reverence"},{"floor":8,"key":"Letter Opener"},{"floor":9,"key":"TeardropLocket"},{"floor":10,"key":"TheBean"},{"floor":11,"key":"MawBank"},{"floor":12,"key":"TuHaoJin"},{"floor":13,"key":"Dota2Spire:EyeOfSkadi"},{"floor":14,"key":"Dota2Spire:Desolator"},{"floor":18,"key":"Dota2Spire:ShivaGuard"},{"floor":19,"key":"Bag of Marbles"},{"floor":20,"key":"Anchor"},{"floor":23,"key":"Damaru"},{"floor":24,"key":"Dota2Spire:MagicBottle"},{"floor":25,"key":"Dota2Spire:MaskOfMadness"},{"floor":26,"key":"DoctorsRemote"},{"floor":27,"key":"ReplayFunnel"},{"floor":28,"key":"UnicornStump"},{"floor":29,"key":"Replay:WaspNest"},{"floor":30,"key":"Omamori"},{"floor":31,"key":"Bottled Flame"},{"floor":35,"key":"Kunai"},{"floor":36,"key":"Dota2Spire:EchoSabre"},{"floor":38,"key":"Replay:Bottled Flurry"},{"floor":39,"key":"Akabeko"},{"floor":40,"key":"Dota2Spire:Vanguard"},{"floor":41,"key":"hubris:TenFootPole"},{"floor":42,"key":"SharpPlug"},{"floor":43,"key":"Replay:Bottled Eggs"},{"floor":44,"key":"Strawberry"},{"floor":45,"key":"Blood Vial"},{"floor":46,"key":"conspire:Dentures"},{"floor":47,"key":"Happy Flower"},{"floor":48,"key":"Frozen Egg 2"}],"event_choices":[],"is_beta":true,"boss_relics":[{"not_picked":["Kintsugi","ChewingGum"],"picked":"Dota2Spire:RefresherOrb"},{"not_picked":[]},{"not_picked":["SacredBark","hubris:VirtuousBlindfold"],"picked":"ReplayTheSpireMod:DimensionalGlitch"},{"not_picked":[]}],"items_purged_floors":[],"is_endless":false,"potions_floor_spawned":[4,5,7,8,10,11,13,19,20,24,27,31,35,38,39,41,46,47],"ascension_level":20}}