{"host":"kz5asotxhrn0ke91","time":1612091170,"event":{"mods":["Act Like it!","Aspiration","Astrologer","BaseMod","CapriCore","Colored Map","Conspire","Downfall","Friendly Minions","Gensokyo","Hallownest","KomeijiMod","Marisa（F雨　魔理沙）","Minty Spire (QoL Compilation)","Quick Restart","StSLib","The Immortal","WarShipGirlsR/战舰少女R mod","Yakumo Yukari mod","【遗物Mod】死灵法师NEW"],"gold_per_floor":[99,116,116,196,216,216,294,329,329,189,26,26,0,0,18,117,117,117,128,78,78,95,95,95,109,109,28,54,67,67,67,79,478,478,478,498,498,498,498,517,541,535,553,571,481,493,0,70,90,90],"floor_reached":51,"language":"ZHS","playtime":1911,"items_purged":["Injury"],"score":988,"play_id":"6ef1fdbc-460a-4c05-b368-2bb0fa1b22e5","local_time":"20210131190610","is_ascension_mode":false,"campfire_choices":[{"data":"champ:Taunt","floor":1.0,"key":"SMITH"},{"data":"champ:IgnorePain","floor":18.0,"key":"SMITH"},{"data":"champ:Shatter","floor":23.0,"key":"SMITH"},{"data":"champ:BerserkersShout","floor":26.0,"key":"SMITH"},{"floor":30.0,"key":"REST"},{"data":"champ:Improvising","floor":35.0,"key":"SMITH"}],"circlet_count":0,"master_deck":["champ:Strike","champ:Strike","champ:Strike","champ:Strike","champ:Defend","champ:Defend","champ:Taunt+1","champ:Encircle","champ:BerserkersShout+1","champ:IronFortress","champ:Duel","champ:IgnorePain+1","champ:CalledShot+1","champ:DeathBlow","champ:Shatter+1","champ:FanOfKnives","champ:Improvising+1","Gensokyo:CustomPotion","Gensokyo:Doppelganger"],"relics":["champ:ChampionCrown","NeowsBlessing","Gensokyo:CelestialsFlawlessClothing","GodSword1","Akabeko","Happy Flower","Thread and Needle","Juzu Bracelet","PreservedInsect","aspiration:PoetsPen","Kunai","Du-Vu Doll","aspiration:ChemicalBlood","Old Coin","Coffee Dripper","Gensokyo:TheCrow","Omamori","champ:BerserkersGuideToSlaughter","ClockworkSouvenir","aspiration:KaomsHeart"],"acts_visited":["Gensokyo:Gensokyo","Gensokyo:Gensokyoer","Gensokyo:Gensokyoest"],"potions_floor_usage":[43,44,46,50,50,50,50],"damage_taken":[{"damage":0.0,"enemies":"Gensokyo:3_Fairies","floor":2.0,"turns":2.0},{"damage":0.0,"enemies":"Gensokyo:Python","floor":5.0,"turns":1.0},{"damage":15.0,"enemies":"Gensokyo:Cirno","floor":8.0,"turns":2.0},{"damage":15.0,"enemies":"downfall:FleeingMerchant","floor":11.0,"turns":4.0},{"damage":0.0,"enemies":"Gensokyo:Gryphon","floor":15.0,"turns":3.0},{"damage":80.0,"enemies":"WA_ARCHETYPE_RETAIN","floor":16.0,"turns":8.0},{"damage":32.0,"enemies":"Gensokyo:AngelMirror","floor":19.0,"turns":3.0},{"damage":25.0,"enemies":"Gensokyo:CosmicMonolith","floor":22.0,"turns":2.0},{"damage":56.0,"enemies":"Gensokyo:3_Gloops","floor":25.0,"turns":4.0},{"damage":46.0,"enemies":"Gensokyo:Reisen","floor":28.0,"turns":4.0},{"damage":42.0,"enemies":"Gensokyo:Chomper_and_Gloop","floor":29.0,"turns":4.0},{"damage":49.0,"enemies":"Gensokyo:Wraith","floor":32.0,"turns":5.0},{"damage":90.0,"enemies":"IC_MUSHROOM_ARCHETYPE","floor":33.0,"turns":7.0},{"damage":15.0,"enemies":"Gensokyo:AncientGuardian","floor":36.0,"turns":3.0},{"damage":30.0,"enemies":"Gensokyo:3_Boulders","floor":40.0,"turns":3.0},{"damage":65.0,"enemies":"downfall:FleeingMerchant","floor":42.0,"turns":4.0},{"damage":43,"enemies":"Gensokyo:Rafflesia","floor":43,"turns":4},{"damage":54,"enemies":"Gensokyo:Sharpion","floor":44,"turns":3},{"damage":0,"enemies":"Gensokyo:Dusk_and_Dawn","floor":46,"turns":2},{"damage":3,"enemies":"Gensokyo:SeedOfUnknown","floor":49,"turns":2},{"damage":20,"enemies":"DF_ARCHETYPE_ORBS","floor":50,"turns":3}],"seed_played":"-498232634671679394","potions_obtained":[{"floor":5.0,"key":"LiquidMemories"},{"floor":15.0,"key":"Strength Potion"},{"floor":28.0,"key":"PowerPotion"},{"floor":32.0,"key":"champ:TechniquePotion"},{"floor":36.0,"key":"PowerPotion"},{"floor":40.0,"key":"Regen Potion"},{"floor":42.0,"key":"champ:UltimateStancePotion"},{"floor":49,"key":"AttackPotion"}],"is_trial":false,"path_per_floor":["R","M","?","?","M","?","T","E","?","?","$","?","?","COS","M","B",null,"R","M","?","?","M","R","T","M","R","COS","E","M","R","?","M","B",null,"R","M","?","?","?","M","T","$","M","M","?","M","COS","T","M","B",null],"character_chosen":"THE_CHAMP","items_purchased":["Juzu Bracelet","champ:BerserkersGuideToSlaughter","CultistPotion"],"campfire_rested":1,"item_purchase_floors":[11,42,42],"current_hp_per_floor":[90,90,68,68,68,68,68,68,68,68,68,68,81,81,81,40,90,90,83,90,90,90,90,90,49,49,49,28,11,40,40,9,78,90,90,90,77,77,77,77,77,79,71,52,52,87,187,187,184,190],"gold":90,"neow_bonus":"THREE_ENEMY_KILL","is_daily":false,"chose_seed":false,"campfire_upgraded":5,"win_rate":0.0,"timestamp":1612091170,"path_taken":["R","M","?","?","?","?","T","E","?","?","$","?","?","COS","M","BOSS","R","M","?","?","M","R","T","M","R","COS","E","M","R","?","M","BOSS","R","M","?","?","?","M","T","?","M","M","?","M","COS","?","M","BOSS"],"items_purchased_type":["Relic","Relic","Potion"],"build_version":"2020-12-22","purchased_purges":1,"victory":true,"max_hp_per_floor":[90,90,90,90,90,90,90,90,90,90,90,90,90,90,90,90,90,90,90,97,97,97,97,97,97,97,97,97,97,97,90,90,90,90,90,90,90,90,90,90,90,90,90,90,90,90,190,190,190,190],"card_choices":[{"not_picked":["champ:Lariat","champ:GladiatorStyle"],"picked":"champ:Encircle","floor":2.0},{"not_picked":["champ:AdrenalArmor","champ:Endure"],"picked":"champ:BerserkersShout","floor":5.0},{"not_picked":["champ:AdrenalArmor","champ:DefensiveShout"],"picked":"champ:IronFortress","floor":8.0},{"not_picked":["champ:TornadoPunch","champ:ShieldThrow"],"picked":"champ:Duel","floor":11.0},{"not_picked":["champ:Endure","champ:BringItOn","champ:ShieldWall"],"picked":"SKIP","floor":15.0},{"not_picked":["champ:LastStand","champ:ShieldThrow"],"picked":"champ:IgnorePain","floor":16.0},{"not_picked":["champ:StanceDance+1","champ:RecklessLeap+1"],"picked":"champ:CalledShot+1","floor":19.0},{"not_picked":["champ:SetATrap","champ:FalseCounter"],"picked":"champ:Shatter","floor":22.0},{"not_picked":["champ:RecklessLeap","champ:TornadoPunch"],"picked":"champ:FanOfKnives","floor":25.0},{"not_picked":["champ:EnragedBash","champ:GladiatorStyle","champ:FalseCounter+1"],"picked":"SKIP","floor":28.0},{"not_picked":["champ:Backstep","champ:PerfectedStrike+1","champ:TornadoPunch"],"picked":"SKIP","floor":29.0},{"not_picked":["champ:Parry","champ:BringItOn","champ:Shatter"],"picked":"SKIP","floor":32.0},{"not_picked":["champ:UltimateStance","champ:SwordThrow"],"picked":"champ:Improvising","floor":33.0},{"not_picked":["champ:GutPunch+1","champ:Endure+1","champ:ArenaPreparation"],"picked":"SKIP","floor":36.0},{"not_picked":["champ:DefensiveShout+1","champ:Shatter","champ:PerfectedStrike"],"picked":"SKIP","floor":40.0},{"not_picked":["champ:EnGarde","champ:DefensiveShout+1","champ:DancingMaster"],"picked":"SKIP","floor":42.0},{"not_picked":["champ:EndlessRage","champ:GladiatorStyle+1","champ:CrownThrow+1"],"picked":"SKIP","floor":43},{"not_picked":["champ:EndlessRage","champ:GladiatorStyle+1","champ:CrownThrow+1"],"picked":"SKIP","floor":43},{"not_picked":["champ:RisingSlash","champ:Shatter+1","champ:Circumvent+1"],"picked":"SKIP","floor":44},{"not_picked":["champ:EnGarde","champ:Duel","champ:TornadoPunch+1"],"picked":"SKIP","floor":46},{"not_picked":["champ:GladiatorForm","champ:ShieldSlam","champ:CrownThrow"],"picked":"SKIP","floor":49}],"player_experience":732022,"relics_obtained":[{"floor":7.0,"key":"GodSword1"},{"floor":8.0,"key":"Akabeko"},{"floor":24.0,"key":"Kunai"},{"floor":28.0,"key":"Du-Vu Doll"},{"floor":41.0,"key":"Omamori"},{"floor":48,"key":"aspiration:KMNothing"}],"event_choices":[],"is_beta":false,"boss_relics":[{"not_picked":["conspire:SlowCooker","conspire:RoyalGoblet"],"picked":"aspiration:PoetsPen"},{"not_picked":["Pandora\u0027s Box","aspiration:MarisaSkillbook"],"picked":"Coffee Dripper"}],"items_purged_floors":[42],"is_endless":false,"potions_floor_spawned":[5,15,28,32,33,40,44,49],"ascension_level":0}}