{"host":"egwexuw5uvnxf11j","time":1612051623,"event":{"mods":["2.2 Compatiblity","Aspiration","BaseMod","Better Altar","Better Note","Better Sensory Stone","Better Third Choice","Displayed Cursed Tome","Downfall","Hermit","Key Reminder","Koishi","Marisa????????","Minty Spire (QoL Compilation)","Quick Restart","Shade Mod","Spicy Shops","StSLib","The Construct","The Cursed","The Hierophant","The Runesmith","The Senshi","The Servant 0.9.4","Transform Curses"],"gold_per_floor":[99,117,132,14,27,127,175,192,203,228,240,252,264,276,307,420,432,444,475,487,499,38,38,38,38,57,71,71,56,56,90,102,102,102,102],"floor_reached":33,"language":"ENG","playtime":2487,"items_purged":[],"score":290,"play_id":"cd27a9e5-c3a2-429e-a19c-3c7ca8b84a47","local_time":"20210130190703","is_ascension_mode":false,"campfire_choices":[{"data":"champ:Execute","floor":1.0,"key":"SMITH"},{"floor":12.0,"key":"REST"},{"data":"champ:PerfectedStrike","floor":18,"key":"SMITH"},{"data":"champ:RisingSlash","floor":25,"key":"SMITH"}],"circlet_count":0,"master_deck":["champ:Strike","champ:Strike","champ:Strike","champ:Strike","champ:Defend","champ:Defend","champ:Defend","champ:Defend","champ:Execute+1","champ:Taunt","champ:BerserkersShout","champ:Shatter","champ:FancyFootwork","champ:PreciseThrust","champ:StanceDance","champ:DefensiveShout","champ:GutPunch","champ:Haymaker","champ:Backstep","champ:SetATrap","Parasite","champ:PerfectedStrike+1","champ:Improvising","champ:FlashCut","Runesmith:Grindstone","champ:RisingSlash","champ:RisingSlash+1","Pain","champ:FanOfKnives+1","champ:GutPunch","downfall:Bewildered","champ:PerfectedStrike","Writhe","champ:MurderStrike","champ:TornadoPunch"],"relics":["champ:ChampionCrown","Potion Belt","Ancient Tea Set","MawBank","champ:LiftRelic","construct:WeddingRing","StrikeDummy","Bag of Marbles","theSenshi:SuperSailorFukuRelic","keyreminder:keyreminder","sneckomod:BabySnecko","Lizard Tail","theSenshi:FeatherClipsRelic"],"acts_visited":["Exordium","TheCity"],"potions_floor_usage":[31,33,33],"damage_taken":[{"damage":15.0,"enemies":"Jaw Worm","floor":2.0,"turns":3.0},{"damage":30.0,"enemies":"Cultist","floor":3.0,"turns":4.0},{"damage":15.0,"enemies":"downfall:FleeingMerchant","floor":4.0,"turns":4.0},{"damage":22.0,"enemies":"Small Slimes","floor":5.0,"turns":6.0},{"damage":106.0,"enemies":"downfall:LadyInBlue","floor":6.0,"turns":12.0},{"damage":10.0,"enemies":"2 Fungi Beasts","floor":8.0,"turns":2.0},{"damage":0.0,"enemies":"3 Louse","floor":9.0,"turns":2.0},{"damage":15.0,"enemies":"3 Sentries","floor":10.0,"turns":7.0},{"damage":41.0,"enemies":"Exordium Wildlife","floor":15.0,"turns":4.0},{"damage":45.0,"enemies":"IC_STATUS_ARCHETYPE","floor":16.0,"turns":7.0},{"damage":27,"enemies":"Shell Parasite","floor":19,"turns":3},{"damage":15,"enemies":"downfall:FleeingMerchant","floor":22,"turns":4},{"damage":14,"enemies":"3 Byrds","floor":26,"turns":5},{"damage":34,"enemies":"Snake Plant","floor":27,"turns":5},{"damage":12,"enemies":"downfall:FleeingMerchant","floor":29,"turns":4},{"damage":45,"enemies":"Gremlin Leader","floor":31,"turns":6},{"damage":46,"enemies":"3 Cultists","floor":32,"turns":4},{"damage":89,"enemies":"DF_ARCHETYPE_CLAW","floor":33,"turns":6}],"seed_played":"-7646640793173059968","potions_obtained":[{"floor":5.0,"key":"Explosive Potion"},{"floor":6.0,"key":"champ:CounterPotion"},{"floor":6.0,"key":"AttackPotion"},{"floor":6.0,"key":"EssenceOfSteel"},{"floor":6.0,"key":"BlessingOfTheForge"},{"floor":9.0,"key":"BlessingOfTheForge"},{"floor":10.0,"key":"GamblersBrew"},{"floor":16.0,"key":"hexamod:SoulburnPotion"},{"floor":19,"key":"Ancient Potion"},{"floor":26,"key":"Strength Potion"},{"floor":31,"key":"Strength Potion"}],"is_trial":false,"path_per_floor":["R","M","M","$","M","?","T","M","M","E","?","R","?","?","M","B",null,"R","M","?","?","$","?","T","R","M","M","?","$","?","E","M","B"],"character_chosen":"THE_CHAMP","items_purchased":["champ:PreciseThrust","champ:StanceDance","StrikeDummy","champ:RisingSlash","Bag of Marbles"],"campfire_rested":1,"item_purchase_floors":[4,4,22,22,22],"current_hp_per_floor":[99,94,84,84,82,16,16,16,16,6,6,35,35,59,38,13,99,99,92,87,87,87,87,87,87,88,84,84,72,72,37,22,0,0,0],"gold":102,"neow_bonus":"TEN_PERCENT_HP_BONUS","is_daily":false,"chose_seed":false,"campfire_upgraded":3,"win_rate":0.0,"timestamp":1612051623,"path_taken":["R","M","M","$","M","?","T","M","?","E","?","R","?","?","M","BOSS","R","M","?","?","$","?","T","R","?","M","?","$","?","E","M","BOSS"],"items_purchased_type":["Card","Card","Relic","Card","Relic"],"build_version":"2020-12-22","purchased_purges":0,"victory":false,"max_hp_per_floor":[99,99,99,99,99,99,99,99,99,99,99,99,99,99,99,99,99,99,99,99,99,99,99,99,99,99,99,99,99,99,99,99,99,99,99],"card_choices":[{"not_picked":["champ:RecklessLeap","champ:RisingSlash"],"picked":"champ:BerserkersShout","floor":2.0},{"not_picked":["champ:FlashCut","champ:DefensiveShout"],"picked":"champ:Shatter","floor":3.0},{"not_picked":["champ:SetATrap","champ:BladeFlurry"],"picked":"champ:FancyFootwork","floor":4.0},{"not_picked":["champ:CrownThrow","champ:Shatter"],"picked":"champ:DefensiveShout","floor":5.0},{"not_picked":["champ:PreemptiveStrike","champ:CrownThrow"],"picked":"champ:GutPunch","floor":6.0},{"not_picked":["champ:StrikeOfGenius","champ:FalseCounter"],"picked":"champ:Haymaker","floor":8.0},{"not_picked":["champ:BerserkersShout","champ:PreemptiveStrike"],"picked":"champ:Backstep","floor":9.0},{"not_picked":["champ:TornadoPunch","champ:CrownThrow"],"picked":"champ:SetATrap","floor":10.0},{"not_picked":["champ:CrownThrow","champ:FanOfKnives"],"picked":"champ:PerfectedStrike","floor":15.0},{"not_picked":["champ:HoldFirm","champ:ShieldThrow"],"picked":"champ:Improvising","floor":16.0},{"not_picked":["champ:Parry+1","champ:FalseCounter+1"],"picked":"champ:FlashCut","floor":19},{"not_picked":["champ:Shatter+1","champ:GladiatorStyle"],"picked":"champ:RisingSlash","floor":22},{"not_picked":["champ:GladiatorStyle","champ:PreciseThrust"],"picked":"champ:FanOfKnives+1","floor":26},{"not_picked":["champ:Backstep","champ:CrownThrow"],"picked":"champ:GutPunch","floor":27},{"not_picked":["champ:Lariat+1","champ:Circumvent"],"picked":"champ:PerfectedStrike","floor":29},{"not_picked":["champ:AdrenalArmor+1","champ:Circumvent"],"picked":"champ:MurderStrike","floor":31},{"not_picked":["champ:CrownThrow","champ:PreciseThrust"],"picked":"champ:TornadoPunch","floor":32}],"player_experience":2318115,"relics_obtained":[{"floor":6.0,"key":"Potion Belt"},{"floor":7.0,"key":"Ancient Tea Set"},{"floor":10.0,"key":"MawBank"},{"floor":31,"key":"theSenshi:FeatherClipsRelic"}],"event_choices":[{"damage_healed":24.0,"max_hp_gain":0.0,"max_hp_loss":0.0,"gold_gain":0.0,"event_name":"Mushrooms","player_choice":"Healed and dodged fight","floor":14.0,"gold_loss":0.0,"damage_taken":0.0,"cards_obtained":["Parasite"]},{"cards_removed":["champ:SetATrap"],"damage_healed":0,"gold_gain":0,"player_choice":"Take \u0026 Give","damage_taken":0,"max_hp_gain":0,"max_hp_loss":0,"event_name":"betterNote:BetterNote","floor":21,"gold_loss":0,"cards_obtained":["Runesmith:Grindstone"]}],"is_beta":false,"boss_relics":[{"not_picked":["Sozu","Snecko Eye"],"picked":"construct:WeddingRing"}],"items_purged_floors":[],"is_endless":false,"potions_floor_spawned":[5,6,9,10,16,19,26,31],"killed_by":"DF_ARCHETYPE_CLAW","ascension_level":0}}