{"host":"6xsbn6ynqlzwllfm","time":1612062509,"event":{"mods":["2.2 Compatiblity","BaseMod","Bestiary","Colored Map","Colored Powertips","Curses Come First","Highlight Path","Keyboard Shortcuts","Minty Spire (QoL Compilation)","Relic Stats","Slay the Relics Exporter","StSLib","SuperFastMode"],"gold_per_floor":[109,109,109,127,143,143,175,175,201,201,215,215,215,227,227,298,298,317,317,327,140,158,190,190,190],"floor_reached":24,"language":"ENG","playtime":641,"items_purged":["Strike_P"],"score":432,"play_id":"daf0e7a2-d2a0-4bc3-96ea-e3fdd4bf2e87","local_time":"20210130220829","is_ascension_mode":true,"campfire_choices":[{"data":"FollowUp","floor":6.0,"key":"SMITH"},{"floor":8.0,"key":"REST"},{"data":"CutThroughFate","floor":10.0,"key":"SMITH"},{"data":"BowlingBash","floor":12.0,"key":"SMITH"},{"floor":15.0,"key":"REST"}],"circlet_count":0,"master_deck":["AscendersBane","Strike_P","Strike_P","Defend_P","Defend_P+1","Defend_P","Defend_P+1","Eruption+1","Vigilance+1","CutThroughFate+1","Worship","FollowUp+1","Sanctity","BowlingBash+1","FollowUp","Devotion+1","BattleHymn","Prostrate","Wallop","Fasting2+1"],"relics":["PureWater","Damaru","WarpedTongs","War Paint","Art of War","Empty Cage","Vajra"],"acts_visited":["Exordium","TheCity"],"potions_floor_usage":[23],"damage_taken":[{"damage":0.0,"enemies":"2 Louse","floor":1.0,"turns":2.0},{"damage":3.0,"enemies":"Jaw Worm","floor":4.0,"turns":2.0},{"damage":3.0,"enemies":"Cultist","floor":5.0,"turns":3.0},{"damage":20.0,"enemies":"Gremlin Nob","floor":7.0,"turns":3.0},{"damage":13.0,"enemies":"Large Slime","floor":11.0,"turns":4.0},{"damage":9.0,"enemies":"Exordium Wildlife","floor":14.0,"turns":5.0},{"damage":19.0,"enemies":"The Guardian","floor":16.0,"turns":9.0},{"damage":22.0,"enemies":"2 Thieves","floor":18.0,"turns":3.0},{"damage":0.0,"enemies":"Spheric Guardian","floor":20.0,"turns":1.0},{"damage":0.0,"enemies":"Snecko","floor":22.0,"turns":3.0},{"damage":24,"enemies":"Gremlin Leader","floor":23,"turns":8},{"damage":14,"enemies":"Snake Plant","floor":24,"turns":2}],"seed_played":"-8369730440727362588","potions_obtained":[{"floor":5.0,"key":"Ancient Potion"},{"floor":7.0,"key":"Dexterity Potion"},{"floor":14.0,"key":"GamblersBrew"},{"floor":16.0,"key":"Strength Potion"},{"floor":18.0,"key":"Weak Potion"}],"is_trial":false,"path_per_floor":["M","?","?","M","M","R","E","R","T","R","M","R","?","M","R","B",null,"M","?","M","$","M","E","M"],"character_chosen":"WATCHER","items_purchased":["Prostrate","Wallop"],"campfire_rested":2,"item_purchase_floors":[21,21],"current_hp_per_floor":[67,49,49,46,43,43,23,45,45,45,32,32,10,1,23,4,57,35,35,35,35,35,11,0,0],"gold":190,"neow_bonus":"TEN_PERCENT_HP_BONUS","is_daily":false,"chose_seed":false,"campfire_upgraded":3,"win_rate":0.0,"timestamp":1612062509,"path_taken":["M","?","?","?","M","R","E","R","T","R","M","R","?","M","R","BOSS","M","?","M","$","M","E","M"],"items_purchased_type":["Card","Card"],"build_version":"2020-12-22","purchased_purges":1,"victory":false,"max_hp_per_floor":[74,74,74,74,74,74,74,74,74,74,74,74,74,74,74,74,74,74,74,74,74,74,74,74,74],"relic_stats":{"counters":[12,45],"Art of War":[8],"War Paint":["Vigilance","Defend_P"],"obtain_stats":[{"Damaru":2,"Vajra":23,"Art of War":9,"PureWater":0,"War Paint":7,"Empty Cage":17,"WarpedTongs":3},{"Damaru":1,"Vajra":11,"Art of War":4,"PureWater":0,"War Paint":4,"Empty Cage":7,"WarpedTongs":1},{"Damaru":2,"Vajra":43,"Art of War":10,"PureWater":0,"War Paint":10,"Empty Cage":28,"WarpedTongs":2}],"WarpedTongs":[43]},"card_choices":[{"not_picked":["Pray","SashWhip"],"picked":"CutThroughFate","floor":1.0},{"not_picked":["CarveReality","CrushJoints"],"picked":"Worship","floor":4.0},{"not_picked":["DeceiveReality","Nirvana"],"picked":"FollowUp","floor":5.0},{"not_picked":["JustLucky","SandsOfTime"],"picked":"Sanctity","floor":7.0},{"not_picked":["EmptyBody","ClearTheMind"],"picked":"BowlingBash","floor":11.0},{"not_picked":["Establishment","FlurryOfBlows"],"picked":"FollowUp","floor":14.0},{"not_picked":["Alpha","Blasphemy"],"picked":"Devotion","floor":16.0},{"not_picked":["FollowUp","FlyingSleeves"],"picked":"BattleHymn","floor":18.0},{"not_picked":["FearNoEvil","BattleHymn"],"picked":"Fasting2+1","floor":22.0},{"not_picked":["SashWhip","ClearTheMind+1","Meditate"],"picked":"SKIP","floor":23}],"player_experience":1317262,"relics_obtained":[{"floor":7.0,"key":"War Paint"},{"floor":9.0,"key":"Art of War"},{"floor":23,"key":"Vajra"}],"event_choices":[{"damage_healed":0.0,"max_hp_gain":0.0,"max_hp_loss":0.0,"gold_gain":0.0,"event_name":"Scrap Ooze","player_choice":"Success","floor":2.0,"gold_loss":0.0,"damage_taken":18.0,"relics_obtained":["Damaru"]},{"damage_healed":0.0,"max_hp_gain":0.0,"max_hp_loss":0.0,"gold_gain":0.0,"event_name":"Accursed Blacksmith","player_choice":"Rummage","floor":3.0,"gold_loss":0.0,"damage_taken":0.0,"relics_obtained":["WarpedTongs"],"cards_obtained":["Pain"]},{"damage_healed":0.0,"max_hp_gain":0.0,"max_hp_loss":0.0,"gold_gain":0.0,"event_name":"Shining Light","player_choice":"Entered Light","floor":13.0,"gold_loss":0.0,"damage_taken":22.0,"cards_upgraded":["Eruption","Defend_P"]},{"damage_healed":0.0,"max_hp_gain":0.0,"max_hp_loss":0.0,"gold_gain":0.0,"event_name":"Upgrade Shrine","player_choice":"Upgraded","floor":19.0,"gold_loss":0.0,"damage_taken":0.0,"cards_upgraded":["Devotion"]}],"is_beta":false,"boss_relics":[{"not_picked":["Philosopher\u0027s Stone","HolyWater"],"picked":"Empty Cage"}],"items_purged_floors":[21],"is_endless":false,"potions_floor_spawned":[5,7,11,14,16,18,22],"killed_by":"Snake Plant","ascension_level":20}}