{"host":"6xsbn6ynqlzwllfm","time":1612061296,"event":{"mods":["2.2 Compatiblity","BaseMod","Bestiary","Colored Map","Colored Powertips","Curses Come First","Highlight Path","Keyboard Shortcuts","Minty Spire (QoL Compilation)","Relic Stats","Slay the Relics Exporter","StSLib","SuperFastMode"],"gold_per_floor":[112,112,122,132,149,183,183,203,203,216,216,251,57,67,67,145,145,161,32,45,45,45],"floor_reached":21,"language":"ENG","playtime":714,"items_purged":[],"score":386,"play_id":"86d9bb7f-48d9-40a4-863f-28a9f92587ef","local_time":"20210130214816","is_ascension_mode":true,"campfire_choices":[{"floor":7.0,"key":"REST"},{"data":"Wallop","floor":11.0,"key":"SMITH"},{"floor":15.0,"key":"REST"}],"circlet_count":0,"master_deck":["AscendersBane","Eruption","Vigilance+1","Pain","TalkToTheHand","FlyingSleeves","Wallop+1","EmptyFist","EmptyFist","CarveReality","Fasting2","Ragnarok","Brilliance","FearNoEvil","Conclude","SashWhip","Scrawl","Devotion","FlurryOfBlows","InnerPeace","Prostrate","Ragnarok","Protect"],"relics":["PureWater","TungstenRod","Regal Pillow","Blue Candle","The Courier","ClockworkSouvenir","Pandora\u0027s Box","Orrery"],"acts_visited":["Exordium","TheCity"],"potions_floor_usage":[],"damage_taken":[{"damage":2.0,"enemies":"Small Slimes","floor":1.0,"turns":5.0},{"damage":3.0,"enemies":"Cultist","floor":3.0,"turns":5.0},{"damage":1.0,"enemies":"2 Louse","floor":4.0,"turns":2.0},{"damage":1.0,"enemies":"Looter","floor":5.0,"turns":5.0},{"damage":37.0,"enemies":"Gremlin Nob","floor":6.0,"turns":7.0},{"damage":18.0,"enemies":"Lots of Slimes","floor":8.0,"turns":5.0},{"damage":4.0,"enemies":"Exordium Thugs","floor":10.0,"turns":3.0},{"damage":18.0,"enemies":"3 Sentries","floor":12.0,"turns":9.0},{"damage":2.0,"enemies":"Large Slime","floor":14.0,"turns":4.0},{"damage":41.0,"enemies":"Slime Boss","floor":16.0,"turns":6.0},{"damage":50.0,"enemies":"Shell Parasite","floor":18.0,"turns":5.0},{"damage":14.0,"enemies":"3 Byrds","floor":20.0,"turns":5.0},{"damage":44,"enemies":"Cultist and Chosen","floor":21,"turns":5}],"seed_played":"4682242083472204348","potions_obtained":[{"floor":5.0,"key":"Block Potion"},{"floor":6.0,"key":"Block Potion"},{"floor":8.0,"key":"FairyPotion"},{"floor":10.0,"key":"BottledMiracle"},{"floor":18.0,"key":"BlessingOfTheForge"}],"is_trial":false,"path_per_floor":["M","?","M","M","M","E","R","M","T","M","R","E","$","M","R","B",null,"M","$","M","M"],"character_chosen":"WATCHER","items_purchased":["ClockworkSouvenir","Fasting2","Orrery"],"campfire_rested":2,"item_purchase_floors":[13,13,19],"current_hp_per_floor":[59,59,56,55,54,17,52,34,34,30,30,12,12,10,45,4,52,2,2,19,0,0],"gold":45,"neow_bonus":"ONE_RARE_RELIC","is_daily":false,"chose_seed":false,"campfire_upgraded":1,"win_rate":0.0,"timestamp":1612061296,"path_taken":["M","?","M","M","?","E","R","M","T","M","R","E","$","M","R","BOSS","M","$","M","M"],"items_purchased_type":["Relic","Card","Relic"],"build_version":"2020-12-22","purchased_purges":0,"victory":false,"max_hp_per_floor":[68,68,68,68,68,68,68,68,68,68,68,68,68,68,68,68,68,68,68,68,68,68],"relic_stats":{"Regal Pillow":30,"counters":[13,66],"Blue Candle":[7],"Pandora\u0027s Box":["Brilliance","FearNoEvil","Conclude","SashWhip","Scrawl","Devotion","FlurryOfBlows","InnerPeace"],"obtain_stats":[{"Regal Pillow":6,"Blue Candle":9,"Orrery":19,"Pandora\u0027s Box":17,"The Courier":12,"PureWater":0,"TungstenRod":0,"ClockworkSouvenir":13},{"Regal Pillow":5,"Blue Candle":6,"Orrery":11,"Pandora\u0027s Box":10,"The Courier":8,"PureWater":0,"TungstenRod":0,"ClockworkSouvenir":8},{"Regal Pillow":24,"Blue Candle":29,"Orrery":56,"Pandora\u0027s Box":51,"The Courier":41,"PureWater":0,"TungstenRod":0,"ClockworkSouvenir":41}],"TungstenRod":103},"card_choices":[{"not_picked":["Evaluate","EmptyBody","Nirvana"],"picked":"SKIP","floor":1.0},{"not_picked":["InnerPeace","SashWhip"],"picked":"TalkToTheHand","floor":3.0},{"not_picked":["Collect","ForeignInfluence"],"picked":"FlyingSleeves","floor":4.0},{"not_picked":["BowlingBash","Crescendo"],"picked":"Wallop","floor":5.0},{"not_picked":["Prostrate","Halt"],"picked":"EmptyFist","floor":6.0},{"not_picked":["MentalFortress","SashWhip"],"picked":"EmptyFist","floor":8.0},{"not_picked":["Fasting2","EmptyFist"],"picked":"CarveReality","floor":12.0},{"not_picked":["Brilliance","Wish"],"picked":"Ragnarok","floor":16.0},{"not_picked":["Meditate","ConjureBlade"],"picked":"Prostrate","floor":19.0},{"not_picked":["ReachHeaven","InnerPeace"],"picked":"Ragnarok","floor":19.0},{"not_picked":["Consecrate","Crescendo"],"picked":"Protect","floor":20.0}],"player_experience":1316411,"relics_obtained":[{"floor":6.0,"key":"Regal Pillow"},{"floor":9.0,"key":"Blue Candle"},{"floor":12.0,"key":"The Courier"}],"event_choices":[{"damage_healed":0.0,"max_hp_gain":0.0,"max_hp_loss":0.0,"gold_gain":0.0,"event_name":"Upgrade Shrine","player_choice":"Upgraded","floor":2.0,"gold_loss":0.0,"damage_taken":0.0,"cards_upgraded":["Vigilance"]}],"is_beta":false,"boss_relics":[{"not_picked":["Coffee Dripper","Runic Dome"],"picked":"Pandora\u0027s Box"}],"items_purged_floors":[],"is_endless":false,"potions_floor_spawned":[5,6,8,10,18],"killed_by":"Cultist and Chosen","ascension_level":20}}