{"host":"6xsbn6ynqlzwllfm","time":1612092096,"event":{"mods":["2.2 Compatiblity","BaseMod","Bestiary","Colored Map","Colored Powertips","Curses Come First","Highlight Path","Keyboard Shortcuts","Minty Spire (QoL Compilation)","Relic Stats","Slay the Relics Exporter","StSLib","SuperFastMode"],"gold_per_floor":[118,118,133,152,69,69,95,95,95,95,105,125,160,223,223,350,350,413,433,168,185,85,85,85,85],"floor_reached":24,"language":"ENG","playtime":572,"items_purged":["Strike_P","Strike_P"],"score":512,"play_id":"13ae7c7c-e365-4db5-a03e-e1ad436e8270","local_time":"20210131062136","is_ascension_mode":true,"campfire_choices":[{"data":"Omniscience","floor":6.0,"key":"SMITH"},{"data":"ReachHeaven","floor":8.0,"key":"SMITH"},{"data":"ReachHeaven","floor":10.0,"key":"SMITH"},{"data":"1","floor":15.0,"key":"LIFT"},{"floor":23,"key":"REST"}],"circlet_count":0,"master_deck":["AscendersBane","Strike_P","Strike_P","Defend_P","Defend_P","Defend_P","Defend_P","Eruption","Vigilance","SpiritShield","FollowUp","ReachHeaven+1","SpiritShield","Omniscience+1","ReachHeaven+1","Wish","Omniscience","Scrawl","Consecrate+1","DeceiveReality","Swivel"],"relics":["PureWater","Frozen Egg 2","Vajra","Orichalcum","Girya","SacredBark"],"acts_visited":["Exordium","TheCity"],"potions_floor_usage":[19,24,24],"damage_taken":[{"damage":0.0,"enemies":"Jaw Worm","floor":1.0,"turns":4.0},{"damage":4.0,"enemies":"Small Slimes","floor":3.0,"turns":4.0},{"damage":5.0,"enemies":"2 Louse","floor":4.0,"turns":3.0},{"damage":0.0,"enemies":"Lagavulin","floor":7.0,"turns":5.0},{"damage":0.0,"enemies":"Large Slime","floor":11.0,"turns":2.0},{"damage":0.0,"enemies":"Exordium Thugs","floor":12.0,"turns":2.0},{"damage":0.0,"enemies":"Gremlin Nob","floor":13.0,"turns":2.0},{"damage":0.0,"enemies":"Gremlin Nob","floor":14.0,"turns":2.0},{"damage":35.0,"enemies":"The Guardian","floor":16.0,"turns":4.0},{"damage":40.0,"enemies":"Shell Parasite","floor":18.0,"turns":8.0},{"damage":0,"enemies":"3 Byrds","floor":19,"turns":2},{"damage":0,"enemies":"Snake Plant","floor":21,"turns":1},{"damage":41,"enemies":"Book of Stabbing","floor":24,"turns":7}],"seed_played":"-5785497516228930409","potions_obtained":[{"floor":1.0,"key":"SmokeBomb"},{"floor":4.0,"key":"Weak Potion"},{"floor":11.0,"key":"AttackPotion"},{"floor":14.0,"key":"BottledMiracle"},{"floor":18.0,"key":"FearPotion"},{"floor":21,"key":"Fire Potion"}],"is_trial":false,"path_per_floor":["M","?","M","M","$","R","E","R","T","R","M","M","E","?","R","B",null,"M","M","$","M","$","R","E"],"character_chosen":"WATCHER","items_purchased":["Omniscience","DeceiveReality","Block Potion","SkillPotion"],"campfire_rested":1,"item_purchase_floors":[5,20,20,20],"current_hp_per_floor":[61,61,57,52,52,52,52,52,52,52,52,52,52,52,52,17,55,15,15,15,15,15,35,0,0],"gold":85,"neow_bonus":"ONE_RANDOM_RARE_CARD","is_daily":false,"chose_seed":false,"campfire_upgraded":3,"win_rate":0.0,"timestamp":1612092096,"path_taken":["M","?","M","M","?","R","E","R","T","R","M","M","E","?","R","BOSS","M","M","$","M","$","R","E"],"items_purchased_type":["Card","Card","Potion","Potion"],"build_version":"2020-12-22","purchased_purges":2,"victory":false,"max_hp_per_floor":[68,68,68,68,68,68,68,68,68,68,68,68,68,68,68,68,68,68,68,68,68,68,68,68,68],"relic_stats":{"counters":[13,46],"Orichalcum":[36],"obtain_stats":[{"Girya":14,"SacredBark":17,"Vajra":9,"PureWater":0,"Frozen Egg 2":7,"Orichalcum":13},{"Girya":8,"SacredBark":9,"Vajra":4,"PureWater":0,"Frozen Egg 2":4,"Orichalcum":7},{"Girya":24,"SacredBark":28,"Vajra":16,"PureWater":0,"Frozen Egg 2":16,"Orichalcum":22}]},"card_choices":[{"not_picked":["SashWhip","Wireheading"],"picked":"FollowUp","floor":1.0},{"not_picked":["Halt","CarveReality"],"picked":"ReachHeaven","floor":3.0},{"not_picked":["FollowUp","JustLucky"],"picked":"SpiritShield","floor":4.0},{"not_picked":["BowlingBash","Protect"],"picked":"ReachHeaven","floor":7.0},{"not_picked":["Halt","WreathOfFlame"],"picked":"Wish","floor":12.0},{"not_picked":["Consecrate","JustLucky"],"picked":"Omniscience","floor":13.0},{"not_picked":["Ragnarok","DeusExMachina"],"picked":"Scrawl","floor":16.0},{"not_picked":["ForeignInfluence","WindmillStrike","EmptyMind+1"],"picked":"SKIP","floor":18.0},{"not_picked":["Halt","FollowUp"],"picked":"Consecrate+1","floor":19},{"not_picked":["FlurryOfBlows","SashWhip"],"picked":"Swivel","floor":21}],"player_experience":1341849,"relics_obtained":[{"floor":7.0,"key":"Frozen Egg 2"},{"floor":9.0,"key":"Vajra"},{"floor":13.0,"key":"Orichalcum"},{"floor":14.0,"key":"Girya"}],"event_choices":[{"damage_healed":0.0,"max_hp_gain":0.0,"max_hp_loss":0.0,"gold_gain":0.0,"event_name":"The Cleric","player_choice":"Leave","floor":2.0,"gold_loss":0.0,"damage_taken":0.0},{"damage_healed":0.0,"max_hp_gain":0.0,"max_hp_loss":0.0,"gold_gain":0.0,"event_name":"Dead Adventurer","player_choice":"Searched \u00272\u0027 times","floor":14.0,"gold_loss":0.0,"damage_taken":0.0}],"is_beta":false,"boss_relics":[{"not_picked":["Velvet Choker","Empty Cage"],"picked":"SacredBark"}],"items_purged_floors":[20,22],"is_endless":false,"potions_floor_spawned":[1,4,11,14,16,18,21],"killed_by":"Book of Stabbing","ascension_level":20}}