{"host":"08t08ld674si40tv","time":1612071815,"event":{"mods":["AchievementEnabler","BaseMod","Colored Map","Minty Spire (QoL Compilation)","StSLib","SuperFastMode"],"gold_per_floor":[118,134,134,149,149,175,175,175,175,225,196,196,223,233,233,306,306,319,319,34,34,34,63,82,82,82,82,116,132,152,152,152,224,224,238,238,258,258,271,298,298,330,330,330,385,385,413,431,431,431,431,431,81,108,108],"floor_reached":56,"language":"KOR","playtime":1863,"items_purged":["Defend_B","Defend_B"],"score":2313,"play_id":"7874e245-d71c-45ff-9aba-6f05995c6879","local_time":"20210131144335","is_ascension_mode":true,"campfire_choices":[{"data":"Multi-Cast","floor":7.0,"key":"SMITH"},{"data":"Coolheaded","floor":12.0,"key":"SMITH"},{"data":"Consume","floor":15.0,"key":"SMITH"},{"data":"Recycle","floor":25.0,"key":"SMITH"},{"data":"Heatsinks","floor":32.0,"key":"SMITH"},{"data":"Defragment","floor":41,"key":"SMITH"},{"data":"Turbo","floor":44,"key":"SMITH"},{"floor":49,"key":"RECALL"},{"data":"Tempest","floor":52,"key":"SMITH"}],"circlet_count":0,"master_deck":["AscendersBane","Defend_B","Zap+1","Dualcast+1","Creative AI+1","Consume+1","Glacier","Coolheaded+1","Multi-Cast+1","Turbo+1","Electrodynamics","Go for the Eyes+1","Double Energy+1","Streamline+1","Recycle+1","Heatsinks+1","Tempest+1","Core Surge","Force Field","Reboot","Defragment+1","Thinking Ahead+1","Storm+1"],"relics":["Cracked Core","Mummified Hand","NeowsBlessing","Bird Faced Urn","Eternal Feather","Pen Nib","Astrolabe","Runic Capacitor","HornCleat","Mango","Bag of Preparation","Philosopher\u0027s Stone","Bottled Flame","Boot","Torii","Toy Ornithopter","War Paint","Bottled Lightning"],"acts_visited":["Exordium","TheCity","TheBeyond","TheEnding"],"potions_floor_usage":[39,42,50,55,55],"damage_taken":[{"damage":0.0,"enemies":"Cultist","floor":1.0,"turns":1.0},{"damage":0.0,"enemies":"Small Slimes","floor":2.0,"turns":1.0},{"damage":0.0,"enemies":"2 Louse","floor":4.0,"turns":1.0},{"damage":31.0,"enemies":"Lagavulin","floor":6.0,"turns":8.0},{"damage":4.0,"enemies":"Exordium Thugs","floor":11.0,"turns":4.0},{"damage":15.0,"enemies":"3 Sentries","floor":13.0,"turns":3.0},{"damage":11.0,"enemies":"Blue Slaver","floor":14.0,"turns":4.0},{"damage":43.0,"enemies":"Hexaghost","floor":16.0,"turns":12.0},{"damage":17.0,"enemies":"2 Thieves","floor":18.0,"turns":4.0},{"damage":6.0,"enemies":"Gremlin Leader","floor":23.0,"turns":6.0},{"damage":0.0,"enemies":"Spheric Guardian","floor":24.0,"turns":3.0},{"damage":42.0,"enemies":"Slavers","floor":28.0,"turns":3.0},{"damage":11.0,"enemies":"Snake Plant","floor":29.0,"turns":4.0},{"damage":0.0,"enemies":"Sentry and Sphere","floor":30.0,"turns":3.0},{"damage":17,"enemies":"Champ","floor":33,"turns":6},{"damage":0,"enemies":"Orb Walker","floor":35,"turns":2},{"damage":0,"enemies":"3 Shapes","floor":37,"turns":4},{"damage":0,"enemies":"Spire Growth","floor":39,"turns":4},{"damage":36,"enemies":"Nemesis","floor":40,"turns":8},{"damage":0,"enemies":"Giant Head","floor":42,"turns":9},{"damage":55,"enemies":"2 Orb Walkers","floor":45,"turns":4},{"damage":6,"enemies":"Reptomancer","floor":47,"turns":6},{"damage":13,"enemies":"4 Shapes","floor":48,"turns":2},{"damage":28,"enemies":"Time Eater","floor":50,"turns":12},{"damage":1,"enemies":"Shield and Spear","floor":54,"turns":3},{"damage":98,"enemies":"The Heart","floor":55,"turns":8}],"seed_played":"8838394724597450582","potions_obtained":[{"floor":4.0,"key":"FearPotion"},{"floor":11.0,"key":"Strength Potion"},{"floor":16.0,"key":"Block Potion"},{"floor":28.0,"key":"Explosive Potion"},{"floor":35,"key":"DistilledChaos"},{"floor":40,"key":"AttackPotion"},{"floor":47,"key":"SteroidPotion"},{"floor":48,"key":"PowerPotion"}],"is_trial":false,"path_per_floor":["M","M","?","M","?","E","R","?","T","?","M","R","E","M","R","B",null,"M","?","$","?","?","E","M","R","T","$","E","M","M","$","R","B",null,"M","?","M","?","M","E","R","E","T","R","?","?","E","M","R","B",null,"R","$","E","B",null],"character_chosen":"DEFECT","items_purchased":["Runic Capacitor","Heatsinks","War Paint","PotionOfCapacity"],"campfire_rested":0,"item_purchase_floors":[20,20,53,53],"current_hp_per_floor":[64,64,64,64,64,33,33,26,26,26,28,37,28,29,38,19,58,45,25,25,40,40,48,56,65,79,79,45,44,54,54,66,69,85,90,85,85,75,85,61,73,85,85,85,40,40,48,41,53,60,79,85,85,85,22],"gold":108,"neow_bonus":"THREE_ENEMY_KILL","is_daily":false,"chose_seed":false,"campfire_upgraded":8,"win_rate":0.0,"timestamp":1612071815,"path_taken":["M","?","?","M","?","E","R","?","T","?","?","R","E","M","R","BOSS","M","?","$","?","?","E","M","R","T","$","E","M","M","?","R","BOSS","M","?","M","?","M","E","R","E","T","R","?","?","E","M","R","BOSS","R","$","E","BOSS"],"items_purchased_type":["Relic","Card","Relic","Potion"],"build_version":"2020-12-22","purchased_purges":2,"victory":true,"max_hp_per_floor":[71,71,71,71,71,71,71,71,71,71,71,71,71,71,71,71,71,71,76,76,76,76,76,76,76,90,90,90,90,90,90,90,90,90,90,85,85,85,85,85,85,85,85,85,85,85,85,85,85,85,85,85,85,85,85],"card_choices":[{"not_picked":["Stack","Beam Cell"],"picked":"Consume","floor":1.0},{"not_picked":["Rebound","Compile Driver"],"picked":"Glacier","floor":2.0},{"not_picked":["Blizzard","Force Field"],"picked":"Coolheaded","floor":4.0},{"not_picked":["Conserve Battery","Redo"],"picked":"Multi-Cast","floor":6.0},{"not_picked":["Compile Driver","Redo"],"picked":"Turbo","floor":11.0},{"not_picked":["Auto Shields","Stack","Darkness"],"picked":"SKIP","floor":13.0},{"not_picked":["Turbo","Coolheaded","Glacier"],"picked":"SKIP","floor":14.0},{"not_picked":["All For One","Creative AI"],"picked":"Electrodynamics","floor":16.0},{"not_picked":["Conserve Battery","BootSequence"],"picked":"Recycle","floor":18.0},{"not_picked":["Turbo+1","Doom and Gloom+1"],"picked":"Ball Lightning","floor":23.0},{"not_picked":["Go for the Eyes","Blizzard"],"picked":"Tempest","floor":24.0},{"not_picked":["Chaos","Turbo"],"picked":"Core Surge","floor":28.0},{"not_picked":["Stack","Turbo","Genetic Algorithm"],"picked":"SKIP","floor":29.0},{"not_picked":["Leap","Ball Lightning"],"picked":"Force Field","floor":30.0},{"not_picked":["Multi-Cast","Electrodynamics"],"picked":"Reboot","floor":33},{"not_picked":["Beam Cell","Cold Snap"],"picked":"Defragment","floor":35},{"not_picked":["White Noise","Auto Shields","Compile Driver+1"],"picked":"SKIP","floor":37},{"not_picked":["Trip","Impatience"],"picked":"Thinking Ahead","floor":38},{"not_picked":["Rebound","Melter","Stack+1"],"picked":"SKIP","floor":39},{"not_picked":["Leap","Rebound+1","Electrodynamics"],"picked":"SKIP","floor":40},{"not_picked":["Force Field","Rip and Tear+1","Conserve Battery"],"picked":"SKIP","floor":42},{"not_picked":["Streamline","Beam Cell","Barrage"],"picked":"SKIP","floor":47},{"not_picked":["Barrage","Consume+1"],"picked":"Storm+1","floor":48},{"not_picked":["Conserve Battery","Creative AI","Reprogram"],"picked":"SKIP","floor":54}],"player_experience":282771,"relics_obtained":[{"floor":6.0,"key":"Bird Faced Urn"},{"floor":9.0,"key":"Eternal Feather"},{"floor":13.0,"key":"Pen Nib"},{"floor":23.0,"key":"HornCleat"},{"floor":26.0,"key":"Mango"},{"floor":28.0,"key":"Bag of Preparation"},{"floor":40,"key":"Bottled Flame"},{"floor":42,"key":"Boot"},{"floor":45,"key":"Torii"},{"floor":47,"key":"Toy Ornithopter"},{"floor":54,"key":"Bottled Lightning"}],"event_choices":[{"damage_healed":0.0,"max_hp_gain":0.0,"max_hp_loss":0.0,"gold_gain":0.0,"event_name":"Accursed Blacksmith","player_choice":"Forge","floor":3.0,"gold_loss":0.0,"damage_taken":0.0,"cards_upgraded":["Zap"]},{"cards_removed":["Strike_B"],"damage_healed":0.0,"max_hp_gain":0.0,"max_hp_loss":0.0,"gold_gain":0.0,"event_name":"Living Wall","player_choice":"Forget","floor":5.0,"gold_loss":0.0,"damage_taken":0.0},{"cards_removed":["Strike_B"],"damage_healed":0.0,"max_hp_gain":0.0,"max_hp_loss":0.0,"gold_gain":0.0,"event_name":"Golden Wing","player_choice":"Card Removal","floor":8.0,"gold_loss":0.0,"damage_taken":7.0},{"damage_healed":0.0,"max_hp_gain":0.0,"max_hp_loss":0.0,"gold_gain":50.0,"event_name":"Golden Shrine","player_choice":"Pray","floor":10.0,"gold_loss":0.0,"damage_taken":0.0},{"damage_healed":0.0,"max_hp_gain":5.0,"max_hp_loss":0.0,"gold_gain":0.0,"event_name":"Forgotten Altar","player_choice":"Shed Blood","floor":19.0,"gold_loss":0.0,"damage_taken":25.0},{"damage_healed":15.0,"max_hp_gain":0.0,"max_hp_loss":0.0,"gold_gain":0.0,"event_name":"The Library","player_choice":"Heal","floor":21.0,"gold_loss":0.0,"damage_taken":0.0},{"damage_healed":0.0,"max_hp_gain":0.0,"max_hp_loss":0.0,"gold_gain":0.0,"event_name":"The Mausoleum","player_choice":"Ignored","floor":22.0,"gold_loss":0.0,"damage_taken":0.0},{"damage_healed":0,"gold_gain":0,"player_choice":"Max HP","damage_taken":0,"max_hp_gain":0,"max_hp_loss":5,"event_name":"Winding Halls","floor":36,"gold_loss":0},{"damage_healed":0,"gold_gain":0,"player_choice":"Memory 3","damage_taken":10,"max_hp_gain":0,"max_hp_loss":0,"event_name":"SensoryStone","floor":38,"gold_loss":0},{"damage_healed":0,"gold_gain":0,"player_choice":"Fight","damage_taken":0,"max_hp_gain":0,"max_hp_loss":0,"event_name":"Mysterious Sphere","floor":45,"gold_loss":0},{"cards_removed":["Ball Lightning"],"damage_healed":0,"gold_gain":0,"player_choice":"Removed Attack","damage_taken":0,"max_hp_gain":0,"max_hp_loss":0,"event_name":"Falling","floor":46,"gold_loss":0}],"is_beta":false,"boss_relics":[{"not_picked":["Runic Pyramid","Ectoplasm"],"picked":"Astrolabe"},{"not_picked":["Black Star","Pandora\u0027s Box"],"picked":"Philosopher\u0027s Stone"}],"items_purged_floors":[20,53],"is_endless":false,"potions_floor_spawned":[4,11,14,16,28,29,30,35,40,47,48],"ascension_level":19}}