{"host":"jt62yzdgnrkmwwqv","time":1612082521,"event":{"mods":["AchievementEnabler","Arknights","BaseMod","CapriCore","Colored Map","Colored Powertips","GungeonMod","Lobotomy","LobotomyExtend","Minty Spire (QoL Compilation)","Replay The Spire","StSLib","SuperFastMode","The Dragon Tamer"],"gold_per_floor":[112,13,26,26,43,43,78,89,114,127,141,175,175,235,235,337,337,355,365,290,230,240,270,95,115,115,115,140,151,177,177,177,279,279,291,15,35,35,229,229,229],"floor_reached":40,"language":"KOR","playtime":1246,"items_purged":["Overencumbered","ats:Strike C","ats:Guardian Obelisk+1"],"score":531,"play_id":"56ec962e-159f-49a5-bbb1-9d16d8e3f291","local_time":"20210131174201","is_ascension_mode":true,"campfire_choices":[{"data":"ats:Thermite Blade","floor":6,"key":"SMITH"},{"data":"ats:Sashimi Platter","floor":13,"key":"SMITH"},{"data":"ats:Apocalypse","floor":15,"key":"SMITH"},{"floor":27,"key":"RECALL"},{"floor":32,"key":"REST"}],"circlet_count":0,"master_deck":["ats:Defend","ats:Emotion Absorption","ats:Steam Pump","ats:Thermite Blade+1","ats:Apocalypse+1","ats:Charging Defense","ats:Cat Scratch","ats:Leaping Hammer","ats:Leaping Hammer","ats:Powerful Strike","ats:Sashimi Platter+1","ats:Healing Drone","ats:Sword Rain","ats:Calcification","ats:Assault Order+1","ats:Revitalization+1","ats:Curse Doll+1","ats:Sashimi Platter","ats:Rat Pack","ats:Apocalypse","ats:Durian+1","ats:Disruption Kick+1","ats:Shell Defense+1","ats:Apocalypse+1","ats:Counter Healing Mode"],"relics":["ats:Sanity Plus","LetterFromLob","RedMistMask","ats:Originium","Divine Protection","ats:Industrial Water Cannon","Iron Hammer","DemoMod:MeltedRock","Pen Nib","ats:Bonebreaker","DemoMod:WhiteGuonStone","MagicBullet_r","Astrolabe","ClockworkSouvenir"],"acts_visited":["Exordium","TheCity","TheBeyond"],"potions_floor_usage":[40],"damage_taken":[{"damage":0,"enemies":"Small Slimes","floor":1,"turns":5},{"damage":0,"enemies":"Cultist","floor":3,"turns":4},{"damage":0,"enemies":"Jaw Worm","floor":5,"turns":3},{"damage":8,"enemies":"Gremlin Nob","floor":7,"turns":3},{"damage":0,"enemies":"Exordium Wildlife","floor":8,"turns":2},{"damage":0,"enemies":"2 Fungi Beasts","floor":10,"turns":2},{"damage":0,"enemies":"Large Slime","floor":11,"turns":3},{"damage":0,"enemies":"3 Sentries","floor":12,"turns":3},{"damage":0,"enemies":"Gremlin Nob","floor":14,"turns":3},{"damage":26,"enemies":"The Guardian","floor":16,"turns":13},{"damage":3,"enemies":"Shell Parasite","floor":18,"turns":3},{"damage":3,"enemies":"2 Thieves","floor":19,"turns":2},{"damage":27,"enemies":"Snake Plant","floor":22,"turns":4},{"damage":37,"enemies":"Slavers","floor":23,"turns":4},{"damage":0,"enemies":"Shelled Parasite and Fungi","floor":25,"turns":4},{"damage":43,"enemies":"Gremlin Leader","floor":28,"turns":5},{"damage":2,"enemies":"Cultist and Chosen","floor":29,"turns":2},{"damage":94,"enemies":"Book of Stabbing","floor":30,"turns":10},{"damage":60,"enemies":"Automaton","floor":33,"turns":10},{"damage":8,"enemies":"Orb Walker","floor":35,"turns":2},{"damage":18,"enemies":"3 Darklings","floor":37,"turns":3},{"damage":142,"enemies":"Giant Head","floor":40,"turns":10}],"seed_played":"-5183320275190250271","potions_obtained":[{"floor":1,"key":"Weak Potion"},{"floor":5,"key":"Weak Potion"},{"floor":7,"key":"FearPotion"},{"floor":14,"key":"CultistPotion"}],"is_trial":false,"path_per_floor":["M","$","M","?","M","R","E","M","T","M","M","E","R","?","R","B",null,"M","M","?","?","M","E","$","M","T","R","E","M","E","?","R","B",null,"M","$","M","?","?","E"],"character_chosen":"DOCTOR_CLASS","items_purchased":["ats:Apocalypse","ats:Sashimi Platter","ClockworkSouvenir"],"campfire_rested":1,"item_purchase_floors":[2,24,36],"current_hp_per_floor":[72,72,72,72,72,72,64,64,64,64,64,64,64,72,72,52,72,69,72,72,72,54,41,41,61,61,61,67,70,14,14,35,48,72,64,64,57,72,44,0,0],"gold":229,"neow_bonus":"TRANSFORM_TWO_CARDS","is_daily":false,"chose_seed":false,"campfire_upgraded":3,"win_rate":0.0,"timestamp":1612082521,"path_taken":["M","$","M","?","?","R","E","M","T","M","M","E","R","?","R","BOSS","M","M","?","?","M","E","$","M","T","R","E","M","E","?","R","BOSS","M","$","M","?","?","E"],"items_purchased_type":["Card","Card","Relic"],"build_version":"2020-12-22","purchased_purges":3,"victory":false,"max_hp_per_floor":[72,72,72,72,72,72,72,72,72,72,72,72,72,72,72,72,72,72,72,72,72,72,72,72,72,72,72,72,72,72,72,72,72,72,72,72,72,72,72,72,72],"card_choices":[{"not_picked":["ats:Encircling Forest","ats:Explosion Area Strengthen"],"picked":"ats:Thermite Blade","floor":1},{"not_picked":["ats:Powerful Strike","ats:Flexible Camouflage"],"picked":"ats:Charging Defense","floor":3},{"not_picked":["ats:Apocalypse","ats:Volcano"],"picked":"ats:Cat Scratch","floor":5},{"not_picked":["ats:Volcano","ats:Chain Hook"],"picked":"ats:Leaping Hammer","floor":7},{"not_picked":["ats:Hook Shot","ats:Hammer On"],"picked":"ats:Leaping Hammer","floor":8},{"not_picked":["ats:Curse Doll","ats:Directed Diagnosis"],"picked":"ats:Powerful Strike","floor":10},{"not_picked":["ats:Charging Defense","ats:Disruption Kick"],"picked":"ats:Sashimi Platter","floor":11},{"not_picked":["ats:Very Hot Blade","ats:Composite Medical Shells"],"picked":"ats:Healing Drone","floor":12},{"not_picked":["ats:Overload","ats:Revitalization"],"picked":"ats:Sword Rain","floor":14},{"not_picked":["ats:Dogmatic Field","ats:Wolf Pack"],"picked":"ats:Calcification","floor":16},{"not_picked":["ats:Thermite Blade","ats:Explosion Area Strengthen"],"picked":"ats:Assault Order+1","floor":18},{"not_picked":["ats:Hammer On+1","ats:Blood Oath"],"picked":"ats:Ignite+1","floor":19},{"not_picked":["ats:Guard Mode","ats:Automatic Cover+1"],"picked":"ats:Revitalization+1","floor":22},{"not_picked":["ats:Phantom","ats:Flame Of Heaven"],"picked":"ats:Curse Doll+1","floor":23},{"not_picked":["ats:Cat Scratch+1","ats:Burning Ground+1","ats:Song Of Battle"],"picked":"SKIP","floor":25},{"not_picked":["ats:Thermite Blade","ats:Literary Storm"],"picked":"ats:Rat Pack","floor":28},{"not_picked":["ats:Revitalization+1","ats:Phantom","ats:Mental Burst"],"picked":"SKIP","floor":29},{"not_picked":["ats:Assault Order","ats:Counter Healing Mode"],"picked":"ats:Apocalypse","floor":30},{"not_picked":["ats:Echo Reverb","ats:Fractured Body"],"picked":"ats:Roar Of Ursus","floor":33},{"not_picked":["ats:Ignite","ats:Powerful Strike"],"picked":"ats:Shell Defense+1","floor":35},{"not_picked":["ats:Closed Bolt Burst Fire","ats:Support Order"],"picked":"ats:Apocalypse+1","floor":37},{"not_picked":["ats:Absolute Focus","ats:Neurotoxin+1"],"picked":"ats:Counter Healing Mode","floor":39}],"player_experience":183883,"relics_obtained":[{"floor":1,"key":"LetterFromLob"},{"floor":3,"key":"RedMistMask"},{"floor":7,"key":"ats:Originium"},{"floor":7,"key":"Divine Protection"},{"floor":12,"key":"ats:Originium"},{"floor":12,"key":"ats:Industrial Water Cannon"},{"floor":14,"key":"Iron Hammer"},{"floor":23,"key":"ats:Originium"},{"floor":23,"key":"DemoMod:MeltedRock"},{"floor":26,"key":"Pen Nib"},{"floor":28,"key":"ats:Bonebreaker"},{"floor":28,"key":"ats:Originium"},{"floor":30,"key":"ats:Originium"},{"floor":30,"key":"DemoMod:WhiteGuonStone"}],"event_choices":[{"cards_removed":["ats:Armor Crushing Shot"],"damage_healed":0,"gold_gain":0,"player_choice":"Offered Basic","damage_taken":0,"max_hp_gain":0,"max_hp_loss":0,"event_name":"Bonfire Elementals","floor":4,"gold_loss":0},{"damage_healed":0,"gold_gain":30,"player_choice":"Searched \u00272\u0027 times","damage_taken":0,"max_hp_gain":0,"max_hp_loss":0,"event_name":"Dead Adventurer","floor":14,"gold_loss":0},{"cards_removed":["ats:Ignite"],"damage_healed":0,"gold_gain":0,"player_choice":"Gave Gold","damage_taken":0,"max_hp_gain":0,"max_hp_loss":0,"event_name":"Beggar","floor":20,"gold_loss":75}],"is_beta":false,"boss_relics":[{"not_picked":["Cursed Key","Runic Dome"],"picked":"ats:Sanity Plus"},{"not_picked":["Pandora\u0027s Box","SacredBark"],"picked":"Astrolabe"}],"items_purged_floors":[2,24,36],"is_endless":false,"potions_floor_spawned":[1,5,7,14,19,23,25,28,33,35],"killed_by":"Giant Head","ascension_level":1}}