{"host":"7oiwk103j2prpym5","time":1612109470,"event":{"mods":["BaseMod","BetterRewards","Colored Map","Colored Powertips","GifTheSpireLib","Infinite Spire","Minty Spire (QoL Compilation)","Permanent Neow","Relic Filter Mod","Reliquary","Remove Card Discount Mod","Replay The Spire","StSLib","Stuff the Spire","Weighted Paths"],"gold_per_floor":[109,109,164,164,164,194,194,205,252,262,291,308,46,58,58,153,153,141,56,56,75,90,115,128,145,145,145,145,157,174,174,174,174,174],"floor_reached":33,"language":"ENG","playtime":2260,"items_purged":["Strike_G","Defend_G","Strike_G","Defend_G","ReplayTheSpireMod:Splinters","Amnesia"],"score":479,"play_id":"a7ab961d-2492-48c9-92c0-41ae82582892","local_time":"20210131101110","is_ascension_mode":true,"campfire_choices":[{"floor":7,"key":"REST"},{"floor":15,"key":"REST"},{"floor":27,"key":"REST"},{"floor":32,"key":"REST"}],"circlet_count":0,"master_deck":["Strike_G","Strike_G","Strike_G","Defend_G","Defend_G","Defend_G","Survivor","Neutralize","Noxious Fumes+1","Backflip","Backflip","Dagger Throw","Flying Knee","SashWhip","Dagger Spray","Bane","Dagger Spray","Deflect","Slice+1","Bane+1","Dodge and Roll+1","infinitespire:Neurotoxin","Deadly Poison","Dash+1","CurseOfTheBell","Bouncing Flask","Deadly Poison"],"relics":["Replay:M_StaffOfTheSnake","Lee\u0027s Waffle","Strawberry","infinitespire:Cubic Diamond","reliquary:SilkGlove","Ring of Panic","ReplayTheSpireMod:Ring of Collecting","reliquary:RosewoodLute","Ring of Fangs","StuffTheSpire:ForceGauntlet","Molten Egg 2","HoveringKite","StuffTheSpire:Gunfinga","Basket Of Snakes","Ring of Hypnosis","reliquary:BallBearing","infinitespire:FocusingShard","Calling Bell","StuffTheSpire:GrapeVine","infinitespire:ShieldingShard","StuffTheSpire:Wildfire"],"acts_visited":["Exordium","TheCity"],"potions_floor_usage":[16,23,30,31,31],"damage_taken":[{"damage":0,"enemies":"Cultist","floor":1,"turns":5},{"damage":30,"enemies":"3 Sentries","floor":6,"turns":6},{"damage":6,"enemies":"Small Slimes","floor":8,"turns":3},{"damage":2,"enemies":"2 Louse","floor":10,"turns":3},{"damage":9,"enemies":"Gremlin Nob","floor":11,"turns":4},{"damage":18,"enemies":"Large Slime","floor":12,"turns":6},{"damage":18,"enemies":"3 Louse","floor":14,"turns":3},{"damage":50,"enemies":"The Guardian","floor":16,"turns":9},{"damage":6,"enemies":"2 Thieves","floor":18,"turns":4},{"damage":12,"enemies":"Shell Parasite","floor":21,"turns":3},{"damage":18,"enemies":"Centurion and Healer","floor":22,"turns":4},{"damage":14,"enemies":"Slavers","floor":23,"turns":5},{"damage":3,"enemies":"Cultist and Chosen","floor":24,"turns":4},{"damage":5,"enemies":"Snake Plant","floor":25,"turns":3},{"damage":0,"enemies":"Snecko","floor":29,"turns":4},{"damage":8,"enemies":"Shelled Parasite and Fungi","floor":30,"turns":4},{"damage":37,"enemies":"Nightmare","floor":31,"turns":5},{"damage":45,"enemies":"Champ","floor":33,"turns":6}],"seed_played":"5961776153420908191","potions_obtained":[{"floor":3,"key":"infinitespire:BlackPotion"},{"floor":3,"key":"CunningPotion"},{"floor":10,"key":"Explosive Potion"},{"floor":16,"key":"AttackPotion"},{"floor":18,"key":"SmokeBomb"},{"floor":25,"key":"Adrenaline Potion"},{"floor":29,"key":"Reflective Coating"}],"is_trial":false,"path_per_floor":["M","?","?","?","?","E","R","M","T","M","E","M","$","M","R","B",null,"M","?","?","M","M","E","M","M","T","R","AVR","M","M","NM","R","B"],"character_chosen":"THE_SILENT","items_purchased":["Noxious Fumes","Lee\u0027s Waffle","Strawberry","Backflip","Molten Egg 2"],"campfire_rested":4,"item_purchase_floors":[0,0,0,0,13],"current_hp_per_floor":[84,84,84,84,84,54,79,73,73,71,62,44,44,26,51,1,84,78,78,78,66,48,34,31,26,26,51,51,51,43,6,31,0,0],"gold":174,"neow_bonus":"","is_daily":false,"chose_seed":false,"campfire_upgraded":0,"win_rate":0.0,"timestamp":1612109470,"path_taken":["M","?","?","?","?","E","R","M","T","M","E","?","?","M","R","BOSS","M","?","?","M","M","E","M","M","T","R","AVR","M","M","NM","R","BOSS"],"items_purchased_type":["Card","Relic","Relic","Card","Relic"],"build_version":"2020-12-22","purchased_purges":6,"victory":false,"max_hp_per_floor":[84,84,84,84,84,84,84,84,84,84,84,84,84,84,84,84,84,84,84,84,84,84,84,84,84,84,84,84,84,84,84,84,84,84],"card_choices":[{"not_picked":["StuffTheSpire:ClusterCrunch","Blade Dance"],"picked":"Dagger Throw","floor":1},{"not_picked":["Dodge and Roll","Acrobatics"],"picked":"Flying Knee","floor":3},{"not_picked":["ClearTheMind","PiercingWail"],"picked":"SashWhip","floor":6},{"not_picked":["StuffTheSpire:BumpUp","Blade Dance"],"picked":"Dagger Spray","floor":8},{"not_picked":["Underhanded Strike","ThirdEye"],"picked":"Bane","floor":10},{"not_picked":["Accuracy","Deflect"],"picked":"Dagger Spray","floor":11},{"not_picked":["Toxin Wave","WaveOfTheHand"],"picked":"Deflect","floor":12},{"not_picked":["Backflip","Predator+1"],"picked":"Slice+1","floor":14},{"not_picked":["StuffTheSpire:Python","ReplayTheSpireMod:The Works+1"],"picked":"Bane+1","floor":18},{"not_picked":["Slice+1","StuffTheSpire:Python+1"],"picked":"Dodge and Roll+1","floor":21},{"not_picked":["Deflect","StuffTheSpire:ClusterCrunch+1","Underhanded Strike+1"],"picked":"SKIP","floor":22},{"not_picked":["Blade Dance","Prepared"],"picked":"infinitespire:Neurotoxin","floor":23},{"not_picked":["StuffTheSpire:Fury+1","StuffTheSpire:ReptileScales"],"picked":"Deadly Poison","floor":24},{"not_picked":["Prepared","Slice+1"],"picked":"Dash+1","floor":25},{"not_picked":["Skewer+1","PiercingWail"],"picked":"Bouncing Flask","floor":29},{"not_picked":["Dagger Throw+1","Blade Dance"],"picked":"Deadly Poison","floor":30}],"player_experience":815828,"relics_obtained":[{"floor":3,"key":"reliquary:SilkGlove"},{"floor":4,"key":"Ring of Panic"},{"floor":4,"key":"ReplayTheSpireMod:Ring of Collecting"},{"floor":6,"key":"reliquary:RosewoodLute"},{"floor":9,"key":"Ring of Fangs"},{"floor":11,"key":"StuffTheSpire:ForceGauntlet"},{"floor":23,"key":"Basket Of Snakes"},{"floor":26,"key":"Ring of Hypnosis"},{"floor":26,"key":"reliquary:BallBearing"},{"floor":28,"key":"StuffTheSpire:GrapeVine"},{"floor":28,"key":"infinitespire:ShieldingShard"},{"floor":28,"key":"StuffTheSpire:Wildfire"}],"event_choices":[{"damage_healed":0,"gold_gain":0,"player_choice":"Upgraded","damage_taken":0,"max_hp_gain":0,"max_hp_loss":0,"event_name":"Upgrade Shrine","floor":5,"gold_loss":0,"cards_upgraded":["Noxious Fumes"]},{"damage_healed":0,"gold_gain":0,"player_choice":"Obtained Relic","damage_taken":0,"relics_obtained":["StuffTheSpire:Gunfinga"],"max_hp_gain":0,"max_hp_loss":0,"event_name":"Addict","floor":19,"gold_loss":85},{"damage_healed":0,"gold_gain":0,"player_choice":"Got Potions","damage_taken":0,"max_hp_gain":0,"max_hp_loss":0,"event_name":"Lab","floor":20,"gold_loss":0}],"is_beta":false,"boss_relics":[{"not_picked":["Replay:Bronze Core","reliquary:Craggleroot"],"picked":"HoveringKite"}],"items_purged_floors":[0,0,0,0,13,13],"is_endless":false,"potions_floor_spawned":[10,14,16,18,25,29,31],"killed_by":"Champ","ascension_level":4}}