{"host":"rq7gz685gkaokql0","time":1612070423,"event":{"mods":["BaseMod","Hubris","Infinite Spire","Minty Spire (QoL Compilation)","Replay The Spire","StSLib"],"gold_per_floor":[118,118,118,118,35,68,68,31,56,56,206,206,238,257,257,330,330,343,375,386,386,8,42,58,58,58],"floor_reached":25,"language":"ENG","playtime":713,"items_purged":["Doubt"],"score":550,"play_id":"bdcf028f-a4ff-4d68-912a-22581b39449a","local_time":"20210130192023","is_ascension_mode":true,"campfire_choices":[{"data":"Life Link","floor":7,"key":"SMITH"},{"data":"Searing Blow","floor":10,"key":"SMITH"},{"data":"Searing Blow+1","floor":12,"key":"SMITH"},{"data":"Searing Blow+2","floor":15,"key":"SMITH"}],"circlet_count":0,"master_deck":["AscendersBane","Strike_R","Strike_R","Strike_R","Strike_R","Strike_R","Defend_R","Defend_R","Defend_R","Defend_R","Bash","Intimidate","Seeing Red","Life Link+1","Carnage","Searing Blow+3","True Grit","Perfected Strike","Reaper","Overencumbered","hubris:MerchantsHand","Immolate","Replay:Sssssssssshield","infinitespire:FinalStrike","Bludgeon","ReplayTheSpireMod:LeadingStrike+1","ReplayReversal","RitualDagger","Spot Weakness","Armaments","Whirlwind+1"],"relics":["Burning Blood","NeowsBlessing","hubris:ChampionShield","hubris:SphereOfDissonance","Bag of Marbles","Oddly Smooth Stone","ReplayTheSpireMod:SealedPack","Red Mask","Replay:Wax Seal","Nunchaku","Question Card"],"acts_visited":["Exordium","TheCity"],"potions_floor_usage":[16,19,23,24,24],"damage_taken":[{"damage":0,"enemies":"Small Slimes","floor":1,"turns":1},{"damage":0,"enemies":"Gremlin Nob","floor":6,"turns":1},{"damage":0,"enemies":"3 Sentries","floor":13,"turns":2},{"damage":3,"enemies":"Jaw Worm","floor":14,"turns":2},{"damage":70,"enemies":"The Guardian","floor":16,"turns":9},{"damage":0,"enemies":"Chosen","floor":18,"turns":3},{"damage":30,"enemies":"Masked Bandits","floor":19,"turns":3},{"damage":22,"enemies":"Shell Parasite","floor":20,"turns":3},{"damage":26,"enemies":"Slavers","floor":23,"turns":4},{"damage":23,"enemies":"Shelled Parasite and Fungi","floor":24,"turns":3},{"damage":21,"enemies":"Replay:Snechameleon","floor":25,"turns":3}],"seed_played":"-1847437496507485463","potions_obtained":[{"floor":6,"key":"EntropicBrew"},{"floor":19,"key":"Death Potion"},{"floor":23,"key":"BloodPotion"}],"is_trial":false,"path_per_floor":["M","?","?","?","$","E","R","$","T","R","?","R","E","M","R","B",null,"M","?","M","?","$","E","M","E"],"character_chosen":"IRONCLAD","items_purchased":["Life Link","Searing Blow","Replay:Wax Seal","Nunchaku","Spot Weakness"],"campfire_rested":0,"item_purchase_floors":[5,8,22,22,22],"current_hp_per_floor":[74,74,74,67,67,73,73,73,73,73,73,73,75,75,75,11,59,65,56,44,38,38,18,16,0,0],"gold":58,"neow_bonus":"THREE_ENEMY_KILL","is_daily":false,"chose_seed":false,"campfire_upgraded":4,"win_rate":0.0,"timestamp":1612070423,"path_taken":["M","?","?","?","$","E","R","$","T","R","?","R","E","M","R","BOSS","M","?","M","?","$","E","M","E"],"items_purchased_type":["Card","Card","Relic","Relic","Card"],"build_version":"2020-12-22","purchased_purges":1,"victory":false,"max_hp_per_floor":[75,75,75,75,75,75,75,75,75,75,75,75,75,75,75,75,75,75,75,75,75,75,75,75,75,75],"card_choices":[{"not_picked":["Body Slam","ReplayTheSpireMod:Strike From Hell"],"picked":"Intimidate","floor":1},{"not_picked":["Warcry","Wild Strike"],"picked":"Carnage","floor":6},{"not_picked":["Burning Pact","Run Through"],"picked":"True Grit","floor":13},{"not_picked":["Dual Wield","Clash"],"picked":"Perfected Strike","floor":14},{"not_picked":["Juggernaut","Berserk"],"picked":"Reaper","floor":16},{"not_picked":["Dualcast","Eruption"],"picked":"hubris:MerchantsHand","floor":17},{"not_picked":["Reaper","Limit Break"],"picked":"Immolate","floor":17},{"not_picked":["Blind","Madness"],"picked":"Replay:Sssssssssshield","floor":17},{"not_picked":["infinitespire:Execution","ReplayTheSpireMod:Chaos Vortex"],"picked":"infinitespire:FinalStrike","floor":17},{"not_picked":["True Grit","Sentinel"],"picked":"Bludgeon","floor":18},{"not_picked":["Headbutt","Pommel Strike"],"picked":"ReplayTheSpireMod:LeadingStrike+1","floor":19},{"not_picked":["Havoc","hubris:ReadiedAction"],"picked":"ReplayReversal","floor":20},{"not_picked":["Combust","Shrug It Off"],"picked":"Armaments","floor":23},{"not_picked":["Rupture","True Grit","Cleave"],"picked":"Whirlwind+1","floor":24}],"player_experience":1225607,"relics_obtained":[{"floor":6,"key":"hubris:SphereOfDissonance"},{"floor":9,"key":"Bag of Marbles"},{"floor":13,"key":"Oddly Smooth Stone"},{"floor":19,"key":"Red Mask"},{"floor":23,"key":"Question Card"}],"event_choices":[{"damage_healed":0,"gold_gain":0,"player_choice":"Box","damage_taken":0,"relics_obtained":["hubris:ChampionShield"],"max_hp_gain":0,"max_hp_loss":0,"event_name":"Big Fish","floor":2,"gold_loss":0,"cards_obtained":["Regret"]},{"cards_removed":["Regret"],"damage_healed":0,"gold_gain":0,"player_choice":"Card Removal","damage_taken":7,"max_hp_gain":0,"max_hp_loss":0,"event_name":"Golden Wing","floor":4,"gold_loss":0},{"damage_healed":0,"gold_gain":150,"player_choice":"AGREE","damage_taken":0,"max_hp_gain":0,"max_hp_loss":0,"event_name":"Liars Game","floor":11,"gold_loss":0,"cards_obtained":["Doubt"]},{"damage_healed":0,"gold_gain":0,"player_choice":"Fought Bandits","damage_taken":0,"max_hp_gain":0,"max_hp_loss":0,"event_name":"Masked Bandits","floor":19,"gold_loss":0},{"damage_healed":0,"gold_gain":0,"player_choice":"Joined the Cult","damage_taken":6,"max_hp_gain":0,"max_hp_loss":0,"event_name":"Nest","floor":21,"gold_loss":0,"cards_obtained":["RitualDagger"]}],"is_beta":false,"boss_relics":[{"not_picked":["Ooze Armor","hubris:CrackedHourglass"],"picked":"ReplayTheSpireMod:SealedPack"}],"items_purged_floors":[22],"is_endless":false,"potions_floor_spawned":[6,19,23],"killed_by":"Replay:Snechameleon","ascension_level":20}}