{"host":"Bilverbakes","time":1612051598,"event":{"mods":["2.2 Compatiblity","AchievementEnabler","BaseMod","Bestiary","Colored Map","Minty Spire (QoL Compilation)","Relic Stats","StSLib","ojb\u0027s Info Mod"],"gold_per_floor":[14,27,27,27,51,95,95,130,183,218,246,265,279,312,312,405,405,428,343,361,361,376,404,51,51,51,69,69,88,107,138,138,217,217,234,234,252,252,20,49,65,65,65,65,99,99,99,122,122,122,122,122,122,10,51,51],"floor_reached":57,"language":"ENG","playtime":3465,"items_purged":["Strike_P"],"score":3185,"play_id":"69422a03-cfc3-4ec5-be6c-67c74bbaa6a3","local_time":"20210130180638","is_ascension_mode":true,"campfire_choices":[{"data":"Eruption","floor":7.0,"key":"SMITH"},{"data":"Conclude","floor":15.0,"key":"SMITH"},{"data":"Vault","floor":25.0,"key":"SMITH"},{"data":"Adaptation","floor":28.0,"key":"SMITH"},{"data":"Tantrum","floor":32.0,"key":"SMITH"},{"floor":42.0,"key":"RECALL"},{"data":"EmptyMind","floor":44.0,"key":"SMITH"},{"data":"MentalFortress","floor":47.0,"key":"SMITH"},{"data":"CutThroughFate","floor":49.0,"key":"SMITH"},{"data":"Halt","floor":53.0,"key":"SMITH"}],"circlet_count":0,"master_deck":["AscendersBane","Strike_P","Strike_P","Strike_P","Defend_P","Defend_P","Defend_P","Defend_P","Eruption+1","Vigilance","Conclude+1","SandsOfTime","EmptyMind+1","EmptyFist","Tantrum+1","DeceiveReality","Halt+1","Vault+1","FlurryOfBlows","Adaptation+1","MentalFortress+1","CutThroughFate+1","Consecrate","Pray+1","Prostrate+1","ClearTheMind+1","WaveOfTheHand+1","Vault+1","InnerPeace+1","FlurryOfBlows+1","ThirdEye+1","CutThroughFate","Ragnarok"],"relics":["PureWater","Thread and Needle","Bloody Idol","Ornamental Fan","PreservedInsect","Akabeko","MealTicket","Odd Mushroom","Vajra","Coffee Dripper","Kunai","Shuriken","Toxic Egg 2","The Courier","Orichalcum","Philosopher\u0027s Stone","TeardropLocket","CeramicFish","Blood Vial"],"acts_visited":["Exordium","TheCity","TheBeyond","TheEnding"],"potions_floor_usage":[56,56],"damage_taken":[{"damage":0.0,"enemies":"Small Slimes","floor":1.0,"turns":3.0},{"damage":0.0,"enemies":"2 Louse","floor":2.0,"turns":2.0},{"damage":0.0,"enemies":"Jaw Worm","floor":5.0,"turns":3.0},{"damage":10.0,"enemies":"Lagavulin","floor":6.0,"turns":6.0},{"damage":31.0,"enemies":"Gremlin Nob","floor":8.0,"turns":5.0},{"damage":1.0,"enemies":"3 Sentries","floor":10.0,"turns":4.0},{"damage":0.0,"enemies":"The Mushroom Lair","floor":11.0,"turns":2.0},{"damage":0.0,"enemies":"Blue Slaver","floor":12.0,"turns":2.0},{"damage":0.0,"enemies":"3 Louse","floor":13.0,"turns":2.0},{"damage":0.0,"enemies":"Lagavulin","floor":14.0,"turns":2.0},{"damage":0.0,"enemies":"The Guardian","floor":16.0,"turns":8.0},{"damage":0.0,"enemies":"Spheric Guardian","floor":18.0,"turns":2.0},{"damage":0.0,"enemies":"Shell Parasite","floor":20.0,"turns":1.0},{"damage":0.0,"enemies":"Cultist and Chosen","floor":22.0,"turns":3.0},{"damage":0.0,"enemies":"Gremlin Leader","floor":23.0,"turns":3.0},{"damage":0.0,"enemies":"Snecko","floor":27.0,"turns":4.0},{"damage":0.0,"enemies":"Sentry and Sphere","floor":29.0,"turns":4.0},{"damage":0.0,"enemies":"Centurion and Healer","floor":30.0,"turns":2.0},{"damage":0.0,"enemies":"Slavers","floor":31.0,"turns":2.0},{"damage":0.0,"enemies":"Automaton","floor":33.0,"turns":6.0},{"damage":0.0,"enemies":"3 Shapes","floor":35.0,"turns":7.0},{"damage":1.0,"enemies":"3 Darklings","floor":37.0,"turns":3.0},{"damage":0.0,"enemies":"Nemesis","floor":40.0,"turns":5.0},{"damage":0.0,"enemies":"Transient","floor":41.0,"turns":8.0},{"damage":0.0,"enemies":"Giant Head","floor":45.0,"turns":5.0},{"damage":1.0,"enemies":"4 Shapes","floor":48.0,"turns":8.0},{"damage":9.0,"enemies":"Time Eater","floor":50.0,"turns":7.0},{"damage":56.0,"enemies":"Donu and Deca","floor":51.0,"turns":6.0},{"damage":5.0,"enemies":"Shield and Spear","floor":55.0,"turns":4.0},{"damage":48,"enemies":"The Heart","floor":56,"turns":11}],"seed_played":"6850754855776138619","potions_obtained":[{"floor":5.0,"key":"Block Potion"},{"floor":8.0,"key":"PowerPotion"},{"floor":11.0,"key":"PowerPotion"},{"floor":16.0,"key":"Dexterity Potion"},{"floor":20.0,"key":"Swift Potion"},{"floor":22.0,"key":"LiquidMemories"},{"floor":23.0,"key":"Fire Potion"},{"floor":31.0,"key":"ColorlessPotion"},{"floor":37.0,"key":"FearPotion"},{"floor":46.0,"key":"ColorlessPotion"},{"floor":48.0,"key":"LiquidMemories"},{"floor":55.0,"key":"SkillPotion"}],"is_trial":false,"path_per_floor":["M","M","?","?","M","E","R","E","T","E","?","M","M","E","R","B",null,"M","?","M","?","M","E","$","R","T","M","R","M","M","E","R","B",null,"M","?","M","?","$","E","M","R","T","R","E","?","R","M","R","B","B",null,"R","$","E","B",null],"character_chosen":"WATCHER","items_purchased":["Adaptation","Toxic Egg 2","WaveOfTheHand+1","Vault+1","ThirdEye+1","AttackPotion","CutThroughFate"],"campfire_rested":0,"item_purchase_floors":[24,24,39,39,54,54,54],"current_hp_per_floor":[61,61,61,66,66,56,56,25,25,24,24,24,24,24,24,24,56,56,56,56,56,61,66,67,67,67,67,67,67,67,67,67,67,67,67,67,67,67,67,67,67,67,67,67,67,67,67,67,67,58,2,51,51,67,67,19],"gold":51,"neow_bonus":"ONE_RARE_RELIC","is_daily":false,"chose_seed":false,"campfire_upgraded":9,"win_rate":0.0,"timestamp":1612051598,"path_taken":["M","M","?","?","M","E","R","E","T","E","?","M","M","E","R","BOSS","M","?","M","?","M","E","$","R","T","M","R","M","M","E","R","BOSS","M","?","M","?","$","E","M","R","T","R","E","?","R","?","R","BOSS","BOSS","R","$","E","BOSS"],"items_purchased_type":["Card","Relic","Card","Card","Card","Potion","Card"],"build_version":"2020-12-18","purchased_purges":1,"victory":true,"max_hp_per_floor":[68,68,62,67,67,67,67,67,67,67,67,67,67,67,67,67,67,67,67,67,67,67,67,67,67,67,67,67,67,67,67,67,67,67,67,67,67,67,67,67,67,67,67,67,67,67,67,67,67,67,67,67,67,67,67,67],"relic_stats":{"Blood Vial":0,"counters":[30,130],"Ornamental Fan":[300],"Shuriken":[64],"Bloody Idol":18,"CeramicFish":36,"MealTicket":16,"PreservedInsect":421,"Kunai":[69],"Orichalcum":[42],"obtain_stats":[{"Golden Idol":3,"CeramicFish":45,"Vajra":14,"Thread and Needle":0,"PreservedInsect":8,"The Courier":26,"TeardropLocket":40,"Odd Mushroom":11,"Orichalcum":31,"Akabeko":9,"Blood Vial":55,"Ornamental Fan":6,"Shuriken":23,"Bloody Idol":21,"MealTicket":10,"Philosopher\u0027s Stone":34,"Coffee Dripper":17,"Kunai":19,"PureWater":0,"Toxic Egg 2":24},{"Golden Idol":2,"CeramicFish":25,"Vajra":10,"Thread and Needle":0,"PreservedInsect":5,"The Courier":15,"TeardropLocket":23,"Odd Mushroom":7,"Orichalcum":19,"Akabeko":5,"Blood Vial":29,"Ornamental Fan":4,"Shuriken":15,"Bloody Idol":13,"MealTicket":6,"Philosopher\u0027s Stone":20,"Coffee Dripper":11,"Kunai":12,"PureWater":0,"Toxic Egg 2":15},{"Golden Idol":5,"CeramicFish":94,"Vajra":31,"Thread and Needle":0,"PreservedInsect":19,"The Courier":48,"TeardropLocket":81,"Odd Mushroom":25,"Orichalcum":60,"Akabeko":19,"Blood Vial":119,"Ornamental Fan":14,"Shuriken":48,"Bloody Idol":42,"MealTicket":23,"Philosopher\u0027s Stone":66,"Coffee Dripper":39,"Kunai":41,"PureWater":0,"Toxic Egg 2":48}]},"card_choices":[{"not_picked":["Prostrate","Collect","PathToVictory"],"picked":"SKIP","floor":1.0},{"not_picked":["CrushJoints","ReachHeaven"],"picked":"Conclude","floor":2.0},{"not_picked":["FlurryOfBlows","Sanctity"],"picked":"SandsOfTime","floor":5.0},{"not_picked":["CrushJoints","DeceiveReality"],"picked":"EmptyMind","floor":6.0},{"not_picked":["ClearTheMind","LikeWater"],"picked":"EmptyFist","floor":8.0},{"not_picked":["EmptyMind","EmptyFist"],"picked":"BowlingBash","floor":10.0},{"not_picked":["WheelKick","ThirdEye"],"picked":"Tantrum","floor":11.0},{"not_picked":["ThirdEye","Evaluate"],"picked":"DeceiveReality","floor":12.0},{"not_picked":["Evaluate","Crescendo"],"picked":"Halt","floor":13.0},{"not_picked":["SashWhip","Collect","DeceiveReality"],"picked":"SKIP","floor":14.0},{"not_picked":["DevaForm","Alpha"],"picked":"Vault","floor":16.0},{"not_picked":["Weave+1","Crescendo"],"picked":"FlurryOfBlows","floor":18.0},{"not_picked":["ForeignInfluence","SignatureMove","DeceiveReality"],"picked":"SKIP","floor":20.0},{"not_picked":["Prostrate","SandsOfTime","Halt"],"picked":"SKIP","floor":22.0},{"not_picked":["FlyingSleeves","PathToVictory","Alpha"],"picked":"SKIP","floor":23.0},{"not_picked":["Crescendo+1","EmptyFist"],"picked":"MentalFortress","floor":27.0},{"not_picked":["EmptyBody+1","SignatureMove"],"picked":"CutThroughFate","floor":29.0},{"not_picked":["Evaluate+1","DeceiveReality+1"],"picked":"Consecrate","floor":30.0},{"not_picked":["CrushJoints","Study"],"picked":"Pray+1","floor":31.0},{"not_picked":["Evaluate+1","CrushJoints"],"picked":"Prostrate+1","floor":35.0},{"not_picked":["Study","EmptyBody+1"],"picked":"ClearTheMind+1","floor":37.0},{"not_picked":["SandsOfTime","ReachHeaven"],"picked":"InnerPeace+1","floor":40.0},{"not_picked":["WaveOfTheHand+1","PathToVictory+1","Conclude"],"picked":"SKIP","floor":41.0},{"not_picked":["WaveOfTheHand+1","PathToVictory+1","Conclude"],"picked":"SKIP","floor":41.0},{"not_picked":["SpiritShield+1","PathToVictory+1","CrushJoints"],"picked":"SKIP","floor":45.0},{"not_picked":["Wireheading","Study"],"picked":"FlurryOfBlows+1","floor":48.0},{"not_picked":["CutThroughFate","Consecrate"],"picked":"Ragnarok","floor":55.0}],"player_experience":857969,"relics_obtained":[{"floor":6.0,"key":"Ornamental Fan"},{"floor":8.0,"key":"PreservedInsect"},{"floor":9.0,"key":"Akabeko"},{"floor":10.0,"key":"MealTicket"},{"floor":11.0,"key":"Odd Mushroom"},{"floor":14.0,"key":"Vajra"},{"floor":23.0,"key":"Shuriken"},{"floor":26.0,"key":"The Courier"},{"floor":31.0,"key":"Orichalcum"},{"floor":40.0,"key":"TeardropLocket"},{"floor":45.0,"key":"CeramicFish"},{"floor":55.0,"key":"Blood Vial"}],"event_choices":[{"damage_healed":0.0,"max_hp_gain":0.0,"max_hp_loss":6.0,"gold_gain":0.0,"event_name":"Golden Idol","player_choice":"Lose Max HP","floor":3.0,"gold_loss":0.0,"damage_taken":0.0,"relics_obtained":["Golden Idol"]},{"damage_healed":0.0,"max_hp_gain":5.0,"max_hp_loss":0.0,"gold_gain":0.0,"event_name":"Big Fish","player_choice":"Donut","floor":4.0,"gold_loss":0.0,"damage_taken":0.0},{"damage_healed":0.0,"max_hp_gain":0.0,"max_hp_loss":0.0,"gold_gain":0.0,"event_name":"Mushrooms","player_choice":"Fought Mushrooms","floor":11.0,"gold_loss":0.0,"damage_taken":0.0},{"damage_healed":0.0,"max_hp_gain":0.0,"max_hp_loss":0.0,"gold_gain":0.0,"event_name":"Addict","player_choice":"Obtained Relic","floor":19.0,"gold_loss":85.0,"damage_taken":0.0,"relics_obtained":["Kunai"]},{"damage_healed":0.0,"max_hp_gain":0.0,"max_hp_loss":0.0,"gold_gain":0.0,"event_name":"Forgotten Altar","player_choice":"Gave Idol","floor":21.0,"relics_lost":["Golden Idol"],"gold_loss":0.0,"damage_taken":0.0,"relics_obtained":["Bloody Idol"]},{"cards_removed":["BowlingBash"],"damage_healed":0.0,"max_hp_gain":0.0,"max_hp_loss":0.0,"gold_gain":0.0,"event_name":"Falling","player_choice":"Removed Attack","floor":36.0,"gold_loss":0.0,"damage_taken":0.0},{"damage_healed":0.0,"max_hp_gain":0.0,"max_hp_loss":0.0,"gold_gain":0.0,"event_name":"Tomb of Lord Red Mask","player_choice":"Ignored","floor":38.0,"gold_loss":0.0,"damage_taken":0.0},{"damage_healed":0.0,"max_hp_gain":0.0,"max_hp_loss":0.0,"gold_gain":0.0,"event_name":"Lab","player_choice":"Got Potions","floor":46.0,"gold_loss":0.0,"damage_taken":0.0}],"is_beta":true,"boss_relics":[{"not_picked":["Calling Bell","VioletLotus"],"picked":"Coffee Dripper"},{"not_picked":["Black Star","Snecko Eye"],"picked":"Philosopher\u0027s Stone"}],"items_purged_floors":[39],"is_endless":false,"potions_floor_spawned":[5,8,11,14,16,20,22,23,31,37,48,55],"ascension_level":20}}