{"host":"2se5dq1do2gp0x9k","time":1612113840,"event":{"mods":["AchievementEnabler","BaseMod","Block Reminder","Colored Map","Colored Powertips","Minty Spire (QoL Compilation)","Relic Stats","StSLib","SuperFastMode"],"gold_per_floor":[114,128,128,128,142,169,181,221,256,268,296,147,127,154,154,226,226,236,136,147,158,178,213,213,213,239,271,271,271,271],"floor_reached":29,"language":"ENG","playtime":1266,"items_purged":["Strike_P","Strike_P"],"score":534,"play_id":"d3436b07-d5f6-4de8-9ebb-79315e10c7b0","local_time":"20210131092400","is_ascension_mode":true,"campfire_choices":[{"floor":7.0,"key":"REST"},{"floor":10.0,"key":"REST"},{"data":"Blasphemy","floor":15.0,"key":"SMITH"},{"floor":24,"key":"REST"},{"floor":28,"key":"REST"}],"circlet_count":0,"master_deck":["AscendersBane","Strike_P","Strike_P","Defend_P","Defend_P","Defend_P","Eruption","Vigilance","Vault","BattleHymn","ThirdEye","SashWhip","Indignation","Blasphemy+1","Evaluate","TalkToTheHand","DeceiveReality","Establishment","Protect","FearNoEvil+1","Wallop","MasterReality+1","JustLucky","CutThroughFate"],"relics":["PureWater","Bag of Preparation","MawBank","Pantograph","Blood Vial","Mummified Hand","Sozu","Turnip","Dream Catcher","Darkstone Periapt"],"acts_visited":["Exordium","TheCity"],"potions_floor_usage":[23],"damage_taken":[{"damage":4.0,"enemies":"2 Louse","floor":1.0,"turns":4.0},{"damage":4.0,"enemies":"Jaw Worm","floor":2.0,"turns":3.0},{"damage":0.0,"enemies":"Cultist","floor":5.0,"turns":3.0},{"damage":28.0,"enemies":"Gremlin Nob","floor":6.0,"turns":5.0},{"damage":25.0,"enemies":"3 Sentries","floor":8.0,"turns":7.0},{"damage":0.0,"enemies":"Blue Slaver","floor":11.0,"turns":2.0},{"damage":7.0,"enemies":"Lagavulin","floor":14.0,"turns":5.0},{"damage":12.0,"enemies":"Hexaghost","floor":16.0,"turns":8.0},{"damage":13.0,"enemies":"Shell Parasite","floor":18.0,"turns":5.0},{"damage":4.0,"enemies":"Chosen","floor":20.0,"turns":5.0},{"damage":0.0,"enemies":"Centurion and Healer","floor":21.0,"turns":5.0},{"damage":3.0,"enemies":"Sentry and Sphere","floor":22.0,"turns":4.0},{"damage":31,"enemies":"Slavers","floor":23,"turns":7},{"damage":20,"enemies":"Gremlin Leader","floor":27,"turns":6},{"damage":53,"enemies":"Slavers","floor":29,"turns":5}],"seed_played":"-5627273430607439331","potions_obtained":[{"floor":1.0,"key":"ColorlessPotion"},{"floor":5.0,"key":"SpeedPotion"},{"floor":13.0,"key":"SteroidPotion"},{"floor":16.0,"key":"LiquidMemories"}],"is_trial":false,"path_per_floor":["M","M","?","?","M","E","R","E","T","R","M","$","?","E","R","B",null,"M","$","M","M","M","E","R","?","T","E","R","E"],"character_chosen":"WATCHER","items_purchased":["TalkToTheHand"],"campfire_rested":4,"item_purchase_floors":[12],"current_hp_per_floor":[57,53,46,41,41,13,33,8,8,28,30,30,30,25,25,40,61,50,50,48,50,49,20,40,40,40,22,42,0,0],"gold":271,"neow_bonus":"ONE_RANDOM_RARE_CARD","is_daily":false,"chose_seed":false,"campfire_upgraded":1,"win_rate":0.0,"timestamp":1612113840,"path_taken":["M","M","?","?","M","E","R","E","T","R","?","?","?","E","R","BOSS","M","$","M","M","?","E","R","?","T","E","R","E"],"items_purchased_type":["Card"],"build_version":"2020-12-22","purchased_purges":2,"victory":false,"max_hp_per_floor":[68,68,68,68,68,68,68,68,68,68,68,68,68,68,68,68,68,68,68,68,68,68,68,68,68,68,68,68,68,68],"relic_stats":{"Blood Vial":20,"Sozu":3,"Darkstone Periapt":0,"Dream Catcher":1,"counters":[15,74],"Mummified Hand":[19],"Pantograph":25,"Turnip":[1],"Bag of Preparation":[26],"MawBank":72,"obtain_stats":[{"Blood Vial":9,"Sozu":17,"Darkstone Periapt":27,"Dream Catcher":26,"Mummified Hand":14,"Pantograph":8,"Turnip":23,"Bag of Preparation":4,"PureWater":0,"MawBank":6},{"Blood Vial":5,"Sozu":8,"Darkstone Periapt":14,"Dream Catcher":13,"Mummified Hand":7,"Pantograph":5,"Turnip":13,"Bag of Preparation":2,"PureWater":0,"MawBank":4},{"Blood Vial":22,"Sozu":37,"Darkstone Periapt":69,"Dream Catcher":63,"Mummified Hand":29,"Pantograph":22,"Turnip":63,"Bag of Preparation":7,"PureWater":0,"MawBank":15}]},"card_choices":[{"not_picked":["ThirdEye","InnerPeace"],"picked":"BattleHymn","floor":1.0},{"not_picked":["PathToVictory","FlyingSleeves"],"picked":"ThirdEye","floor":2.0},{"not_picked":["PathToVictory","Halt"],"picked":"SashWhip","floor":5.0},{"not_picked":["Protect","Study"],"picked":"Indignation","floor":6.0},{"not_picked":["Halt","SignatureMove"],"picked":"Blasphemy","floor":8.0},{"not_picked":["Worship","WindmillStrike"],"picked":"Evaluate","floor":11.0},{"not_picked":["EmptyBody","Protect"],"picked":"DeceiveReality","floor":14.0},{"not_picked":["Omniscience","DeusExMachina"],"picked":"Establishment","floor":16.0},{"not_picked":["EmptyBody","ForeignInfluence"],"picked":"Protect","floor":18.0},{"not_picked":["ReachHeaven","CutThroughFate"],"picked":"FearNoEvil+1","floor":20.0},{"not_picked":["CutThroughFate","PathToVictory"],"picked":"Wallop","floor":21.0},{"not_picked":["PathToVictory","Evaluate+1","FollowUp"],"picked":"SKIP","floor":22.0},{"not_picked":["Wallop","TalkToTheHand"],"picked":"MasterReality","floor":23},{"not_picked":["EmptyFist","Prostrate"],"picked":"JustLucky","floor":27},{"not_picked":["PathToVictory","Wish"],"picked":"CutThroughFate","floor":28}],"player_experience":4019895,"relics_obtained":[{"floor":6.0,"key":"MawBank"},{"floor":8.0,"key":"Pantograph"},{"floor":9.0,"key":"Blood Vial"},{"floor":14.0,"key":"Mummified Hand"},{"floor":23,"key":"Turnip"},{"floor":26,"key":"Dream Catcher"},{"floor":27,"key":"Darkstone Periapt"}],"event_choices":[{"cards_removed":["Defend_P"],"damage_healed":0.0,"max_hp_gain":0.0,"max_hp_loss":0.0,"gold_gain":0.0,"event_name":"Golden Wing","player_choice":"Card Removal","floor":3.0,"gold_loss":0.0,"damage_taken":7.0},{"damage_healed":0.0,"max_hp_gain":0.0,"max_hp_loss":0.0,"gold_gain":0.0,"event_name":"Scrap Ooze","player_choice":"Success","floor":4.0,"gold_loss":0.0,"damage_taken":5.0,"relics_obtained":["Bag of Preparation"]},{"damage_healed":0.0,"max_hp_gain":0.0,"max_hp_loss":0.0,"gold_gain":0.0,"event_name":"The Woman in Blue","player_choice":"Bought 1 Potion","floor":13.0,"gold_loss":0.0,"damage_taken":0.0},{"damage_healed":0,"gold_gain":0,"player_choice":"Forge","damage_taken":0,"max_hp_gain":0,"max_hp_loss":0,"event_name":"Accursed Blacksmith","floor":25,"gold_loss":0,"cards_upgraded":["MasterReality"]}],"is_beta":false,"boss_relics":[{"not_picked":["Black Star","Ectoplasm"],"picked":"Sozu"}],"items_purged_floors":[12,19],"is_endless":false,"potions_floor_spawned":[1,5,16,21,22,23],"killed_by":"Slavers","ascension_level":18}}