{"host":"f0gpob8hq9vgebej","time":1612107552,"event":{"mods":["AchievementEnabler","BaseMod","Minty Spire (QoL Compilation)","Quick Restart","SuperFastMode"],"gold_per_floor":[113,113,7,32,32,62,62,78,130,130,143,175,21,35,35,140,140,157,168,182,198,297,297,331,331,331,331,365,365,375,409,409,512,512,532,532,549,291,308,308,327,132,132,169,200,212,224,236,248,260],"floor_reached":51,"language":"KOR","playtime":1269,"items_purged":["Strike_B","Strike_B","Strike_B+1"],"score":1239,"play_id":"bf2386a4-c4ce-445b-9971-14ceaabf847b","local_time":"20210201003912","is_ascension_mode":true,"campfire_choices":[{"data":"Zap","floor":7.0,"key":"SMITH"},{"data":"Storm","floor":10.0,"key":"SMITH"},{"data":"Defragment","floor":15.0,"key":"SMITH"},{"floor":23,"key":"REST"},{"data":"Static Discharge","floor":25,"key":"SMITH"},{"data":"Capacitor","floor":27,"key":"SMITH"},{"data":"Fission","floor":32,"key":"SMITH"},{"data":"Echo Form","floor":40,"key":"SMITH"},{"data":"Amplify","floor":47,"key":"SMITH"},{"floor":49,"key":"REST"}],"circlet_count":0,"master_deck":["AscendersBane","Strike_B+1","Defend_B","Defend_B","Defend_B","Defend_B","Zap+1","Dualcast","Conserve Battery","White Noise","Storm+1","Double Energy","Ball Lightning","Capacitor+1","Defragment+1","Consume","Fission+1","Amplify+1","Static Discharge+1","Glacier","Self Repair","Defragment","Echo Form+1","Barrage","Reboot","Steam Power","Loop","Heatsinks","PanicButton","Hologram+1","Force Field","Panacea"],"relics":["Cracked Core","NeowsBlessing","Regal Pillow","Dead Branch","Happy Flower","Meat on the Bone","Nuclear Battery","PreservedInsect","Whetstone","Letter Opener","Juzu Bracelet","Runic Pyramid","MawBank","Gremlin Horn"],"acts_visited":["Exordium","TheCity","TheBeyond"],"potions_floor_usage":[24,24,24,28,28,31,33,50],"damage_taken":[{"damage":0.0,"enemies":"2 Louse","floor":1.0,"turns":1.0},{"damage":0.0,"enemies":"3 Sentries","floor":6.0,"turns":1.0},{"damage":0.0,"enemies":"Cultist","floor":8.0,"turns":1.0},{"damage":2.0,"enemies":"Jaw Worm","floor":11.0,"turns":3.0},{"damage":16.0,"enemies":"Gremlin Nob","floor":12.0,"turns":3.0},{"damage":14.0,"enemies":"Blue Slaver","floor":14.0,"turns":3.0},{"damage":25.0,"enemies":"Hexaghost","floor":16.0,"turns":8.0},{"damage":12.0,"enemies":"Chosen","floor":18.0,"turns":4.0},{"damage":40.0,"enemies":"2 Thieves","floor":19.0,"turns":3.0},{"damage":20.0,"enemies":"Shelled Parasite and Fungi","floor":20.0,"turns":8.0},{"damage":17,"enemies":"Snake Plant","floor":21,"turns":3},{"damage":28,"enemies":"Slavers","floor":24,"turns":5},{"damage":15,"enemies":"Gremlin Leader","floor":28,"turns":4},{"damage":12,"enemies":"Cultist and Chosen","floor":30,"turns":5},{"damage":29,"enemies":"Slavers","floor":31,"turns":4},{"damage":28,"enemies":"Champ","floor":33,"turns":6},{"damage":8,"enemies":"Orb Walker","floor":35,"turns":3},{"damage":28,"enemies":"3 Darklings","floor":37,"turns":3},{"damage":3,"enemies":"Writhing Mass","floor":39,"turns":4},{"damage":9,"enemies":"Spire Growth","floor":41,"turns":3},{"damage":0,"enemies":"Giant Head","floor":44,"turns":6},{"damage":0,"enemies":"4 Shapes","floor":45,"turns":3},{"damage":24,"enemies":"Time Eater","floor":50,"turns":6}],"seed_played":"6916903811500339711","potions_obtained":[{"floor":2.0,"key":"FairyPotion"},{"floor":2.0,"key":"ColorlessPotion"},{"floor":11.0,"key":"EntropicBrew"},{"floor":21,"key":"Regen Potion"},{"floor":24,"key":"Energy Potion"},{"floor":28,"key":"FocusPotion"},{"floor":30,"key":"Ancient Potion"},{"floor":33,"key":"GamblersBrew"},{"floor":37,"key":"FocusPotion"}],"is_trial":false,"path_per_floor":["M","?","$","T","$","E","R","M","T","R","M","E","$","M","R","B",null,"M","M","M","M","?","R","E","R","T","R","E","?","M","E","R","B",null,"M","?","M","$","M","R","M","$","T","E","M","?","R","?","R","B",null],"character_chosen":"DEFECT","items_purchased":["White Noise","Storm","Consume","Heatsinks","PanicButton","Force Field"],"campfire_rested":2,"item_purchase_floors":[3,3,13,38,38,42],"current_hp_per_floor":[68,68,68,68,68,68,68,68,68,68,66,50,50,48,48,35,65,53,25,17,34,34,71,63,63,63,63,55,55,50,40,40,31,64,56,56,40,40,49,49,47,47,47,54,54,54,54,54,71,54],"gold":272,"neow_bonus":"THREE_ENEMY_KILL","is_daily":false,"chose_seed":false,"campfire_upgraded":8,"win_rate":0.0,"timestamp":1612107552,"path_taken":["M","?","?","?","$","E","R","M","T","R","M","E","?","M","R","BOSS","M","M","M","M","?","R","E","R","T","R","E","?","M","E","R","BOSS","M","?","M","$","M","R","M","$","T","E","M","?","R","?","R","BOSS"],"items_purchased_type":["Card","Card","Card","Card","Card","Card"],"build_version":"2020-12-22","purchased_purges":3,"victory":true,"max_hp_per_floor":[75,75,75,75,75,75,75,75,75,75,75,75,75,75,75,75,75,75,75,75,75,75,75,75,75,75,75,75,75,75,75,75,75,75,75,75,75,75,75,75,75,75,75,75,75,75,75,71,71,71],"card_choices":[{"not_picked":["Go for the Eyes","Melter"],"picked":"Conserve Battery","floor":1.0},{"not_picked":["Force Field","Undo"],"picked":"Double Energy","floor":6.0},{"not_picked":["Hologram","Fusion"],"picked":"Ball Lightning","floor":8.0},{"not_picked":["Leap","Conserve Battery"],"picked":"Capacitor","floor":11.0},{"not_picked":["Storm","Scrape"],"picked":"Defragment","floor":12.0},{"not_picked":["Redo","Coolheaded"],"picked":"Fission","floor":14.0},{"not_picked":["Machine Learning","Fission"],"picked":"Amplify","floor":16.0},{"not_picked":["Beam Cell","Streamline"],"picked":"Static Discharge","floor":18.0},{"not_picked":["Storm","Beam Cell"],"picked":"Glacier","floor":19.0},{"not_picked":["Stack","Coolheaded","Ball Lightning"],"picked":"SKIP","floor":20.0},{"not_picked":["Gash","Multi-Cast"],"picked":"Self Repair","floor":21},{"not_picked":["Beam Cell","Gash"],"picked":"Defragment","floor":24},{"not_picked":["Compile Driver","Turbo"],"picked":"Echo Form","floor":28},{"not_picked":["Steam","Go for the Eyes+1","Rebound+1"],"picked":"SKIP","floor":30},{"not_picked":["Gash","Sunder"],"picked":"Barrage","floor":31},{"not_picked":["Echo Form","Rainbow"],"picked":"Reboot","floor":33},{"not_picked":["Rebound","Consume+1"],"picked":"Steam Power","floor":35},{"not_picked":["Gash","Beam Cell"],"picked":"Loop","floor":37},{"not_picked":["Reprogram","Conserve Battery","Cold Snap+1"],"picked":"SKIP","floor":39},{"not_picked":["Rebound+1","Cold Snap"],"picked":"Hologram+1","floor":41},{"not_picked":["Cold Snap","Streamline","Sunder"],"picked":"SKIP","floor":44},{"not_picked":["Stack+1","Fission","Gash"],"picked":"SKIP","floor":45},{"not_picked":["Chrysalis","Enlightenment"],"picked":"Panacea","floor":46}],"player_experience":332974,"relics_obtained":[{"floor":4.0,"key":"Regal Pillow"},{"floor":6.0,"key":"Dead Branch"},{"floor":9.0,"key":"Happy Flower"},{"floor":12.0,"key":"Meat on the Bone"},{"floor":24,"key":"PreservedInsect"},{"floor":26,"key":"Whetstone"},{"floor":28,"key":"Letter Opener"},{"floor":31,"key":"Juzu Bracelet"},{"floor":43,"key":"MawBank"},{"floor":44,"key":"Gremlin Horn"}],"event_choices":[{"damage_healed":0.0,"max_hp_gain":0.0,"max_hp_loss":0.0,"gold_gain":0.0,"event_name":"Lab","player_choice":"Got Potions","floor":2.0,"gold_loss":0.0,"damage_taken":0.0},{"damage_healed":0,"gold_gain":99,"player_choice":"Stole From Cult","damage_taken":0,"max_hp_gain":0,"max_hp_loss":0,"event_name":"Nest","floor":22,"gold_loss":0},{"damage_healed":0,"gold_gain":0,"player_choice":"Ignored","damage_taken":0,"max_hp_gain":0,"max_hp_loss":0,"event_name":"Cursed Tome","floor":29,"gold_loss":0},{"damage_healed":0,"gold_gain":0,"player_choice":"Ignored","damage_taken":0,"max_hp_gain":0,"max_hp_loss":0,"event_name":"Mysterious Sphere","floor":36,"gold_loss":0},{"damage_healed":0,"gold_gain":0,"player_choice":"Memory 1","damage_taken":0,"max_hp_gain":0,"max_hp_loss":0,"event_name":"SensoryStone","floor":46,"gold_loss":0},{"damage_healed":0,"gold_gain":0,"player_choice":"Max HP","damage_taken":0,"max_hp_gain":0,"max_hp_loss":4,"event_name":"Winding Halls","floor":48,"gold_loss":0}],"is_beta":false,"boss_relics":[{"not_picked":["Snecko Eye","SacredBark"],"picked":"Nuclear Battery"},{"not_picked":["FrozenCore","Fusion Hammer"],"picked":"Runic Pyramid"}],"items_purged_floors":[13,38,42],"is_endless":false,"potions_floor_spawned":[11,12,14,21,24,28,30,33,37,39],"ascension_level":12}}