{"host":"tetk82fuf8thwxol","time":1612118213,"event":{"mods":["AchievementEnabler","BaseMod","BetterRewards","GifTheSpireLib","Hermit","Minty Spire (QoL Compilation)","Permanent Neow","Quick Restart","Shop Mod","Spicy Shops","StSLib","The Bug Knight","The Cursed","The Runesmith"],"gold_per_floor":[217,217,217,2,19,19,53,64,64,64,97,97,276,290,290,395,395,410,426,426,426,202,236,252,268,268,268,268,280,280,307,307,408,408,422,438,438,455,470,470,239,250,273,304,28,41,68,87,87,87,87],"floor_reached":50,"language":"ENG","playtime":2523,"items_purged":["Normality","Strike_G","Defend_G"],"score":948,"play_id":"4b5f7cb2-5a5c-404c-8929-4de417566988","local_time":"20210131123653","is_ascension_mode":true,"campfire_choices":[{"data":"Apotheosis","floor":6,"key":"SMITH"},{"floor":15,"key":"REST"},{"floor":27,"key":"REST"},{"floor":30,"key":"DIG"},{"floor":32,"key":"REST"},{"floor":49,"key":"RECALL"}],"circlet_count":0,"master_deck":["AscendersBane","Strike_G","Strike_G","Defend_G","Defend_G","Defend_G","Survivor","Neutralize","Deadly Poison","Noxious Fumes","Apotheosis+1","Noxious Fumes","Deadly Poison","Catalyst","Adrenaline","Poisoned Stab","Bouncing Flask","Deadly Poison","Terror"],"relics":["Ring of the Snake","Gambling Chip","Shovel","Strawberry","Unceasing Top","Membership Card","TwistedFunnel","Bag of Preparation","Velvet Choker","HornCleat","Sling","Pear","Gremlin Horn","MealTicket","Kunai","Sozu","Bottled Lightning","Ancient Tea Set","Runesmith:Nanobots","Omamori","Letter Opener","Regal Pillow"],"acts_visited":["Exordium","TheCity","TheBeyond"],"potions_floor_usage":[7,31,31],"damage_taken":[{"damage":10,"enemies":"Cultist","floor":1,"turns":5},{"damage":0,"enemies":"2 Louse","floor":5,"turns":3},{"damage":11,"enemies":"Gremlin Nob","floor":7,"turns":5},{"damage":0,"enemies":"Jaw Worm","floor":8,"turns":3},{"damage":8,"enemies":"HollowMod:MossKnight","floor":11,"turns":5},{"damage":2,"enemies":"Large Slime","floor":14,"turns":3},{"damage":8,"enemies":"The Guardian","floor":16,"turns":5},{"damage":2,"enemies":"Shell Parasite","floor":18,"turns":4},{"damage":0,"enemies":"Chosen","floor":19,"turns":3},{"damage":6,"enemies":"HollowMod:Nosk","floor":23,"turns":5},{"damage":0,"enemies":"Snecko","floor":24,"turns":3},{"damage":0,"enemies":"Cultist and Chosen","floor":25,"turns":3},{"damage":8,"enemies":"Centurion and Healer","floor":29,"turns":5},{"damage":42,"enemies":"Slavers","floor":31,"turns":4},{"damage":34,"enemies":"Automaton","floor":33,"turns":6},{"damage":0,"enemies":"3 Shapes","floor":35,"turns":3},{"damage":25,"enemies":"3 Darklings","floor":36,"turns":4},{"damage":14,"enemies":"4 Shapes","floor":38,"turns":4},{"damage":2,"enemies":"Maw","floor":39,"turns":4},{"damage":0,"enemies":"Sphere and 2 Shapes","floor":42,"turns":3},{"damage":33,"enemies":"Nemesis","floor":44,"turns":5},{"damage":8,"enemies":"3 Darklings","floor":46,"turns":3},{"damage":1,"enemies":"HollowMod:StalkingDevout","floor":47,"turns":4},{"damage":10,"enemies":"Maw","floor":48,"turns":4},{"damage":56,"enemies":"Awakened One","floor":50,"turns":9}],"seed_played":"-4005660178446427710","potions_obtained":[{"floor":5,"key":"EssenceOfSteel"},{"floor":11,"key":"PowerPotion"},{"floor":16,"key":"Fire Potion"},{"floor":33,"key":"LiquidBronze"}],"is_trial":false,"path_per_floor":["M","?","?","$","M","R","E","M","T","$","E","?","$","M","R","B",null,"M","M","?","?","$","E","M","M","T","R","?","M","R","E","R","B",null,"M","M","?","M","M","?","$","M","T","E","$","M","E","M","R","B"],"character_chosen":"THE_SILENT","items_purchased":["Noxious Fumes","Apotheosis","Membership Card","TwistedFunnel","Bag of Preparation","Catalyst","HornCleat","Bouncing Flask","Sling","Bottled Lightning","Terror","Runesmith:Nanobots","Omamori","Letter Opener"],"campfire_rested":3,"item_purchase_floors":[4,4,13,13,13,13,22,22,22,41,41,45,45,45],"current_hp_per_floor":[53,46,46,46,46,46,35,35,35,35,34,27,27,25,48,40,68,66,66,66,52,52,56,56,56,56,83,83,75,75,33,60,26,76,76,51,92,78,76,76,91,91,91,58,73,65,64,54,54,0,0],"gold":87,"neow_bonus":"HUNDRED_GOLD","is_daily":false,"chose_seed":false,"campfire_upgraded":1,"win_rate":0.0,"timestamp":1612118213,"path_taken":["M","?","?","$","?","R","E","M","T","$","E","?","$","M","R","BOSS","M","M","?","?","$","E","M","M","T","R","?","M","R","E","R","BOSS","M","M","?","M","?","?","$","M","T","E","$","?","E","M","R","BOSS"],"items_purchased_type":["Card","Card","Relic","Relic","Relic","Card","Relic","Card","Relic","Relic","Card","Relic","Relic","Relic"],"build_version":"2020-12-22","purchased_purges":3,"victory":false,"max_hp_per_floor":[70,70,70,70,70,70,70,70,70,70,77,77,77,77,77,77,77,77,77,77,82,82,92,92,92,92,92,92,92,92,92,92,92,92,92,92,92,92,92,92,92,92,92,92,92,92,92,92,92,92,92],"card_choices":[{"not_picked":["Escape Plan","Slice"],"picked":"Deadly Poison","floor":1},{"not_picked":["Distraction","Calculated Gamble","Sucker Punch"],"picked":"SKIP","floor":5},{"not_picked":["Grand Finale","Underhanded Strike"],"picked":"Noxious Fumes","floor":7},{"not_picked":["Outmaneuver","Finisher"],"picked":"Deadly Poison","floor":8},{"not_picked":["Prepared","PiercingWail","Tactician"],"picked":"SKIP","floor":11},{"not_picked":["Quick Slash","Blade Dance","Infinite Blades"],"picked":"SKIP","floor":14},{"not_picked":["Storm of Steel","Bullet Time"],"picked":"Adrenaline","floor":16},{"not_picked":["PiercingWail","Finisher","Prepared"],"picked":"SKIP","floor":18},{"not_picked":["Acrobatics","Infinite Blades"],"picked":"Poisoned Stab","floor":19},{"not_picked":["Dodge and Roll+1","Dagger Spray","Escape Plan"],"picked":"SKIP","floor":23},{"not_picked":["Tactician","Slice","Dagger Spray"],"picked":"SKIP","floor":24},{"not_picked":["PiercingWail","Cloak And Dagger"],"picked":"Deadly Poison","floor":25},{"not_picked":["Storm of Steel","Dagger Spray","Flying Knee"],"picked":"SKIP","floor":29},{"not_picked":["Acrobatics","Sucker Punch","Dodge and Roll+1"],"picked":"SKIP","floor":31},{"not_picked":["Quick Slash","Cloak And Dagger","Footwork"],"picked":"SKIP","floor":35},{"not_picked":["Flechettes","Outmaneuver","Setup"],"picked":"SKIP","floor":36},{"not_picked":["Infinite Blades+1","Quick Slash+1","Accuracy+1"],"picked":"SKIP","floor":38},{"not_picked":["Cloak And Dagger","Calculated Gamble","Bouncing Flask"],"picked":"SKIP","floor":39},{"not_picked":["Predator","PiercingWail","Deflect+1"],"picked":"SKIP","floor":42},{"not_picked":["Deflect","Blade Dance","Reflex"],"picked":"SKIP","floor":44},{"not_picked":["Leg Sweep","Underhanded Strike","Backflip+1"],"picked":"SKIP","floor":46},{"not_picked":["Tactician+1","Accuracy+1","Bane"],"picked":"SKIP","floor":47},{"not_picked":["Cloak And Dagger","Escape Plan","Distraction"],"picked":"SKIP","floor":48}],"player_experience":274164,"relics_obtained":[{"floor":7,"key":"Gambling Chip"},{"floor":9,"key":"Shovel"},{"floor":11,"key":"Strawberry"},{"floor":23,"key":"Pear"},{"floor":26,"key":"Gremlin Horn"},{"floor":30,"key":"MealTicket"},{"floor":31,"key":"Kunai"},{"floor":44,"key":"Ancient Tea Set"},{"floor":47,"key":"Regal Pillow"}],"event_choices":[{"cards_removed":["Strike_G"],"damage_healed":0,"gold_gain":0,"player_choice":"Card Removal","damage_taken":7,"max_hp_gain":0,"max_hp_loss":0,"event_name":"Golden Wing","floor":2,"gold_loss":0},{"cards_removed":["Defend_G"],"damage_healed":0,"gold_gain":0,"player_choice":"Card Removal","damage_taken":0,"max_hp_gain":0,"max_hp_loss":0,"event_name":"Wheel of Change","floor":3,"gold_loss":0},{"damage_healed":0,"gold_gain":0,"player_choice":"Success","damage_taken":7,"relics_obtained":["Unceasing Top"],"max_hp_gain":0,"max_hp_loss":0,"event_name":"Scrap Ooze","floor":12,"gold_loss":0},{"cards_removed":["Strike_G"],"damage_healed":0,"gold_gain":0,"player_choice":"Elegance","damage_taken":0,"max_hp_gain":0,"max_hp_loss":0,"event_name":"Back to Basics","floor":20,"gold_loss":0},{"damage_healed":0,"gold_gain":0,"player_choice":"Shed Blood","damage_taken":19,"max_hp_gain":5,"max_hp_loss":0,"event_name":"Forgotten Altar","floor":21,"gold_loss":0},{"damage_healed":0,"gold_gain":0,"player_choice":"Ignored","damage_taken":0,"max_hp_gain":0,"max_hp_loss":0,"event_name":"Ghosts","floor":28,"gold_loss":0},{"damage_healed":41,"gold_gain":0,"player_choice":"Full Heal","damage_taken":0,"max_hp_gain":0,"max_hp_loss":0,"event_name":"Wheel of Change","floor":37,"gold_loss":0},{"damage_healed":0,"gold_gain":0,"player_choice":"Ignored","damage_taken":0,"max_hp_gain":0,"max_hp_loss":0,"event_name":"SecretPortal","floor":40,"gold_loss":0}],"is_beta":false,"boss_relics":[{"not_picked":["Pandora\u0027s Box","HoveringKite"],"picked":"Velvet Choker"},{"not_picked":["Coffee Dripper","Snecko Eye"],"picked":"Sozu"}],"items_purged_floors":[13,22,41],"is_endless":false,"potions_floor_spawned":[5,11,16,19,25,33,36,38,39,47,48],"killed_by":"Awakened One","ascension_level":12}}