{"host":"wshh0nphwn6jv7vj","time":1612073046,"event":{"mods":["BaseMod","Bestiary","Minty Spire (QoL Compilation)","Relic Stats"],"gold_per_floor":[118,118,130,100,118,144,154,184,184,26,53,66,85,46,46,117,117,127,127,138,138,138,138,138,138],"floor_reached":24,"language":"ENG","playtime":1418,"items_purged":["Strike_P"],"score":400,"play_id":"497d7d0a-d36d-4c8e-a0ed-19fcfb54decf","local_time":"20210131010406","is_ascension_mode":true,"campfire_choices":[{"floor":15,"key":"REST"},{"floor":23,"key":"REST"}],"circlet_count":0,"master_deck":["AscendersBane","Defend_P","Defend_P","Eruption","Vigilance","Sanctity+1","BattleHymn+1","Perseverance+1","EmptyBody","Vengeance","Consecrate","FearNoEvil","Consecrate","Scrawl","Wallop","BowlingBash","TalkToTheHand","FollowUp","EmptyMind","CutThroughFate","Blasphemy","Perseverance","Ragnarok","Ghostly","Ghostly","Ghostly","Necronomicurse","Evaluate+1"],"relics":["Astrolabe","Orichalcum","Dream Catcher","Pantograph","Question Card","Fusion Hammer","Necronomicon"],"acts_visited":["Exordium","TheCity"],"potions_floor_usage":[4,16,18],"damage_taken":[{"damage":0,"enemies":"Jaw Worm","floor":1,"turns":4},{"damage":0,"enemies":"2 Louse","floor":3,"turns":4},{"damage":0,"enemies":"Cultist","floor":5,"turns":3},{"damage":10,"enemies":"3 Sentries","floor":6,"turns":6},{"damage":5,"enemies":"Red Slaver","floor":7,"turns":6},{"damage":8,"enemies":"Lagavulin","floor":8,"turns":6},{"damage":3,"enemies":"3 Sentries","floor":11,"turns":6},{"damage":5,"enemies":"Looter","floor":12,"turns":3},{"damage":6,"enemies":"Lots of Slimes","floor":13,"turns":2},{"damage":4,"enemies":"Slime Boss","floor":16,"turns":7},{"damage":10,"enemies":"Shell Parasite","floor":18,"turns":7},{"damage":0,"enemies":"Spheric Guardian","floor":20,"turns":3},{"damage":32,"enemies":"Gremlin Leader","floor":24,"turns":2}],"seed_played":"-5965699996813697011","potions_obtained":[{"floor":3,"key":"Fruit Juice"},{"floor":4,"key":"LiquidMemories"},{"floor":4,"key":"Swift Potion"},{"floor":13,"key":"LiquidMemories"},{"floor":16,"key":"SteroidPotion"}],"is_trial":false,"path_per_floor":["M","?","M","?","M","E","M","E","T","$","E","M","M","$","R","B",null,"M","?","M","?","?","R","E"],"character_chosen":"WATCHER","items_purchased":["Wallop","EmptyMind"],"campfire_rested":2,"item_purchase_floors":[10,14],"current_hp_per_floor":[61,54,54,59,59,49,44,36,36,36,33,28,22,22,43,64,71,61,61,61,36,15,25,0,0],"gold":138,"neow_bonus":"BOSS_RELIC","is_daily":false,"chose_seed":false,"campfire_upgraded":0,"win_rate":0.0,"timestamp":1612073046,"path_taken":["M","?","M","?","M","E","M","E","T","$","E","?","M","?","R","BOSS","M","?","?","?","?","R","E"],"items_purchased_type":["Card","Card"],"build_version":"2020-12-22","purchased_purges":1,"victory":false,"max_hp_per_floor":[68,68,68,73,73,73,73,73,73,73,73,73,73,73,73,73,73,73,73,73,36,36,36,36,36],"relic_stats":{"Dream Catcher":2,"counters":[13,59],"Astrolabe":["Sanctity","BattleHymn","Perseverance"],"Pantograph":25,"Necronomicon":[1],"Orichalcum":[36],"Question Card":7,"obtain_stats":[{"Dream Catcher":8,"Astrolabe":0,"Pantograph":9,"Fusion Hammer":17,"Necronomicon":22,"PureWater":0,"Orichalcum":6,"Question Card":11},{"Dream Catcher":6,"Astrolabe":0,"Pantograph":6,"Fusion Hammer":10,"Necronomicon":12,"PureWater":0,"Orichalcum":4,"Question Card":7},{"Dream Catcher":29,"Astrolabe":0,"Pantograph":29,"Fusion Hammer":47,"Necronomicon":57,"PureWater":0,"Orichalcum":17,"Question Card":35}]},"card_choices":[{"not_picked":["Halt","Collect"],"picked":"EmptyBody","floor":1},{"not_picked":["WindmillStrike","EmptyBody"],"picked":"Vengeance","floor":3},{"not_picked":["ClearTheMind","Evaluate"],"picked":"Consecrate","floor":5},{"not_picked":["SashWhip","LikeWater"],"picked":"FearNoEvil","floor":6},{"not_picked":["ClearTheMind","Evaluate"],"picked":"Consecrate","floor":7},{"not_picked":["FlyingSleeves","EmptyFist"],"picked":"Scrawl","floor":8},{"not_picked":["CutThroughFate","JustLucky"],"picked":"BowlingBash","floor":11},{"not_picked":["Consecrate","SashWhip","ClearTheMind"],"picked":"TalkToTheHand","floor":12},{"not_picked":["SandsOfTime","WindmillStrike","LikeWater"],"picked":"FollowUp","floor":13},{"not_picked":["Evaluate","Tantrum","PathToVictory"],"picked":"CutThroughFate","floor":15},{"not_picked":["Scrawl","Wish","Omniscience"],"picked":"Blasphemy","floor":16},{"not_picked":["Prostrate","EmptyFist","FlyingSleeves"],"picked":"Perseverance","floor":18},{"not_picked":["BowlingBash","JustLucky","Prostrate","CrushJoints"],"picked":"SKIP","floor":20},{"not_picked":["SpiritShield","Collect","EmptyFist"],"picked":"Evaluate+1","floor":23}],"player_experience":1622722,"relics_obtained":[{"floor":6,"key":"Orichalcum"},{"floor":8,"key":"Dream Catcher"},{"floor":9,"key":"Pantograph"},{"floor":11,"key":"Question Card"},{"floor":22,"key":"Necronomicon"}],"event_choices":[{"cards_removed":["Strike_P"],"damage_healed":0,"gold_gain":0,"player_choice":"Card Removal","damage_taken":7,"max_hp_gain":0,"max_hp_loss":0,"event_name":"Golden Wing","floor":2,"gold_loss":0},{"damage_healed":0,"gold_gain":0,"player_choice":"Bought 2 Potions","damage_taken":0,"max_hp_gain":0,"max_hp_loss":0,"event_name":"The Woman in Blue","floor":4,"gold_loss":0},{"damage_healed":0,"gold_gain":0,"cards_transformed":["Defend_P"],"player_choice":"Transformed","damage_taken":0,"max_hp_gain":0,"max_hp_loss":0,"event_name":"Transmorgrifier","floor":19,"gold_loss":0,"cards_obtained":["Ragnarok"]},{"damage_healed":0,"gold_gain":0,"player_choice":"Became a Ghost","damage_taken":0,"max_hp_gain":0,"max_hp_loss":37,"event_name":"Ghosts","floor":21,"gold_loss":0,"cards_obtained":["Ghostly","Ghostly","Ghostly"]},{"damage_healed":0,"gold_gain":0,"player_choice":"Obtained Book","damage_taken":21,"max_hp_gain":0,"max_hp_loss":0,"event_name":"Cursed Tome","floor":22,"gold_loss":0}],"is_beta":false,"boss_relics":[{"not_picked":["Snecko Eye","Philosopher\u0027s Stone"],"picked":"Fusion Hammer"}],"items_purged_floors":[10],"is_endless":false,"potions_floor_spawned":[3,11,12,13,16],"killed_by":"Gremlin Leader","ascension_level":17}}