{"host":"zsnmfqgcm92hlreo","time":1612063444,"event":{"mods":["AchievementEnabler","BaseMod","Bestiary","Block Reminder","Colored Powertips","Minty Spire (QoL Compilation)","Permanent Neow","Quick Restart","Relic Stats","Weighted Paths"],"gold_per_floor":[114,114,114,129,129,159,159,189,264,294,294,324,339,39,39,139,139,154,154,169,184,199,529,544,574,574,604,619,649,649,649,649,749,749,764,289,289,289,289,319,349,349,349,53,83,98,98,128,128,128],"floor_reached":51,"language":"ENG","playtime":2427,"items_purged":["Pain"],"score":1067,"play_id":"8e610101-ff73-45ef-83cd-0660f9013af8","local_time":"20210130212404","daily_mods":["Allstar","Diverse","Elite Swarm"],"is_ascension_mode":false,"campfire_choices":[{"floor":7.0,"key":"REST"},{"floor":11.0,"key":"REST"},{"data":"Bash","floor":15.0,"key":"SMITH"},{"floor":32,"key":"REST"},{"floor":42,"key":"REST"},{"data":"Barricade","floor":47,"key":"SMITH"},{"data":"Glass Knife","floor":49,"key":"SMITH"}],"circlet_count":0,"master_deck":["Strike_R","Strike_R+1","Strike_R","Strike_R","Strike_R","Defend_R","Defend_R","Defend_R","Defend_R","Bash+1","Discovery","Blind","Transmutation+1","Impatience","Panacea","Conserve Battery","CutThroughFate","Offering","Immolate","Glass Knife+1","Vault+1","Crippling Poison+1","Barricade+1","BowlingBash","Uppercut+1","Backstab+1","ForeignInfluence+1","Malaise+1","CutThroughFate","Feed","Scrawl+1","Battle Trance+1","Offering+1","Decay","Immolate","CurseOfTheBell","Calculated Gamble+1","CutThroughFate","Offering+1","Juggernaut","Reaper","Offering+1","Machine Learning+1","Spot Weakness+1","Corruption+1"],"relics":["Burning Blood","Incense Burner","WarpedTongs","Self Forming Clay","Bronze Scales","Paper Frog","Blood Vial","Toxic Egg 2","Chemical X","Happy Flower","Sozu","Old Coin","Ornamental Fan","Potion Belt","Bottled Tornado","Shuriken","Enchiridion","Calling Bell","Lantern","Blue Candle","Gambling Chip","Akabeko","Question Card","WingedGreaves","Gremlin Horn","Anchor","Ginger","Bag of Marbles","Frozen Egg 2","Eternal Feather"],"acts_visited":["Exordium","TheCity","TheBeyond"],"potions_floor_usage":[33,33],"damage_taken":[{"damage":0.0,"enemies":"Small Slimes","floor":1.0,"turns":3.0},{"damage":6.0,"enemies":"Jaw Worm","floor":4.0,"turns":3.0},{"damage":29.0,"enemies":"Lagavulin","floor":6.0,"turns":6.0},{"damage":25.0,"enemies":"3 Sentries","floor":8.0,"turns":8.0},{"damage":24.0,"enemies":"Gremlin Nob","floor":10.0,"turns":4.0},{"damage":3.0,"enemies":"Lagavulin","floor":12.0,"turns":4.0},{"damage":9.0,"enemies":"Cultist","floor":13.0,"turns":3.0},{"damage":17.0,"enemies":"Slime Boss","floor":16.0,"turns":6.0},{"damage":12.0,"enemies":"2 Thieves","floor":18.0,"turns":2.0},{"damage":18.0,"enemies":"Shell Parasite","floor":20.0,"turns":3.0},{"damage":23.0,"enemies":"Shelled Parasite and Fungi","floor":21.0,"turns":3.0},{"damage":13.0,"enemies":"Snecko","floor":22.0,"turns":3.0},{"damage":9.0,"enemies":"Gremlin Leader","floor":23.0,"turns":4.0},{"damage":6.0,"enemies":"Centurion and Healer","floor":24.0,"turns":2.0},{"damage":14.0,"enemies":"Slavers","floor":25.0,"turns":2.0},{"damage":7,"enemies":"Book of Stabbing","floor":27,"turns":5},{"damage":16,"enemies":"Shelled Parasite and Fungi","floor":28,"turns":2},{"damage":20,"enemies":"Gremlin Leader","floor":29,"turns":3},{"damage":20,"enemies":"Collector","floor":33,"turns":4},{"damage":17,"enemies":"3 Darklings","floor":35,"turns":2},{"damage":9,"enemies":"2 Orb Walkers","floor":37,"turns":3},{"damage":18,"enemies":"Giant Head","floor":40,"turns":5},{"damage":20,"enemies":"Nemesis","floor":41,"turns":6},{"damage":2,"enemies":"Reptomancer","floor":45,"turns":1},{"damage":0,"enemies":"3 Shapes","floor":46,"turns":2},{"damage":13,"enemies":"Nemesis","floor":48,"turns":3},{"damage":21,"enemies":"Awakened One","floor":50,"turns":7}],"seed_played":"7510361231737359051","potions_obtained":[{"floor":4.0,"key":"BloodPotion"},{"floor":8.0,"key":"Dexterity Potion"},{"floor":16.0,"key":"Weak Potion"}],"is_trial":false,"path_per_floor":["M","?","?","M","?","E","R","E","T","E","R","E","M","$","R","B",null,"M","$","M","M","M","E","M","E","T","E","M","E","?","?","R","B",null,"M","$","?","?","?","E","E","R","T","$","E","M","R","E","R","B",null],"character_chosen":"IRONCLAD","items_purchased":["Chemical X","Happy Flower","Akabeko","Question Card","Bag of Marbles","Offering+1"],"campfire_rested":4,"item_purchase_floors":[14,14,36,36,44,44],"current_hp_per_floor":[80,62,46,46,46,39,63,44,44,26,50,55,54,54,54,45,80,74,74,64,49,44,43,45,39,39,40,32,20,20,4,28,16,80,69,69,71,71,71,61,49,72,72,72,78,79,79,72,79,70],"gold":128,"neow_bonus":"","is_daily":true,"chose_seed":false,"campfire_upgraded":3,"win_rate":0.0,"timestamp":1612063444,"path_taken":["M","?","?","M","?","E","R","E","T","E","R","E","M","$","R","BOSS","M","$","M","?","M","E","?","E","T","E","M","E","?","?","R","BOSS","M","$","?","?","?","E","E","R","T","$","E","?","R","E","R","BOSS"],"items_purchased_type":["Relic","Relic","Relic","Relic","Relic","Card"],"build_version":"2020-12-22","purchased_purges":1,"victory":true,"max_hp_per_floor":[80,80,80,80,80,80,80,80,80,80,80,80,80,80,80,80,80,80,80,80,80,80,80,80,80,80,80,80,80,80,80,80,80,80,80,80,83,79,79,79,79,79,79,79,79,79,79,79,79,79],"relic_stats":{"Happy Flower":[22],"Gremlin Horn":[5,7],"counters":[27,99],"Self Forming Clay":[270],"Blue Candle":[2],"Eternal Feather":7,"Ginger":[0],"Question Card":6,"Burning Blood":150,"WarpedTongs":[90],"Blood Vial":35,"Sozu":8,"Ornamental Fan":[120],"Shuriken":[23],"Bronze Scales":[150],"Gambling Chip":[12],"Chemical X":[19],"obtain_stats":[{"Lantern":34,"Gremlin Horn":40,"Enchiridion":31,"Incense Burner":2,"Ginger":43,"Bottled Tornado":27,"Burning Blood":0,"Old Coin":23,"Blood Vial":10,"Sozu":17,"Gambling Chip":34,"WingedGreaves":37,"Chemical X":14,"Toxic Egg 2":12,"Paper Frog":9,"Potion Belt":26,"Happy Flower":14,"Self Forming Clay":6,"Blue Candle":34,"Eternal Feather":48,"Frozen Egg 2":45,"Question Card":36,"Akabeko":36,"WarpedTongs":5,"Calling Bell":34,"Anchor":41,"Ornamental Fan":25,"Shuriken":29,"Bronze Scales":8,"Bag of Marbles":44},{"Lantern":19,"Gremlin Horn":22,"Enchiridion":18,"Incense Burner":1,"Ginger":23,"Bottled Tornado":16,"Burning Blood":0,"Old Coin":13,"Blood Vial":5,"Sozu":8,"Gambling Chip":19,"WingedGreaves":21,"Chemical X":7,"Toxic Egg 2":6,"Paper Frog":4,"Potion Belt":15,"Happy Flower":7,"Self Forming Clay":3,"Blue Candle":19,"Eternal Feather":26,"Frozen Egg 2":24,"Question Card":20,"Akabeko":20,"WarpedTongs":2,"Calling Bell":19,"Anchor":23,"Ornamental Fan":15,"Shuriken":18,"Bronze Scales":4,"Bag of Marbles":23},{"Lantern":70,"Gremlin Horn":80,"Enchiridion":66,"Incense Burner":3,"Ginger":86,"Bottled Tornado":61,"Burning Blood":0,"Old Coin":52,"Blood Vial":24,"Sozu":37,"Gambling Chip":70,"WingedGreaves":75,"Chemical X":31,"Toxic Egg 2":28,"Paper Frog":20,"Potion Belt":56,"Happy Flower":31,"Self Forming Clay":12,"Blue Candle":70,"Eternal Feather":92,"Frozen Egg 2":87,"Question Card":72,"Akabeko":72,"WarpedTongs":6,"Calling Bell":70,"Anchor":86,"Ornamental Fan":56,"Shuriken":66,"Bronze Scales":20,"Bag of Marbles":86}]},"card_choices":[{"not_picked":["Prostrate","Prepared"],"picked":"Conserve Battery","floor":1.0},{"not_picked":["Skewer","Pummel"],"picked":"CutThroughFate","floor":4.0},{"not_picked":["Envenom","Wish"],"picked":"Offering","floor":6.0},{"not_picked":["Grand Finale","Echo Form"],"picked":"Immolate","floor":8.0},{"not_picked":["Bludgeon","Wraith Form v2"],"picked":"Glass Knife","floor":10.0},{"not_picked":["Die Die Die","Burst+1"],"picked":"Vault+1","floor":12.0},{"not_picked":["Thunderclap","Reprogram+1"],"picked":"Crippling Poison+1","floor":13.0},{"not_picked":["Biased Cognition","Meteor Strike"],"picked":"Barricade","floor":16.0},{"not_picked":["Outmaneuver+1","EmptyFist"],"picked":"BowlingBash","floor":18.0},{"not_picked":["Cleave","SandsOfTime"],"picked":"Uppercut+1","floor":20.0},{"not_picked":["Shrug It Off+1","Halt+1"],"picked":"Backstab+1","floor":21.0},{"not_picked":["Iron Wave","Clash"],"picked":"ForeignInfluence+1","floor":22.0},{"not_picked":["LessonLearned","SpiritShield+1"],"picked":"Malaise+1","floor":23.0},{"not_picked":["Wireheading","WheelKick+1"],"picked":"CutThroughFate","floor":24.0},{"not_picked":["Doppelganger+1","Meteor Strike"],"picked":"Feed","floor":25.0},{"not_picked":["Fiend Fire","Meteor Strike"],"picked":"Scrawl+1","floor":27},{"not_picked":["Conserve Battery+1","Endless Agony"],"picked":"Battle Trance+1","floor":28},{"not_picked":["Buffer","Reboot+1"],"picked":"Offering+1","floor":29},{"not_picked":["All For One","Judgement+1"],"picked":"Immolate","floor":33},{"not_picked":["Searing Blow+1","Blade Dance+1"],"picked":"Calculated Gamble+1","floor":35},{"not_picked":["Barrage+1","Anger","Halt+1"],"picked":"CutThroughFate","floor":37},{"not_picked":["Buffer","Thunder Strike","Bullet Time+1"],"picked":"Juggernaut","floor":40},{"not_picked":["Doppelganger+1","Hyperbeam","Fission+1"],"picked":"Reaper","floor":41},{"not_picked":["Judgement+1","Corpse Explosion+1","Blasphemy+1"],"picked":"Machine Learning+1","floor":45},{"not_picked":["Flying Knee","Havoc+1","Static Discharge+1"],"picked":"Spot Weakness+1","floor":46},{"not_picked":["Unload","Thunder Strike","Fiend Fire"],"picked":"Corruption+1","floor":48}],"player_experience":964089,"relics_obtained":[{"floor":6.0,"key":"Self Forming Clay"},{"floor":8.0,"key":"Bronze Scales"},{"floor":9.0,"key":"Paper Frog"},{"floor":10.0,"key":"Blood Vial"},{"floor":12.0,"key":"Toxic Egg 2"},{"floor":23.0,"key":"Old Coin"},{"floor":25.0,"key":"Ornamental Fan"},{"floor":26.0,"key":"Potion Belt"},{"floor":27,"key":"Bottled Tornado"},{"floor":29,"key":"Shuriken"},{"floor":31,"key":"Enchiridion"},{"floor":34,"key":"Lantern"},{"floor":34,"key":"Blue Candle"},{"floor":34,"key":"Gambling Chip"},{"floor":37,"key":"WingedGreaves"},{"floor":40,"key":"Gremlin Horn"},{"floor":41,"key":"Anchor"},{"floor":43,"key":"Ginger"},{"floor":45,"key":"Frozen Egg 2"},{"floor":48,"key":"Eternal Feather"}],"event_choices":[{"damage_healed":0.0,"max_hp_gain":0.0,"max_hp_loss":0.0,"gold_gain":0.0,"event_name":"Scrap Ooze","player_choice":"Success","floor":2.0,"gold_loss":0.0,"damage_taken":18.0,"relics_obtained":["Incense Burner"]},{"damage_healed":0.0,"max_hp_gain":0.0,"max_hp_loss":0.0,"gold_gain":0.0,"event_name":"Shining Light","player_choice":"Entered Light","floor":3.0,"gold_loss":0.0,"damage_taken":16.0,"cards_upgraded":["Transmutation","Strike_R"]},{"damage_healed":0.0,"max_hp_gain":0.0,"max_hp_loss":0.0,"gold_gain":0.0,"event_name":"Accursed Blacksmith","player_choice":"Rummage","floor":5.0,"gold_loss":0.0,"damage_taken":0.0,"relics_obtained":["WarpedTongs"],"cards_obtained":["Pain"]},{"damage_healed":0,"gold_gain":0,"player_choice":"Smashed Altar","damage_taken":0,"max_hp_gain":0,"max_hp_loss":0,"event_name":"Forgotten Altar","floor":30,"gold_loss":0,"cards_obtained":["Decay"]},{"damage_healed":0,"gold_gain":0,"player_choice":"Obtained Book","damage_taken":16,"max_hp_gain":0,"max_hp_loss":0,"event_name":"Cursed Tome","floor":31,"gold_loss":0},{"damage_healed":0,"gold_gain":0,"player_choice":"Fight","damage_taken":0,"max_hp_gain":0,"max_hp_loss":0,"event_name":"Mysterious Sphere","floor":37,"gold_loss":0},{"damage_healed":0,"gold_gain":0,"player_choice":"Max HP","damage_taken":0,"max_hp_gain":0,"max_hp_loss":4,"event_name":"Winding Halls","floor":38,"gold_loss":0},{"damage_healed":0,"gold_gain":0,"player_choice":"Copied","damage_taken":0,"max_hp_gain":0,"max_hp_loss":0,"event_name":"Duplicator","floor":39,"gold_loss":0,"cards_obtained":["Offering"]}],"is_beta":false,"boss_relics":[{"not_picked":["Mark of Pain","SlaversCollar"],"picked":"Sozu"},{"not_picked":["SacredBark","Velvet Choker"],"picked":"Calling Bell"}],"items_purged_floors":[36],"is_endless":false,"potions_floor_spawned":[4,8,16,21,24,25,27,33,35,41,45],"ascension_level":0}}