{"host":"5h6e4l6hpn0p5lap","time":1612059864,"event":{"mods":["AchievementEnabler","BaseMod","Better Altar","Better Match","Better Sensory Stone","Better Skull","Better Third Choice","Filter the Spire","Highlight Path","Minty Spire (QoL Compilation)","StSLib"],"gold_per_floor":[118,131,131,151,151,177,177,203,228,239,239,273,19,29,29,133,133,152,152,5,19,19,19,19],"floor_reached":23,"language":"ENG","playtime":861,"items_purged":[],"score":282,"play_id":"a0bbfe59-4a65-4f6c-98a6-116ccec5ae58","local_time":"20210130212424","is_ascension_mode":true,"campfire_choices":[{"data":"Dualcast","floor":7,"key":"SMITH"},{"floor":11,"key":"REST"},{"floor":15,"key":"REST"}],"circlet_count":0,"master_deck":["Strike_B","Strike_B","Strike_B","Defend_B","Defend_B","Defend_B","Defend_B","Zap+1","Dualcast+1","Conserve Battery","Cold Snap","Streamline","Consume","Aggregate","Ball Lightning","Heatsinks","Storm","Melter","Capacitor","Fission","Redo+1","Glacier"],"relics":["Cracked Core","Bronze Scales","Lantern","Akabeko","DataDisk","Bag of Marbles","MealTicket","SlaversCollar","Toolbox"],"acts_visited":["Exordium","TheCity"],"potions_floor_usage":[16],"damage_taken":[{"damage":1,"enemies":"Cultist","floor":1,"turns":3},{"damage":3,"enemies":"2 Louse","floor":2,"turns":3},{"damage":0,"enemies":"Small Slimes","floor":4,"turns":2},{"damage":24,"enemies":"Gremlin Nob","floor":6,"turns":4},{"damage":16,"enemies":"3 Sentries","floor":8,"turns":6},{"damage":5,"enemies":"Exordium Thugs","floor":10,"turns":4},{"damage":8,"enemies":"Gremlin Nob","floor":12,"turns":3},{"damage":0,"enemies":"3 Louse","floor":14,"turns":1},{"damage":23,"enemies":"The Guardian","floor":16,"turns":8},{"damage":15,"enemies":"Spheric Guardian","floor":18,"turns":4},{"damage":9,"enemies":"Chosen","floor":21,"turns":3},{"damage":75,"enemies":"Gremlin Leader","floor":23,"turns":9}],"seed_played":"8761470458651810252","potions_obtained":[{"floor":4,"key":"PotionOfCapacity"},{"floor":6,"key":"SteroidPotion"},{"floor":10,"key":"DuplicationPotion"},{"floor":14,"key":"BlessingOfTheForge"},{"floor":21,"key":"LiquidBronze"}],"is_trial":false,"path_per_floor":["M","M","T","M","?","E","R","E","T","M","R","E","$","M","R","B",null,"M","?","$","M","?","E"],"character_chosen":"DEFECT","items_purchased":["MealTicket","Storm","Melter","Toolbox"],"campfire_rested":2,"item_purchase_floors":[13,13,13,20],"current_hp_per_floor":[67,64,64,64,64,40,40,24,24,19,41,33,33,33,55,32,64,49,49,64,55,55,0,0],"gold":19,"neow_bonus":"UPGRADE_CARD","is_daily":false,"chose_seed":false,"campfire_upgraded":1,"win_rate":0.0,"timestamp":1612059864,"path_taken":["M","M","?","M","?","E","R","E","T","M","R","E","$","M","R","BOSS","M","?","$","M","?","E"],"items_purchased_type":["Relic","Card","Card","Relic"],"build_version":"2020-12-22","purchased_purges":0,"victory":false,"max_hp_per_floor":[75,75,75,75,75,75,75,75,75,75,75,75,75,75,75,75,75,75,75,75,75,75,75,75],"card_choices":[{"not_picked":["Force Field","Sweeping Beam"],"picked":"Conserve Battery","floor":1},{"not_picked":["Compile Driver","Rebound"],"picked":"Cold Snap","floor":2},{"not_picked":["Beam Cell","Coolheaded"],"picked":"Streamline","floor":4},{"not_picked":["Chill","Double Energy"],"picked":"Consume","floor":6},{"not_picked":["Chaos","Conserve Battery"],"picked":"Aggregate","floor":8},{"not_picked":["Hologram","Redo"],"picked":"Ball Lightning","floor":10},{"not_picked":["Blizzard","Reboot"],"picked":"Heatsinks","floor":12},{"not_picked":["Turbo","Conserve Battery"],"picked":"Capacitor","floor":14},{"not_picked":["Creative AI","Biased Cognition"],"picked":"Fission","floor":16},{"not_picked":["Conserve Battery","Streamline"],"picked":"Redo+1","floor":18},{"not_picked":["Steam","Sweeping Beam+1"],"picked":"Glacier","floor":21}],"player_experience":1028160,"relics_obtained":[{"floor":3,"key":"Bronze Scales"},{"floor":6,"key":"Lantern"},{"floor":8,"key":"Akabeko"},{"floor":9,"key":"DataDisk"},{"floor":12,"key":"Bag of Marbles"}],"event_choices":[{"damage_healed":64,"gold_gain":0,"player_choice":"Leave","damage_taken":0,"max_hp_gain":0,"max_hp_loss":75,"event_name":"betterThird:BetterShining","floor":5,"gold_loss":0},{"damage_healed":0,"gold_gain":0,"player_choice":"Ignored","damage_taken":0,"max_hp_gain":0,"max_hp_loss":0,"event_name":"Beggar","floor":19,"gold_loss":0},{"cards_removed":["Strike_B"],"damage_healed":0,"gold_gain":0,"player_choice":"Card Removal","damage_taken":0,"max_hp_gain":0,"max_hp_loss":0,"event_name":"Wheel of Change","floor":22,"gold_loss":0}],"is_beta":false,"boss_relics":[{"not_picked":["Tiny House","Black Star"],"picked":"SlaversCollar"}],"items_purged_floors":[],"is_endless":false,"potions_floor_spawned":[4,6,10,14,21],"killed_by":"Gremlin Leader","ascension_level":7}}