{"host":"syozzdlzcqop4jia","time":1612134682,"event":{"mods":["BaseMod","Colored Map","Colored Powertips","Minty Spire (QoL Compilation)","Quick Restart"],"gold_per_floor":[114,189,189,209,221,221,253,271,271,271,271,299,317,51,51,155,155,174,193,193,40,40,40,139,171,171,171,184,2,16,36,36,36,36],"floor_reached":33,"language":"ENG","playtime":1738,"items_purged":["Violence"],"score":355,"play_id":"d55dbe0c-da4d-4ec9-889a-12c4a663600b","local_time":"20210201001122","is_ascension_mode":true,"campfire_choices":[{"data":"Pummel","floor":6,"key":"SMITH"},{"floor":10,"key":"REST"},{"data":"Seeing Red","floor":15,"key":"SMITH"},{"data":"Double Tap","floor":23,"key":"SMITH"},{"floor":27,"key":"REST"},{"floor":32,"key":"REST"}],"circlet_count":0,"master_deck":["Strike_R+1","Strike_R+1","Strike_R+1","Strike_R+1","Strike_R+1","Defend_R+1","Defend_R+1","Defend_R+1","Bash","Headbutt","Clash","Pummel+1","Rampage","Seeing Red+1","Wild Strike","Perfected Strike","Swift Strike","Feed","CurseOfTheBell","Shrug It Off","Double Tap+1","Flex","Seeing Red","Flex+1","Inflame","Shrug It Off"],"relics":["Burning Blood","Boot","Bag of Preparation","Letter Opener","Question Card","The Courier","Calling Bell","Red Skull","Pear","Bird Faced Urn","Vajra","Potion Belt","Pantograph","Orichalcum"],"acts_visited":["Exordium","TheCity"],"potions_floor_usage":[7,16,25,31],"damage_taken":[{"damage":7,"enemies":"2 Louse","floor":1,"turns":4},{"damage":12,"enemies":"Jaw Worm","floor":4,"turns":2},{"damage":0,"enemies":"Cultist","floor":5,"turns":2},{"damage":23,"enemies":"Lagavulin","floor":7,"turns":5},{"damage":0,"enemies":"Exordium Wildlife","floor":8,"turns":1},{"damage":16,"enemies":"Gremlin Nob","floor":12,"turns":3},{"damage":0,"enemies":"2 Fungi Beasts","floor":13,"turns":2},{"damage":63,"enemies":"The Guardian","floor":16,"turns":9},{"damage":11,"enemies":"3 Byrds","floor":18,"turns":4},{"damage":33,"enemies":"Shell Parasite","floor":19,"turns":7},{"damage":80,"enemies":"Gremlin Leader","floor":25,"turns":6},{"damage":16,"enemies":"Snake Plant","floor":28,"turns":2},{"damage":28,"enemies":"Shelled Parasite and Fungi","floor":30,"turns":4},{"damage":6,"enemies":"Cultist and Chosen","floor":31,"turns":3},{"damage":98,"enemies":"Automaton","floor":33,"turns":6}],"seed_played":"678128994853106933","potions_obtained":[{"floor":1,"key":"SkillPotion"},{"floor":7,"key":"ElixirPotion"},{"floor":12,"key":"Strength Potion"},{"floor":13,"key":"Block Potion"},{"floor":18,"key":"SkillPotion"},{"floor":25,"key":"AttackPotion"}],"is_trial":false,"path_per_floor":["M","?","?","M","M","R","E","M","T","R","?","E","M","$","R","B",null,"M","M","?","$","?","R","?","E","T","R","M","$","M","M","R","B"],"character_chosen":"IRONCLAD","items_purchased":["Perfected Strike","Violence","Swift Strike","Vajra","Flex","Orichalcum"],"campfire_rested":3,"item_purchase_floors":[14,14,14,21,21,29],"current_hp_per_floor":[79,68,68,62,68,68,51,57,57,80,73,63,69,69,69,12,90,85,58,58,58,88,88,88,14,14,41,31,31,12,17,45,0,0],"gold":36,"neow_bonus":"RANDOM_COMMON_RELIC","is_daily":false,"chose_seed":false,"campfire_upgraded":3,"win_rate":0.0,"timestamp":1612134682,"path_taken":["M","?","?","?","M","R","E","M","T","R","?","E","M","$","R","BOSS","M","M","?","$","?","R","?","E","T","R","?","$","M","?","R","BOSS"],"items_purchased_type":["Card","Card","Card","Relic","Card","Relic"],"build_version":"2020-12-22","purchased_purges":1,"victory":false,"max_hp_per_floor":[80,80,80,80,80,80,80,80,80,80,80,80,80,80,80,80,90,90,90,90,90,90,90,90,90,90,90,90,90,93,96,96,96,96],"card_choices":[{"not_picked":["Hemokinesis","Clash"],"picked":"Headbutt","floor":1},{"not_picked":["True Grit","Armaments"],"picked":"Clash","floor":4},{"not_picked":["Hemokinesis","Intimidate"],"picked":"Pummel","floor":5},{"not_picked":["Disarm","Sentinel"],"picked":"Rampage","floor":7},{"not_picked":["Sentinel","Whirlwind","Twin Strike"],"picked":"SKIP","floor":8},{"not_picked":["Bloodletting","Entrench","Clash"],"picked":"Seeing Red","floor":12},{"not_picked":["Body Slam","Clothesline","Cleave"],"picked":"Wild Strike","floor":13},{"not_picked":["Bludgeon","Exhume","Berserk"],"picked":"Feed","floor":16},{"not_picked":["Dropkick","Combust+1","Power Through"],"picked":"Shrug It Off","floor":18},{"not_picked":["True Grit","Armaments+1","Seeing Red"],"picked":"Double Tap","floor":19},{"not_picked":["Fire Breathing","Reckless Charge","Heavy Blade"],"picked":"Seeing Red","floor":25},{"not_picked":["Perfected Strike","Twin Strike","Thunderclap"],"picked":"Flex+1","floor":28},{"not_picked":["Havoc","Dropkick","Second Wind"],"picked":"Inflame","floor":30},{"not_picked":["Perfected Strike","Headbutt","Reckless Charge"],"picked":"Shrug It Off","floor":31}],"player_experience":483150,"relics_obtained":[{"floor":7,"key":"Bag of Preparation"},{"floor":9,"key":"Letter Opener"},{"floor":12,"key":"The Courier"},{"floor":17,"key":"Red Skull"},{"floor":17,"key":"Pear"},{"floor":17,"key":"Bird Faced Urn"},{"floor":25,"key":"Potion Belt"},{"floor":26,"key":"Pantograph"}],"event_choices":[{"damage_healed":0,"gold_gain":75,"player_choice":"Gather Gold","damage_taken":11,"max_hp_gain":0,"max_hp_loss":0,"event_name":"World of Goop","floor":2,"gold_loss":0},{"cards_removed":["Defend_R"],"damage_healed":0,"gold_gain":0,"player_choice":"Offered Basic","damage_taken":0,"max_hp_gain":0,"max_hp_loss":0,"event_name":"Bonfire Elementals","floor":3,"gold_loss":0},{"damage_healed":0,"gold_gain":0,"player_choice":"Success","damage_taken":7,"relics_obtained":["Question Card"],"max_hp_gain":0,"max_hp_loss":0,"event_name":"Scrap Ooze","floor":11,"gold_loss":0},{"damage_healed":0,"gold_gain":0,"player_choice":"Simplicity","damage_taken":0,"max_hp_gain":0,"max_hp_loss":0,"event_name":"Back to Basics","floor":20,"gold_loss":0,"cards_upgraded":["Strike_R","Strike_R","Strike_R","Strike_R","Strike_R","Defend_R","Defend_R","Defend_R"]},{"damage_healed":30,"gold_gain":0,"player_choice":"Heal","damage_taken":0,"max_hp_gain":0,"max_hp_loss":0,"event_name":"The Library","floor":22,"gold_loss":0},{"damage_healed":0,"gold_gain":99,"player_choice":"Stole From Cult","damage_taken":0,"max_hp_gain":0,"max_hp_loss":0,"event_name":"Nest","floor":24,"gold_loss":0}],"is_beta":false,"boss_relics":[{"not_picked":["SacredBark","Astrolabe"],"picked":"Calling Bell"}],"items_purged_floors":[29],"is_endless":false,"potions_floor_spawned":[1,7,12,13,18,25],"killed_by":"Automaton","ascension_level":4}}