{"host":"22tt21bn45sbv98g","time":1612082904,"event":{"mods":["Act Like it!","BaseMod","Downfall","Gensokyo","Minty Spire (QoL Compilation)","Remilia（蕾米莉亚）","StSLib","The Blackbeard","The Servant 0.9.4","Youmu（魂魄妖梦）","【功能Mod】聪明的最终Boss"],"gold_per_floor":[218,238,256,256,331,331,358,358,358,387,406,438,438,438,438,555,555,590,30,50,62,62,108,139,164,164,180,180,207,222,18,18,138,138,158,158,158,172,23,49,64,64,91,146,158,208,208,237,237,237,237],"floor_reached":50,"language":"ZHS","playtime":4153,"items_purged":[],"score":884,"play_id":"a130a769-b87d-4f33-b58b-daf6ce5b4cd0","local_time":"20210131164824","is_ascension_mode":true,"campfire_choices":[{"data":"ScarletDream","floor":6,"key":"SMITH"},{"data":"DevilSight","floor":8,"key":"SMITH"},{"data":"AfternoonTea","floor":15,"key":"SMITH"},{"data":"QueenOfMidnight","floor":28,"key":"SMITH"},{"data":"ScarletDevilSign","floor":32,"key":"SMITH"},{"data":"BatForm","floor":42,"key":"SMITH"},{"floor":47,"key":"RECALL"},{"data":"BloodyCatastrophe","floor":49,"key":"SMITH"}],"circlet_count":0,"master_deck":["Strike_RM","Strike_RM","Strike_RM","Defend_RM","Defend_RM","Defend_RM","ScarletShoot","ScarletDream+1","FavorOfDestiny","DevilSight+1","CharismaGuard","AfternoonTea+1","Stigmanizer","ScarletDevil","BombardNight","QueenOfMidnight+1","NightDance","NightLord","BloodAndWine+1","ScarletDevilSign+1","NightDance","DiffusionOfMisfortune+1","StarOfDavid","downfall:Icky","LeisurelyOfLord","UnstableMagic","BloodHunter","EternalNight","BloodAndWine+1","BlasphemousPunishment+1","BatForm+1","VampireKiss+1","BloodHunter+1","BloodyTrap+1","ScarletDream+1","StarOfDavid","DevilSight+1","VampireSweep+1","DevilSight+1","UltimateOffering","Shame","NightLord+1","ScarletImprint","BloodyCatastrophe+1","TwelveNightmare+1"],"relics":["ScarletHat","Eternal Feather","Lantern","PreservedInsect","Cursed Key","Sling","InkBottle","Ornamental Fan","Kunai","Mercury Hourglass","Regal Pillow","Incense Burner","DollysMirror","bronze:MakeshiftBattery","Orrery","Gambling Chip","Smiling Mask","Oddly Smooth Stone","Pocketwatch","Mummified Hand"],"acts_visited":["Exordium","TheCity","TheBeyond"],"potions_floor_usage":[7,7,10,10,12,19,21,24,30,30,44,46,50,50],"damage_taken":[{"damage":0,"enemies":"Cultist","floor":1,"turns":3},{"damage":2,"enemies":"Small Slimes","floor":2,"turns":4},{"damage":0,"enemies":"2 Louse","floor":3,"turns":4},{"damage":8,"enemies":"Lagavulin","floor":7,"turns":14},{"damage":4,"enemies":"Gremlin Nob","floor":10,"turns":7},{"damage":0,"enemies":"Large Slime","floor":11,"turns":1},{"damage":22,"enemies":"3 Sentries","floor":12,"turns":2},{"damage":21,"enemies":"Slime Boss","floor":16,"turns":9},{"damage":0,"enemies":"Chosen","floor":18,"turns":4},{"damage":16,"enemies":"2 Thieves","floor":20,"turns":3},{"damage":2,"enemies":"Shelled Parasite and Fungi","floor":21,"turns":3},{"damage":17,"enemies":"Slavers","floor":23,"turns":3},{"damage":0,"enemies":"Chosen and Byrds","floor":24,"turns":3},{"damage":0,"enemies":"Gremlin Leader","floor":25,"turns":3},{"damage":8,"enemies":"Centurion and Healer","floor":27,"turns":2},{"damage":0,"enemies":"Book of Stabbing","floor":29,"turns":2},{"damage":5,"enemies":"Shelled Parasite and Fungi","floor":30,"turns":4},{"damage":11,"enemies":"Collector","floor":33,"turns":5},{"damage":53,"enemies":"3 Shapes","floor":35,"turns":2},{"damage":0,"enemies":"Orb Walker","floor":38,"turns":2},{"damage":21,"enemies":"Nemesis","floor":40,"turns":3},{"damage":6,"enemies":"Transient","floor":41,"turns":5},{"damage":48,"enemies":"Reptomancer","floor":44,"turns":1},{"damage":2,"enemies":"Writhing Mass","floor":45,"turns":2},{"damage":10,"enemies":"Mind Bloom Boss Battle","floor":46,"turns":2},{"damage":0,"enemies":"Giant Head","floor":48,"turns":1},{"damage":227,"enemies":"Time Eater","floor":50,"turns":19}],"seed_played":"1010078387876479087","potions_obtained":[{"floor":1,"key":"Explosive Potion"},{"floor":2,"key":"BlessingOfTheForge"},{"floor":3,"key":"EssenceOfSteel"},{"floor":7,"key":"Guardian:BlockOnCardUsePotion"},{"floor":7,"key":"FearPotion"},{"floor":11,"key":"AttackPotion"},{"floor":12,"key":"Weak Potion"},{"floor":20,"key":"BlessingOfTheForge"},{"floor":21,"key":"SpeedPotion"},{"floor":23,"key":"DistilledChaos"},{"floor":25,"key":"ColorlessPotion"},{"floor":27,"key":"FairyPotion"},{"floor":30,"key":"Slimebound:ThreeZeroPotion"},{"floor":30,"key":"Fruit Juice"},{"floor":38,"key":"Weak Potion"},{"floor":44,"key":"Fruit Juice"},{"floor":46,"key":"Swift Potion"},{"floor":46,"key":"champ:CounterPotion"}],"is_trial":false,"path_per_floor":["M","M","M","?","?","R","E","R","T","E","M","E","?","?","R","B",null,"M","$","M","M","?","E","M","E","T","M","R","E","M","$","R","B",null,"M","?","?","M","$","E","M","R","T","E","M","?","R","E","R","B"],"character_chosen":"REMILIA","items_purchased":["NightLord","Sling","InkBottle","Fruit Juice","DollysMirror","BlasphemousPunishment","Orrery"],"campfire_rested":0,"item_purchase_floors":[19,19,19,19,31,31,39],"current_hp_per_floor":[75,73,75,68,57,57,51,57,57,56,57,37,42,42,51,36,80,80,85,70,75,75,61,67,74,74,71,85,85,86,86,90,85,90,56,56,56,62,62,60,83,85,85,90,90,90,90,90,90,0,0],"gold":237,"neow_bonus":"HUNDRED_GOLD","is_daily":false,"chose_seed":false,"campfire_upgraded":7,"win_rate":0.0,"timestamp":1612082904,"path_taken":["M","M","M","?","?","R","E","R","T","E","M","E","?","?","R","BOSS","M","$","M","M","?","E","M","E","T","M","R","E","?","?","R","BOSS","M","?","?","M","?","E","M","R","T","E","M","?","R","E","R","BOSS"],"items_purchased_type":["Card","Relic","Relic","Potion","Relic","Card","Relic"],"build_version":"2020-12-22","purchased_purges":0,"victory":false,"max_hp_per_floor":[75,75,75,75,75,75,75,75,75,75,75,75,80,80,80,80,80,80,85,85,85,85,85,85,85,85,85,85,85,90,90,90,90,90,90,85,85,85,85,85,85,85,85,90,90,90,90,90,90,86,86],"card_choices":[{"not_picked":["ScarletNetherworld","ScarletImprint"],"picked":"ScarletDream","floor":1},{"not_picked":["UnderTheZenith","BlasphemousPunishment"],"picked":"FavorOfDestiny","floor":2},{"not_picked":["FavorOfDestiny","Ultimatum"],"picked":"DevilSight","floor":3},{"not_picked":["ScarletGensokyo","ScarletDevil"],"picked":"CharismaGuard","floor":7},{"not_picked":["DiffusionOfMisfortune","EndlessAdversity"],"picked":"AfternoonTea","floor":10},{"not_picked":["DiffusionOfMisfortune","VampireKiss"],"picked":"Stigmanizer","floor":11},{"not_picked":["MastersStateliness","EndlessAdversity"],"picked":"ScarletDevil","floor":12},{"not_picked":["DemonKingCradle","ChaoticDestiny"],"picked":"QueenOfMidnight","floor":16},{"not_picked":["BlasphemousPunishment","ScarletImprint"],"picked":"NightDance","floor":18},{"not_picked":["UnderTheZenith","TwelveNightmare+1"],"picked":"BloodAndWine+1","floor":20},{"not_picked":["UnstableMagic","Stigmanizer"],"picked":"ScarletDevilSign","floor":21},{"not_picked":["Stigmanizer","UnstableMagic+1"],"picked":"NightDance","floor":23},{"not_picked":["ScarletImprint+1","SuperhumanBloodyKnife"],"picked":"DiffusionOfMisfortune+1","floor":24},{"not_picked":["CharismaGuard+1","BombardNight"],"picked":"StarOfDavid","floor":25},{"not_picked":["StarOfDavid","ScarletDream"],"picked":"LeisurelyOfLord","floor":27},{"not_picked":["ScarletDevil","BloodRain"],"picked":"UnstableMagic","floor":29},{"not_picked":["Maim","VampireKiss"],"picked":"BloodHunter","floor":30},{"not_picked":["ScarletDevil+1","EndlessAdversity"],"picked":"EternalNight","floor":30},{"not_picked":["TricksterDevil","QueenOfMidnight"],"picked":"BatForm","floor":33},{"not_picked":["LeisurelyOfLord","MastersStateliness+1"],"picked":"VampireKiss+1","floor":35},{"not_picked":["ScarletDream","MastersStateliness+1"],"picked":"BloodHunter+1","floor":38},{"not_picked":["CharismaGuard+1","MastersStateliness+1"],"picked":"BloodyTrap+1","floor":39},{"not_picked":["VampireKiss+1","EmergencyRegeneration"],"picked":"ScarletDream+1","floor":39},{"not_picked":["BombardNight","CharismaGuard+1"],"picked":"StarOfDavid","floor":39},{"not_picked":["EmergencyRegeneration","MastersStateliness+1"],"picked":"DevilSight+1","floor":39},{"not_picked":["BombardNight+1","VampireClaw"],"picked":"VampireSweep+1","floor":39},{"not_picked":["StarOfDavid+1","DiffusionOfMisfortune"],"picked":"DevilSight+1","floor":40},{"not_picked":["BombardNight+1","MastersStateliness"],"picked":"UltimateOffering","floor":41},{"not_picked":["UnstableMagic+1","BlasphemousPunishment+1"],"picked":"NightLord+1","floor":44},{"not_picked":["BombardNight","BloodHunter+1"],"picked":"ScarletImprint","floor":45},{"not_picked":["VampireClaw+1","Maim"],"picked":"BloodyCatastrophe","floor":46},{"not_picked":["VampireKiss+1","ScarletDream"],"picked":"TwelveNightmare+1","floor":48}],"player_experience":301240,"relics_obtained":[{"floor":7,"key":"Eternal Feather"},{"floor":10,"key":"Lantern"},{"floor":12,"key":"PreservedInsect"},{"floor":23,"key":"Kunai"},{"floor":25,"key":"Mercury Hourglass"},{"floor":26,"key":"Regal Pillow"},{"floor":29,"key":"Incense Burner"},{"floor":40,"key":"Gambling Chip"},{"floor":43,"key":"Smiling Mask"},{"floor":44,"key":"Oddly Smooth Stone"},{"floor":46,"key":"Pocketwatch"},{"floor":48,"key":"Mummified Hand"}],"event_choices":[{"cards_removed":["Defend_RM"],"damage_healed":0,"gold_gain":0,"player_choice":"Card Removal","damage_taken":7,"max_hp_gain":0,"max_hp_loss":0,"event_name":"Golden Wing","floor":4,"gold_loss":0},{"damage_healed":0,"gold_gain":75,"player_choice":"Gather Gold","damage_taken":11,"max_hp_gain":0,"max_hp_loss":0,"event_name":"World of Goop","floor":5,"gold_loss":0},{"damage_healed":0,"gold_gain":0,"player_choice":"Donut","damage_taken":0,"max_hp_gain":5,"max_hp_loss":0,"event_name":"Big Fish","floor":13,"gold_loss":0},{"damage_healed":0,"gold_gain":0,"cards_transformed":["RedMoon"],"player_choice":"Change","damage_taken":0,"max_hp_gain":0,"max_hp_loss":0,"event_name":"Living Wall","floor":14,"gold_loss":0,"cards_obtained":["BombardNight"]},{"damage_healed":0,"gold_gain":0,"player_choice":"Gave Potion","damage_taken":0,"relics_obtained":["Ornamental Fan"],"max_hp_gain":0,"max_hp_loss":0,"event_name":"WeMeetAgain","floor":22,"gold_loss":0},{"damage_healed":0,"gold_gain":0,"player_choice":"Max HP","damage_taken":0,"max_hp_gain":0,"max_hp_loss":5,"event_name":"Winding Halls","floor":36,"gold_loss":0},{"cards_removed":["Strike_RM"],"damage_healed":0,"gold_gain":0,"player_choice":"Removed Attack","damage_taken":0,"max_hp_gain":0,"max_hp_loss":0,"event_name":"Falling","floor":37,"gold_loss":0},{"damage_healed":0,"gold_gain":0,"player_choice":"Fight","damage_taken":0,"max_hp_gain":0,"max_hp_loss":0,"event_name":"MindBloom","floor":46,"gold_loss":0}],"is_beta":false,"boss_relics":[{"not_picked":["Runic Dome","Runic Pyramid"],"picked":"Cursed Key"},{"not_picked":["Astrolabe","SlaversCollar"],"picked":"bronze:MakeshiftBattery"}],"items_purged_floors":[],"is_endless":false,"potions_floor_spawned":[1,2,7,11,20,21,23,27,30,38,44,46],"killed_by":"Time Eater","ascension_level":2}}