{"host":"zfh44j5h77tkupss","time":1612097599,"event":{"mods":["AchievementEnabler","BaseMod","Bestiary","Better Skull","Better Third Choice","Better Vampires","Colored Map","Colored Powertips","Highlight Path","Minty Spire (QoL Compilation)","Permanent Neow","Quick Restart","Rare Cards Sparkle","Relic Stats","StSLib"],"gold_per_floor":[113,132,148,148,73,99,99,117,140,175,175,75,75,75,75,75,75],"floor_reached":16,"language":"ENG","playtime":470,"items_purged":["Decay","Strike_G"],"score":146,"play_id":"999c9ad0-8b79-4dd2-9885-89ca111fb998","local_time":"20210131135319","is_ascension_mode":true,"campfire_choices":[{"floor":7.0,"key":"REST"},{"floor":11.0,"key":"REST"},{"floor":13.0,"key":"REST"},{"data":"Neutralize","floor":15.0,"key":"SMITH"}],"circlet_count":0,"master_deck":["Strike_G","Strike_G","Strike_G","Strike_G","Defend_G","Defend_G","Defend_G","Defend_G","Defend_G","Survivor","Neutralize+1","All Out Attack","Predator"],"relics":["Busted Crown","MealTicket","Blood Vial","Omamori"],"acts_visited":["Exordium"],"potions_floor_usage":[16,16,16],"damage_taken":[{"damage":5.0,"enemies":"Small Slimes","floor":1.0,"turns":4.0},{"damage":2.0,"enemies":"Cultist","floor":2.0,"turns":4.0},{"damage":0.0,"enemies":"2 Louse","floor":3.0,"turns":3.0},{"damage":31.0,"enemies":"Lagavulin","floor":6.0,"turns":9.0},{"damage":20.0,"enemies":"Large Slime","floor":8.0,"turns":6.0},{"damage":25.0,"enemies":"Gremlin Nob","floor":10.0,"turns":4.0},{"damage":82,"enemies":"Slime Boss","floor":16,"turns":10}],"seed_played":"-4639037893294667606","potions_obtained":[{"floor":2.0,"key":"AttackPotion"},{"floor":10.0,"key":"EntropicBrew"}],"is_trial":false,"path_per_floor":["M","M","M","?","$","E","R","M","T","E","R","$","R","$","R","B"],"character_chosen":"THE_SILENT","items_purchased":[],"campfire_rested":3,"item_purchase_floors":[],"current_hp_per_floor":[58,56,56,56,56,25,46,26,26,3,24,39,60,70,70,0,0],"gold":75,"neow_bonus":"BOSS_RELIC","is_daily":false,"chose_seed":false,"campfire_upgraded":1,"win_rate":0.0,"timestamp":1612097599,"path_taken":["M","M","M","?","$","E","R","M","T","E","R","?","R","$","R","BOSS"],"items_purchased_type":[],"build_version":"2020-12-22","purchased_purges":2,"victory":false,"max_hp_per_floor":[70,70,70,70,70,70,70,70,70,70,70,70,70,70,70,70,70],"relic_stats":{"Blood Vial":2,"Busted Crown":12,"counters":[7,40],"MealTicket":25,"obtain_stats":[{"Blood Vial":9,"Busted Crown":0,"MealTicket":6,"Omamori":10,"Ring of the Snake":0},{"Blood Vial":5,"Busted Crown":0,"MealTicket":4,"Omamori":6,"Ring of the Snake":0},{"Blood Vial":26,"Busted Crown":0,"MealTicket":20,"Omamori":30,"Ring of the Snake":0}]},"card_choices":[{"not_picked":["PiercingWail"],"picked":"SKIP","floor":1.0},{"not_picked":["Setup"],"picked":"SKIP","floor":2.0},{"not_picked":[],"picked":"All Out Attack","floor":3.0},{"not_picked":[],"picked":"Predator","floor":6.0},{"not_picked":["Bane"],"picked":"SKIP","floor":8.0},{"not_picked":["Blade Dance"],"picked":"SKIP","floor":10.0}],"player_experience":326404,"relics_obtained":[{"floor":6.0,"key":"MealTicket"},{"floor":9.0,"key":"Blood Vial"},{"floor":10.0,"key":"Omamori"}],"event_choices":[{"damage_healed":0.0,"max_hp_gain":0.0,"max_hp_loss":0.0,"gold_gain":0.0,"event_name":"Wheel of Change","player_choice":"Cursed","floor":4.0,"gold_loss":0.0,"damage_taken":0.0,"cards_obtained":["Decay"]}],"is_beta":false,"boss_relics":[],"items_purged_floors":[5,12],"is_endless":false,"potions_floor_spawned":[2,10],"killed_by":"Slime Boss","ascension_level":7}}