{"host":"gaqyve1328ta0etl","time":1612059420,"event":{"mods":["BaseMod","Colored Map","Colored Powertips","Googly Eyes","Minty Spire (QoL Compilation)","Shop Mod","StSLib","SuperFastMode","The Hierophant","The Runesmith"],"gold_per_floor":[113,38,50,69,89,89,115,115,184,194,194,214,228,228,228,228,228],"floor_reached":16,"language":"ENG","playtime":469,"items_purged":["Strike_R"],"score":166,"play_id":"bf0f6f41-e96e-4011-ae65-712f309809b5","local_time":"20210130181700","is_ascension_mode":true,"campfire_choices":[{"data":"Shrug It Off","floor":6,"key":"SMITH"},{"floor":8,"key":"REST"},{"floor":15,"key":"REST"}],"circlet_count":0,"master_deck":["AscendersBane","Strike_R","Strike_R","Defend_R","Defend_R","Defend_R","Defend_R","Bash","Headbutt","Shrug It Off+1","Juggernaut","Shrug It Off","Pommel Strike"],"relics":["Burning Blood","Incense Burner","Darkstone Periapt","Orichalcum","Golden Idol"],"acts_visited":["Exordium"],"potions_floor_usage":[7,10],"damage_taken":[{"damage":18,"enemies":"Cultist","floor":1,"turns":6},{"damage":3,"enemies":"Jaw Worm","floor":3,"turns":5},{"damage":5,"enemies":"2 Louse","floor":4,"turns":3},{"damage":14,"enemies":"Red Slaver","floor":5,"turns":9},{"damage":14,"enemies":"3 Sentries","floor":7,"turns":13},{"damage":2,"enemies":"Exordium Thugs","floor":10,"turns":6},{"damage":8,"enemies":"Blue Slaver","floor":12,"turns":4},{"damage":3,"enemies":"Looter","floor":13,"turns":4},{"damage":77,"enemies":"Slime Boss","floor":16,"turns":13}],"seed_played":"9136202801120042086","potions_obtained":[{"floor":1,"key":"Weak Potion"},{"floor":5,"key":"Explosive Potion"},{"floor":10,"key":"GamblersBrew"}],"is_trial":false,"path_per_floor":["M","$","M","M","M","R","E","R","T","M","?","M","M","?","R","B"],"character_chosen":"IRONCLAD","items_purchased":[],"campfire_rested":2,"item_purchase_floors":[],"current_hp_per_floor":[60,60,63,64,56,56,48,69,69,72,65,63,66,48,69,0,0],"gold":228,"neow_bonus":"REMOVE_TWO","is_daily":false,"chose_seed":false,"campfire_upgraded":1,"win_rate":0.0,"timestamp":1612059420,"path_taken":["M","$","M","M","M","R","E","R","T","M","?","M","M","?","R","BOSS"],"items_purchased_type":[],"build_version":"2020-12-22","purchased_purges":1,"victory":false,"max_hp_per_floor":[72,72,72,72,72,72,72,72,72,72,72,72,72,72,72,72,72],"card_choices":[{"not_picked":["Feel No Pain","Flex","Hemokinesis"],"picked":"SKIP","floor":1},{"not_picked":["Armaments","Warcry"],"picked":"Headbutt","floor":3},{"not_picked":["Infernal Blade","Feel No Pain"],"picked":"Shrug It Off","floor":4},{"not_picked":["Rage","Perfected Strike","Anger"],"picked":"SKIP","floor":5},{"not_picked":["Sever Soul","Iron Wave"],"picked":"Juggernaut","floor":7},{"not_picked":["Warcry","Flex"],"picked":"Shrug It Off","floor":10},{"not_picked":["Sword Boomerang","Flex","Flame Barrier"],"picked":"SKIP","floor":12},{"not_picked":["Thunderclap","Rage"],"picked":"Pommel Strike","floor":13}],"player_experience":2059291,"relics_obtained":[{"floor":7,"key":"Incense Burner"},{"floor":9,"key":"Darkstone Periapt"}],"event_choices":[{"damage_healed":0,"gold_gain":0,"player_choice":"Success","damage_taken":7,"relics_obtained":["Orichalcum"],"max_hp_gain":0,"max_hp_loss":0,"event_name":"Scrap Ooze","floor":11,"gold_loss":0},{"damage_healed":0,"gold_gain":0,"player_choice":"Take Damage","damage_taken":18,"relics_obtained":["Golden Idol"],"max_hp_gain":0,"max_hp_loss":0,"event_name":"Golden Idol","floor":14,"gold_loss":0}],"is_beta":false,"boss_relics":[],"items_purged_floors":[2],"is_endless":false,"potions_floor_spawned":[1,5,10],"killed_by":"Slime Boss","ascension_level":12}}