{"host":"xm0tf1maiknh0fp9","time":1612104724,"event":{"mods":["BaseMod","Colored Map","Colored Powertips","Googly Eyes","Minty Spire (QoL Compilation)","Replay The Spire","StSLib"],"gold_per_floor":[113,113,188,205,13,13,40,40,40,52,62,62,76,76,76,173,173,193,193,212,229,29,59,59,72,72,105,105,125,125,50,50,154,204,216,216,216,233,233,233,253,270,316,129,148,165,165,165],"floor_reached":47,"language":"ENG","playtime":1784,"items_purged":["PathToVictory+1","Defend_P"],"score":596,"play_id":"94a720aa-82b3-442f-950f-d9dc1fa65e13","local_time":"20210131095204","is_ascension_mode":true,"campfire_choices":[{"floor":6.0,"key":"REST"},{"floor":8.0,"key":"REST"},{"data":"PathToVictory","floor":12.0,"key":"SMITH"},{"floor":15.0,"key":"REST"},{"data":"WheelKick","floor":24.0,"key":"SMITH"},{"data":"FollowUp","floor":28.0,"key":"SMITH"},{"floor":30.0,"key":"REST"},{"data":"Eruption","floor":32.0,"key":"SMITH"}],"circlet_count":0,"master_deck":["Strike_P","Strike_P","Defend_P+1","Defend_P","Eruption+1","Vigilance","ReplayTheSpireMod:Brewmster","FollowUp+1","WheelKick+1","ThirdEye+1","SpiritShield","Wallop+1","FollowUp","FollowUp","Establishment","Vault"],"relics":["Empty Cage","ReplayTheSpireMod:Ninjato","Kunai","Iron Hammer","Painkiller Herb","Replay:Towering Pillar of Hats","Lee\u0027s Waffle","Replay:Wax Seal","Tiny Chest","TeardropLocket","Tiny House","Garlic","Smiling Mask"],"acts_visited":["Exordium","TheCity","TheBeyond"],"potions_floor_usage":[40,42,42,42,47],"damage_taken":[{"damage":20.0,"enemies":"Cultist","floor":1.0,"turns":7.0},{"damage":0.0,"enemies":"Small Slimes","floor":4.0,"turns":3.0},{"damage":23.0,"enemies":"Lagavulin","floor":7.0,"turns":8.0},{"damage":4.0,"enemies":"Jaw Worm","floor":10.0,"turns":3.0},{"damage":0.0,"enemies":"Large Slime","floor":11.0,"turns":3.0},{"damage":0.0,"enemies":"3 Louse","floor":13.0,"turns":4.0},{"damage":30.0,"enemies":"The Guardian","floor":16.0,"turns":9.0},{"damage":18.0,"enemies":"3 Byrds","floor":18.0,"turns":3.0},{"damage":17.0,"enemies":"2 Thieves","floor":20.0,"turns":5.0},{"damage":25.0,"enemies":"Sentry and Sphere","floor":21.0,"turns":7.0},{"damage":16.0,"enemies":"Slavers","floor":23.0,"turns":3.0},{"damage":10.0,"enemies":"Snake Plant","floor":25.0,"turns":4.0},{"damage":6.0,"enemies":"Gremlin Leader","floor":27.0,"turns":5.0},{"damage":8.0,"enemies":"Shelled Parasite and Fungi","floor":29.0,"turns":5.0},{"damage":30.0,"enemies":"Champ","floor":33.0,"turns":9.0},{"damage":13.0,"enemies":"Orb Walker","floor":35.0,"turns":4.0},{"damage":25,"enemies":"3 Darklings","floor":38,"turns":4},{"damage":2,"enemies":"Nemesis","floor":40,"turns":3},{"damage":15,"enemies":"4 Shapes","floor":41,"turns":6},{"damage":22,"enemies":"Writhing Mass","floor":42,"turns":4},{"damage":0,"enemies":"Maw","floor":45,"turns":5},{"damage":0,"enemies":"Transient","floor":46,"turns":6},{"damage":19,"enemies":"Spire Growth","floor":47,"turns":3}],"seed_played":"-4410422264997834026","potions_obtained":[{"floor":10.0,"key":"Fire Potion"},{"floor":18.0,"key":"Fire Potion"},{"floor":23.0,"key":"Block Potion"},{"floor":34.0,"key":"SmokeBomb"},{"floor":41,"key":"Block Potion"}],"is_trial":false,"path_per_floor":["M","?","?","M","$","R","E","R","T","M","M","R","M","?","R","B",null,"?","?","?","?","T","E","T","?","T","E","T","?","T","T","T","B",null,"?","?","?","?","T","E","?","?","T","T","?","?","?"],"character_chosen":"WATCHER","items_purchased":["ReplayTheSpireMod:Brewmster","Lee\u0027s Waffle","FollowUp","Vault"],"campfire_rested":4,"item_purchase_floors":[5,22,22,44],"current_hp_per_floor":[52,49,42,42,42,63,40,61,61,57,57,57,57,57,72,42,72,54,54,37,12,79,63,63,53,53,47,47,39,62,62,62,32,84,71,71,71,46,46,44,29,7,7,7,7,7,0,0],"gold":165,"neow_bonus":"BOSS_RELIC","is_daily":false,"chose_seed":false,"campfire_upgraded":4,"win_rate":0.0,"timestamp":1612104724,"path_taken":["M","?","?","M","$","R","E","R","T","M","M","R","?","?","R","BOSS","?","?","?","?","T","E","T","?","T","E","T","?","T","?","T","BOSS","?","?","?","?","?","E","?","?","T","T","?","?","?"],"items_purchased_type":["Card","Relic","Card","Card"],"build_version":"2020-12-22","purchased_purges":2,"victory":false,"max_hp_per_floor":[72,72,72,72,72,72,72,72,72,72,72,72,72,72,72,72,72,72,72,72,72,79,79,79,79,79,79,79,79,79,79,79,79,84,84,84,80,80,80,80,80,80,80,80,80,80,80,80],"card_choices":[{"not_picked":["PathToVictory","Protect","ThirdEye"],"picked":"SKIP","floor":1.0},{"not_picked":["Sanctity","Tantrum"],"picked":"PathToVictory","floor":4.0},{"not_picked":["ThirdEye","Protect","Consecrate"],"picked":"SKIP","floor":7.0},{"not_picked":["Replay:BluntJabs","Indignation","Wireheading"],"picked":"SKIP","floor":10.0},{"not_picked":["ThirdEye","FlyingSleeves"],"picked":"FollowUp","floor":11.0},{"not_picked":["BattleHymn","ClearTheMind"],"picked":"WheelKick","floor":13.0},{"not_picked":["Devotion","Replay:AllIn"],"picked":"SpiritShield","floor":16.0},{"not_picked":["Crescendo","Replay:AtTheReady+1","JustLucky"],"picked":"SKIP","floor":18.0},{"not_picked":["Replay:BluntJabs","FlyingSleeves"],"picked":"Wallop+1","floor":20.0},{"not_picked":["Establishment","Protect","Swivel"],"picked":"SKIP","floor":21.0},{"not_picked":["Meditate","Fasting2","Replay:ManipulateFuture"],"picked":"SKIP","floor":23.0},{"not_picked":["JustLucky","FlyingSleeves","EmptyBody+1"],"picked":"SKIP","floor":25.0},{"not_picked":["CarveReality","DevaForm"],"picked":"FollowUp","floor":27.0},{"not_picked":["Evaluate+1","Replay:ManipulateFuture+1","Replay:DivineShield"],"picked":"SKIP","floor":29.0},{"not_picked":["Wish","SpiritShield"],"picked":"Establishment","floor":33.0},{"not_picked":["FlurryOfBlows","Replay:BluntJabs+1","BattleHymn"],"picked":"SKIP","floor":35.0},{"not_picked":["WindmillStrike","FlyingSleeves","Replay:AtTheReady+1"],"picked":"SKIP","floor":38},{"not_picked":["Study","Adaptation","SandsOfTime"],"picked":"SKIP","floor":41},{"not_picked":["ClearTheMind","Replay:DivineShield","FlurryOfBlows+1"],"picked":"SKIP","floor":42},{"not_picked":["Tantrum+1","Consecrate","EmptyFist+1"],"picked":"SKIP","floor":45},{"not_picked":["ClearTheMind","Consecrate+1","SashWhip+1"],"picked":"SKIP","floor":46}],"player_experience":166787,"relics_obtained":[{"floor":7.0,"key":"Kunai"},{"floor":9.0,"key":"Iron Hammer"},{"floor":23.0,"key":"Replay:Wax Seal"},{"floor":26.0,"key":"Tiny Chest"},{"floor":27.0,"key":"TeardropLocket"},{"floor":39,"key":"Garlic"},{"floor":43,"key":"Smiling Mask"}],"event_choices":[{"damage_healed":0.0,"max_hp_gain":0.0,"max_hp_loss":0.0,"gold_gain":0.0,"event_name":"Scrap Ooze","player_choice":"Success","floor":2.0,"gold_loss":0.0,"damage_taken":3.0,"relics_obtained":["ReplayTheSpireMod:Ninjato"]},{"damage_healed":0.0,"max_hp_gain":0.0,"max_hp_loss":0.0,"gold_gain":75.0,"event_name":"FaceTrader","player_choice":"Touch","floor":3.0,"gold_loss":0.0,"damage_taken":7.0},{"damage_healed":0.0,"max_hp_gain":0.0,"max_hp_loss":4.0,"gold_gain":0.0,"event_name":"Winding Halls","player_choice":"Max HP","floor":37.0,"gold_loss":0.0,"damage_taken":0.0}],"is_beta":false,"boss_relics":[{"not_picked":["Replay:Drink Me","Coffee Dripper"],"picked":"Painkiller Herb"},{"not_picked":["SlaversCollar","Runic Dome"],"picked":"Tiny House"}],"items_purged_floors":[31,44],"is_endless":false,"potions_floor_spawned":[10,16,18,23,25,27,41,45,46],"killed_by":"Spire Growth","ascension_level":4}}