{"host":"xg4r5pv6chpuampg","time":1612088648,"event":{"mods":["AchievementEnabler","BaseMod","Googly Eyes","Minty Spire (QoL Compilation)"],"gold_per_floor":[118,136,149,149,149,181,181,195,270,270,295,314,344,363,363,363,363],"floor_reached":16,"language":"ENG","playtime":1352,"items_purged":[],"score":112,"play_id":"b05f4fb2-7271-4a25-84e1-bdf2ec6a21b6","local_time":"20210131132408","is_ascension_mode":false,"campfire_choices":[{"data":"PiercingWail","floor":7,"key":"SMITH"},{"data":"Noxious Fumes","floor":10,"key":"SMITH"},{"floor":15,"key":"REST"}],"circlet_count":0,"master_deck":["Strike_G","Strike_G","Strike_G","Strike_G","Strike_G","Defend_G","Defend_G","Defend_G","Defend_G","Defend_G","Survivor","Neutralize","Deadly Poison","Poisoned Stab+1","Backflip","PiercingWail+1","Noxious Fumes+1","Terror","PiercingWail","Flying Knee"],"relics":["Ring of the Snake","NeowsBlessing","The Specimen","Kunai","Ancient Tea Set"],"acts_visited":["Exordium"],"potions_floor_usage":[6,11,11,16],"damage_taken":[{"damage":0,"enemies":"Cultist","floor":1,"turns":1},{"damage":0,"enemies":"Small Slimes","floor":2,"turns":1},{"damage":0,"enemies":"2 Louse","floor":3,"turns":1},{"damage":18,"enemies":"3 Sentries","floor":6,"turns":10},{"damage":0,"enemies":"Blue Slaver","floor":8,"turns":4},{"damage":26,"enemies":"Lagavulin","floor":11,"turns":7},{"damage":12,"enemies":"2 Fungi Beasts","floor":12,"turns":3},{"damage":10,"enemies":"Looter","floor":14,"turns":3},{"damage":33,"enemies":"Slime Boss","floor":16,"turns":9}],"seed_played":"-4096224786322365470","potions_obtained":[{"floor":1,"key":"CunningPotion"},{"floor":2,"key":"FearPotion"},{"floor":6,"key":"CunningPotion"},{"floor":14,"key":"Dexterity Potion"}],"is_trial":false,"path_per_floor":["M","M","M","?","?","E","R","M","T","R","E","M","?","M","R","B"],"character_chosen":"THE_SILENT","items_purchased":[],"campfire_rested":1,"item_purchase_floors":[],"current_hp_per_floor":[70,70,70,70,70,52,52,52,52,52,26,14,14,4,25,0,0],"gold":363,"neow_bonus":"THREE_ENEMY_KILL","is_daily":false,"chose_seed":false,"campfire_upgraded":2,"win_rate":0.0,"timestamp":1612088648,"path_taken":["M","?","M","?","?","E","R","M","T","R","E","?","?","M","R","BOSS"],"items_purchased_type":[],"build_version":"2020-12-22","purchased_purges":0,"victory":false,"max_hp_per_floor":[70,70,70,70,70,70,70,70,70,70,70,70,70,70,70,70,70],"card_choices":[{"not_picked":["Tactician","Caltrops"],"picked":"Deadly Poison","floor":1},{"not_picked":["Blade Dance","Caltrops"],"picked":"Poisoned Stab","floor":2},{"not_picked":["Crippling Poison","Tactician"],"picked":"Backflip","floor":3},{"not_picked":["Prepared","Unload"],"picked":"PiercingWail","floor":6},{"not_picked":["PiercingWail","Expertise"],"picked":"Noxious Fumes","floor":8},{"not_picked":["Noxious Fumes","Dash"],"picked":"Terror","floor":11},{"not_picked":["Slice","Backflip"],"picked":"PiercingWail","floor":12},{"not_picked":["Leg Sweep","Prepared"],"picked":"Flying Knee","floor":14}],"player_experience":8814,"relics_obtained":[{"floor":6,"key":"The Specimen"},{"floor":9,"key":"Kunai"},{"floor":11,"key":"Ancient Tea Set"}],"event_choices":[{"damage_healed":0,"gold_gain":0,"player_choice":"Leave","damage_taken":0,"max_hp_gain":0,"max_hp_loss":0,"event_name":"The Cleric","floor":4,"gold_loss":0},{"damage_healed":0,"gold_gain":0,"player_choice":"Upgraded","damage_taken":0,"max_hp_gain":0,"max_hp_loss":0,"event_name":"Upgrade Shrine","floor":5,"gold_loss":0,"cards_upgraded":["Poisoned Stab"]},{"damage_healed":0,"gold_gain":30,"player_choice":"Searched \u00272\u0027 times","damage_taken":0,"max_hp_gain":0,"max_hp_loss":0,"event_name":"Dead Adventurer","floor":13,"gold_loss":0}],"is_beta":false,"boss_relics":[],"items_purged_floors":[],"is_endless":false,"potions_floor_spawned":[1,2,6,14],"killed_by":"Slime Boss","ascension_level":0}}