{"host":"19r1ww88x2tc73i0","time":1612083427,"event":{"mods":["BaseMod","BetterRewards","Colored Map","Minty Spire (QoL Compilation)","Relic Stats","StSLib","SuperFastMode","slay the spire mod where everything is the same but ironclad has a cowboy hat"],"gold_per_floor":[121,144,171,202,139,151,174,213,225,255,267,279,311,367,379,391,391],"floor_reached":16,"language":"ENG","playtime":535,"items_purged":[],"score":228,"play_id":"1e301c40-10f6-4ad3-9ebd-c32581ce7c72","local_time":"25640131155707","is_ascension_mode":true,"campfire_choices":[{"data":"Searing Blow","floor":6.0,"key":"SMITH"},{"data":"Searing Blow+1","floor":11.0,"key":"SMITH"},{"floor":15.0,"key":"REST"}],"circlet_count":0,"master_deck":["AscendersBane","Strike_R","Strike_R","Strike_R","Strike_R","Defend_R","Defend_R","Defend_R","Defend_R","Bash","Cleave","Searing Blow+2","Dropkick","Shrug It Off","Dual Wield","Spot Weakness","Anger"],"relics":["Burning Blood","MawBank","Mummified Hand","Shuriken","Golden Idol","Frozen Egg 2"],"acts_visited":["Exordium"],"potions_floor_usage":[],"damage_taken":[{"damage":7.0,"enemies":"Small Slimes","floor":1.0,"turns":5.0},{"damage":11.0,"enemies":"Jaw Worm","floor":2.0,"turns":5.0},{"damage":0.0,"enemies":"2 Louse","floor":3.0,"turns":3.0},{"damage":23.0,"enemies":"Large Slime","floor":4.0,"turns":6.0},{"damage":7.0,"enemies":"2 Fungi Beasts","floor":7.0,"turns":3.0},{"damage":8.0,"enemies":"Gremlin Nob","floor":8.0,"turns":3.0},{"damage":29.0,"enemies":"Exordium Thugs","floor":10.0,"turns":5.0},{"damage":14.0,"enemies":"3 Louse","floor":13.0,"turns":3.0},{"damage":12.0,"enemies":"Lagavulin","floor":14.0,"turns":6.0},{"damage":15,"enemies":"Hexaghost","floor":16,"turns":7}],"seed_played":"-3307269575264462136","potions_obtained":[{"floor":3.0,"key":"EntropicBrew"},{"floor":4.0,"key":"Strength Potion"}],"is_trial":false,"path_per_floor":["M","M","M","M","?","R","M","E","T","M","R","?","M","E","R","B"],"character_chosen":"IRONCLAD","items_purchased":[],"campfire_rested":1,"item_purchase_floors":[],"current_hp_per_floor":[67,62,68,51,51,51,50,48,48,25,25,25,17,11,31,16,16],"gold":391,"neow_bonus":"RANDOM_COMMON_RELIC","is_daily":false,"chose_seed":false,"campfire_upgraded":2,"win_rate":0.0,"timestamp":1612083427,"path_taken":["M","M","M","M","?","R","M","E","T","M","R","?","M","E","R","BOSS"],"items_purchased_type":[],"build_version":"2020-12-22","purchased_purges":0,"victory":false,"max_hp_per_floor":[75,75,75,75,75,75,75,75,75,75,75,68,68,68,68,68,68],"relic_stats":{"counters":[10,46],"Mummified Hand":[0],"Shuriken":[3],"Golden Idol":13,"MawBank":192,"obtain_stats":[{"Mummified Hand":8,"Shuriken":9,"Golden Idol":12,"Frozen Egg 2":14,"MawBank":0,"Burning Blood":0},{"Mummified Hand":6,"Shuriken":6,"Golden Idol":7,"Frozen Egg 2":9,"MawBank":0,"Burning Blood":0},{"Mummified Hand":25,"Shuriken":25,"Golden Idol":30,"Frozen Egg 2":39,"MawBank":0,"Burning Blood":0}],"Burning Blood":54},"card_choices":[{"not_picked":["Clothesline","Infernal Blade"],"picked":"Cleave","floor":1.0},{"not_picked":["Combust","Fire Breathing"],"picked":"Searing Blow","floor":2.0},{"not_picked":["Sword Boomerang","Clothesline"],"picked":"Dropkick","floor":3.0},{"not_picked":["Havoc","Uppercut"],"picked":"Shrug It Off","floor":4.0},{"not_picked":["Perfected Strike","Flex"],"picked":"Dual Wield","floor":7.0},{"not_picked":["Shrug It Off","Clothesline"],"picked":"Spot Weakness","floor":8.0},{"not_picked":["Iron Wave","Exhume"],"picked":"Anger","floor":10.0},{"not_picked":["Cleave","Body Slam","Clothesline"],"picked":"SKIP","floor":13.0},{"not_picked":["Anger","Body Slam","Whirlwind"],"picked":"SKIP","floor":14.0}],"player_experience":983560,"relics_obtained":[{"floor":8.0,"key":"Mummified Hand"},{"floor":9.0,"key":"Shuriken"},{"floor":14.0,"key":"Frozen Egg 2"}],"event_choices":[{"cards_removed":["Strike_R"],"damage_healed":0.0,"max_hp_gain":0.0,"max_hp_loss":0.0,"gold_gain":0.0,"event_name":"The Cleric","player_choice":"Card Removal","floor":5.0,"gold_loss":75.0,"damage_taken":0.0},{"damage_healed":0.0,"max_hp_gain":0.0,"max_hp_loss":7.0,"gold_gain":0.0,"event_name":"Golden Idol","player_choice":"Lose Max HP","floor":12.0,"gold_loss":0.0,"damage_taken":0.0,"relics_obtained":["Golden Idol"]}],"is_beta":false,"boss_relics":[],"items_purged_floors":[],"is_endless":false,"potions_floor_spawned":[3,4],"killed_by":"Hexaghost","ascension_level":20}}