{"host":"o67iw34xdwlyp80a","time":1612098806,"event":{"mods":["BaseMod","Colored Map","Minty Spire (QoL Compilation)","Relic Stats","StSLib"],"gold_per_floor":[119,119,119,9,21,33,62,62,86,102,102,119,119,119,119,218,218,230,250,250,276,85,114,114,147,147,147,159,178,178,9,9,112,112,122,122,135,135,150,185,185,212,237,255,269,38,38,57,57,57],"floor_reached":51,"language":"ENG","playtime":4418,"items_purged":["Defend_G","Well Laid Plans"],"score":1082,"play_id":"bc3f8940-3126-470f-94ca-ace0cfbcf614","local_time":"20210131131326","is_ascension_mode":true,"campfire_choices":[{"floor":8,"key":"REST"},{"floor":13,"key":"REST"},{"data":"Noxious Fumes","floor":15,"key":"SMITH"},{"data":"Venomology","floor":24,"key":"SMITH"},{"floor":27,"key":"REST"},{"floor":30,"key":"REST"},{"data":"Noxious Fumes","floor":32,"key":"SMITH"},{"data":"Envenom","floor":41,"key":"SMITH"},{"floor":49,"key":"REST"}],"circlet_count":0,"master_deck":["Neutralize","Venomology+1","Noxious Fumes+1","Bane","Dagger Throw","Backflip","Flying Knee","Corpse Explosion","Footwork+1","After Image","Finisher","Flechettes","Concentrate","Die Die Die","Doppelganger","Blur+1","Quick Slash+1","Necronomicurse","Slice","Noxious Fumes+1","Caltrops","Slice+1","Deflect","Envenom+1","Noxious Fumes+1","Poisoned Stab+1","Blur","Catalyst"],"relics":["Ring of the Snake","Centennial Puzzle","Snake Skull","Dead Branch","Pandora\u0027s Box","Necronomicon","MawBank","Omamori","Unceasing Top","Bottled Tornado","Strawberry","Cursed Key","Pear","Gremlin Horn","Happy Flower","Medical Kit"],"acts_visited":["Exordium","TheCity","TheBeyond"],"potions_floor_usage":[1,6,7,7,10,11,12,16,19,23,23,23,25,25,25,28,28,29,33,37,39,40,40,42,42,44,44,48,50,50,50],"damage_taken":[{"damage":5,"enemies":"Cultist","floor":1,"turns":6},{"damage":2,"enemies":"2 Louse","floor":5,"turns":5},{"damage":5,"enemies":"Small Slimes","floor":6,"turns":3},{"damage":39,"enemies":"3 Sentries","floor":7,"turns":11},{"damage":12,"enemies":"Exordium Thugs","floor":10,"turns":4},{"damage":10,"enemies":"Lagavulin","floor":11,"turns":3},{"damage":4,"enemies":"Exordium Wildlife","floor":12,"turns":3},{"damage":15,"enemies":"Hexaghost","floor":16,"turns":9},{"damage":2,"enemies":"Chosen","floor":18,"turns":4},{"damage":1,"enemies":"Shell Parasite","floor":19,"turns":4},{"damage":1,"enemies":"Gremlin Leader","floor":23,"turns":4},{"damage":19,"enemies":"Slavers","floor":25,"turns":4},{"damage":8,"enemies":"Shelled Parasite and Fungi","floor":28,"turns":4},{"damage":25,"enemies":"Snake Plant","floor":29,"turns":3},{"damage":32,"enemies":"Automaton","floor":33,"turns":8},{"damage":0,"enemies":"3 Darklings","floor":35,"turns":1},{"damage":7,"enemies":"3 Shapes","floor":37,"turns":4},{"damage":13,"enemies":"Jaw Worm Horde","floor":39,"turns":3},{"damage":0,"enemies":"Giant Head","floor":40,"turns":6},{"damage":4,"enemies":"Nemesis","floor":42,"turns":5},{"damage":0,"enemies":"4 Shapes","floor":44,"turns":1},{"damage":2,"enemies":"Transient","floor":45,"turns":5},{"damage":0,"enemies":"Jaw Worm Horde","floor":48,"turns":1},{"damage":79,"enemies":"Awakened One","floor":50,"turns":9}],"seed_played":"-8423228465021621399","potions_obtained":[{"floor":6,"key":"Regen Potion"},{"floor":16,"key":"EntropicBrew"},{"floor":18,"key":"DistilledChaos"},{"floor":25,"key":"Fruit Juice"},{"floor":33,"key":"GhostInAJar"},{"floor":39,"key":"FearPotion"},{"floor":40,"key":"BlessingOfTheForge"},{"floor":44,"key":"ColorlessPotion"}],"is_trial":false,"path_per_floor":["M","?","?","$","M","M","E","R","T","M","E","M","R","?","R","B",null,"M","M","?","T","$","E","R","E","T","R","M","M","R","$","R","B",null,"M","?","M","?","M","E","R","E","T","M","M","$","?","M","R","B",null],"character_chosen":"THE_SILENT","items_purchased":["Noxious Fumes","Slice","Noxious Fumes","Strawberry","Deflect","Medical Kit","Blur"],"campfire_rested":5,"item_purchase_floors":[4,22,22,31,31,46,46],"current_hp_per_floor":[40,45,45,45,43,38,14,36,36,24,14,10,32,25,25,10,59,57,56,40,40,40,39,39,20,20,42,39,14,38,45,45,13,69,69,69,62,62,49,59,59,55,55,55,53,53,53,53,82,3],"gold":57,"neow_bonus":"THREE_RARE_CARDS","is_daily":false,"chose_seed":false,"campfire_upgraded":4,"win_rate":0.0,"timestamp":1612098806,"path_taken":["M","?","?","$","M","?","E","R","T","M","E","M","R","?","R","BOSS","M","M","?","?","$","E","R","E","T","R","M","M","R","$","R","BOSS","M","?","M","?","M","E","R","E","T","?","M","?","?","M","R","BOSS"],"items_purchased_type":["Card","Card","Card","Relic","Card","Relic","Card"],"build_version":"2020-12-22","purchased_purges":2,"victory":true,"max_hp_per_floor":[70,75,75,75,75,75,75,75,75,75,75,75,75,75,75,75,75,75,75,75,75,75,75,75,75,75,75,80,80,80,87,87,87,87,87,87,87,87,87,97,97,97,97,97,97,97,97,97,97,97],"relic_stats":{"Gremlin Horn":[6,6],"Happy Flower":[5],"counters":[24,110],"Dead Branch":[83],"Snake Skull":[194],"MawBank":12,"Cursed Key":1,"Medical Kit":[0],"Centennial Puzzle":[48],"Pandora\u0027s Box":["Footwork","After Image","Finisher","Flechettes","Well Laid Plans","Concentrate","Die Die Die","Doppelganger"],"Necronomicon":[2],"obtain_stats":[{"Pear":40,"Gremlin Horn":42,"Happy Flower":43,"Dead Branch":14,"Snake Skull":9,"Omamori":23,"Bottled Tornado":26,"MawBank":21,"Cursed Key":34,"Medical Kit":46,"Centennial Puzzle":7,"Strawberry":31,"Pandora\u0027s Box":17,"Necronomicon":20,"Unceasing Top":25,"Ring of the Snake":0},{"Pear":19,"Gremlin Horn":20,"Happy Flower":20,"Dead Branch":7,"Snake Skull":4,"Omamori":11,"Bottled Tornado":12,"MawBank":10,"Cursed Key":15,"Medical Kit":22,"Centennial Puzzle":4,"Strawberry":14,"Pandora\u0027s Box":8,"Necronomicon":10,"Unceasing Top":12,"Ring of the Snake":0},{"Pear":89,"Gremlin Horn":94,"Happy Flower":94,"Dead Branch":35,"Snake Skull":25,"Omamori":56,"Bottled Tornado":60,"MawBank":52,"Cursed Key":75,"Medical Kit":100,"Centennial Puzzle":25,"Strawberry":67,"Pandora\u0027s Box":44,"Necronomicon":52,"Unceasing Top":60,"Ring of the Snake":0}],"Unceasing Top":[38],"Ring of the Snake":[48]},"card_choices":[{"not_picked":["Tools of the Trade","Unload"],"picked":"Venomology","floor":0},{"not_picked":["Acrobatics","Well Laid Plans","Skewer"],"picked":"SKIP","floor":1},{"not_picked":["Deadly Poison","Prepared"],"picked":"Bane","floor":5},{"not_picked":["Concentrate","Dagger Spray"],"picked":"Dagger Throw","floor":6},{"not_picked":["Underhanded Strike","Malaise"],"picked":"Backflip","floor":7},{"not_picked":["Noxious Fumes","Terror"],"picked":"Flying Knee","floor":10},{"not_picked":["Eviscerate","Leg Sweep","Quick Slash"],"picked":"SKIP","floor":12},{"not_picked":["Glass Knife","Storm of Steel"],"picked":"Corpse Explosion","floor":16},{"not_picked":["Deflect+1","Slice"],"picked":"Blur+1","floor":18},{"not_picked":["Deadly Poison","Cloak And Dagger"],"picked":"Quick Slash+1","floor":19},{"not_picked":["Burst","Skewer+1"],"picked":"Caltrops","floor":23},{"not_picked":["Noxious Fumes","Corpse Explosion","Sucker Punch"],"picked":"SKIP","floor":25},{"not_picked":["Bane","All Out Attack+1"],"picked":"Slice+1","floor":28},{"not_picked":["Skewer","Bouncing Flask","Footwork"],"picked":"SKIP","floor":29},{"not_picked":["Adrenaline","Grand Finale"],"picked":"Envenom","floor":33},{"not_picked":["Setup","Cloak And Dagger"],"picked":"Noxious Fumes+1","floor":35},{"not_picked":["Reflex+1","Masterful Stab"],"picked":"Poisoned Stab+1","floor":37},{"not_picked":["Dagger Throw","Endless Agony+1","Calculated Gamble"],"picked":"SKIP","floor":39},{"not_picked":["Well Laid Plans+1","Masterful Stab","Tactician"],"picked":"SKIP","floor":40},{"not_picked":["Bane","Underhanded Strike+1","Dash"],"picked":"SKIP","floor":42},{"not_picked":["Distraction","Underhanded Strike","Dagger Throw+1"],"picked":"SKIP","floor":44},{"not_picked":["Deadly Poison+1","Dagger Throw","Dagger Spray"],"picked":"SKIP","floor":45},{"not_picked":["After Image","Sucker Punch"],"picked":"Catalyst","floor":48}],"player_experience":1130123,"relics_obtained":[{"floor":7,"key":"Centennial Puzzle"},{"floor":9,"key":"Snake Skull"},{"floor":20,"key":"Necronomicon"},{"floor":21,"key":"MawBank"},{"floor":23,"key":"Omamori"},{"floor":25,"key":"Unceasing Top"},{"floor":26,"key":"Bottled Tornado"},{"floor":40,"key":"Pear"},{"floor":42,"key":"Gremlin Horn"},{"floor":43,"key":"Happy Flower"}],"event_choices":[{"damage_healed":0,"gold_gain":0,"player_choice":"Donut","damage_taken":0,"max_hp_gain":5,"max_hp_loss":0,"event_name":"Big Fish","floor":2,"gold_loss":0},{"cards_removed":["Strike_G"],"damage_healed":0,"gold_gain":0,"player_choice":"Purged","damage_taken":0,"max_hp_gain":0,"max_hp_loss":0,"event_name":"Purifier","floor":3,"gold_loss":0},{"damage_healed":0,"gold_gain":0,"player_choice":"Success","damage_taken":7,"relics_obtained":["Dead Branch"],"max_hp_gain":0,"max_hp_loss":0,"event_name":"Scrap Ooze","floor":14,"gold_loss":0},{"damage_healed":0,"gold_gain":0,"player_choice":"Obtained Book","damage_taken":16,"max_hp_gain":0,"max_hp_loss":0,"event_name":"Cursed Tome","floor":20,"gold_loss":0},{"cards_removed":["Survivor"],"damage_healed":0,"gold_gain":0,"player_choice":"Removed Skill","damage_taken":0,"max_hp_gain":0,"max_hp_loss":0,"event_name":"Falling","floor":36,"gold_loss":0},{"damage_healed":0,"gold_gain":0,"player_choice":"Ignored","damage_taken":0,"max_hp_gain":0,"max_hp_loss":0,"event_name":"SecretPortal","floor":38,"gold_loss":0},{"damage_healed":0,"gold_gain":0,"player_choice":"Forge","damage_taken":0,"max_hp_gain":0,"max_hp_loss":0,"event_name":"Accursed Blacksmith","floor":47,"gold_loss":0,"cards_upgraded":["Footwork"]}],"is_beta":false,"boss_relics":[{"not_picked":["SacredBark","HoveringKite"],"picked":"Pandora\u0027s Box"},{"not_picked":["Velvet Choker","Philosopher\u0027s Stone"],"picked":"Cursed Key"}],"items_purged_floors":[4,22],"is_endless":false,"potions_floor_spawned":[6,11,16,18,25,33,35,39,40,44,45],"ascension_level":8}}