{"host":"mytek2nu1hrzdnew","time":1612133326,"event":{"mods":["AchievementEnabler","Aspiration","BaseMod","Conspire","GifTheSpireLib","Gold Saver","Hubris","Infinite Spire","Minty Spire (QoL Compilation)","Replay The Spire","StSLib","Stuff the Spire","The Death Knight","Uncapped"],"gold_per_floor":[112,62,76,94,113,138,138,148,172,51,70,95,129,148,148,148,148],"floor_reached":16,"language":"ENG","playtime":1194,"items_purged":["DeathKnight:Strike_DeathKnight"],"score":104,"play_id":"8ca1c6bf-cb62-4239-ac23-c3080129caa5","local_time":"20210131174846","is_ascension_mode":false,"campfire_choices":[{"floor":7,"key":"REST"},{"floor":15,"key":"REST"}],"circlet_count":0,"master_deck":["DeathKnight:Strike_DeathKnight","DeathKnight:Strike_DeathKnight","DeathKnight:Strike_DeathKnight","DeathKnight:Defend_DeathKnight","DeathKnight:Defend_DeathKnight","DeathKnight:Defend_DeathKnight","DeathKnight:Defend_DeathKnight","DeathKnight:Defend_DeathKnight","DeathKnight:RuneTap","DeathKnight:RuneStrike","DeathKnight:UnholyFrenzy","DeathKnight:GargoyleSkin","DeathKnight:DarkSuccor","DeathKnight:PlagueStrike","DeathKnight:DeathAndDecay","DeathKnight:MutagenicPlague","DeathKnight:Pestilence"],"relics":["DeathKnight:BrokenRuneblade","StuffTheSpire:SapphireSignet","Pen Nib","StuffTheSpire:GrapeVine","DeathKnight:PutricidesVial"],"acts_visited":["Exordium"],"potions_floor_usage":[13,14,14,16],"damage_taken":[{"damage":1,"enemies":"Cultist","floor":1,"turns":4},{"damage":7,"enemies":"Jaw Worm","floor":3,"turns":5},{"damage":3,"enemies":"conspire:RoseBush","floor":4,"turns":4},{"damage":18,"enemies":"2 Fungi Beasts","floor":5,"turns":6},{"damage":32,"enemies":"Gremlin Nob","floor":6,"turns":5},{"damage":8,"enemies":"Large Slime","floor":8,"turns":5},{"damage":8,"enemies":"Blue Slaver","floor":11,"turns":3},{"damage":16,"enemies":"conspire:MimicChest","floor":13,"turns":6},{"damage":2,"enemies":"Looter","floor":14,"turns":2},{"damage":59,"enemies":"Fading Forest","floor":16,"turns":10}],"seed_played":"164586707119840450","potions_obtained":[{"floor":5,"key":"Elixir"},{"floor":6,"key":"GamblersBrew"},{"floor":8,"key":"AttackPotion"},{"floor":11,"key":"Dexterity Potion"},{"floor":14,"key":"SkillPotion"}],"is_trial":false,"path_per_floor":["M","?","M","M","M","E","R","M","T","$","M","T","?","M","R","B"],"character_chosen":"DEATH_KNIGHT","items_purchased":["DeathKnight:MutagenicPlague"],"campfire_rested":2,"item_purchase_floors":[10],"current_hp_per_floor":[81,81,74,71,53,21,45,41,41,41,33,33,17,15,39,0,0],"gold":148,"neow_bonus":"TEN_PERCENT_HP_BONUS","is_daily":false,"chose_seed":false,"campfire_upgraded":0,"win_rate":0.0,"timestamp":1612133326,"path_taken":["M","?","M","M","M","E","R","M","T","$","M","?","?","M","R","BOSS"],"items_purchased_type":["Card"],"build_version":"2020-12-22","purchased_purges":1,"victory":false,"max_hp_per_floor":[82,82,82,82,82,82,82,82,82,82,82,82,82,82,82,82,82],"card_choices":[{"not_picked":["DeathKnight:FrosPresence","DeathKnight:Parry"],"picked":"DeathKnight:UnholyFrenzy","floor":1},{"not_picked":["DeathKnight:UnholyFrenzy","DeathKnight:RaiseAlly"],"picked":"DeathKnight:GargoyleSkin","floor":3},{"not_picked":["DeathKnight:DancingRuneblade","DeathKnight:UnholyAssault"],"picked":"DeathKnight:DarkSuccor","floor":4},{"not_picked":["DeathKnight:ScourgeStrike","DeathKnight:DeathAndDecay"],"picked":"DeathKnight:PlagueStrike","floor":5},{"not_picked":["DeathKnight:PathOfFrost","DeathKnight:BoneSpear","DeathKnight:Simulacrum"],"picked":"SKIP","floor":6},{"not_picked":["DeathKnight:PathOfFrost","DeathKnight:BoneSpear","DeathKnight:Simulacrum"],"picked":"SKIP","floor":6},{"not_picked":["DeathKnight:HowlingBlast","DeathKnight:PathOfFrost"],"picked":"DeathKnight:DeathAndDecay","floor":8},{"not_picked":["DeathKnight:DeathAndDecay","DeathKnight:FrosPresence","DeathKnight:HowlingBlast"],"picked":"SKIP","floor":11},{"not_picked":["DeathKnight:IcyTouch","DeathKnight:DeathGrip"],"picked":"DeathKnight:Pestilence","floor":14}],"player_experience":1058783,"relics_obtained":[{"floor":6,"key":"StuffTheSpire:SapphireSignet"},{"floor":9,"key":"Pen Nib"},{"floor":12,"key":"StuffTheSpire:GrapeVine"},{"floor":13,"key":"DeathKnight:PutricidesVial"}],"event_choices":[{"cards_removed":["DeathKnight:Strike_DeathKnight"],"damage_healed":0,"gold_gain":0,"player_choice":"Card Removal","damage_taken":0,"max_hp_gain":0,"max_hp_loss":0,"event_name":"The Cleric","floor":2,"gold_loss":50}],"is_beta":false,"boss_relics":[],"items_purged_floors":[10],"is_endless":false,"potions_floor_spawned":[5,6,8,11,14],"killed_by":"Fading Forest","ascension_level":0}}