{"host":"nolo0osttpwefhwj","time":1612098751,"event":{"mods":["AchievementEnabler","BaseMod","Bestiary","Colored Powertips","Minty Spire (QoL Compilation)","Permanent Neow","Quick Restart","Relic Stats"],"gold_per_floor":[11,11,24,43,56,86,86],"floor_reached":6,"language":"ENG","playtime":395,"items_purged":[],"score":89,"play_id":"cb63e7be-e9c5-4d18-87a4-904acd1e55ce","local_time":"20210131141231","is_ascension_mode":true,"campfire_choices":[],"circlet_count":0,"master_deck":["AscendersBane","Strike_G","Strike_G","Strike_G","Strike_G","Defend_G","Defend_G","Defend_G","Defend_G","Survivor","Neutralize","Poisoned Stab","Unload","Tactician"],"relics":["Ring of the Snake","Frozen Egg 2"],"acts_visited":["Exordium"],"potions_floor_usage":[5,6],"damage_taken":[{"damage":10,"enemies":"Jaw Worm","floor":1,"turns":8},{"damage":0,"enemies":"Cultist","floor":3,"turns":4},{"damage":1,"enemies":"Small Slimes","floor":4,"turns":3},{"damage":4,"enemies":"Exordium Thugs","floor":5,"turns":5},{"damage":32,"enemies":"Lagavulin","floor":6,"turns":6}],"seed_played":"3114956412423097171","potions_obtained":[{"floor":2,"key":"DistilledChaos"},{"floor":2,"key":"SmokeBomb"},{"floor":3,"key":"Poison Potion"},{"floor":6,"key":"PowerPotion"}],"is_trial":false,"path_per_floor":["M","?","M","M","M","E"],"character_chosen":"THE_SILENT","items_purchased":[],"campfire_rested":0,"item_purchase_floors":[],"current_hp_per_floor":[49,49,49,48,44,12,12],"gold":86,"neow_bonus":"REMOVE_TWO","is_daily":false,"chose_seed":false,"campfire_upgraded":0,"win_rate":0.0,"timestamp":1612098751,"path_taken":["M","?","?","M","M","E"],"items_purchased_type":[],"build_version":"2020-12-22","purchased_purges":0,"victory":false,"max_hp_per_floor":[66,66,66,66,66,66,66],"relic_stats":{"counters":[5,26],"obtain_stats":[{"Frozen Egg 2":6,"Ring of the Snake":0},{"Frozen Egg 2":5,"Ring of the Snake":0},{"Frozen Egg 2":26,"Ring of the Snake":0}],"Ring of the Snake":[10]},"card_choices":[{"not_picked":["Prepared","Flying Knee"],"picked":"Poisoned Stab","floor":1},{"not_picked":["Deflect","Expertise"],"picked":"Unload","floor":3},{"not_picked":["Blade Dance","Outmaneuver"],"picked":"Tactician","floor":4},{"not_picked":["All Out Attack","Accuracy","Prepared"],"picked":"SKIP","floor":5}],"player_experience":277801,"relics_obtained":[{"floor":6,"key":"Frozen Egg 2"}],"event_choices":[{"damage_healed":0,"gold_gain":0,"player_choice":"Got Potions","damage_taken":0,"max_hp_gain":0,"max_hp_loss":0,"event_name":"Lab","floor":2,"gold_loss":0}],"is_beta":false,"boss_relics":[],"items_purged_floors":[],"is_endless":false,"potions_floor_spawned":[3,4,6],"killed_by":"Lagavulin","ascension_level":17}}