{"host":"vumwfieg2b2mnrfl","time":1612130399,"event":{"mods":["AchievementEnabler","BaseMod","Minty Spire (QoL Compilation)","Rare Cards Sparkle","Relic Stats"],"gold_per_floor":[110,110,110,127,138,138,170,238,292,292,292,45,378,388,388,465,465,485,226,241,253,253,253],"floor_reached":22,"language":"ENG","playtime":561,"items_purged":["Strike_R","Strike_R"],"score":378,"play_id":"d05a791a-3115-4ad4-916b-4e447ec7a92c","local_time":"20210131155959","is_ascension_mode":true,"campfire_choices":[{"data":"Armaments","floor":6,"key":"SMITH"},{"data":"Evolve","floor":15,"key":"SMITH"}],"circlet_count":0,"master_deck":["AscendersBane","Strike_R","Strike_R","Strike_R","Defend_R","Defend_R","Defend_R","Defend_R","Bash","Twin Strike","Armaments+1","Headbutt","Evolve+1","Battle Trance","Fiend Fire","Limit Break","Uppercut"],"relics":["Burning Blood","NeowsBlessing","WarpedTongs","Bronze Scales","Bag of Marbles","Membership Card","Old Coin","Black Star","OrangePellets","Toy Ornithopter"],"acts_visited":["Exordium","TheCity"],"potions_floor_usage":[16],"damage_taken":[{"damage":0,"enemies":"Jaw Worm","floor":1,"turns":1},{"damage":1,"enemies":"Cultist","floor":4,"turns":1},{"damage":0,"enemies":"Small Slimes","floor":5,"turns":1},{"damage":33,"enemies":"Gremlin Nob","floor":7,"turns":4},{"damage":16,"enemies":"3 Sentries","floor":13,"turns":9},{"damage":2,"enemies":"2 Fungi Beasts","floor":14,"turns":3},{"damage":6,"enemies":"Hexaghost","floor":16,"turns":6},{"damage":26,"enemies":"Shell Parasite","floor":18,"turns":3},{"damage":23,"enemies":"3 Byrds","floor":20,"turns":4},{"damage":21,"enemies":"Snake Plant","floor":21,"turns":4},{"damage":18,"enemies":"3 Cultists","floor":22,"turns":3}],"seed_played":"-4247054492808385212","potions_obtained":[{"floor":7,"key":"BlessingOfTheForge"},{"floor":13,"key":"CultistPotion"},{"floor":20,"key":"Dexterity Potion"}],"is_trial":false,"path_per_floor":["M","$","?","M","M","R","E","T","T","?","?","$","E","M","R","B",null,"M","$","M","M","M"],"character_chosen":"IRONCLAD","items_purchased":["Membership Card","Battle Trance","OrangePellets","Toy Ornithopter","Uppercut"],"campfire_rested":0,"item_purchase_floors":[12,12,19,19,19],"current_hp_per_floor":[74,74,74,75,75,75,48,48,48,41,41,41,31,35,35,35,65,45,45,28,13,0,0],"gold":253,"neow_bonus":"THREE_ENEMY_KILL","is_daily":false,"chose_seed":false,"campfire_upgraded":2,"win_rate":0.0,"timestamp":1612130399,"path_taken":["M","$","?","M","?","R","E","?","T","?","?","?","E","M","R","BOSS","M","$","?","M","?"],"items_purchased_type":["Relic","Card","Relic","Relic","Card"],"build_version":"2020-12-22","purchased_purges":2,"victory":false,"max_hp_per_floor":[75,75,75,75,75,75,75,75,75,75,75,75,75,75,75,75,75,75,75,75,75,75,75],"relic_stats":{"OrangePellets":[0],"counters":[11,39],"Bronze Scales":[159],"Black Star":0,"obtain_stats":[{"OrangePellets":19,"NeowsBlessing":0,"Bronze Scales":7,"Bag of Marbles":9,"Black Star":17,"Membership Card":12,"Burning Blood":0,"Toy Ornithopter":19,"WarpedTongs":3,"Old Coin":13},{"OrangePellets":8,"NeowsBlessing":0,"Bronze Scales":4,"Bag of Marbles":4,"Black Star":7,"Membership Card":4,"Burning Blood":0,"Toy Ornithopter":8,"WarpedTongs":1,"Old Coin":5},{"OrangePellets":28,"NeowsBlessing":0,"Bronze Scales":7,"Bag of Marbles":7,"Black Star":25,"Membership Card":7,"Burning Blood":0,"Toy Ornithopter":28,"WarpedTongs":1,"Old Coin":16}],"Burning Blood":50,"Toy Ornithopter":0,"WarpedTongs":[34]},"card_choices":[{"not_picked":["Perfected Strike","Anger","Twin Strike"],"picked":"SKIP","floor":1},{"not_picked":["Perfected Strike","Anger"],"picked":"Twin Strike","floor":1},{"not_picked":["Power Through","Anger"],"picked":"Armaments","floor":4},{"not_picked":["Body Slam","Seeing Red"],"picked":"Headbutt","floor":5},{"not_picked":["Reckless Charge","Flex"],"picked":"Evolve","floor":7},{"not_picked":["Fire Breathing","Rupture"],"picked":"Fiend Fire","floor":13},{"not_picked":["Reckless Charge","Rage","Clash"],"picked":"SKIP","floor":14},{"not_picked":["Offering","Double Tap"],"picked":"Limit Break","floor":16},{"not_picked":["Pummel+1","Metallicize","Sword Boomerang"],"picked":"SKIP","floor":18},{"not_picked":["True Grit","Blood for Blood","Intimidate"],"picked":"SKIP","floor":20},{"not_picked":["Hemokinesis+1","Iron Wave+1","Pommel Strike+1"],"picked":"SKIP","floor":21}],"player_experience":508633,"relics_obtained":[{"floor":7,"key":"Bronze Scales"},{"floor":9,"key":"Bag of Marbles"},{"floor":13,"key":"Old Coin"}],"event_choices":[{"damage_healed":0,"gold_gain":0,"player_choice":"Rummage","damage_taken":0,"relics_obtained":["WarpedTongs"],"max_hp_gain":0,"max_hp_loss":0,"event_name":"Accursed Blacksmith","floor":3,"gold_loss":0,"cards_obtained":["Pain"]},{"cards_removed":["Pain"],"damage_healed":0,"gold_gain":0,"player_choice":"Card Removal","damage_taken":7,"max_hp_gain":0,"max_hp_loss":0,"event_name":"Golden Wing","floor":10,"gold_loss":0},{"damage_healed":0,"gold_gain":0,"player_choice":"Ignored","damage_taken":0,"max_hp_gain":0,"max_hp_loss":0,"event_name":"Liars Game","floor":11,"gold_loss":0}],"is_beta":false,"boss_relics":[{"not_picked":["Runic Cube","Empty Cage"],"picked":"Black Star"}],"items_purged_floors":[12,19],"is_endless":false,"potions_floor_spawned":[7,13,14,20,21],"killed_by":"3 Cultists","ascension_level":19}}