{"host":"0tiuc76yumknr6qf","time":1612052008,"event":{"mods":["Aspiration","BaseMod","Bestiary","Colored Map","DeckTracker","Highlight Path","Minty Spire (QoL Compilation)","StSLib"],"gold_per_floor":[362,362,7,26,26,26,38,67,67,86,96,109,109,129,129,207,207,225,275,7,7,25,25,58,58,58,58,88,4,14,25,25,96,96,110,110,110,125,145,178,178,191,191,219,230,245,261,287,287,287,287,287],"floor_reached":51,"language":"ENG","playtime":4935,"items_purged":[],"score":1612,"play_id":"2ecb4f83-d784-47bf-852a-43fdf8fa40db","local_time":"20210130181328","is_ascension_mode":true,"campfire_choices":[{"data":"Darkness","floor":6.0,"key":"SMITH"},{"floor":13.0,"key":"REST"},{"data":"Loop","floor":15,"key":"SMITH"},{"data":"Defragment","floor":23,"key":"SMITH"},{"floor":25,"key":"REST"},{"data":"Consume","floor":32,"key":"SMITH"},{"floor":41,"key":"RECALL"},{"floor":49,"key":"REST"}],"circlet_count":0,"master_deck":["AscendersBane","Zap","Dualcast","Cold Snap","Sunder+1","Darkness+1","Undo","Defragment+1","Cold Snap","Loop+1","Hologram","Lockon","Seek","Stack","Defragment","Tempest","Conserve Battery","Reboot","Skim","Barrage","Chill+1","Bite","Bite","Bite","Bite","Capacitor","Go for the Eyes","Genetic Algorithm","Consume+1","Self Repair","White Noise","Turbo","Machine Learning","Reinforced Body","Capacitor","Compile Driver","Loop","Conserve Battery+1","Loop","Creative AI","Recycle","Core Surge","Coolheaded"],"relics":["Cracked Core","aspiration:FaultyCoupler","Bottled Flame","Happy Flower","Pandora\u0027s Box","aspiration:FrozenJewel","Dream Catcher","Gambling Chip","aspiration:FetidBarrel","aspiration:Stellarator","Orichalcum","The Courier","StoneCalendar"],"acts_visited":["Exordium","TheCity","TheBeyond"],"potions_floor_usage":[16,18,18,33,39,47,47,50],"damage_taken":[{"damage":2.0,"enemies":"Jaw Worm","floor":1.0,"turns":3.0},{"damage":0.0,"enemies":"Small Slimes","floor":4.0,"turns":3.0},{"damage":0.0,"enemies":"Cultist","floor":7.0,"turns":2.0},{"damage":6.0,"enemies":"Gremlin Nob","floor":8.0,"turns":3.0},{"damage":26.0,"enemies":"Exordium Thugs","floor":10.0,"turns":6.0},{"damage":5.0,"enemies":"Large Slime","floor":11.0,"turns":5.0},{"damage":0.0,"enemies":"3 Louse","floor":12.0,"turns":3.0},{"damage":6,"enemies":"Looter","floor":14,"turns":2},{"damage":4,"enemies":"Hexaghost","floor":16,"turns":7},{"damage":21,"enemies":"3 Byrds","floor":18,"turns":6},{"damage":8,"enemies":"Shell Parasite","floor":22,"turns":8},{"damage":46,"enemies":"Book of Stabbing","floor":24,"turns":8},{"damage":9,"enemies":"Gremlin Leader","floor":28,"turns":7},{"damage":17,"enemies":"Snecko","floor":30,"turns":6},{"damage":1,"enemies":"Centurion and Healer","floor":31,"turns":10},{"damage":0,"enemies":"Champ","floor":33,"turns":21},{"damage":0,"enemies":"3 Shapes","floor":35,"turns":5},{"damage":9,"enemies":"Orb Walker","floor":38,"turns":5},{"damage":5,"enemies":"Sphere and 2 Shapes","floor":39,"turns":8},{"damage":1,"enemies":"Nemesis","floor":40,"turns":11},{"damage":13,"enemies":"Spire Growth","floor":42,"turns":8},{"damage":19,"enemies":"Reptomancer","floor":44,"turns":6},{"damage":0,"enemies":"Maw","floor":45,"turns":9},{"damage":34,"enemies":"Sphere and 2 Shapes","floor":46,"turns":8},{"damage":34,"enemies":"Jaw Worm Horde","floor":47,"turns":11},{"damage":17,"enemies":"Nemesis","floor":48,"turns":15},{"damage":26,"enemies":"Time Eater","floor":50,"turns":14},{"damage":40,"enemies":"Awakened One","floor":51,"turns":3}],"seed_played":"-3557272526348040738","potions_obtained":[{"floor":7.0,"key":"Energy Potion"},{"floor":11.0,"key":"CultistPotion"},{"floor":12.0,"key":"Weak Potion"},{"floor":16,"key":"EssenceOfSteel"},{"floor":18,"key":"Strength Potion"},{"floor":30,"key":"Explosive Potion"},{"floor":35,"key":"SpeedPotion"},{"floor":39,"key":"BlessingOfTheForge"},{"floor":40,"key":"Weak Potion"},{"floor":48,"key":"SkillPotion"}],"is_trial":false,"path_per_floor":["M","?","$","M","?","R","M","E","T","M","M","M","R","M","R","B",null,"M","?","$","?","M","R","E","R","T","?","E","$","M","M","R","B",null,"M","?","?","M","M","E","R","M","T","E","M","M","M","E","R","B","B"],"character_chosen":"DEFECT","items_purchased":["aspiration:FaultyCoupler","Sunder","aspiration:FrozenJewel","Self Repair"],"campfire_rested":3,"item_purchase_floors":[3,3,20,29],"current_hp_per_floor":[44,44,44,44,44,44,44,38,38,12,7,7,28,22,22,18,58,37,37,37,37,45,45,5,19,19,19,26,26,22,49,49,49,49,49,49,59,59,58,59,59,54,54,50,59,27,15,17,34,32,0,0],"gold":287,"neow_bonus":"TWO_FIFTY_GOLD","is_daily":false,"chose_seed":false,"campfire_upgraded":4,"win_rate":0.0,"timestamp":1612052008,"path_taken":["M","?","$","M","?","R","?","E","T","M","M","M","R","M","R","BOSS","M","?","$","?","M","R","E","R","T","?","E","$","M","M","R","BOSS","M","?","?","M","M","E","R","?","T","E","M","M","M","E","R","BOSS","BOSS"],"items_purchased_type":["Relic","Card","Relic","Card"],"build_version":"2020-12-22","purchased_purges":0,"victory":false,"max_hp_per_floor":[71,71,71,71,71,71,71,71,71,71,71,71,71,71,71,71,71,71,71,71,49,49,49,49,49,49,49,49,49,49,49,49,49,49,49,49,59,59,59,59,59,59,59,59,59,59,59,59,59,59,59,59],"card_choices":[{"not_picked":["Conserve Battery","Consume"],"picked":"Cold Snap","floor":1.0},{"not_picked":["Turbo","Rip and Tear"],"picked":"Darkness","floor":4.0},{"not_picked":["Scrape","Hologram"],"picked":"Undo","floor":7.0},{"not_picked":["FTL","Sweeping Beam"],"picked":"Defragment","floor":8.0},{"not_picked":["FTL","Double Energy"],"picked":"Cold Snap","floor":10.0},{"not_picked":["Cold Snap","Reinforced Body"],"picked":"Loop","floor":11.0},{"not_picked":["Sunder","Sweeping Beam"],"picked":"Hologram","floor":12.0},{"not_picked":["Doom and Gloom","Blizzard"],"picked":"Lockon","floor":14},{"not_picked":["Reboot","Hyperbeam"],"picked":"Seek","floor":16},{"not_picked":["Streamline","Stack"],"picked":"Chill+1","floor":18},{"not_picked":["Barrage","Beam Cell"],"picked":"Capacitor","floor":22},{"not_picked":["Turbo","Skim"],"picked":"Go for the Eyes","floor":24},{"not_picked":["Turbo","Leap"],"picked":"Genetic Algorithm","floor":25},{"not_picked":["Leap+1","Turbo+1"],"picked":"Consume","floor":28},{"not_picked":["Tempest","Leap"],"picked":"White Noise","floor":30},{"not_picked":["Steam","FTL"],"picked":"Turbo","floor":31},{"not_picked":["Biased Cognition","Meteor Strike"],"picked":"Machine Learning","floor":33},{"not_picked":["Streamline","Static Discharge","Barrage"],"picked":"SKIP","floor":35},{"not_picked":["Chaos","Ball Lightning"],"picked":"Reinforced Body","floor":38},{"not_picked":["Gash","Reprogram"],"picked":"Capacitor","floor":39},{"not_picked":["Conserve Battery","Sweeping Beam"],"picked":"Compile Driver","floor":40},{"not_picked":["Barrage","Self Repair+1"],"picked":"Loop","floor":42},{"not_picked":["Reprogram+1","Doom and Gloom"],"picked":"Conserve Battery+1","floor":44},{"not_picked":["Undo+1","Streamline+1"],"picked":"Loop","floor":45},{"not_picked":["Compile Driver","Reprogram"],"picked":"Creative AI","floor":46},{"not_picked":["Melter","Chill"],"picked":"Recycle","floor":47},{"not_picked":["Rebound","Steam Power"],"picked":"Core Surge","floor":48},{"not_picked":["Leap+1","Conserve Battery"],"picked":"Coolheaded","floor":49}],"player_experience":1909335,"relics_obtained":[{"floor":8.0,"key":"Bottled Flame"},{"floor":9.0,"key":"Happy Flower"},{"floor":24,"key":"Dream Catcher"},{"floor":26,"key":"Gambling Chip"},{"floor":28,"key":"aspiration:FetidBarrel"},{"floor":40,"key":"Orichalcum"},{"floor":44,"key":"The Courier"},{"floor":48,"key":"StoneCalendar"}],"event_choices":[{"damage_healed":0.0,"max_hp_gain":0.0,"max_hp_loss":0.0,"gold_gain":0.0,"event_name":"Shining Light","player_choice":"Ignored","floor":2.0,"gold_loss":0.0,"damage_taken":0.0},{"damage_healed":0.0,"max_hp_gain":0.0,"max_hp_loss":0.0,"gold_gain":0.0,"event_name":"Upgrade Shrine","player_choice":"Upgraded","floor":5.0,"gold_loss":0.0,"damage_taken":0.0,"cards_upgraded":["Sunder"]},{"damage_healed":0,"gold_gain":50,"player_choice":"Stole From Cult","damage_taken":0,"max_hp_gain":0,"max_hp_loss":0,"event_name":"Nest","floor":19,"gold_loss":0},{"damage_healed":0,"gold_gain":0,"player_choice":"Became a vampire","damage_taken":0,"max_hp_gain":0,"max_hp_loss":22,"event_name":"Vampires","floor":21,"gold_loss":0,"cards_obtained":["Bite","Bite","Bite","Bite","Bite"]},{"cards_removed":["Bite"],"damage_healed":0,"gold_gain":0,"player_choice":"Removed Attack","damage_taken":0,"max_hp_gain":0,"max_hp_loss":0,"event_name":"Falling","floor":36,"gold_loss":0},{"cards_removed":["Multi-Cast"],"damage_healed":0,"gold_gain":0,"player_choice":"Offered Rare","damage_taken":0,"max_hp_gain":10,"max_hp_loss":0,"event_name":"Bonfire Elementals","floor":37,"gold_loss":0}],"is_beta":false,"boss_relics":[{"not_picked":["Busted Crown","FrozenCore"],"picked":"Pandora\u0027s Box"},{"not_picked":["Nuclear Battery","aspiration:PoetsPen_weak"],"picked":"aspiration:Stellarator"}],"items_purged_floors":[],"is_endless":false,"potions_floor_spawned":[7,11,12,16,18,30,31,35,39,40,48],"killed_by":"Awakened One","ascension_level":20}}