{"host":"uv5ws9rdk87e8i5k","time":1612064987,"event":{"mods":["AchievementEnabler","BaseMod","Colored Map","Minty Spire (QoL Compilation)","Permanent Neow","Quick Restart","StSLib","SuperFastMode","The Necromancer"],"gold_per_floor":[114,128,138,156,176,202,202,213,237,267,283,310,310,337,337,337,337],"floor_reached":16,"language":"ENG","playtime":418,"items_purged":[],"score":180,"play_id":"d3d96834-5e10-4716-8b89-af57a46a53a4","local_time":"20210130214947","is_ascension_mode":true,"campfire_choices":[{"data":"Havoc","floor":13.0,"key":"SMITH"},{"data":"Bash","floor":15.0,"key":"SMITH"}],"circlet_count":0,"master_deck":["Strike_R","Strike_R","Strike_R","Strike_R","Strike_R","Defend_R","Defend_R","Defend_R","Defend_R","Bash+1","Whirlwind","Battle Trance","Warcry","Twin Strike","Ghostly Armor","Iron Wave","Havoc+1","Headbutt","Headbutt"],"relics":["Burning Blood","Anchor","Bag of Preparation","Gremlin Horn","Regal Pillow","Odd Mushroom"],"acts_visited":["Exordium"],"potions_floor_usage":[16],"damage_taken":[{"damage":6.0,"enemies":"Cultist","floor":1.0,"turns":3.0},{"damage":7.0,"enemies":"2 Louse","floor":2.0,"turns":2.0},{"damage":2.0,"enemies":"Small Slimes","floor":3.0,"turns":4.0},{"damage":8.0,"enemies":"3 Louse","floor":4.0,"turns":2.0},{"damage":7.0,"enemies":"2 Fungi Beasts","floor":5.0,"turns":3.0},{"damage":26.0,"enemies":"Gremlin Nob","floor":6.0,"turns":4.0},{"damage":12.0,"enemies":"Gremlin Gang","floor":8.0,"turns":4.0},{"damage":10.0,"enemies":"3 Sentries","floor":10.0,"turns":5.0},{"damage":21.0,"enemies":"Exordium Thugs","floor":11.0,"turns":6.0},{"damage":25.0,"enemies":"Lagavulin","floor":12.0,"turns":7.0},{"damage":10.0,"enemies":"The Mushroom Lair","floor":14.0,"turns":3.0},{"damage":31,"enemies":"Slime Boss","floor":16,"turns":7}],"seed_played":"-686329817427338282","potions_obtained":[{"floor":2.0,"key":"Strength Potion"},{"floor":4.0,"key":"PowerPotion"},{"floor":6.0,"key":"CultistPotion"},{"floor":12.0,"key":"Dexterity Potion"}],"is_trial":false,"path_per_floor":["M","M","M","M","M","E","?","M","T","E","M","E","R","?","R","B"],"character_chosen":"IRONCLAD","items_purchased":[],"campfire_rested":0,"item_purchase_floors":[],"current_hp_per_floor":[72,71,75,73,72,52,78,72,72,68,53,34,34,30,30,0,0],"gold":337,"neow_bonus":"THREE_CARDS","is_daily":false,"chose_seed":false,"campfire_upgraded":2,"win_rate":0.0,"timestamp":1612064987,"path_taken":["M","M","M","M","M","E","?","M","T","E","M","E","R","?","R","BOSS"],"items_purchased_type":[],"build_version":"2020-12-22","purchased_purges":0,"victory":false,"max_hp_per_floor":[80,80,80,80,80,80,80,80,80,80,80,80,80,80,80,80,80],"card_choices":[{"not_picked":["Pommel Strike","Wild Strike"],"picked":"Whirlwind","floor":0.0},{"not_picked":["Flex","Perfected Strike"],"picked":"Battle Trance","floor":1.0},{"not_picked":["Headbutt","Intimidate"],"picked":"Warcry","floor":2.0},{"not_picked":["Rampage","Flame Barrier"],"picked":"Twin Strike","floor":3.0},{"not_picked":["Clothesline","Body Slam","Burning Pact"],"picked":"SKIP","floor":4.0},{"not_picked":["Wild Strike","Power Through"],"picked":"Ghostly Armor","floor":5.0},{"not_picked":["Burning Pact","Armaments","Blood for Blood"],"picked":"SKIP","floor":6.0},{"not_picked":["Shrug It Off","Dark Embrace","Sword Boomerang"],"picked":"SKIP","floor":8.0},{"not_picked":["Disarm","Impervious"],"picked":"Iron Wave","floor":10.0},{"not_picked":["Blood for Blood","Dropkick"],"picked":"Havoc","floor":11.0},{"not_picked":["Seeing Red","Havoc"],"picked":"Headbutt","floor":12.0},{"not_picked":["Evolve","Intimidate"],"picked":"Headbutt","floor":14.0}],"player_experience":313619,"relics_obtained":[{"floor":6.0,"key":"Anchor"},{"floor":9.0,"key":"Bag of Preparation"},{"floor":10.0,"key":"Gremlin Horn"},{"floor":12.0,"key":"Regal Pillow"},{"floor":14.0,"key":"Odd Mushroom"}],"event_choices":[{"damage_healed":26.0,"max_hp_gain":0.0,"max_hp_loss":0.0,"gold_gain":0.0,"event_name":"Big Fish","player_choice":"Banana","floor":7.0,"gold_loss":0.0,"damage_taken":0.0},{"damage_healed":0.0,"max_hp_gain":0.0,"max_hp_loss":0.0,"gold_gain":0.0,"event_name":"Mushrooms","player_choice":"Fought Mushrooms","floor":14.0,"gold_loss":0.0,"damage_taken":0.0}],"is_beta":false,"boss_relics":[],"items_purged_floors":[],"is_endless":false,"potions_floor_spawned":[2,4,6,12],"killed_by":"Slime Boss","ascension_level":9}}