{"host":"4qkvkh7pd9qr2mca","time":1612108437,"event":{"mods":["AchievementEnabler","Act Like it!","BaseMod","Colored Map","Colored Powertips","Highlight Path","Minty Spire (QoL Compilation)","Pale of the Ancients","Permanent Neow","Quick Restart","Relic Stats","StSLib","SuperFastMode"],"gold_per_floor":[12,25,38,57,71,101,101,101,101],"floor_reached":8,"language":"ENG","playtime":215,"items_purged":[],"score":120,"play_id":"edcca46a-a386-4b2a-872a-908e9a668a08","local_time":"20210131165357","is_ascension_mode":true,"campfire_choices":[],"circlet_count":0,"master_deck":["AscendersBane","Strike_G","Strike_G","Strike_G","Strike_G","Defend_G","Defend_G","Defend_G","Defend_G","Defend_G","Survivor","Neutralize","Die Die Die","Endless Agony","Blade Dance","Blade Dance","Cloak And Dagger","Crippling Poison"],"relics":["Ring of the Snake","HornCleat"],"acts_visited":["Exordium"],"potions_floor_usage":[],"damage_taken":[{"damage":0.0,"enemies":"Cultist","floor":1.0,"turns":4.0},{"damage":0.0,"enemies":"Small Slimes","floor":2.0,"turns":3.0},{"damage":4.0,"enemies":"Jaw Worm","floor":3.0,"turns":3.0},{"damage":3.0,"enemies":"Blue Slaver","floor":4.0,"turns":3.0},{"damage":10.0,"enemies":"3 Louse","floor":5.0,"turns":3.0},{"damage":29.0,"enemies":"Gremlin Nob","floor":6.0,"turns":4.0},{"damage":0,"enemies":"Lagavulin","floor":8,"turns":1}],"seed_played":"7258937628788925067","potions_obtained":[{"floor":1.0,"key":"DuplicationPotion"},{"floor":4.0,"key":"ColorlessPotion"}],"is_trial":false,"path_per_floor":["M","M","M","M","M","E","?","E"],"character_chosen":"THE_SILENT","items_purchased":[],"campfire_rested":0,"item_purchase_floors":[],"current_hp_per_floor":[59,59,55,52,42,13,13,13,13],"gold":101,"neow_bonus":"THREE_RARE_CARDS","is_daily":false,"chose_seed":false,"campfire_upgraded":0,"win_rate":0.0,"timestamp":1612108437,"path_taken":["M","M","M","M","M","E","?","E"],"items_purchased_type":[],"build_version":"2020-12-22","purchased_purges":0,"victory":false,"max_hp_per_floor":[66,66,66,66,66,66,66,66,66],"relic_stats":{"counters":[7,21],"obtain_stats":[{"HornCleat":6,"Ring of the Snake":0},{"HornCleat":6,"Ring of the Snake":0},{"HornCleat":20,"Ring of the Snake":0}],"Ring of the Snake":[12]},"card_choices":[{"not_picked":["Night Terror","Wraith Form v2"],"picked":"Die Die Die","floor":0.0},{"not_picked":["Tactician","Underhanded Strike"],"picked":"Endless Agony","floor":1.0},{"not_picked":["Prepared","Eviscerate"],"picked":"Blade Dance","floor":2.0},{"not_picked":["Bane","Backstab"],"picked":"Blade Dance","floor":3.0},{"not_picked":["Concentrate","Quick Slash"],"picked":"Cloak And Dagger","floor":4.0},{"not_picked":["Eviscerate","Bane"],"picked":"Crippling Poison","floor":5.0},{"not_picked":["Endless Agony","Flechettes","Dagger Spray"],"picked":"SKIP","floor":6.0}],"player_experience":592324,"relics_obtained":[{"floor":6.0,"key":"HornCleat"}],"event_choices":[{"cards_removed":["Strike_G"],"damage_healed":0.0,"max_hp_gain":0.0,"max_hp_loss":0.0,"gold_gain":0.0,"event_name":"Wheel of Change","player_choice":"Card Removal","floor":7.0,"gold_loss":0.0,"damage_taken":0.0}],"is_beta":false,"boss_relics":[],"items_purged_floors":[],"is_endless":false,"potions_floor_spawned":[1,4],"killed_by":"Lagavulin","ascension_level":20}}