{"host":"tjq6rykv202u6iqx","time":1612135156,"event":{"mods":["AchievementEnabler","BaseMod","Minty Spire (QoL Compilation)","Rare Cards Sparkle","Relic Stats"],"gold_per_floor":[113,133,133,151,162,162,182,207,284,310,6,23,38,51,51,126,126,145,34,54,54,54,81,81,115,115,30,30,46,46,73,73,151,151,162,162,133,181,201,201,227,227,252,262,281,281,281,307,307,307,307,307],"floor_reached":51,"language":"ENG","playtime":5521,"items_purged":["Strike_R"],"score":1535,"play_id":"b96b5293-d7eb-4d8c-84e2-ecc6f3719565","local_time":"20210131171916","is_ascension_mode":true,"campfire_choices":[{"data":"Bash","floor":6.0,"key":"SMITH"},{"data":"Whirlwind","floor":15.0,"key":"SMITH"},{"floor":24.0,"key":"REST"},{"floor":30.0,"key":"REST"},{"data":"Juggernaut","floor":32.0,"key":"SMITH"},{"floor":40.0,"key":"REST"},{"data":"Battle Trance","floor":42.0,"key":"SMITH"},{"floor":46.0,"key":"RECALL"},{"floor":49.0,"key":"REST"}],"circlet_count":0,"master_deck":["AscendersBane","Bash+1","Headbutt+1","Iron Wave","Flame Barrier","Pummel","Flex","Dual Wield","Wild Strike","Shrug It Off","Brutality","Whirlwind+1","Fire Breathing","Ghostly Armor","Anger","True Grit","Corruption","Evolve+1","Wild Strike","Juggernaut+1","Battle Trance+1","Ghostly Armor","Clash+1","Armaments+1","Limit Break","Exhume","Offering","Sentinel","Burning Pact","Seeing Red","Shrug It Off+1","Dark Embrace","Iron Wave+1","Parasite","Power Through","Clothesline","Feed","Sentinel","Master of Strategy","Finesse","True Grit+1"],"relics":["Burning Blood","Pen Nib","Shuriken","Charon\u0027s Ashes","Membership Card","Whetstone","Cursed Key","Medical Kit","Regal Pillow","Vajra","Toy Ornithopter","Red Mask","Pandora\u0027s Box","Prayer Wheel","Ancient Tea Set","Bag of Preparation"],"acts_visited":["Exordium","TheCity","TheBeyond"],"potions_floor_usage":[51],"damage_taken":[{"damage":9.0,"enemies":"Jaw Worm","floor":1.0,"turns":5.0},{"damage":2.0,"enemies":"2 Louse","floor":2.0,"turns":3.0},{"damage":0.0,"enemies":"Small Slimes","floor":4.0,"turns":3.0},{"damage":11.0,"enemies":"Looter","floor":5.0,"turns":3.0},{"damage":22.0,"enemies":"Large Slime","floor":7.0,"turns":7.0},{"damage":23.0,"enemies":"Lagavulin","floor":8.0,"turns":7.0},{"damage":25.0,"enemies":"Gremlin Nob","floor":10.0,"turns":4.0},{"damage":9.0,"enemies":"Lots of Slimes","floor":12.0,"turns":3.0},{"damage":0.0,"enemies":"3 Louse","floor":13.0,"turns":3.0},{"damage":1.0,"enemies":"Looter","floor":14.0,"turns":2.0},{"damage":6.0,"enemies":"Slime Boss","floor":16.0,"turns":6.0},{"damage":10.0,"enemies":"Spheric Guardian","floor":18.0,"turns":4.0},{"damage":6.0,"enemies":"3 Byrds","floor":20.0,"turns":5.0},{"damage":42.0,"enemies":"Book of Stabbing","floor":23.0,"turns":5.0},{"damage":51.0,"enemies":"Slavers","floor":25.0,"turns":4.0},{"damage":0.0,"enemies":"Centurion and Healer","floor":29.0,"turns":4.0},{"damage":0.0,"enemies":"Masked Bandits","floor":31.0,"turns":2.0},{"damage":37.0,"enemies":"Collector","floor":33.0,"turns":7.0},{"damage":28.0,"enemies":"3 Darklings","floor":35.0,"turns":4.0},{"damage":28.0,"enemies":"2 Orb Walkers","floor":38.0,"turns":4.0},{"damage":18.0,"enemies":"3 Shapes","floor":39.0,"turns":5.0},{"damage":12.0,"enemies":"Giant Head","floor":41.0,"turns":4.0},{"damage":0.0,"enemies":"Writhing Mass","floor":44.0,"turns":4.0},{"damage":16.0,"enemies":"Spire Growth","floor":45.0,"turns":3.0},{"damage":29.0,"enemies":"Nemesis","floor":48.0,"turns":5.0},{"damage":44.0,"enemies":"Time Eater","floor":50.0,"turns":8.0},{"damage":25,"enemies":"Donu and Deca","floor":51,"turns":4}],"seed_played":"-2029573493383999322","potions_obtained":[{"floor":1.0,"key":"BloodPotion"},{"floor":4.0,"key":"BlessingOfTheForge"},{"floor":7.0,"key":"DuplicationPotion"},{"floor":10.0,"key":"AttackPotion"},{"floor":23.0,"key":"Dexterity Potion"},{"floor":29.0,"key":"Strength Potion"},{"floor":31.0,"key":"DistilledChaos"},{"floor":39.0,"key":"Strength Potion"},{"floor":41.0,"key":"DistilledChaos"},{"floor":45.0,"key":"GamblersBrew"},{"floor":48.0,"key":"Block Potion"}],"is_trial":false,"path_per_floor":["M","M","?","M","M","R","M","E","T","E","$","M","M","M","R","B",null,"M","$","M","?","?","E","R","E","T","?","?","M","R","?","R","B",null,"M","?","$","?","M","R","E","R","T","M","M","R","?","E","R","B","B"],"character_chosen":"IRONCLAD","items_purchased":["Membership Card","Whetstone","Fire Breathing","Medical Kit","Wild Strike","Swift Potion"],"campfire_rested":4,"item_purchase_floors":[11,11,11,19,19,37],"current_hp_per_floor":[65,68,68,68,63,63,60,43,43,24,24,21,27,32,32,32,59,55,55,55,55,55,19,54,9,9,9,9,15,50,56,56,30,59,37,37,37,20,8,42,36,36,36,42,32,32,27,9,43,10,0,0],"gold":307,"neow_bonus":"TRANSFORM_TWO_CARDS","is_daily":false,"chose_seed":false,"campfire_upgraded":4,"win_rate":0.0,"timestamp":1612135156,"path_taken":["M","M","?","M","M","R","M","E","T","E","$","M","M","M","R","BOSS","M","$","M","?","?","E","R","E","T","?","?","?","R","?","R","BOSS","M","?","$","?","M","R","E","R","T","M","M","R","?","E","R","BOSS","BOSS"],"items_purchased_type":["Relic","Relic","Card","Relic","Card","Potion"],"build_version":"2020-12-22","purchased_purges":1,"victory":false,"max_hp_per_floor":[68,68,68,68,68,68,68,68,68,68,68,68,68,68,68,68,68,68,68,68,68,68,68,68,68,68,68,68,68,68,68,68,68,68,68,65,65,65,65,65,65,65,65,65,65,65,65,65,65,65,65,65],"relic_stats":{"Regal Pillow":60,"counters":[27,118],"Pen Nib":[15],"Charon\u0027s Ashes":[686],"Bag of Preparation":[4],"Whetstone":["Strike_R","Headbutt"],"Cursed Key":1,"Medical Kit":[29],"Burning Blood":149,"Shuriken":[23],"Pandora\u0027s Box":["Exhume","Offering","Sentinel","Burning Pact","Seeing Red"],"Prayer Wheel":3,"obtain_stats":[{"Regal Pillow":23,"Vajra":25,"Pen Nib":8,"Charon\u0027s Ashes":10,"Bag of Preparation":48,"Whetstone":11,"Cursed Key":17,"Medical Kit":19,"Ancient Tea Set":41,"Burning Blood":0,"Shuriken":9,"Pandora\u0027s Box":34,"Prayer Wheel":38,"Red Mask":31,"Membership Card":11,"Toy Ornithopter":27},{"Regal Pillow":14,"Vajra":15,"Pen Nib":6,"Charon\u0027s Ashes":7,"Bag of Preparation":25,"Whetstone":7,"Cursed Key":11,"Medical Kit":12,"Ancient Tea Set":22,"Burning Blood":0,"Shuriken":6,"Pandora\u0027s Box":18,"Prayer Wheel":20,"Red Mask":17,"Membership Card":7,"Toy Ornithopter":15},{"Regal Pillow":60,"Vajra":64,"Pen Nib":28,"Charon\u0027s Ashes":32,"Bag of Preparation":106,"Whetstone":32,"Cursed Key":46,"Medical Kit":50,"Ancient Tea Set":94,"Burning Blood":0,"Shuriken":28,"Pandora\u0027s Box":77,"Prayer Wheel":85,"Red Mask":70,"Membership Card":32,"Toy Ornithopter":64}],"Toy Ornithopter":25},"card_choices":[{"not_picked":["Combust","Infernal Blade"],"picked":"Flame Barrier","floor":1.0},{"not_picked":["Sentinel","Sword Boomerang"],"picked":"Pummel","floor":2.0},{"not_picked":["Perfected Strike","Reckless Charge"],"picked":"Dual Wield","floor":4.0},{"not_picked":["Shrug It Off","Body Slam"],"picked":"Wild Strike","floor":5.0},{"not_picked":["Iron Wave","Clash"],"picked":"Shrug It Off","floor":7.0},{"not_picked":["Twin Strike","Shrug It Off"],"picked":"Brutality","floor":8.0},{"not_picked":["Rage","Body Slam"],"picked":"Whirlwind","floor":10.0},{"not_picked":["Shrug It Off","Body Slam"],"picked":"Ghostly Armor","floor":12.0},{"not_picked":["Havoc","Heavy Blade"],"picked":"Anger","floor":13.0},{"not_picked":["Clash","Anger"],"picked":"True Grit","floor":14.0},{"not_picked":["Impervious","Offering"],"picked":"Corruption","floor":16.0},{"not_picked":["Clash","Twin Strike+1"],"picked":"Evolve","floor":18.0},{"not_picked":["Warcry","Dual Wield","Cleave"],"picked":"SKIP","floor":20.0},{"not_picked":["Clothesline","Pummel"],"picked":"Battle Trance","floor":23.0},{"not_picked":["Flex","Bludgeon"],"picked":"Ghostly Armor","floor":25.0},{"not_picked":["Anger","Cleave+1"],"picked":"Clash+1","floor":29.0},{"not_picked":["Bloodletting","Hemokinesis"],"picked":"Armaments+1","floor":31.0},{"not_picked":["Bludgeon","Double Tap"],"picked":"Limit Break","floor":33.0},{"not_picked":["Headbutt","Anger","Warcry"],"picked":"SKIP","floor":35.0},{"not_picked":["Combust+1","Perfected Strike"],"picked":"Shrug It Off+1","floor":38.0},{"not_picked":["Iron Wave","Body Slam"],"picked":"Dark Embrace","floor":39.0},{"not_picked":["Hemokinesis+1","Pummel"],"picked":"Iron Wave+1","floor":39.0},{"not_picked":["Clash","Rage","Thunderclap+1"],"picked":"SKIP","floor":41.0},{"not_picked":["Clash","Rage","Thunderclap+1"],"picked":"SKIP","floor":41.0},{"not_picked":["Sever Soul+1","Sword Boomerang"],"picked":"Power Through","floor":44.0},{"not_picked":["Clash","Blood for Blood"],"picked":"Clothesline","floor":44.0},{"not_picked":["Iron Wave","Havoc"],"picked":"Feed","floor":45.0},{"not_picked":["Sever Soul","Shrug It Off"],"picked":"Sentinel","floor":45.0},{"not_picked":["Finesse","Thinking Ahead"],"picked":"Master of Strategy","floor":47.0},{"not_picked":["Trip","Deep Breath"],"picked":"Finesse","floor":47.0},{"not_picked":["Searing Blow","Cleave+1"],"picked":"True Grit+1","floor":48.0}],"player_experience":898724,"relics_obtained":[{"floor":8.0,"key":"Pen Nib"},{"floor":9.0,"key":"Shuriken"},{"floor":10.0,"key":"Charon\u0027s Ashes"},{"floor":23.0,"key":"Regal Pillow"},{"floor":25.0,"key":"Vajra"},{"floor":31.0,"key":"Red Mask"},{"floor":38.0,"key":"Prayer Wheel"},{"floor":41.0,"key":"Ancient Tea Set"},{"floor":48.0,"key":"Bag of Preparation"}],"event_choices":[{"damage_healed":0.0,"max_hp_gain":0.0,"max_hp_loss":0.0,"gold_gain":0.0,"cards_transformed":["Strike_R"],"event_name":"Living Wall","player_choice":"Change","floor":3.0,"gold_loss":0.0,"damage_taken":0.0,"cards_obtained":["Flex"]},{"damage_healed":0.0,"max_hp_gain":0.0,"max_hp_loss":0.0,"gold_gain":0.0,"event_name":"Back to Basics","player_choice":"Simplicity","floor":21.0,"gold_loss":0.0,"damage_taken":0.0,"cards_upgraded":["Strike_R","Defend_R","Defend_R","Defend_R"]},{"damage_healed":0.0,"max_hp_gain":0.0,"max_hp_loss":0.0,"gold_gain":0.0,"event_name":"The Library","player_choice":"Read","floor":22.0,"gold_loss":0.0,"damage_taken":0.0,"cards_obtained":["Juggernaut"]},{"damage_healed":0.0,"max_hp_gain":0.0,"max_hp_loss":0.0,"gold_gain":0.0,"event_name":"Addict","player_choice":"Obtained Relic","floor":27.0,"gold_loss":85.0,"damage_taken":0.0,"relics_obtained":["Toy Ornithopter"]},{"damage_healed":0.0,"max_hp_gain":0.0,"max_hp_loss":0.0,"gold_gain":0.0,"event_name":"Upgrade Shrine","player_choice":"Upgraded","floor":28.0,"gold_loss":0.0,"damage_taken":0.0,"cards_upgraded":["Evolve"]},{"damage_healed":0.0,"max_hp_gain":0.0,"max_hp_loss":0.0,"gold_gain":0.0,"event_name":"Masked Bandits","player_choice":"Fought Bandits","floor":31.0,"gold_loss":0.0,"damage_taken":0.0},{"damage_healed":0.0,"max_hp_gain":0.0,"max_hp_loss":3.0,"gold_gain":0.0,"event_name":"Winding Halls","player_choice":"Max HP","floor":36.0,"gold_loss":0.0,"damage_taken":0.0},{"damage_healed":0.0,"max_hp_gain":0.0,"max_hp_loss":0.0,"gold_gain":0.0,"event_name":"Mysterious Sphere","player_choice":"Fight","floor":38.0,"gold_loss":0.0,"damage_taken":0.0},{"damage_healed":0.0,"max_hp_gain":0.0,"max_hp_loss":0.0,"gold_gain":0.0,"event_name":"SensoryStone","player_choice":"Memory 2","floor":47.0,"gold_loss":0.0,"damage_taken":5.0}],"is_beta":false,"boss_relics":[{"not_picked":["Fusion Hammer","Astrolabe"],"picked":"Cursed Key"},{"not_picked":["Busted Crown","Coffee Dripper"],"picked":"Pandora\u0027s Box"}],"items_purged_floors":[11],"is_endless":false,"potions_floor_spawned":[1,4,7,10,23,29,31,39,41,45,48],"killed_by":"Donu and Deca","ascension_level":20}}