{"host":"6xsbn6ynqlzwllfm","time":1612108987,"event":{"mods":["2.2 Compatiblity","BaseMod","Bestiary","Colored Map","Colored Powertips","Curses Come First","Highlight Path","Keyboard Shortcuts","Minty Spire (QoL Compilation)","Relic Stats","Slay the Relics Exporter","StSLib","SuperFastMode"],"gold_per_floor":[12,28,28,48,48,78,90,121,121,150,167,184,216,272,272,347,347,361,378,378,558,572,572,572],"floor_reached":23,"language":"ENG","playtime":1044,"items_purged":[],"score":496,"play_id":"65cb078e-6bb4-46a3-9319-712dcbb0c06a","local_time":"20210131110307","is_ascension_mode":true,"campfire_choices":[{"floor":15.0,"key":"REST"}],"circlet_count":0,"master_deck":["AscendersBane","Strike_P","Strike_P","Strike_P","Strike_P","Defend_P","Defend_P","Defend_P","Defend_P","Eruption","Vigilance","EmptyFist","SandsOfTime","Vault","LikeWater","Conclude","CrushJoints","Wallop","FollowUp","Blasphemy","FollowUp"],"relics":["PureWater","Pocketwatch","Blood Vial","Orichalcum","Bottled Flame","Lantern","Mummified Hand","PreservedInsect","Kunai","Cursed Key","MutagenicStrength"],"acts_visited":["Exordium","TheCity"],"potions_floor_usage":[22],"damage_taken":[{"damage":12.0,"enemies":"Small Slimes","floor":1.0,"turns":4.0},{"damage":1.0,"enemies":"Cultist","floor":2.0,"turns":3.0},{"damage":7.0,"enemies":"Jaw Worm","floor":4.0,"turns":3.0},{"damage":10.0,"enemies":"Gremlin Nob","floor":6.0,"turns":3.0},{"damage":2.0,"enemies":"2 Fungi Beasts","floor":7.0,"turns":4.0},{"damage":9.0,"enemies":"3 Sentries","floor":8.0,"turns":6.0},{"damage":27.0,"enemies":"Gremlin Nob","floor":10.0,"turns":5.0},{"damage":2.0,"enemies":"Blue Slaver","floor":11.0,"turns":5.0},{"damage":0.0,"enemies":"Lots of Slimes","floor":12.0,"turns":2.0},{"damage":0.0,"enemies":"3 Sentries","floor":13.0,"turns":7.0},{"damage":5.0,"enemies":"Lagavulin Event","floor":14.0,"turns":4.0},{"damage":17,"enemies":"Hexaghost","floor":16,"turns":11},{"damage":5,"enemies":"Spheric Guardian","floor":18,"turns":4},{"damage":9,"enemies":"Shell Parasite","floor":19,"turns":3},{"damage":0,"enemies":"Chosen and Byrds","floor":22,"turns":7},{"damage":30,"enemies":"Shelled Parasite and Fungi","floor":23,"turns":3}],"seed_played":"6656648457749431086","potions_obtained":[{"floor":2.0,"key":"Energy Potion"},{"floor":4.0,"key":"BlessingOfTheForge"},{"floor":7.0,"key":"SteroidPotion"},{"floor":11.0,"key":"ColorlessPotion"},{"floor":12.0,"key":"Strength Potion"},{"floor":13.0,"key":"AttackPotion"},{"floor":16,"key":"Energy Potion"},{"floor":18,"key":"FearPotion"},{"floor":19,"key":"LiquidMemories"}],"is_trial":false,"path_per_floor":["M","M","?","M","$","E","M","E","T","E","M","M","E","?","R","B",null,"M","M","?","?","M","M"],"character_chosen":"WATCHER","items_purchased":[],"campfire_rested":1,"item_purchase_floors":[],"current_hp_per_floor":[49,48,48,43,43,35,35,28,28,3,3,5,7,4,24,9,53,50,43,43,24,26,0,0],"gold":572,"neow_bonus":"ONE_RARE_RELIC","is_daily":false,"chose_seed":false,"campfire_upgraded":0,"win_rate":0.0,"timestamp":1612108987,"path_taken":["M","M","?","M","$","E","M","E","T","E","M","?","E","?","R","BOSS","M","M","?","?","M","?"],"items_purchased_type":[],"build_version":"2020-12-22","purchased_purges":0,"victory":false,"max_hp_per_floor":[68,68,68,68,68,68,68,68,68,68,68,68,68,68,68,68,68,68,68,68,68,68,68,68],"relic_stats":{"Blood Vial":28,"counters":[16,74],"Mummified Hand":[11],"PreservedInsect":29,"Kunai":[17],"Orichalcum":[108],"Cursed Key":0,"obtain_stats":[{"Blood Vial":3,"Bottled Flame":8,"Lantern":9,"Mummified Hand":10,"MutagenicStrength":20,"PreservedInsect":13,"Kunai":14,"PureWater":0,"Orichalcum":6,"Cursed Key":17,"Pocketwatch":0},{"Blood Vial":2,"Bottled Flame":6,"Lantern":6,"Mummified Hand":7,"MutagenicStrength":14,"PreservedInsect":10,"Kunai":10,"PureWater":0,"Orichalcum":4,"Cursed Key":12,"Pocketwatch":0},{"Blood Vial":7,"Bottled Flame":23,"Lantern":23,"Mummified Hand":28,"MutagenicStrength":64,"PreservedInsect":42,"Kunai":42,"PureWater":0,"Orichalcum":13,"Cursed Key":57,"Pocketwatch":0}],"Pocketwatch":[117]},"card_choices":[{"not_picked":["Crescendo","EmptyMind"],"picked":"EmptyFist","floor":1.0},{"not_picked":["Halt","Vengeance"],"picked":"SandsOfTime","floor":6.0},{"not_picked":["CrushJoints","TalkToTheHand"],"picked":"Vault","floor":7.0},{"not_picked":["Sanctity","FlurryOfBlows"],"picked":"LikeWater","floor":8.0},{"not_picked":["FollowUp","SashWhip"],"picked":"Conclude","floor":10.0},{"not_picked":["Crescendo","SashWhip"],"picked":"CrushJoints","floor":11.0},{"not_picked":["CutThroughFate","CarveReality"],"picked":"Wallop","floor":12.0},{"not_picked":["JustLucky","BowlingBash"],"picked":"FollowUp","floor":13.0},{"not_picked":["Establishment","SpiritShield"],"picked":"Blasphemy","floor":16},{"not_picked":["PathToVictory","EmptyBody"],"picked":"FollowUp","floor":19}],"player_experience":1355729,"relics_obtained":[{"floor":6.0,"key":"Orichalcum"},{"floor":8.0,"key":"Bottled Flame"},{"floor":9.0,"key":"Lantern"},{"floor":10.0,"key":"Mummified Hand"},{"floor":13.0,"key":"PreservedInsect"}],"event_choices":[{"damage_healed":0.0,"max_hp_gain":0.0,"max_hp_loss":0.0,"gold_gain":0.0,"event_name":"WeMeetAgain","player_choice":"Gave Potion","floor":3.0,"gold_loss":0.0,"damage_taken":0.0,"relics_obtained":["Blood Vial"]},{"damage_healed":0.0,"max_hp_gain":0.0,"max_hp_loss":0.0,"gold_gain":0.0,"event_name":"Dead Adventurer","player_choice":"Searched \u00272\u0027 times","floor":14.0,"gold_loss":0.0,"damage_taken":0.0,"relics_obtained":["Kunai"]},{"damage_healed":0,"gold_gain":0,"player_choice":"Inject Mutagens","damage_taken":0,"relics_obtained":["MutagenicStrength"],"max_hp_gain":0,"max_hp_loss":0,"event_name":"Drug Dealer","floor":20,"gold_loss":0},{"damage_healed":0,"gold_gain":180,"player_choice":"GOLD GOLD ","damage_taken":19,"max_hp_gain":0,"max_hp_loss":0,"event_name":"Knowing Skull","floor":21,"potions_obtained":[],"gold_loss":0,"cards_obtained":[]}],"is_beta":false,"boss_relics":[{"not_picked":["SacredBark","Astrolabe"],"picked":"Cursed Key"}],"items_purged_floors":[],"is_endless":false,"potions_floor_spawned":[2,4,7,11,12,13,16,18,19],"killed_by":"Shelled Parasite and Fungi","ascension_level":20}}