{"host":"bp73yv6vym73vckj","time":1612090224,"event":{"mods":["BaseMod","Colored Powertips","Conspire","Downfall","Hermit","Highlight Path","Hubris","Infinite Spire","Ironclad Rager","Minty Spire (QoL Compilation)","Quick Restart","Replay The Spire","StSLib","The Construct","The Cursed","The Hierophant","The IronCluck","The Runesmith"],"gold_per_floor":[99,118,131,150,150,179,206,216,230,243,278,289,299,299,312,312,312,312],"floor_reached":16,"language":"ENG","playtime":1148,"items_purged":[],"score":118,"play_id":"3efff177-cb8e-4289-bbf6-badd8f935596","local_time":"20210131055024","is_ascension_mode":false,"campfire_choices":[{"floor":1,"key":"DIG"}],"circlet_count":0,"master_deck":["bronze:Strike","bronze:Strike","bronze:Strike","bronze:Strike","bronze:Defend","bronze:Defend","bronze:Defend","bronze:Defend+1","bronze:Replicate","bronze:Goto","bronze:Frontload","bronze:FineTuning","bronze:GetLatest","ReplayTheSpireMod:Private Reserves","bronze:BronzeOrb","bronze:CutThrough+1","bronze:ForLoop","bronze:ThunderWave+1","bronze:ForceShield","bronze:MaxOutput","bronze:WhirlingStrike","downfall:Malfunctioning","bronze:Iterate"],"relics":["bronze:BronzeCore","bronze:ProtectiveGoggles","Oddly Smooth Stone","bronze:SilverBullet","Replay:PocketPolymizer"],"acts_visited":["Exordium"],"potions_floor_usage":[],"damage_taken":[{"damage":0,"enemies":"2 Louse","floor":2,"turns":3},{"damage":1,"enemies":"Cultist","floor":3,"turns":3},{"damage":5,"enemies":"Small Slimes","floor":4,"turns":5},{"damage":16,"enemies":"Lagavulin","floor":6,"turns":8},{"damage":0,"enemies":"2 Fungi Beasts","floor":8,"turns":4},{"damage":0,"enemies":"Blue Slaver","floor":9,"turns":5},{"damage":0,"enemies":"3 Louse","floor":10,"turns":3},{"damage":35,"enemies":"Gremlin Nob","floor":11,"turns":6},{"damage":1,"enemies":"Red Slaver","floor":12,"turns":5},{"damage":0,"enemies":"Large Slime","floor":13,"turns":5},{"damage":0,"enemies":"Lots of Slimes","floor":15,"turns":1},{"damage":35,"enemies":"IC_STATUS_ARCHETYPE","floor":16,"turns":8}],"seed_played":"-5893071663477570932","potions_obtained":[{"floor":4,"key":"SkillPotion"},{"floor":6,"key":"Weak Potion"},{"floor":11,"key":"bronze:FreeFunctionsPotion"},{"floor":12,"key":"Energy Potion"}],"is_trial":false,"path_per_floor":["R","M","M","M","?","E","T","M","M","M","E","M","M","?","M","B"],"character_chosen":"THE_AUTOMATON","items_purchased":[],"campfire_rested":0,"item_purchase_floors":[],"current_hp_per_floor":[77,77,76,71,71,55,55,55,55,55,20,19,19,19,19,0,0,0],"gold":312,"neow_bonus":"TEN_PERCENT_HP_BONUS","is_daily":false,"chose_seed":false,"campfire_upgraded":0,"win_rate":0.0,"timestamp":1612090224,"path_taken":["R","M","M","M","?","E","T","?","M","M","E","M","M","?","M","BOSS"],"items_purchased_type":[],"build_version":"2020-12-22","purchased_purges":0,"victory":false,"max_hp_per_floor":[77,77,77,77,77,77,77,77,77,77,77,77,77,77,77,77,77,77],"card_choices":[{"not_picked":["bronze:Return","bronze:Boost"],"picked":"bronze:Frontload","floor":2},{"not_picked":["bronze:NullPointer","bronze:BugBarrage"],"picked":"bronze:FineTuning","floor":3},{"not_picked":["bronze:Overheat","bronze:DigitalCarnage"],"picked":"bronze:GetLatest","floor":4},{"not_picked":["bronze:Shield","bronze:WildBeam"],"picked":"bronze:BronzeOrb","floor":6},{"not_picked":["bronze:Turbo","bronze:Iterate"],"picked":"bronze:CutThrough","floor":8},{"not_picked":["bronze:Deprecate","bronze:Shield"],"picked":"bronze:ForLoop","floor":9},{"not_picked":["bronze:OilSpill","bronze:Invalidate"],"picked":"bronze:ThunderWave","floor":10},{"not_picked":["bronze:CloningBeam","bronze:Backtrace"],"picked":"bronze:ForceShield","floor":11},{"not_picked":["bronze:BugBarrage","bronze:Philosophize"],"picked":"bronze:MaxOutput","floor":12},{"not_picked":["bronze:BugBarrage","bronze:Shield"],"picked":"bronze:WhirlingStrike","floor":13},{"not_picked":["bronze:BronzeArmor","bronze:Safeguard"],"picked":"bronze:Iterate","floor":15}],"player_experience":1005629,"relics_obtained":[{"floor":1,"key":"bronze:ProtectiveGoggles"},{"floor":6,"key":"Oddly Smooth Stone"},{"floor":7,"key":"bronze:SilverBullet"},{"floor":11,"key":"Replay:PocketPolymizer"}],"event_choices":[],"is_beta":false,"boss_relics":[],"items_purged_floors":[],"is_endless":false,"potions_floor_spawned":[4,6,11,12],"killed_by":"IC_STATUS_ARCHETYPE","ascension_level":0}}