{"host":"xvjtz0l6trtfk8cl","time":1612105825,"event":{"mods":["BaseMod","Better Altar","Better Note","Better Third Choice","Downfall","Fox Events","Hermit","Magitek Elite","Minty Spire (QoL Compilation)","Morshu Shopkeeper","Morshu Shopkeeper - ENHANCED","Reliquary","StSLib","The Bladedancer","The Death Knight","The Dragonkin","The Hierophant","The Necromancer","Waifu the Spire"],"gold_per_floor":[119,136,15,90,90,116,116,151,201,221,240,258,258,272,272,368,368,368,368,368,368,368,368,368,368,368,368,368,368,368,368,368,368,368],"floor_reached":33,"language":"ENG","playtime":2149,"items_purged":["Defend_R"],"score":279,"play_id":"3eea89ee-43fd-4087-a753-8325b1037287","local_time":"20210131091025","is_ascension_mode":false,"campfire_choices":[{"data":"Armaments","floor":7,"key":"SMITH"},{"floor":15,"key":"REST"},{"data":"Berserk","floor":23,"key":"SMITH"},{"data":"Demon Form","floor":27,"key":"SMITH"},{"floor":32,"key":"REST"}],"circlet_count":0,"master_deck":["Strike_R+1","Strike_R","Strike_R","Strike_R","Strike_R","Defend_R","Defend_R","Defend_R","Bash+1","Heavy Blade","Armaments+1","Shrug It Off","Berserk+1","Power Through","Ghostly Armor+1","Demon Form+1"],"relics":["Burning Blood","Whetstone","Bag of Preparation","Regal Pillow","Ectoplasm","CaptainsWheel","Darkstone Periapt","Letter Opener"],"acts_visited":["Exordium","TheCity"],"potions_floor_usage":[6,8,14,16,25,31],"damage_taken":[{"damage":0,"enemies":"Small Slimes","floor":1,"turns":4},{"damage":0,"enemies":"2 Louse","floor":2,"turns":2},{"damage":27,"enemies":"3 Sentries","floor":6,"turns":9},{"damage":14,"enemies":"Gremlin Nob","floor":8,"turns":3},{"damage":0,"enemies":"Cultist","floor":10,"turns":3},{"damage":6,"enemies":"3 Louse","floor":11,"turns":3},{"damage":15,"enemies":"Large Slime","floor":12,"turns":6},{"damage":6,"enemies":"Exordium Wildlife","floor":14,"turns":5},{"damage":79,"enemies":"Hexaghost","floor":16,"turns":10},{"damage":1,"enemies":"Chosen","floor":18,"turns":6},{"damage":36,"enemies":"3 Byrds","floor":20,"turns":6},{"damage":14,"enemies":"Centurion and Healer","floor":22,"turns":8},{"damage":46,"enemies":"Book of Stabbing","floor":24,"turns":8},{"damage":18,"enemies":"Snake Plant","floor":25,"turns":4},{"damage":7,"enemies":"3 Cultists","floor":29,"turns":5},{"damage":1,"enemies":"Cultist and Chosen","floor":31,"turns":4},{"damage":96,"enemies":"Collector","floor":33,"turns":6}],"seed_played":"-5308678155880382163","potions_obtained":[{"floor":1,"key":"Fire Potion"},{"floor":2,"key":"Strength Potion"},{"floor":5,"key":"EssenceOfSteel"},{"floor":5,"key":"FairyPotion"},{"floor":8,"key":"EssenceOfSteel"},{"floor":14,"key":"DistilledChaos"},{"floor":24,"key":"Strength Potion"},{"floor":29,"key":"Fire Potion"}],"is_trial":false,"path_per_floor":["M","M","$","?","?","E","R","E","T","M","M","M","?","M","R","B",null,"M","?","M","?","M","R","E","M","T","R","$","M","$","M","R","B"],"character_chosen":"IRONCLAD","items_purchased":["Shrug It Off"],"campfire_rested":2,"item_purchase_floors":[3],"current_hp_per_floor":[88,88,88,77,77,56,56,48,48,54,54,45,45,45,86,13,88,88,88,58,58,50,50,10,31,31,31,31,30,30,35,76,0,0],"gold":368,"neow_bonus":"TEN_PERCENT_HP_BONUS","is_daily":false,"chose_seed":false,"campfire_upgraded":3,"win_rate":0.0,"timestamp":1612105825,"path_taken":["M","M","$","?","?","E","R","E","T","?","M","M","?","M","R","BOSS","M","?","M","?","M","R","E","M","T","R","$","M","$","M","R","BOSS"],"items_purchased_type":["Card"],"build_version":"2020-12-22","purchased_purges":1,"victory":false,"max_hp_per_floor":[88,88,88,88,88,88,88,88,88,88,88,88,88,88,88,88,88,88,88,88,88,88,88,88,88,88,88,88,88,88,88,88,88,88],"card_choices":[{"not_picked":["Shockwave","Clothesline"],"picked":"Heavy Blade","floor":1},{"not_picked":["Shockwave","Thunderclap"],"picked":"Armaments","floor":2},{"not_picked":["Warcry","Heavy Blade","Infernal Blade"],"picked":"SKIP","floor":6},{"not_picked":["Flex","Flame Barrier"],"picked":"Berserk","floor":8},{"not_picked":["Sever Soul","Iron Wave","Thunderclap"],"picked":"SKIP","floor":10},{"not_picked":["Perfected Strike","Warcry","Burning Pact"],"picked":"SKIP","floor":11},{"not_picked":["Shrug It Off","Rage","Flame Barrier"],"picked":"SKIP","floor":12},{"not_picked":["Reckless Charge","Clash"],"picked":"Power Through","floor":14},{"not_picked":["Headbutt","Armaments","Spot Weakness+1"],"picked":"SKIP","floor":18},{"not_picked":["Thunderclap","Pommel Strike","Anger"],"picked":"SKIP","floor":20},{"not_picked":["Perfected Strike","Pommel Strike"],"picked":"Ghostly Armor+1","floor":22},{"not_picked":["Iron Wave","Anger+1"],"picked":"Demon Form","floor":24},{"not_picked":["Anger","Clothesline","Warcry"],"picked":"SKIP","floor":25},{"not_picked":["Pummel","Shrug It Off","Clothesline"],"picked":"SKIP","floor":29},{"not_picked":["Flex","Clothesline","Pummel"],"picked":"SKIP","floor":31}],"player_experience":48999,"relics_obtained":[{"floor":6,"key":"Whetstone"},{"floor":8,"key":"Bag of Preparation"},{"floor":9,"key":"Regal Pillow"},{"floor":24,"key":"Darkstone Periapt"},{"floor":26,"key":"Letter Opener"}],"event_choices":[{"damage_healed":0,"gold_gain":75,"player_choice":"Gold","damage_taken":11,"max_hp_gain":0,"max_hp_loss":0,"event_name":"betterThird:BetterGoop","floor":4,"gold_loss":0},{"damage_healed":0,"gold_gain":0,"player_choice":"Got Potions","damage_taken":0,"max_hp_gain":0,"max_hp_loss":0,"event_name":"Lab","floor":5,"gold_loss":0},{"cards_removed":["Power Through"],"damage_healed":0,"gold_gain":0,"player_choice":"Give","damage_taken":0,"max_hp_gain":0,"max_hp_loss":0,"event_name":"betterNote:BetterNote","floor":19,"gold_loss":0,"cards_obtained":["None"]},{"damage_healed":0,"gold_gain":0,"player_choice":"Opened","damage_taken":0,"relics_obtained":["CaptainsWheel"],"max_hp_gain":0,"max_hp_loss":0,"event_name":"The Mausoleum","floor":21,"gold_loss":0}],"is_beta":false,"boss_relics":[{"not_picked":["Coffee Dripper","Astrolabe"],"picked":"Ectoplasm"}],"items_purged_floors":[3],"is_endless":false,"potions_floor_spawned":[1,2,8,14,24,29],"killed_by":"Collector","ascension_level":0}}