{"host":"yecadp3kwkksam5a","time":1612079482,"event":{"mods":["100% Spire Juice","Arknights","BaseMod","Minty Spire (QoL Compilation)","StSLib","SuperFastMode","The Cursed","WarShipGirlsR/??á´Ò³R mod"],"gold_per_floor":[112,132,1,14,28,28,55,55,55,72,72,72,72,105,105,201,264,282,282,282,19,44,44,65,65,111,136,136,154,173,173,173,267,267,291,624,335,335,390,390,405,430,430,430,430,430,446,460,460,460,460,460],"floor_reached":51,"language":"KOR","playtime":2461,"items_purged":["Strike_G","Strike_G","Strike_G"],"score":1545,"play_id":"9cdddab9-7e44-4996-8e5f-b02b471ebb6e","local_time":"20210131165122","is_ascension_mode":true,"campfire_choices":[{"data":"Noxious Fumes","floor":6.0,"key":"SMITH"},{"data":"Prepared","floor":13,"key":"SMITH"},{"data":"Tactician","floor":15,"key":"SMITH"},{"data":"Prepared","floor":23,"key":"SMITH"},{"data":"Acrobatics","floor":28,"key":"SMITH"},{"data":"Acrobatics","floor":32,"key":"SMITH"},{"floor":40,"key":"RECALL"},{"floor":46,"key":"DIG"},{"data":"Tactician","floor":49,"key":"SMITH"}],"circlet_count":0,"master_deck":["AscendersBane","Strike_G","Strike_G","Defend_G","Defend_G","Defend_G","Defend_G","Defend_G","Survivor","Neutralize","Reflex+1","Noxious Fumes+1","Acrobatics+1","Crippling Poison","Dagger Throw","Bane","Prepared+1","Tactician+1","After Image+1","Prepared+1","Acrobatics+1","Grand Finale","PiercingWail","Tactician+1","Escape Plan"],"relics":["Ring of the Snake","Nunchaku","Meat on the Bone","Girya","Tiny House","TheAbacus","Juzu Bracelet","SlaversCollar","Lee\u0027s Waffle","Toy Ornithopter","Prayer Wheel","Shovel","The Courier"],"acts_visited":["Exordium","TheCity","TheBeyond"],"potions_floor_usage":[16],"damage_taken":[{"damage":1.0,"enemies":"Cultist","floor":1.0,"turns":4.0},{"damage":0.0,"enemies":"2 Louse","floor":2.0,"turns":4.0},{"damage":5.0,"enemies":"Small Slimes","floor":4.0,"turns":5.0},{"damage":6.0,"enemies":"3 Louse","floor":5.0,"turns":3.0},{"damage":24.0,"enemies":"Lagavulin","floor":7.0,"turns":9.0},{"damage":12,"enemies":"Lots of Slimes","floor":10,"turns":3},{"damage":26,"enemies":"3 Sentries","floor":14,"turns":7},{"damage":13,"enemies":"Slime Boss","floor":16,"turns":6},{"damage":18,"enemies":"Shell Parasite","floor":18,"turns":8},{"damage":0,"enemies":"2 Thieves","floor":22,"turns":1},{"damage":20,"enemies":"Snecko","floor":24,"turns":7},{"damage":13,"enemies":"Snake Plant","floor":27,"turns":5},{"damage":7,"enemies":"Centurion and Healer","floor":29,"turns":6},{"damage":17,"enemies":"Shelled Parasite and Fungi","floor":30,"turns":4},{"damage":0,"enemies":"Collector","floor":33,"turns":7},{"damage":26,"enemies":"3 Darklings","floor":35,"turns":3},{"damage":42,"enemies":"2 Orb Walkers","floor":39,"turns":3},{"damage":0,"enemies":"3 Shapes","floor":41,"turns":7},{"damage":0,"enemies":"Reptomancer","floor":42,"turns":4},{"damage":33,"enemies":"Transient","floor":47,"turns":6},{"damage":25,"enemies":"3 Darklings","floor":48,"turns":4},{"damage":8,"enemies":"Donu and Deca","floor":50,"turns":5},{"damage":0,"enemies":"Time Eater","floor":51,"turns":1}],"seed_played":"3530371358899977040","potions_obtained":[{"floor":1.0,"key":"LiquidMemories"},{"floor":2.0,"key":"Swift Potion"},{"floor":7.0,"key":"GamblersBrew"},{"floor":17,"key":"Swift Potion"},{"floor":22,"key":"DuplicationPotion"},{"floor":39,"key":"SpeedPotion"}],"is_trial":false,"path_per_floor":["M","M","$","M","M","R","E","?","T","M","?","?","R","E","R","B",null,"M","?","?","$","M","R","M","$","T","M","R","M","M","?","R","B",null,"M","?","$","?","?","R","M","E","T","?","?","R","M","M","R","B","B"],"character_chosen":"THE_SILENT","items_purchased":["Acrobatics","TheAbacus","Lee\u0027s Waffle"],"campfire_rested":0,"item_purchase_floors":[3,21,37],"current_hp_per_floor":[64,64,64,59,53,53,29,29,29,29,29,29,29,15,15,14,57,39,39,29,29,41,41,33,33,33,32,32,37,32,32,32,44,64,38,38,77,77,47,47,47,47,47,47,47,47,26,13,13,17,17,17],"gold":460,"neow_bonus":"TEN_PERCENT_HP_BONUS","is_daily":false,"chose_seed":false,"campfire_upgraded":7,"win_rate":0.0,"timestamp":1612079482,"path_taken":["M","M","$","M","?","R","E","?","T","M","?","?","R","E","R","BOSS","M","?","?","$","?","R","M","?","T","M","R","M","M","?","R","BOSS","M","?","$","?","?","R","M","E","T","?","?","R","M","M","R","BOSS","BOSS"],"items_purchased_type":["Card","Relic","Relic"],"build_version":"2020-12-22","purchased_purges":3,"victory":false,"max_hp_per_floor":[72,72,72,72,72,72,72,72,72,72,65,65,65,65,65,65,70,70,70,70,70,70,70,70,70,70,70,70,70,70,70,70,70,70,70,70,77,77,77,77,77,77,77,77,77,77,77,77,77,77,77,77],"card_choices":[{"not_picked":["Cloak And Dagger","Terror"],"picked":"Reflex","floor":1.0},{"not_picked":["Backflip","Heel Hook"],"picked":"Noxious Fumes","floor":2.0},{"not_picked":["Outmaneuver","Backstab"],"picked":"Crippling Poison","floor":4.0},{"not_picked":["Slice","Expertise"],"picked":"Dagger Throw","floor":5.0},{"not_picked":["Deflect","Distraction"],"picked":"Bane","floor":7.0},{"not_picked":["Dodge and Roll","Poisoned Stab"],"picked":"Prepared","floor":10},{"not_picked":["Sucker Punch","Backflip"],"picked":"Tactician","floor":14},{"not_picked":["Tools of the Trade","Burst"],"picked":"After Image","floor":16},{"not_picked":["Dagger Spray","Backflip"],"picked":"Prepared","floor":18},{"not_picked":["Infinite Blades","Masterful Stab+1"],"picked":"Acrobatics","floor":22},{"not_picked":["Sucker Punch","Flying Knee","Infinite Blades"],"picked":"SKIP","floor":24},{"not_picked":["Flying Knee","Masterful Stab","Noxious Fumes"],"picked":"SKIP","floor":27},{"not_picked":["Backflip","Acrobatics","Flying Knee"],"picked":"SKIP","floor":29},{"not_picked":["Cloak And Dagger","Night Terror","Blade Dance"],"picked":"SKIP","floor":30},{"not_picked":["Malaise","Unload"],"picked":"Grand Finale","floor":33},{"not_picked":["Reflex+1","Outmaneuver","Slice+1"],"picked":"SKIP","floor":35},{"not_picked":["Terror","Masterful Stab"],"picked":"PiercingWail","floor":41},{"not_picked":["Finisher","Skewer+1","Deflect"],"picked":"SKIP","floor":41},{"not_picked":["Choke","Outmaneuver","Bane+1"],"picked":"SKIP","floor":42},{"not_picked":["Predator+1","Reflex","Prepared"],"picked":"SKIP","floor":47},{"not_picked":["Deadly Poison","Acrobatics","Backflip"],"picked":"SKIP","floor":47},{"not_picked":["Expertise","Dagger Throw+1"],"picked":"Tactician","floor":48},{"not_picked":["Flechettes+1","Tactician"],"picked":"Escape Plan","floor":48}],"player_experience":572608,"relics_obtained":[{"floor":7.0,"key":"Nunchaku"},{"floor":9,"key":"Meat on the Bone"},{"floor":14,"key":"Girya"},{"floor":26,"key":"Juzu Bracelet"},{"floor":39,"key":"Prayer Wheel"},{"floor":42,"key":"Shovel"},{"floor":46,"key":"The Courier"}],"event_choices":[{"damage_healed":0,"gold_gain":0,"player_choice":"Searched \u00270\u0027 times","damage_taken":0,"max_hp_gain":0,"max_hp_loss":0,"event_name":"Dead Adventurer","floor":8,"gold_loss":0},{"damage_healed":0,"gold_gain":0,"player_choice":"Lose Max HP","damage_taken":0,"relics_obtained":["Golden Idol"],"max_hp_gain":0,"max_hp_loss":7,"event_name":"Golden Idol","floor":11,"gold_loss":0},{"damage_healed":0,"gold_gain":0,"player_choice":"Ignored","damage_taken":0,"max_hp_gain":0,"max_hp_loss":0,"event_name":"Liars Game","floor":12,"gold_loss":0},{"damage_healed":0,"gold_gain":0,"player_choice":"Ignored","damage_taken":0,"max_hp_gain":0,"max_hp_loss":0,"event_name":"Ghosts","floor":19,"gold_loss":0},{"damage_healed":0,"gold_gain":0,"player_choice":"Damaged","damage_taken":10,"max_hp_gain":0,"max_hp_loss":0,"event_name":"Wheel of Change","floor":20,"gold_loss":0},{"damage_healed":0,"gold_gain":0,"player_choice":"Ignored","damage_taken":0,"max_hp_gain":0,"max_hp_loss":0,"event_name":"Cursed Tome","floor":31,"gold_loss":0},{"damage_healed":0,"gold_gain":333,"player_choice":"Gave Idol","damage_taken":0,"max_hp_gain":0,"max_hp_loss":0,"event_name":"The Moai Head","floor":36,"relics_lost":["Golden Idol"],"gold_loss":0},{"damage_healed":0,"gold_gain":0,"player_choice":"Gave Potion","damage_taken":0,"relics_obtained":["Toy Ornithopter"],"max_hp_gain":0,"max_hp_loss":0,"event_name":"WeMeetAgain","floor":38,"gold_loss":0},{"damage_healed":0,"gold_gain":0,"player_choice":"Fight","damage_taken":0,"max_hp_gain":0,"max_hp_loss":0,"event_name":"Mysterious Sphere","floor":39,"gold_loss":0},{"damage_healed":0,"gold_gain":0,"player_choice":"Got Potions","damage_taken":0,"max_hp_gain":0,"max_hp_loss":0,"event_name":"Lab","floor":44,"gold_loss":0},{"damage_healed":0,"gold_gain":0,"player_choice":"Upgraded","damage_taken":0,"max_hp_gain":0,"max_hp_loss":0,"event_name":"Upgrade Shrine","floor":45,"gold_loss":0,"cards_upgraded":["After Image"]}],"is_beta":false,"boss_relics":[{"not_picked":["Ectoplasm","Ring of the Serpent"],"picked":"Tiny House"},{"not_picked":["Snecko Eye","Coffee Dripper"],"picked":"SlaversCollar"}],"items_purged_floors":[3,21,37],"is_endless":false,"potions_floor_spawned":[1,2,7,18,22,30,33,39,47],"killed_by":"Time Eater","ascension_level":20}}