{"host":"1pkwkj8mkn7raipg","time":1612078055,"event":{"mods":["BaseMod","LagranYue(¿≠∏Ò¿ °§‘¬)","Minty Spire (QoL Compilation)","Replay The Spire","StSLib","TestMod"],"gold_per_floor":[109,109,109,109,113,113,133,160,184,201,13,27,45,62,62,62,62],"floor_reached":16,"language":"ZHS","playtime":557,"items_purged":["Regret"],"score":133,"play_id":"70c1fb33-da21-442f-aa3f-d97331fe7eb4","local_time":"20210131152735","is_ascension_mode":true,"campfire_choices":[{"data":"Static Discharge","floor":6.0,"key":"SMITH"},{"floor":15,"key":"DIG"}],"circlet_count":0,"master_deck":["Strike_B","Strike_B","Strike_B","Defend_B","Defend_B","Defend_B","Defend_B","Zap","testmod-PainDetonator","FTL+1","Amnesia","Static Discharge+1","ReplayTheSpireMod:System Scan","ReplayGash","Steam","All For One","Steam"],"relics":["Cracked Core","testmod-TestBox","LagranYue:RandomDrawCardRelic","testmod-IWantAll","Replay:Baseball","ReplayTheSpireMod:CursedCoin","Singing Bowl","Replay:Wax Seal","Vajra"],"acts_visited":["Exordium"],"potions_floor_usage":[14,16],"damage_taken":[{"damage":2.0,"enemies":"Jaw Worm","floor":1.0,"turns":4.0},{"damage":8.0,"enemies":"2 Louse","floor":7.0,"turns":3.0},{"damage":25.0,"enemies":"3 Sentries","floor":8.0,"turns":6.0},{"damage":3.0,"enemies":"Small Slimes","floor":10.0,"turns":3.0},{"damage":5.0,"enemies":"Blue Slaver","floor":12.0,"turns":3.0},{"damage":12.0,"enemies":"Exordium Thugs","floor":13.0,"turns":2.0},{"damage":4,"enemies":"Exordium Wildlife","floor":14,"turns":3},{"damage":32,"enemies":"Fading Forest","floor":16,"turns":7}],"seed_played":"-1535830850480992758","potions_obtained":[{"floor":7.0,"key":"PowerPotion"},{"floor":8.0,"key":"Swift Potion"},{"floor":14,"key":"Explosive Potion"}],"is_trial":false,"path_per_floor":["M","?","?","?","$","R","M","E","T","M","$","M","M","M","R","B"],"character_chosen":"DEFECT","items_purchased":["ReplayTheSpireMod:CursedCoin","Static Discharge","All For One","Steam"],"campfire_rested":0,"item_purchase_floors":[5,5,11,11],"current_hp_per_floor":[66,66,66,66,66,66,58,33,33,30,30,27,17,15,15,0,0],"gold":62,"neow_bonus":"RANDOM_COLORLESS","is_daily":false,"chose_seed":false,"campfire_upgraded":1,"win_rate":0.0,"timestamp":1612078055,"path_taken":["M","?","?","?","$","R","M","E","T","M","$","?","M","M","R","BOSS"],"items_purchased_type":["Relic","Card","Card","Card"],"build_version":"2020-12-22","purchased_purges":1,"victory":false,"max_hp_per_floor":[75,75,75,75,75,75,75,75,75,75,75,77,79,81,81,81,81],"card_choices":[{"not_picked":["ReplayTheSpireMod:Private Reserves","testmod-Provocation"],"picked":"testmod-PainDetonator","floor":0.0},{"not_picked":["Stack","BasicCrystalCard","ReplayTheSpireMod:GoodbyeWorld"],"picked":"SKIP","floor":1.0},{"not_picked":["Panic Button","Fusion"],"picked":"ReplayTheSpireMod:System Scan","floor":7.0},{"not_picked":["Defragment","Core Surge"],"picked":"ReplayGash","floor":8.0},{"not_picked":["Sweeping Beam","Coolheaded"],"picked":"Steam","floor":10.0},{"not_picked":["Fusion","Auto Shields","Consume"],"picked":"Singing Bowl","floor":12.0},{"not_picked":["Streamline","Undo","Sweeping Beam"],"picked":"Singing Bowl","floor":13.0},{"not_picked":["Reinforced Body","BasicCrystalCard","Stack"],"picked":"Singing Bowl","floor":14}],"player_experience":387871,"relics_obtained":[{"floor":8.0,"key":"Singing Bowl"},{"floor":9.0,"key":"Replay:Wax Seal"},{"floor":15,"key":"Vajra"}],"event_choices":[{"damage_healed":0.0,"max_hp_gain":0.0,"max_hp_loss":0.0,"gold_gain":0.0,"event_name":"Big Fish","player_choice":"Box","floor":4.0,"gold_loss":0.0,"damage_taken":0.0,"relics_obtained":["Replay:Baseball"],"cards_obtained":["Regret"]}],"is_beta":false,"boss_relics":[],"items_purged_floors":[5],"is_endless":false,"potions_floor_spawned":[7,8,14],"killed_by":"Fading Forest","ascension_level":6}}