{"host":"zx7wygemkkdud4lm","time":1612062874,"event":{"mods":["2.2 Compatiblity","AchievementEnabler","BaseMod","Better Match","Better Note","Better Skull","BetterRewards","Block Reminder","Colored Map","Emptier Cage","Minty Spire (QoL Compilation)","Relic Stats","Slay-I","Spicy Shops","StSLib","Transform Curses"],"gold_per_floor":[110,120,132,132,151,186,186,202,202,234,81,81,113,133,133,229,229,248,8,8,36,36,69,69,89,139,154,189,32,43,78,90,206,218,240,266,289,313,325,362,387,414,496,540,552,598,610,635,647,659,671,683,18,51,51],"floor_reached":56,"language":"ENG","playtime":2756,"items_purged":["Strike_R","Strike_R","Defend_R"],"score":2831,"play_id":"edb0933b-4f8e-425e-a6bc-a0428e7ae69f","local_time":"20210130211434","is_ascension_mode":true,"campfire_choices":[{"data":"Fiend Fire","floor":7,"key":"SMITH"},{"data":"Feel No Pain","floor":15,"key":"SMITH"},{"data":"Corruption","floor":24,"key":"SMITH"},{"floor":32,"key":"RECALL"},{"data":"Feel No Pain","floor":45,"key":"SMITH"},{"data":"Whirlwind","floor":49,"key":"SMITH"},{"data":"Bash","floor":52,"key":"SMITH"}],"circlet_count":0,"master_deck":["Defend_R+1","Defend_R","Bash+1","Immolate","Disarm+1","Whirlwind+1","Inflame+1","True Grit+1","Fiend Fire+1","Spot Weakness+1","Feel No Pain+1","Corruption+1","Infernal Blade+1","Havoc+1","Shrug It Off+1","Bloodletting+1","Shrug It Off+1","Infernal Blade+1","Feel No Pain+1","Power Through+1","Offering+1","Havoc+1","Madness+1","Madness+1","True Grit+1","Good Instincts+1","Power Through+1"],"relics":["Burning Blood","Dead Branch","Bag of Marbles","Medical Kit","Mercury Hourglass","Lee\u0027s Waffle","Champion Belt","Toxic Egg 2","Art of War","Ice Cream","Shuriken","Anchor","Mango","Empty Cage","Paper Frog","Red Mask","The Courier","Vajra","Happy Flower","MawBank","Mark of Pain","Darkstone Periapt","Molten Egg 2","Bronze Scales","StrikeDummy","Kunai","OrangePellets","HandDrill","Nunchaku","Lantern","Strawberry","Oddly Smooth Stone"],"acts_visited":["TheCity","TheBeyond","TheEnding"],"potions_floor_usage":[6,16,55,55],"damage_taken":[{"damage":4,"enemies":"Small Slimes","floor":1,"turns":3},{"damage":0,"enemies":"2 Louse","floor":2,"turns":2},{"damage":0,"enemies":"Jaw Worm","floor":3,"turns":2},{"damage":0,"enemies":"Blue Slaver","floor":5,"turns":2},{"damage":6,"enemies":"Lagavulin","floor":6,"turns":3},{"damage":0,"enemies":"Large Slime","floor":8,"turns":1},{"damage":10,"enemies":"3 Sentries","floor":10,"turns":3},{"damage":0,"enemies":"Gremlin Nob","floor":13,"turns":2},{"damage":0,"enemies":"Exordium Wildlife","floor":14,"turns":2},{"damage":6,"enemies":"Slime Boss","floor":16,"turns":4},{"damage":0,"enemies":"Spheric Guardian","floor":18,"turns":1},{"damage":0,"enemies":"Masked Bandits","floor":21,"turns":1},{"damage":6,"enemies":"Book of Stabbing","floor":23,"turns":3},{"damage":0,"enemies":"Chosen","floor":25,"turns":1},{"damage":3,"enemies":"Snake Plant","floor":27,"turns":3},{"damage":3,"enemies":"Gremlin Leader","floor":28,"turns":2},{"damage":3,"enemies":"Shelled Parasite and Fungi","floor":30,"turns":1},{"damage":3,"enemies":"Book of Stabbing","floor":31,"turns":3},{"damage":9,"enemies":"Champ","floor":33,"turns":3},{"damage":9,"enemies":"3 Darklings","floor":35,"turns":1},{"damage":0,"enemies":"Orb Walker","floor":36,"turns":1},{"damage":3,"enemies":"4 Shapes","floor":37,"turns":4},{"damage":9,"enemies":"Spire Growth","floor":38,"turns":2},{"damage":2,"enemies":"Nemesis","floor":40,"turns":3},{"damage":3,"enemies":"Jaw Worm Horde","floor":41,"turns":2},{"damage":3,"enemies":"3 Darklings","floor":42,"turns":1},{"damage":3,"enemies":"Giant Head","floor":44,"turns":3},{"damage":3,"enemies":"Reptomancer","floor":46,"turns":2},{"damage":2,"enemies":"4 Shapes","floor":48,"turns":1},{"damage":3,"enemies":"Donu and Deca","floor":50,"turns":3},{"damage":6,"enemies":"Shield and Spear","floor":54,"turns":3},{"damage":10,"enemies":"The Heart","floor":55,"turns":4}],"seed_played":"-6453994803506506175","potions_obtained":[{"floor":3,"key":"SkillPotion"},{"floor":6,"key":"SteroidPotion"},{"floor":8,"key":"BloodPotion"},{"floor":16,"key":"DuplicationPotion"},{"floor":36,"key":"CultistPotion"}],"is_trial":false,"path_per_floor":["M","M","M","?","M","E","R","M","T","E","$","?","E","M","R","B",null,"M","$","?","?","T","E","R","M","T","M","E","$","M","E","R","B",null,"M","M","M","M","?","E","M","M","T","E","R","E","T","M","R","B",null,"R","$","E","B",null],"character_chosen":"IRONCLAD","items_purchased":["Dead Branch","Bag of Marbles","Medical Kit","Mercury Hourglass","Lee\u0027s Waffle","Immolate","Toxic Egg 2","Disarm+1","Whirlwind","Inflame","Anchor","Paper Frog","Feel No Pain","OrangePellets","HandDrill","Nunchaku","Lantern","Strawberry","Good Instincts+1"],"campfire_rested":0,"item_purchase_floors":[0,0,0,0,0,0,0,0,0,0,11,19,29,53,53,53,53,53,53],"current_hp_per_floor":[87,87,87,80,86,86,86,87,87,83,83,66,86,92,92,101,101,101,101,101,101,101,101,101,101,101,101,101,101,101,101,101,98,100,97,101,101,98,85,89,92,95,95,98,98,101,101,101,101,101,101,101,108,108,104],"gold":51,"neow_bonus":"","is_daily":false,"chose_seed":false,"campfire_upgraded":6,"win_rate":0.0,"timestamp":1612062874,"path_taken":["M","M","M","?","M","E","R","M","T","E","$","?","E","M","R","BOSS","M","$","?","?","?","E","R","M","T","M","E","$","?","E","R","BOSS","M","M","M","M","?","E","M","M","T","E","R","E","?","?","R","BOSS","R","$","E","BOSS"],"items_purchased_type":["Relic","Relic","Relic","Relic","Relic","Card","Relic","Card","Card","Card","Relic","Relic","Card","Relic","Relic","Relic","Relic","Relic","Card"],"build_version":"2020-12-22","purchased_purges":3,"victory":true,"max_hp_per_floor":[87,87,87,87,87,87,87,87,87,87,87,87,101,101,101,101,101,101,101,101,101,101,101,101,101,101,101,101,101,101,101,101,101,101,101,101,101,101,101,101,101,101,101,101,101,101,101,101,101,101,101,101,108,108,108],"relic_stats":{"Darkstone Periapt":0,"Lee\u0027s Waffle":91,"Happy Flower":[34],"counters":[117,433],"Dead Branch":[361],"Medical Kit":[40],"MawBank":264,"Burning Blood":507,"Mercury Hourglass":[304],"OrangePellets":[42],"Nunchaku":[6],"Shuriken":[17],"Bronze Scales":[549],"Art of War":[5],"HandDrill":[0],"Champion Belt":[186],"Kunai":[6],"obtain_stats":[{"Ice Cream":47,"Calipers":9,"Vajra":28,"Whetstone":0,"Ginger":25,"Bottled Tornado":9,"Sling":39,"Sozu":34,"Centennial Puzzle":21,"Lizard Tail":20,"DollysMirror":47,"Strawberry":53,"Prayer Wheel":11,"MealTicket":20,"HandDrill":53,"Kunai":46,"Toxic Egg 2":0,"Girya":0,"Pear":3,"Happy Flower":29,"Dead Branch":0,"Oddly Smooth Stone":54,"Eternal Feather":9,"Pen Nib":25,"Charon\u0027s Ashes":45,"Letter Opener":27,"War Paint":54,"Akabeko":23,"WarpedTongs":38,"OrangePellets":20,"Shuriken":31,"Bronze Scales":46,"Molten Egg 2":43,"Mark of Pain":34,"StrikeDummy":46,"Unceasing Top":53,"Pocketwatch":0,"Darkstone Periapt":40,"Lantern":3,"Regal Pillow":23,"Torii":0,"Singing Bowl":39,"Magic Flower":36,"StoneCalendar":7,"Mango":44,"Bag of Preparation":0,"Juzu Bracelet":40,"Incense Burner":53,"Cursed Key":34,"Ancient Tea Set":13,"Empty Cage":17,"Burning Blood":0,"ClockworkSouvenir":0,"Frozen Eye":53,"Nunchaku":27,"Mummified Hand":8,"Gambling Chip":26,"Toolbox":20,"Tiny Chest":30,"Red Mask":21,"Chemical X":0,"Red Skull":47,"Runic Pyramid":17,"Paper Frog":19,"Potion Belt":47,"Lee\u0027s Waffle":44,"Golden Idol":5,"Thread and Needle":10,"PreservedInsect":23,"The Courier":23,"Omamori":41,"Frozen Egg 2":43,"Orichalcum":0,"Medical Kit":53,"MawBank":31,"White Beast Statue":54,"Mercury Hourglass":44,"CaptainsWheel":14,"Anchor":0,"Ornamental Fan":48,"Orrery":53,"Ectoplasm":17,"Turnip":0,"Bag of Marbles":42,"Coffee Dripper":17,"Art of War":6,"Champion Belt":0,"Membership Card":0,"Bottled Lightning":39,"TungstenRod":39,"FossilizedHelix":0,"Toy Ornithopter":20},{"Ice Cream":51,"Calipers":31,"Vajra":14,"Whetstone":29,"Ginger":40,"Bottled Tornado":60,"Sling":76,"Sozu":18,"Centennial Puzzle":10,"Lizard Tail":66,"DollysMirror":81,"Strawberry":53,"Prayer Wheel":33,"MealTicket":38,"HandDrill":115,"Kunai":81,"Toxic Egg 2":85,"Girya":55,"Pear":30,"Happy Flower":42,"Dead Branch":85,"Oddly Smooth Stone":84,"Eternal Feather":4,"Pen Nib":40,"Charon\u0027s Ashes":50,"Letter Opener":41,"War Paint":28,"Akabeko":40,"WarpedTongs":76,"OrangePellets":38,"Shuriken":43,"Bronze Scales":24,"Molten Egg 2":111,"Mark of Pain":104,"StrikeDummy":113,"Unceasing Top":53,"Pocketwatch":29,"Darkstone Periapt":109,"Lantern":30,"Regal Pillow":69,"Torii":55,"Singing Bowl":76,"Magic Flower":20,"StoneCalendar":3,"Mango":49,"Bag of Preparation":0,"Juzu Bracelet":22,"Incense Burner":53,"Cursed Key":44,"Ancient Tea Set":63,"Empty Cage":95,"Burning Blood":0,"ClockworkSouvenir":29,"Frozen Eye":27,"Nunchaku":14,"Mummified Hand":31,"Gambling Chip":40,"Toolbox":38,"Tiny Chest":16,"Red Mask":97,"Chemical X":0,"Red Skull":81,"Runic Pyramid":37,"Paper Frog":96,"Potion Belt":25,"Lee\u0027s Waffle":49,"Golden Idol":2,"Thread and Needle":5,"PreservedInsect":12,"The Courier":98,"Omamori":49,"Frozen Egg 2":23,"Orichalcum":29,"Medical Kit":83,"MawBank":103,"White Beast Statue":54,"Mercury Hourglass":24,"CaptainsWheel":7,"Anchor":29,"Ornamental Fan":82,"Orrery":53,"Ectoplasm":8,"Turnip":55,"Bag of Marbles":23,"Coffee Dripper":64,"Art of War":90,"Champion Belt":29,"Membership Card":29,"Bottled Lightning":76,"TungstenRod":21,"FossilizedHelix":29,"Toy Ornithopter":66},{"Ice Cream":221,"Calipers":143,"Vajra":66,"Whetstone":138,"Ginger":181,"Bottled Tornado":263,"Sling":329,"Sozu":88,"Centennial Puzzle":49,"Lizard Tail":288,"DollysMirror":347,"Strawberry":238,"Prayer Wheel":150,"MealTicket":171,"HandDrill":426,"Kunai":347,"Toxic Egg 2":364,"Girya":249,"Pear":141,"Happy Flower":190,"Dead Branch":364,"Oddly Smooth Stone":356,"Eternal Feather":19,"Pen Nib":181,"Charon\u0027s Ashes":220,"Letter Opener":185,"War Paint":133,"Akabeko":181,"WarpedTongs":329,"OrangePellets":171,"Shuriken":194,"Bronze Scales":111,"Molten Egg 2":417,"Mark of Pain":403,"StrikeDummy":422,"Unceasing Top":238,"Pocketwatch":138,"Darkstone Periapt":414,"Lantern":141,"Regal Pillow":299,"Torii":249,"Singing Bowl":329,"Magic Flower":96,"StoneCalendar":16,"Mango":219,"Bag of Preparation":0,"Juzu Bracelet":102,"Incense Burner":238,"Cursed Key":203,"Ancient Tea Set":274,"Empty Cage":386,"Burning Blood":0,"ClockworkSouvenir":138,"Frozen Eye":129,"Nunchaku":66,"Mummified Hand":143,"Gambling Chip":181,"Toolbox":171,"Tiny Chest":73,"Red Mask":388,"Chemical X":0,"Red Skull":347,"Runic Pyramid":164,"Paper Frog":387,"Potion Belt":115,"Lee\u0027s Waffle":219,"Golden Idol":8,"Thread and Needle":26,"PreservedInsect":58,"The Courier":391,"Omamori":219,"Frozen Egg 2":105,"Orichalcum":138,"Medical Kit":354,"MawBank":400,"White Beast Statue":241,"Mercury Hourglass":111,"CaptainsWheel":35,"Anchor":138,"Ornamental Fan":350,"Orrery":238,"Ectoplasm":42,"Turnip":249,"Bag of Marbles":105,"Coffee Dripper":280,"Art of War":375,"Champion Belt":138,"Membership Card":138,"Bottled Lightning":329,"TungstenRod":98,"FossilizedHelix":138,"Toy Ornithopter":288}]},"card_choices":[{"not_picked":["Warcry+1","Thunderclap","Pommel Strike"],"picked":"SKIP","floor":1},{"not_picked":["Pummel","Dual Wield+1"],"picked":"True Grit+1","floor":2},{"not_picked":["Shrug It Off+1","Sentinel+1"],"picked":"Fiend Fire","floor":3},{"not_picked":["Cleave","Flex+1"],"picked":"Spot Weakness+1","floor":5},{"not_picked":["Hemokinesis","Clothesline","Iron Wave"],"picked":"SKIP","floor":6},{"not_picked":["Wild Strike","Heavy Blade"],"picked":"Feel No Pain","floor":8},{"not_picked":["Flex+1","Iron Wave"],"picked":"Corruption","floor":10},{"not_picked":["Corruption","Dual Wield+1","Whirlwind"],"picked":"SKIP","floor":13},{"not_picked":["Wild Strike","Body Slam"],"picked":"Infernal Blade+1","floor":14},{"not_picked":["Inflame","Searing Blow"],"picked":"Havoc+1","floor":18},{"not_picked":["Blood for Blood","Perfected Strike+1"],"picked":"Shrug It Off+1","floor":21},{"not_picked":["Body Slam+1","Iron Wave","Carnage"],"picked":"SKIP","floor":23},{"not_picked":["Heavy Blade","Armaments+1"],"picked":"Bloodletting+1","floor":25},{"not_picked":["Perfected Strike","Immolate"],"picked":"Shrug It Off+1","floor":27},{"not_picked":["Armaments+1","Iron Wave"],"picked":"Infernal Blade+1","floor":28},{"not_picked":["Clash+1","Spot Weakness+1","Headbutt+1"],"picked":"SKIP","floor":30},{"not_picked":["Entrench+1","Anger"],"picked":"Power Through+1","floor":31},{"not_picked":["Reaper","Limit Break+1"],"picked":"Offering+1","floor":33},{"not_picked":["Disarm+1","Evolve+1","Fire Breathing+1"],"picked":"SKIP","floor":35},{"not_picked":["Ghostly Armor+1","Wild Strike+1","Dropkick+1"],"picked":"SKIP","floor":36},{"not_picked":["Clash","Heavy Blade","Clothesline+1"],"picked":"SKIP","floor":37},{"not_picked":["Spot Weakness+1","Blood for Blood+1"],"picked":"Havoc+1","floor":38},{"not_picked":["Battle Trance+1","Flex+1","Headbutt"],"picked":"SKIP","floor":40},{"not_picked":["Wild Strike","Ghostly Armor+1"],"picked":"True Grit+1","floor":41},{"not_picked":["Rage+1","Feel No Pain","Flex+1"],"picked":"SKIP","floor":42},{"not_picked":["Perfected Strike+1","Heavy Blade+1","Clothesline+1"],"picked":"SKIP","floor":44},{"not_picked":["Whirlwind+1","Carnage+1","Feel No Pain"],"picked":"SKIP","floor":46},{"not_picked":["Spot Weakness+1","Warcry+1","Cleave+1"],"picked":"SKIP","floor":48},{"not_picked":["Brutality","Offering+1"],"picked":"Power Through+1","floor":54}],"player_experience":134277,"relics_obtained":[{"floor":6,"key":"Art of War"},{"floor":9,"key":"Ice Cream"},{"floor":10,"key":"Shuriken"},{"floor":13,"key":"Mango"},{"floor":21,"key":"Red Mask"},{"floor":23,"key":"The Courier"},{"floor":26,"key":"Vajra"},{"floor":28,"key":"Happy Flower"},{"floor":31,"key":"MawBank"},{"floor":40,"key":"Darkstone Periapt"},{"floor":43,"key":"Molten Egg 2"},{"floor":44,"key":"Bronze Scales"},{"floor":46,"key":"StrikeDummy"},{"floor":47,"key":"Kunai"},{"floor":54,"key":"Oddly Smooth Stone"}],"event_choices":[{"cards_removed":["Strike_R"],"damage_healed":0,"gold_gain":0,"player_choice":"Card Removal","damage_taken":7,"max_hp_gain":0,"max_hp_loss":0,"event_name":"Golden Wing","floor":4,"gold_loss":0},{"damage_healed":0,"gold_gain":0,"player_choice":"Entered Light","damage_taken":17,"max_hp_gain":0,"max_hp_loss":0,"event_name":"Shining Light","floor":12,"gold_loss":0,"cards_upgraded":["Inflame","Defend_R"]},{"damage_healed":0,"gold_gain":0,"player_choice":"Ignored","damage_taken":0,"max_hp_gain":0,"max_hp_loss":0,"event_name":"Vampires","floor":20,"gold_loss":0},{"damage_healed":0,"gold_gain":0,"player_choice":"Fought Bandits","damage_taken":0,"max_hp_gain":0,"max_hp_loss":0,"event_name":"Masked Bandits","floor":21,"gold_loss":0},{"damage_healed":0,"gold_gain":0,"player_choice":"Embrace Madness","damage_taken":13,"max_hp_gain":0,"max_hp_loss":0,"event_name":"Winding Halls","floor":39,"gold_loss":0,"cards_obtained":["Madness","Madness"]}],"is_beta":false,"boss_relics":[{"not_picked":["Tiny House","Runic Cube"],"picked":"Empty Cage"},{"not_picked":["Circlet","Black Star"],"picked":"Mark of Pain"}],"items_purged_floors":[0,0,29],"is_endless":false,"potions_floor_spawned":[3,6,8,13,16,18,21,25,27,36,37,44,54],"ascension_level":9}}