{"host":"syozzdlzcqop4jia","time":1612071605,"event":{"mods":["BaseMod","Colored Map","Colored Powertips","Minty Spire (QoL Compilation)","Quick Restart"],"gold_per_floor":[109,120,70,18,18,49,49,49,96,154,167,167,167,180,180,280,280,280,79,79,79,79,79,79,79,79,79,79,5,5,5,5,5,5],"floor_reached":33,"language":"ENG","playtime":1465,"items_purged":[],"score":316,"play_id":"4991e3d4-a4fb-4211-855d-90ebaaca4175","local_time":"20210131064005","is_ascension_mode":true,"campfire_choices":[{"data":"Anger","floor":7,"key":"SMITH"},{"data":"Anger","floor":13,"key":"SMITH"},{"floor":15,"key":"REST"},{"data":"Perfected Strike","floor":23,"key":"SMITH"},{"floor":25,"key":"REST"},{"data":"Perfected Strike","floor":32,"key":"SMITH"}],"circlet_count":0,"master_deck":["Strike_R","Strike_R","Strike_R","Strike_R","Defend_R","Defend_R","Defend_R","Defend_R","Bash+1","Anger+1","Pummel","Shrug It Off","Headbutt+1","Anger+1","Combust+1","Pommel Strike","Impervious","Heavy Blade","Heavy Blade","Swift Strike","Perfected Strike+1","Infernal Blade+1","Perfected Strike+1","Headbutt","Inflame"],"relics":["Burning Blood","Bag of Preparation","Mercury Hourglass","Ginger","Whetstone","Peace Pipe","Ectoplasm","Bag of Marbles","Paper Frog","Blue Candle","Tiny Chest"],"acts_visited":["Exordium","TheCity"],"potions_floor_usage":[28,33,33],"damage_taken":[{"damage":3,"enemies":"Jaw Worm","floor":1,"turns":6},{"damage":17,"enemies":"2 Louse","floor":2,"turns":3},{"damage":22,"enemies":"Lagavulin","floor":6,"turns":5},{"damage":10,"enemies":"Gremlin Nob","floor":10,"turns":3},{"damage":0,"enemies":"Small Slimes","floor":11,"turns":2},{"damage":3,"enemies":"3 Louse","floor":14,"turns":2},{"damage":63,"enemies":"The Guardian","floor":16,"turns":7},{"damage":3,"enemies":"Spheric Guardian","floor":18,"turns":3},{"damage":0,"enemies":"Chosen","floor":21,"turns":3},{"damage":12,"enemies":"Snake Plant","floor":22,"turns":3},{"damage":36,"enemies":"Book of Stabbing","floor":24,"turns":5},{"damage":0,"enemies":"Snecko","floor":27,"turns":2},{"damage":0,"enemies":"3 Cultists","floor":28,"turns":2},{"damage":90,"enemies":"Automaton","floor":33,"turns":6}],"seed_played":"8627003251413684142","potions_obtained":[{"floor":1,"key":"SteroidPotion"},{"floor":2,"key":"DistilledChaos"},{"floor":11,"key":"DuplicationPotion"},{"floor":28,"key":"ElixirPotion"}],"is_trial":false,"path_per_floor":["M","M","?","$","?","E","R","?","T","?","M","?","R","M","R","B",null,"M","$","?","M","M","R","E","R","T","M","M","$","T","?","R","B"],"character_chosen":"IRONCLAD","items_purchased":["Shrug It Off","Bag of Marbles","Heavy Blade","Inflame"],"campfire_rested":2,"item_purchase_floors":[4,19,19,29],"current_hp_per_floor":[80,69,69,69,74,58,58,40,40,36,42,42,42,45,70,13,85,85,85,73,79,73,73,43,68,68,74,80,80,80,85,85,0,0],"gold":5,"neow_bonus":"RANDOM_COMMON_RELIC","is_daily":false,"chose_seed":false,"campfire_upgraded":4,"win_rate":0.0,"timestamp":1612071605,"path_taken":["M","M","?","$","?","E","R","?","T","?","M","?","R","M","R","BOSS","M","$","?","M","M","R","E","R","T","?","M","$","?","?","R","BOSS"],"items_purchased_type":["Card","Relic","Card","Card"],"build_version":"2020-12-22","purchased_purges":0,"victory":false,"max_hp_per_floor":[80,80,80,80,85,85,85,85,85,85,85,85,85,85,85,85,85,85,85,85,85,85,85,85,85,85,85,85,85,85,85,85,85,85],"card_choices":[{"not_picked":["Dual Wield","Blood for Blood"],"picked":"Anger","floor":1},{"not_picked":["Warcry","Havoc"],"picked":"Pummel","floor":2},{"not_picked":["Thunderclap","Body Slam"],"picked":"Headbutt","floor":6},{"not_picked":["Hemokinesis","Havoc"],"picked":"Anger","floor":10},{"not_picked":["Dark Embrace","Brutality"],"picked":"Combust","floor":11},{"not_picked":["Body Slam","True Grit"],"picked":"Pommel Strike","floor":14},{"not_picked":["Reaper","Barricade"],"picked":"Impervious","floor":16},{"not_picked":["Twin Strike","True Grit"],"picked":"Heavy Blade","floor":18},{"not_picked":["Clothesline","Dual Wield"],"picked":"Evolve+1","floor":21},{"not_picked":["Havoc","Warcry"],"picked":"Perfected Strike","floor":22},{"not_picked":["Shockwave+1","Shrug It Off"],"picked":"Infernal Blade+1","floor":24},{"not_picked":["Hemokinesis","Flex"],"picked":"Perfected Strike","floor":27},{"not_picked":["Warcry","Juggernaut"],"picked":"Headbutt","floor":28}],"player_experience":479262,"relics_obtained":[{"floor":6,"key":"Mercury Hourglass"},{"floor":9,"key":"Whetstone"},{"floor":10,"key":"Peace Pipe"},{"floor":24,"key":"Paper Frog"},{"floor":26,"key":"Blue Candle"},{"floor":30,"key":"Tiny Chest"}],"event_choices":[{"cards_removed":["Strike_R"],"damage_healed":0,"gold_gain":0,"player_choice":"Card Removal","damage_taken":0,"max_hp_gain":0,"max_hp_loss":0,"event_name":"The Cleric","floor":3,"gold_loss":50},{"damage_healed":0,"gold_gain":0,"player_choice":"Donut","damage_taken":0,"max_hp_gain":5,"max_hp_loss":0,"event_name":"Big Fish","floor":5,"gold_loss":0},{"damage_healed":0,"gold_gain":0,"player_choice":"Success","damage_taken":18,"relics_obtained":["Ginger"],"max_hp_gain":0,"max_hp_loss":0,"event_name":"Scrap Ooze","floor":8,"gold_loss":0},{"damage_healed":0,"gold_gain":0,"player_choice":"Searched \u00271\u0027 times","damage_taken":0,"max_hp_gain":0,"max_hp_loss":0,"event_name":"Dead Adventurer","floor":10,"gold_loss":0},{"damage_healed":0,"gold_gain":0,"player_choice":"Forge","damage_taken":0,"max_hp_gain":0,"max_hp_loss":0,"event_name":"Accursed Blacksmith","floor":12,"gold_loss":0,"cards_upgraded":["Combust"]},{"damage_healed":0,"gold_gain":0,"player_choice":"CARD ","damage_taken":12,"max_hp_gain":0,"max_hp_loss":0,"event_name":"Knowing Skull","floor":20,"potions_obtained":[],"gold_loss":0,"cards_obtained":["Swift Strike"]},{"cards_removed":["Evolve"],"damage_healed":5,"gold_gain":0,"player_choice":"Offered Uncommon","damage_taken":0,"max_hp_gain":0,"max_hp_loss":0,"event_name":"Bonfire Elementals","floor":31,"gold_loss":0}],"is_beta":false,"boss_relics":[{"not_picked":["Black Star","Astrolabe"],"picked":"Ectoplasm"}],"items_purged_floors":[],"is_endless":false,"potions_floor_spawned":[1,2,11,18,28],"killed_by":"Automaton","ascension_level":4}}