{"host":"6rz02yiipefhcw4r","time":1612054903,"event":{"mods":["2.2 Compatiblity","BaseMod","Block Reminder","Colored Map","Curses Come First","DeckTracker","Googly Eyes","Minty Spire (QoL Compilation)","Quick Restart","Rare Cards Sparkle","StSLib"],"gold_per_floor":[109,125,139,39,53,53,80,29,29,64,79,79,95,115,115,189,189,205,218,218,218,99,99,99],"floor_reached":23,"language":"ENG","playtime":692,"items_purged":["Strike_R"],"score":456,"play_id":"da22b11f-cbb5-4d3e-ac84-96153ee48e00","local_time":"20210130230143","is_ascension_mode":true,"campfire_choices":[{"data":"Uppercut","floor":6.0,"key":"SMITH"},{"floor":12.0,"key":"REST"},{"data":"Limit Break","floor":15.0,"key":"SMITH"}],"circlet_count":0,"master_deck":["AscendersBane","Strike_R","Strike_R","Strike_R","Defend_R","Defend_R","Defend_R","Bash","Flame Barrier","Twin Strike","Uppercut+1","Demon Form","Limit Break+1","True Grit","Heavy Blade","Shrug It Off","Seeing Red","Offering","Shockwave","Flame Barrier"],"relics":["Empty Cage","Singing Bowl","Boot","StrikeDummy","Nunchaku","Cursed Key","MutagenicStrength"],"acts_visited":["Exordium","TheCity"],"potions_floor_usage":[16,16,16,18],"damage_taken":[{"damage":4.0,"enemies":"Small Slimes","floor":1.0,"turns":3.0},{"damage":1.0,"enemies":"Cultist","floor":2.0,"turns":4.0},{"damage":6.0,"enemies":"2 Louse","floor":3.0,"turns":3.0},{"damage":9.0,"enemies":"2 Fungi Beasts","floor":5.0,"turns":4.0},{"damage":26.0,"enemies":"Gremlin Nob","floor":7.0,"turns":4.0},{"damage":16.0,"enemies":"Lagavulin","floor":10.0,"turns":6.0},{"damage":18.0,"enemies":"Gremlin Gang","floor":11.0,"turns":6.0},{"damage":1.0,"enemies":"3 Louse","floor":13.0,"turns":3.0},{"damage":3.0,"enemies":"2 Fungi Beasts","floor":14.0,"turns":3.0},{"damage":22,"enemies":"The Guardian","floor":16,"turns":8},{"damage":24,"enemies":"2 Thieves","floor":18,"turns":3},{"damage":24,"enemies":"Chosen","floor":19,"turns":4},{"damage":33,"enemies":"Slavers","floor":23,"turns":2}],"seed_played":"1856130290576214672","potions_obtained":[{"floor":2.0,"key":"FairyPotion"},{"floor":7.0,"key":"EntropicBrew"},{"floor":13.0,"key":"FearPotion"}],"is_trial":false,"path_per_floor":["M","M","M","?","M","R","E","$","T","E","M","R","M","M","R","B",null,"M","M","?","?","$","E"],"character_chosen":"IRONCLAD","items_purchased":["True Grit","Flame Barrier"],"campfire_rested":1,"item_purchase_floors":[8,22],"current_hp_per_floor":[64,63,57,57,48,48,22,22,22,6,12,34,35,32,32,10,60,36,14,30,30,30,0,0],"gold":99,"neow_bonus":"BOSS_RELIC","is_daily":false,"chose_seed":false,"campfire_upgraded":2,"win_rate":0.0,"timestamp":1612054903,"path_taken":["M","M","M","?","?","R","E","$","T","E","M","R","?","M","R","BOSS","M","M","?","?","$","E"],"items_purchased_type":["Card","Card"],"build_version":"2020-12-22","purchased_purges":1,"victory":false,"max_hp_per_floor":[75,75,75,75,75,75,75,75,75,75,75,75,77,77,77,77,77,77,79,79,79,79,79,79],"card_choices":[{"not_picked":["Body Slam","Clothesline"],"picked":"Flame Barrier","floor":1.0},{"not_picked":["Perfected Strike","Limit Break"],"picked":"Twin Strike","floor":2.0},{"not_picked":["Heavy Blade","Body Slam"],"picked":"Uppercut","floor":3.0},{"not_picked":["True Grit","Reckless Charge"],"picked":"Demon Form","floor":5.0},{"not_picked":["Anger","Twin Strike"],"picked":"Limit Break","floor":7.0},{"not_picked":["Dark Embrace","Rampage"],"picked":"Heavy Blade","floor":10.0},{"not_picked":["Twin Strike","Iron Wave"],"picked":"Shrug It Off","floor":11.0},{"not_picked":["Warcry","Anger","Flex"],"picked":"Singing Bowl","floor":13.0},{"not_picked":["Fire Breathing","Blood for Blood"],"picked":"Seeing Red","floor":14.0},{"not_picked":["Berserk","Corruption"],"picked":"Offering","floor":16},{"not_picked":["Warcry+1","Sword Boomerang"],"picked":"Shockwave","floor":18},{"not_picked":["Flex","Pommel Strike","Clash"],"picked":"Singing Bowl","floor":19}],"player_experience":765572,"relics_obtained":[{"floor":7.0,"key":"Boot"},{"floor":9.0,"key":"StrikeDummy"},{"floor":10.0,"key":"Nunchaku"}],"event_choices":[{"damage_healed":0.0,"max_hp_gain":0.0,"max_hp_loss":0.0,"gold_gain":0.0,"event_name":"WeMeetAgain","player_choice":"Paid Gold","floor":4.0,"gold_loss":100.0,"damage_taken":0.0,"relics_obtained":["Singing Bowl"]},{"damage_healed":16,"gold_gain":0,"player_choice":"Heal","damage_taken":0,"max_hp_gain":0,"max_hp_loss":0,"event_name":"The Library","floor":20,"gold_loss":0},{"damage_healed":0,"gold_gain":0,"player_choice":"Inject Mutagens","damage_taken":0,"relics_obtained":["MutagenicStrength"],"max_hp_gain":0,"max_hp_loss":0,"event_name":"Drug Dealer","floor":21,"gold_loss":0}],"is_beta":false,"boss_relics":[{"not_picked":["SacredBark","Black Star"],"picked":"Cursed Key"}],"items_purged_floors":[22],"is_endless":false,"potions_floor_spawned":[2,7,10,13],"killed_by":"Slavers","ascension_level":20}}