{"host":"6xsbn6ynqlzwllfm","time":1612075410,"event":{"mods":["2.2 Compatiblity","BaseMod","Bestiary","Colored Map","Colored Powertips","Curses Come First","Highlight Path","Keyboard Shortcuts","Minty Spire (QoL Compilation)","Relic Stats","Slay the Relics Exporter","StSLib","SuperFastMode"],"gold_per_floor":[110,126,126,8,8,8,8],"floor_reached":6,"language":"ENG","playtime":132,"items_purged":["Regret"],"score":68,"play_id":"f8ed220d-b02d-47c2-b42d-16299fadc6f4","local_time":"20210131014330","is_ascension_mode":true,"campfire_choices":[],"circlet_count":0,"master_deck":["AscendersBane","Strike_R","Strike_R","Strike_R","Strike_R","Strike_R+1","Defend_R","Defend_R","Defend_R","Defend_R+1","Bash+1","Flame Barrier","True Grit","Inflame"],"relics":["Burning Blood","Mango"],"acts_visited":["Exordium"],"potions_floor_usage":[],"damage_taken":[{"damage":6,"enemies":"2 Louse","floor":1,"turns":3},{"damage":9,"enemies":"Cultist","floor":2,"turns":3},{"damage":67,"enemies":"Lagavulin","floor":6,"turns":10}],"seed_played":"4078693539298762351","potions_obtained":[{"floor":2,"key":"LiquidBronze"}],"is_trial":false,"path_per_floor":["M","M","?","$","?","E"],"character_chosen":"IRONCLAD","items_purchased":["Inflame"],"campfire_rested":0,"item_purchase_floors":[4],"current_hp_per_floor":[82,79,52,52,52,0,0],"gold":8,"neow_bonus":"ONE_RARE_RELIC","is_daily":false,"chose_seed":false,"campfire_upgraded":0,"win_rate":0.0,"timestamp":1612075410,"path_taken":["M","M","?","$","?","E"],"items_purchased_type":["Card"],"build_version":"2020-12-22","purchased_purges":1,"victory":false,"max_hp_per_floor":[89,89,89,89,89,89,89],"relic_stats":{"counters":[3,16],"obtain_stats":[{"Mango":0,"Burning Blood":0},{"Mango":0,"Burning Blood":0},{"Mango":0,"Burning Blood":0}],"Burning Blood":12},"card_choices":[{"not_picked":["Searing Blow","Iron Wave"],"picked":"Flame Barrier","floor":1},{"not_picked":["Sentinel","Perfected Strike"],"picked":"True Grit","floor":2}],"player_experience":1328450,"relics_obtained":[],"event_choices":[{"damage_healed":0,"gold_gain":0,"player_choice":"Entered Light","damage_taken":27,"max_hp_gain":0,"max_hp_loss":0,"event_name":"Shining Light","floor":3,"gold_loss":0,"cards_upgraded":["Defend_R","Strike_R"]},{"damage_healed":0,"gold_gain":0,"player_choice":"Upgraded","damage_taken":0,"max_hp_gain":0,"max_hp_loss":0,"event_name":"Upgrade Shrine","floor":5,"gold_loss":0,"cards_upgraded":["Bash"]}],"is_beta":false,"boss_relics":[],"items_purged_floors":[4],"is_endless":false,"potions_floor_spawned":[2],"killed_by":"Lagavulin","ascension_level":20}}