{"host":"d73an99q9oevilk5","time":1612111961,"event":{"mods":["2.2 Compatiblity","AchievementEnabler","Act Like it!","Aspiration","BaseMod","Beaked The Cultist","Better Third Choice","BetterRewards","Colored Map","Colored Powertips","Conspire","Downfall","GifTheSpireLib","Halation","Hubris","Infinite Spire","Mimic Mod","Minty Spire (QoL Compilation)","Quick Restart","Relic Sorter","Reliquary","Replay The Spire","Shop Mod","Spikes Relics","StSLib","Stuff the Spire","The Cursed","The Necromancer","The Saiyan","Waifu the Spire","egg","slay the spire mod where everything is the same but ironclad has a cowboy hat"],"gold_per_floor":[99,2,2,2,2,16,16,16,16,16,27,27,56,68,87,190,190,190,203,203,203,221,154,180,180,10,10,29,29,29,29],"floor_reached":30,"language":"ENG","playtime":883,"items_purged":[],"score":224,"play_id":"4be74f89-b0a5-4e72-b813-047fc870ac83","local_time":"20210131095241","is_ascension_mode":false,"campfire_choices":[{"data":"Zap","floor":1.0,"key":"SMITH"},{"data":"StuffTheSpire:Synthwave","floor":10.0,"key":"SMITH"},{"data":"StuffTheSpire:Plugnplay","floor":12.0,"key":"SMITH"},{"data":"Creative AI","floor":18.0,"key":"SMITH"},{"data":"ReplayTheSpireMod:Calculation Training","floor":25.0,"key":"SMITH"}],"circlet_count":0,"master_deck":["Strike_B","Strike_B","Strike_B","Defend_B","Defend_B","Defend_B","Defend_B","Zap+1","Dualcast","Streamline+1","StuffTheSpire:Synthwave+1","StuffTheSpire:Plugnplay+1","Glacier","Creative AI+1","Glacier","Amplify","ReplayTheSpireMod:Calculation Training+1","Cold Snap","Storm","Storm","CloudedMind","ReplayRNGCard","DiskWipe","Shame"],"relics":["Cracked Core","Eternal Feather","Dead Branch","Cursed Key","MutagenicStrength","reliquary:RosewoodLute","aspiration:Nostalgia","m_BronzeBlood","halation:PinkSoulGem"],"acts_visited":["Exordium","TheCity"],"potions_floor_usage":[28,30],"damage_taken":[{"damage":0.0,"enemies":"downfall:FleeingMerchant","floor":2.0,"turns":4.0},{"damage":8.0,"enemies":"2 Louse","floor":6.0,"turns":2.0},{"damage":0.0,"enemies":"Small Slimes","floor":11.0,"turns":2.0},{"damage":28.0,"enemies":"Gremlin Nob","floor":13.0,"turns":4.0},{"damage":0.0,"enemies":"Cultist","floor":14.0,"turns":3.0},{"damage":8.0,"enemies":"3 Louse","floor":15.0,"turns":3.0},{"damage":16.0,"enemies":"DF_ARCHETYPE_STREAMLINE","floor":16.0,"turns":10.0},{"damage":8.0,"enemies":"Spheric Guardian","floor":19.0,"turns":7.0},{"damage":37.0,"enemies":"Cultist and Chosen","floor":22.0,"turns":8.0},{"damage":2.0,"enemies":"downfall:FleeingMerchant","floor":23.0,"turns":4.0},{"damage":10.0,"enemies":"downfall:FleeingMerchant","floor":26.0,"turns":4.0},{"damage":15,"enemies":"3 Cultists","floor":28,"turns":5},{"damage":25,"enemies":"Centurion and Healer","floor":30,"turns":4}],"seed_played":"6824741977535425499","potions_obtained":[{"floor":0.0,"key":"Block Potion"},{"floor":0.0,"key":"Adrenaline Potion"},{"floor":0.0,"key":"Ancient Potion"},{"floor":16.0,"key":"Energy Potion"},{"floor":19.0,"key":"sneckomod:MuddlingPotion"},{"floor":28,"key":"champ:CounterPotion"}],"is_trial":false,"path_per_floor":["R","$","?","?","?","M","T","?","?","R","M","R","E","M","M","B",null,"R","M","?","?","M","$","T","R","$","?","M","?","M"],"character_chosen":"DEFECT","items_purchased":["StuffTheSpire:Synthwave","Storm","aspiration:Nostalgia"],"campfire_rested":0,"item_purchase_floors":[2,23,26],"current_hp_per_floor":[75,75,75,75,75,67,67,67,67,73,73,75,47,47,39,23,75,75,67,67,67,30,28,28,40,30,30,21,21,0,0],"gold":29,"neow_bonus":"THREE_SMALL_POTIONS","is_daily":false,"chose_seed":false,"campfire_upgraded":5,"win_rate":0.0,"timestamp":1612111961,"path_taken":["R","$","?","?","?","?","T","?","?","R","M","R","E","M","M","BOSS","R","M","?","?","M","?","T","R","$","?","M","?","M"],"items_purchased_type":["Card","Card","Relic"],"build_version":"2020-12-22","purchased_purges":0,"victory":false,"max_hp_per_floor":[75,75,75,75,75,75,75,75,75,75,75,75,75,75,75,75,75,75,75,75,75,75,75,75,75,75,75,75,75,75,75],"card_choices":[{"not_picked":["Heatsinks","Barrage"],"picked":"Streamline","floor":2.0},{"not_picked":["Gash","Coolheaded"],"picked":"StuffTheSpire:Plugnplay","floor":6.0},{"not_picked":["Turbo","Sweeping Beam","Recycle"],"picked":"SKIP","floor":11.0},{"not_picked":["Ball Lightning","Beam Cell"],"picked":"Glacier","floor":13.0},{"not_picked":["ReplaySolidLightProjector","StuffTheSpire:GlassShard"],"picked":"Creative AI","floor":14.0},{"not_picked":["ReplayTheSpireMod:Calculation Training","FIFO Queue"],"picked":"Glacier","floor":15.0},{"not_picked":["Hyperbeam","ReplayTheSpireMod:Fabricate Wheel"],"picked":"Amplify","floor":16.0},{"not_picked":["Rebound","Compile Driver+1","ReplaySolidLightProjector+1"],"picked":"SKIP","floor":19.0},{"not_picked":["Streamline","StuffTheSpire:LoadUp"],"picked":"ReplayTheSpireMod:Calculation Training","floor":22.0},{"not_picked":["StuffTheSpire:LoadUp","Beam Cell+1"],"picked":"Cold Snap","floor":23.0},{"not_picked":["Chill","Stack"],"picked":"ReplayRNGCard","floor":26.0},{"not_picked":["Rebound","Shrug It Off"],"picked":"DiskWipe","floor":28}],"player_experience":1808431,"relics_obtained":[{"floor":7.0,"key":"Eternal Feather"},{"floor":13.0,"key":"Dead Branch"},{"floor":24.0,"key":"reliquary:RosewoodLute"}],"event_choices":[{"damage_healed":0.0,"max_hp_gain":0.0,"max_hp_loss":0.0,"gold_gain":0.0,"event_name":"Drug Dealer","player_choice":"Inject Mutagens","floor":20.0,"gold_loss":0.0,"damage_taken":0.0,"relics_obtained":["MutagenicStrength"]}],"is_beta":false,"boss_relics":[{"not_picked":["Philosopher\u0027s Stone","Busted Crown"],"picked":"Cursed Key"}],"items_purged_floors":[],"is_endless":false,"potions_floor_spawned":[13,16,19,28],"killed_by":"Centurion and Healer","ascension_level":0}}