{"host":"jwbw4f4imxd0v0b0","time":1612126757,"event":{"mods":["BaseMod","Colored Map","Highlight Path","Minty Spire (QoL Compilation)","Relic Stats","StSLib"],"gold_per_floor":[115,126,144,144,159,159,194,211,281,293,293,258,287,287,287,359,359,377,87,103,103,118,118,146,146,146,146,71,91,101,26,26,100,100,114,114,114,139,139,183,183,219,219,219,237,270,34,59,59,59],"floor_reached":51,"language":"ENG","playtime":4597,"items_purged":["Strike_B"],"score":1760,"play_id":"475431cc-d731-4a56-b9f7-8ef5ae5aa5ea","local_time":"20210131145917","is_ascension_mode":true,"campfire_choices":[{"data":"Apotheosis","floor":6.0,"key":"SMITH"},{"data":"Fission","floor":15.0,"key":"SMITH"},{"floor":23.0,"key":"REST"},{"data":"Defragment","floor":25.0,"key":"SMITH"},{"data":"Chill","floor":27.0,"key":"SMITH"},{"data":"Darkness","floor":32.0,"key":"SMITH"},{"data":"Amplify","floor":41.0,"key":"SMITH"},{"floor":44.0,"key":"REST"},{"data":"Double Energy","floor":49,"key":"SMITH"}],"circlet_count":0,"master_deck":["AscendersBane","Strike_B","Defend_B","Defend_B","Defend_B","Defend_B","Zap","Dualcast","Apotheosis+1","Ball Lightning","Leap","Darkness+1","Fission+1","Leap","Defragment+1","Coolheaded","Chill+1","Echo Form+1","Buffer+1","Glacier","Reinforced Body","Defragment+1","Undo","Capacitor+1","Redo","Self Repair+1","Echo Form+1","Defragment+1","Capacitor+1","Amplify+1","Double Energy+1","Tempest","Barrage+1"],"relics":["Cracked Core","Ice Cream","Frozen Egg 2","TungstenRod","Nuclear Battery","Bag of Preparation","Meat on the Bone","Black Star","Calipers","CeramicFish","Thread and Needle","Potion Belt","Singing Bowl","Sundial","Nunchaku","Bronze Scales","Chemical X"],"acts_visited":["Exordium","TheCity","TheBeyond"],"potions_floor_usage":[50,50,50,50],"damage_taken":[{"damage":0.0,"enemies":"Cultist","floor":1.0,"turns":3.0},{"damage":3.0,"enemies":"Small Slimes","floor":2.0,"turns":2.0},{"damage":0.0,"enemies":"2 Louse","floor":3.0,"turns":2.0},{"damage":0.0,"enemies":"Red Slaver","floor":5.0,"turns":4.0},{"damage":0.0,"enemies":"Gremlin Nob","floor":7.0,"turns":3.0},{"damage":3.0,"enemies":"Looter","floor":8.0,"turns":5.0},{"damage":2.0,"enemies":"Large Slime","floor":10.0,"turns":5.0},{"damage":0.0,"enemies":"3 Sentries","floor":13.0,"turns":6.0},{"damage":27.0,"enemies":"Slime Boss","floor":16.0,"turns":5.0},{"damage":11.0,"enemies":"Spheric Guardian","floor":18.0,"turns":5.0},{"damage":0.0,"enemies":"Shell Parasite","floor":20.0,"turns":5.0},{"damage":0.0,"enemies":"Sentry and Sphere","floor":22.0,"turns":6.0},{"damage":0.0,"enemies":"Book of Stabbing","floor":24.0,"turns":7.0},{"damage":0.0,"enemies":"Snake Plant","floor":29.0,"turns":6.0},{"damage":0.0,"enemies":"Chosen and Byrds","floor":30.0,"turns":6.0},{"damage":12.0,"enemies":"Champ","floor":33.0,"turns":10.0},{"damage":3.0,"enemies":"3 Darklings","floor":35.0,"turns":7.0},{"damage":5.0,"enemies":"Mind Bloom Boss Battle","floor":38.0,"turns":8.0},{"damage":0.0,"enemies":"Giant Head","floor":40.0,"turns":9.0},{"damage":48.0,"enemies":"Reptomancer","floor":42.0,"turns":10.0},{"damage":2.0,"enemies":"3 Shapes","floor":45.0,"turns":6.0},{"damage":0.0,"enemies":"Giant Head","floor":46.0,"turns":11.0},{"damage":0,"enemies":"Spire Growth","floor":48,"turns":6},{"damage":0,"enemies":"Donu and Deca","floor":50,"turns":8}],"seed_played":"559074121638842479","potions_obtained":[{"floor":5.0,"key":"PowerPotion"},{"floor":7.0,"key":"GamblersBrew"},{"floor":8.0,"key":"AttackPotion"},{"floor":16.0,"key":"PowerPotion"},{"floor":38.0,"key":"Dexterity Potion"},{"floor":42.0,"key":"ColorlessPotion"},{"floor":46.0,"key":"EntropicBrew"}],"is_trial":false,"path_per_floor":["M","M","M","?","M","R","E","M","T","M","?","?","E","?","R","B",null,"M","$","M","?","M","R","E","R","T","R","$","M","M","?","R","B",null,"M","?","?","?","?","E","R","E","T","R","M","E","$","M","R","B",null],"character_chosen":"DEFECT","items_purchased":["Reinforced Body","Defragment+1","AttackPotion","Self Repair+1","Tempest","Chemical X"],"campfire_rested":2,"item_purchase_floors":[19,19,19,28,47,47],"current_hp_per_floor":[64,61,61,61,61,61,61,58,58,56,21,37,37,37,37,10,51,40,40,40,40,40,59,59,59,59,59,59,64,64,64,64,64,64,64,64,64,64,64,64,64,48,48,64,64,68,68,68,68,68],"gold":59,"neow_bonus":"RANDOM_COLORLESS_2","is_daily":false,"chose_seed":false,"campfire_upgraded":7,"win_rate":0.0,"timestamp":1612126757,"path_taken":["M","?","M","?","?","R","E","M","T","?","?","?","E","?","R","BOSS","M","$","M","?","?","R","E","R","T","R","$","M","M","?","R","BOSS","M","?","?","?","?","E","R","E","T","R","M","E","$","?","R","BOSS"],"items_purchased_type":["Card","Card","Potion","Card","Card","Relic"],"build_version":"2020-12-22","purchased_purges":1,"victory":true,"max_hp_per_floor":[64,64,64,64,64,64,64,64,64,64,64,64,64,64,64,64,64,64,64,64,64,64,64,64,64,64,64,64,64,64,64,64,64,64,64,64,64,64,64,64,64,64,64,64,66,68,68,68,68,68],"relic_stats":{"Nunchaku":[0],"Singing Bowl":4,"counters":[24,145],"Sundial":[2],"CeramicFish":36,"Bronze Scales":[36],"Bag of Preparation":[22],"Black Star":3,"Chemical X":[7],"obtain_stats":[{"Ice Cream":7,"Potion Belt":42,"Calipers":38,"Singing Bowl":42,"CeramicFish":40,"Thread and Needle":40,"Bag of Preparation":24,"Frozen Egg 2":9,"Nuclear Battery":17,"Nunchaku":46,"Sundial":43,"Bronze Scales":46,"Black Star":34,"Chemical X":47,"Cracked Core":0,"TungstenRod":11,"Meat on the Bone":26},{"Ice Cream":5,"Potion Belt":20,"Calipers":18,"Singing Bowl":20,"CeramicFish":19,"Thread and Needle":19,"Bag of Preparation":13,"Frozen Egg 2":6,"Nuclear Battery":9,"Nunchaku":22,"Sundial":20,"Bronze Scales":22,"Black Star":16,"Chemical X":22,"Cracked Core":0,"TungstenRod":7,"Meat on the Bone":13},{"Ice Cream":14,"Potion Belt":114,"Calipers":95,"Singing Bowl":114,"CeramicFish":104,"Thread and Needle":104,"Bag of Preparation":58,"Frozen Egg 2":19,"Nuclear Battery":35,"Nunchaku":131,"Sundial":114,"Bronze Scales":131,"Black Star":80,"Chemical X":131,"Cracked Core":0,"TungstenRod":24,"Meat on the Bone":58}],"TungstenRod":12,"Meat on the Bone":12},"card_choices":[{"not_picked":["Violence","Secret Weapon"],"picked":"Apotheosis","floor":0.0},{"not_picked":["Genetic Algorithm","White Noise"],"picked":"Ball Lightning","floor":1.0},{"not_picked":["Rip and Tear","Streamline"],"picked":"Leap","floor":2.0},{"not_picked":["Recycle","Leap"],"picked":"Darkness","floor":3.0},{"not_picked":["Compile Driver","White Noise"],"picked":"Defragment","floor":5.0},{"not_picked":["Sunder","Scrape"],"picked":"Coolheaded","floor":7.0},{"not_picked":["Sweeping Beam","Double Energy"],"picked":"Chill","floor":8.0},{"not_picked":["Ball Lightning","Leap"],"picked":"Cold Snap","floor":10.0},{"not_picked":["White Noise","Steam"],"picked":"Echo Form+1","floor":13.0},{"not_picked":["Meteor Strike","Electrodynamics+1"],"picked":"Buffer+1","floor":16.0},{"not_picked":["FTL","Go for the Eyes"],"picked":"Glacier","floor":18.0},{"not_picked":["Ball Lightning+1","Cold Snap"],"picked":"Undo","floor":20.0},{"not_picked":["Go for the Eyes","Chill"],"picked":"Capacitor+1","floor":22.0},{"not_picked":["Turbo","Stack"],"picked":"Redo","floor":24.0},{"not_picked":["Gash+1","BootSequence","Scrape"],"picked":"SKIP","floor":29.0},{"not_picked":["Beam Cell","Creative AI+1","Streamline+1"],"picked":"SKIP","floor":30.0},{"not_picked":["Meteor Strike","Buffer+1"],"picked":"Echo Form+1","floor":33.0},{"not_picked":["Double Energy","Conserve Battery"],"picked":"Defragment+1","floor":35.0},{"not_picked":["Hologram","Gash"],"picked":"Capacitor+1","floor":38.0},{"not_picked":["Hologram+1","Machine Learning+1"],"picked":"Amplify","floor":40.0},{"not_picked":["Compile Driver","Fusion"],"picked":"Double Energy","floor":42.0},{"not_picked":["Lockon","Reinforced Body","Leap+1"],"picked":"Singing Bowl","floor":45.0},{"not_picked":["Leap+1","Reboot","Ball Lightning"],"picked":"Singing Bowl","floor":46.0},{"not_picked":["Beam Cell","Go for the Eyes"],"picked":"Barrage+1","floor":48}],"player_experience":1188111,"relics_obtained":[{"floor":7.0,"key":"Ice Cream"},{"floor":9.0,"key":"Frozen Egg 2"},{"floor":24.0,"key":"Bag of Preparation"},{"floor":26.0,"key":"Meat on the Bone"},{"floor":38.0,"key":"Calipers"},{"floor":40.0,"key":"CeramicFish"},{"floor":40.0,"key":"Thread and Needle"},{"floor":42.0,"key":"Potion Belt"},{"floor":42.0,"key":"Singing Bowl"},{"floor":43.0,"key":"Sundial"},{"floor":46.0,"key":"Nunchaku"},{"floor":46.0,"key":"Bronze Scales"}],"event_choices":[{"damage_healed":0.0,"max_hp_gain":0.0,"max_hp_loss":0.0,"gold_gain":0.0,"event_name":"Match and Keep!","player_choice":"2 cards matched","floor":4.0,"gold_loss":0.0,"damage_taken":0.0,"cards_obtained":["Fission","Leap"]},{"damage_healed":0.0,"max_hp_gain":0.0,"max_hp_loss":0.0,"gold_gain":0.0,"event_name":"Scrap Ooze","player_choice":"Success","floor":11.0,"gold_loss":0.0,"damage_taken":35.0,"relics_obtained":["TungstenRod"]},{"damage_healed":16.0,"max_hp_gain":0.0,"max_hp_loss":0.0,"gold_gain":0.0,"event_name":"The Cleric","player_choice":"Healed","floor":12.0,"gold_loss":35.0,"damage_taken":0.0},{"damage_healed":0.0,"max_hp_gain":0.0,"max_hp_loss":0.0,"gold_gain":0.0,"event_name":"Liars Game","player_choice":"Ignored","floor":14.0,"gold_loss":0.0,"damage_taken":0.0},{"cards_removed":["Strike_B"],"damage_healed":0.0,"max_hp_gain":0.0,"max_hp_loss":0.0,"gold_gain":0.0,"event_name":"Bonfire Elementals","player_choice":"Offered Basic","floor":21.0,"gold_loss":0.0,"damage_taken":0.0},{"cards_removed":["Strike_B"],"damage_healed":0.0,"max_hp_gain":0.0,"max_hp_loss":0.0,"gold_gain":0.0,"event_name":"Beggar","player_choice":"Gave Gold","floor":31.0,"gold_loss":75.0,"damage_taken":0.0},{"damage_healed":0.0,"max_hp_gain":0.0,"max_hp_loss":0.0,"gold_gain":0.0,"event_name":"SensoryStone","player_choice":"Memory 1","floor":36.0,"gold_loss":0.0,"damage_taken":0.0},{"cards_removed":["Cold Snap"],"damage_healed":0.0,"max_hp_gain":0.0,"max_hp_loss":0.0,"gold_gain":0.0,"event_name":"Falling","player_choice":"Removed Attack","floor":37.0,"gold_loss":0.0,"damage_taken":0.0},{"damage_healed":0.0,"max_hp_gain":0.0,"max_hp_loss":0.0,"gold_gain":0.0,"event_name":"MindBloom","player_choice":"Fight","floor":38.0,"gold_loss":0.0,"damage_taken":0.0},{"damage_healed":0.0,"max_hp_gain":0.0,"max_hp_loss":0.0,"gold_gain":0.0,"event_name":"Lab","player_choice":"Got Potions","floor":39.0,"gold_loss":0.0,"damage_taken":0.0}],"is_beta":false,"boss_relics":[{"not_picked":["SacredBark","Velvet Choker"],"picked":"Nuclear Battery"},{"not_picked":["Cursed Key","Tiny House"],"picked":"Black Star"}],"items_purged_floors":[19],"is_endless":false,"potions_floor_spawned":[5,7,8,16,22,24,30,38,42,46],"ascension_level":18}}