{"host":"37r75cyug2ir6qa5","time":1612096767,"event":{"mods":["BaseMod","Colored Map","Downfall","Highlight Path","Minty Spire (QoL Compilation)","Replay The Spire","StSLib"],"gold_per_floor":[119,44,44,119,132,164,164,180,180,180,212,228,244,272,272,374,374,393,410,410,423,423,755,755,755],"floor_reached":24,"language":"ENG","playtime":1427,"items_purged":["Strike_P"],"score":261,"play_id":"12b34a17-d113-4c63-baf7-971f1d0eac26","local_time":"20210131203927","is_ascension_mode":false,"campfire_choices":[{"floor":7,"key":"REST"},{"data":"ClearTheMind","floor":10,"key":"SMITH"},{"floor":15,"key":"REST"}],"circlet_count":0,"master_deck":["Strike_P","Strike_P","Strike_P","Defend_P","Defend_P","Defend_P","Defend_P","Eruption","Vigilance","Meditate","WindmillStrike","ClearTheMind+1","EmptyBody","BowlingBash","FearNoEvil","J.A.X.","Establishment"],"relics":["PureWater","Torii","Regal Pillow","Onion Ring","Bottled Flame","Bottled Lightning","ChewingGum","Old Coin"],"acts_visited":["Exordium","TheCity"],"potions_floor_usage":[8,14,16,16,19,21,23],"damage_taken":[{"damage":0,"enemies":"Cultist","floor":1,"turns":4},{"damage":1,"enemies":"Small Slimes","floor":5,"turns":4},{"damage":49,"enemies":"Lagavulin","floor":6,"turns":5},{"damage":11,"enemies":"Jaw Worm","floor":8,"turns":5},{"damage":18,"enemies":"Gremlin Nob","floor":11,"turns":4},{"damage":10,"enemies":"Looter","floor":12,"turns":3},{"damage":1,"enemies":"Lots of Slimes","floor":13,"turns":4},{"damage":4,"enemies":"3 Sentries","floor":14,"turns":6},{"damage":46,"enemies":"Hexaghost","floor":16,"turns":11},{"damage":7,"enemies":"Shell Parasite","floor":18,"turns":3},{"damage":11,"enemies":"2 Thieves","floor":19,"turns":4},{"damage":24,"enemies":"Snake Plant","floor":21,"turns":2},{"damage":58,"enemies":"Gremlin Leader","floor":23,"turns":6},{"damage":32,"enemies":"Cultist and Chosen","floor":24,"turns":6}],"seed_played":"-469361653911286966","potions_obtained":[{"floor":1,"key":"Venom Potion"},{"floor":6,"key":"PowerPotion"},{"floor":12,"key":"SteroidPotion"},{"floor":14,"key":"SpeedPotion"},{"floor":16,"key":"Block Potion"},{"floor":19,"key":"PowerPotion"},{"floor":21,"key":"StancePotion"},{"floor":23,"key":"Weak Potion"}],"is_trial":false,"path_per_floor":["M","$","T","?","M","E","R","M","T","R","E","M","M","E","R","B",null,"M","M","?","M","?","E","M"],"character_chosen":"WATCHER","items_purchased":[],"campfire_rested":2,"item_purchase_floors":[],"current_hp_per_floor":[79,79,79,68,67,18,56,45,45,45,27,17,16,12,50,4,79,72,61,61,37,89,31,0,0],"gold":755,"neow_bonus":"TEN_PERCENT_HP_BONUS","is_daily":false,"chose_seed":false,"campfire_upgraded":1,"win_rate":0.0,"timestamp":1612096767,"path_taken":["M","?","?","?","M","E","R","M","T","R","E","M","M","E","R","BOSS","M","M","?","M","?","E","?"],"items_purchased_type":[],"build_version":"2020-12-22","purchased_purges":1,"victory":false,"max_hp_per_floor":[79,79,79,79,79,79,79,79,79,79,79,79,79,79,79,79,79,79,79,79,79,89,89,89,89],"card_choices":[{"not_picked":["Evaluate","Crescendo"],"picked":"Meditate","floor":1},{"not_picked":["Perseverance","CrushJoints"],"picked":"WindmillStrike","floor":5},{"not_picked":["Replay:Vibes","JustLucky"],"picked":"ClearTheMind","floor":6},{"not_picked":["Sanctity","Prostrate"],"picked":"EmptyBody","floor":8},{"not_picked":["EmptyFist","FollowUp","Meditate"],"picked":"SKIP","floor":11},{"not_picked":["EmptyBody","ClearTheMind"],"picked":"BowlingBash","floor":12},{"not_picked":["Protect","Prostrate","Omniscience"],"picked":"SKIP","floor":13},{"not_picked":["Adaptation","Replay:ManipulateFuture"],"picked":"FearNoEvil","floor":14},{"not_picked":["Scrawl","DeusExMachina"],"picked":"DevaForm","floor":16},{"not_picked":["WaveOfTheHand+1","BowlingBash+1","DeceiveReality"],"picked":"SKIP","floor":18},{"not_picked":["Prostrate","Replay:Vibes","SashWhip+1"],"picked":"SKIP","floor":19},{"not_picked":["SashWhip","BowlingBash","ThirdEye"],"picked":"SKIP","floor":21},{"not_picked":["FlyingSleeves","Evaluate"],"picked":"Establishment","floor":23}],"player_experience":186342,"relics_obtained":[{"floor":3,"key":"Torii"},{"floor":6,"key":"Regal Pillow"},{"floor":9,"key":"Onion Ring"},{"floor":11,"key":"Bottled Flame"},{"floor":14,"key":"Bottled Lightning"},{"floor":23,"key":"Old Coin"}],"event_choices":[{"damage_healed":0,"gold_gain":75,"player_choice":"Gather Gold","damage_taken":11,"max_hp_gain":0,"max_hp_loss":0,"event_name":"World of Goop","floor":4,"gold_loss":0},{"damage_healed":0,"gold_gain":0,"player_choice":"Obtain J.A.X.","damage_taken":0,"max_hp_gain":0,"max_hp_loss":0,"event_name":"Drug Dealer","floor":20,"gold_loss":0,"cards_obtained":["J.A.X."]},{"cards_removed":["DevaForm"],"damage_healed":42,"gold_gain":0,"player_choice":"Offered Rare","damage_taken":0,"max_hp_gain":10,"max_hp_loss":0,"event_name":"Bonfire Elementals","floor":22,"gold_loss":0}],"is_beta":false,"boss_relics":[{"not_picked":["Honey Jar","Kintsugi"],"picked":"ChewingGum"}],"items_purged_floors":[2],"is_endless":false,"potions_floor_spawned":[1,6,12,14,16,19,21,23],"killed_by":"Cultist and Chosen","ascension_level":0}}