{"host":"y76clbnovzmw9ubx","time":1612127253,"event":{"mods":["AchievementEnabler","BaseMod","Minty Spire (QoL Compilation)","Permanent Neow","Relic Stats"],"gold_per_floor":[214,226,239,253,15,47,47,80,80,111,129,129,54,79,79,172,172,185,201,33,56,56,90,90,121,121,147,167,185,110,123,123,123,123],"floor_reached":33,"language":"ENG","playtime":2629,"items_purged":["Strike_G"],"score":658,"play_id":"31988bbe-fe16-4d7f-9225-694f038c357f","local_time":"20210131160733","is_ascension_mode":true,"campfire_choices":[{"data":"Apotheosis","floor":7,"key":"SMITH"},{"floor":15,"key":"REST"},{"floor":24,"key":"REST"},{"floor":32,"key":"REST"}],"circlet_count":0,"master_deck":["AscendersBane","Strike_G","Strike_G","Strike_G","Defend_G","Defend_G","Defend_G","Defend_G","Defend_G","Survivor","Neutralize","Dodge and Roll","Calculated Gamble","Noxious Fumes","Apotheosis+1","Well Laid Plans","Caltrops","Backstab","Die Die Die","Cloak And Dagger","Deflect","Dodge and Roll","Blur","Finisher","Cloak And Dagger+1","Dodge and Roll","Blade Dance","Finisher+1","Cloak And Dagger","A Thousand Cuts"],"relics":["Ring of the Snake","Bird Faced Urn","Anchor","Art of War","Shuriken","Bloody Idol","Sozu","Sling","Dream Catcher","Shovel","Akabeko","Bottled Flame"],"acts_visited":["Exordium","TheCity"],"potions_floor_usage":[11,16,19],"damage_taken":[{"damage":7,"enemies":"Small Slimes","floor":1,"turns":7},{"damage":0,"enemies":"Jaw Worm","floor":2,"turns":7},{"damage":1,"enemies":"2 Louse","floor":3,"turns":4},{"damage":1,"enemies":"Blue Slaver","floor":4,"turns":9},{"damage":4,"enemies":"Lagavulin","floor":6,"turns":8},{"damage":43,"enemies":"Gremlin Nob","floor":8,"turns":5},{"damage":7,"enemies":"Lagavulin","floor":10,"turns":9},{"damage":0,"enemies":"Large Slime","floor":11,"turns":7},{"damage":0,"enemies":"3 Louse","floor":14,"turns":5},{"damage":33,"enemies":"Slime Boss","floor":16,"turns":12},{"damage":17,"enemies":"2 Thieves","floor":18,"turns":4},{"damage":4,"enemies":"Shell Parasite","floor":19,"turns":6},{"damage":34,"enemies":"3 Cultists","floor":21,"turns":7},{"damage":5,"enemies":"Slavers","floor":23,"turns":6},{"damage":23,"enemies":"Gremlin Leader","floor":25,"turns":8},{"damage":1,"enemies":"Book of Stabbing","floor":27,"turns":5},{"damage":18,"enemies":"Snake Plant","floor":28,"turns":5},{"damage":19,"enemies":"Snecko","floor":29,"turns":6},{"damage":12,"enemies":"Sentry and Sphere","floor":31,"turns":3},{"damage":54,"enemies":"Collector","floor":33,"turns":8}],"seed_played":"-8324534898410897426","potions_obtained":[{"floor":1,"key":"Dexterity Potion"},{"floor":4,"key":"Explosive Potion"},{"floor":8,"key":"Fruit Juice"},{"floor":11,"key":"SneckoOil"}],"is_trial":false,"path_per_floor":["M","M","M","M","$","E","R","E","T","E","M","?","$","M","R","B",null,"M","M","$","M","?","E","R","E","T","E","M","M","?","M","R","B"],"character_chosen":"THE_SILENT","items_purchased":["Apotheosis","Well Laid Plans","Sling"],"campfire_rested":3,"item_purchase_floors":[5,5,20],"current_hp_per_floor":[52,52,51,50,50,46,46,9,9,8,19,19,19,23,42,15,52,41,43,43,15,15,21,40,28,28,38,31,23,23,18,37,0,0],"gold":123,"neow_bonus":"HUNDRED_GOLD","is_daily":false,"chose_seed":false,"campfire_upgraded":1,"win_rate":0.0,"timestamp":1612127253,"path_taken":["M","M","M","M","$","E","R","E","T","E","M","?","$","M","R","BOSS","M","M","$","M","?","E","R","E","T","E","M","M","?","M","R","BOSS"],"items_purchased_type":["Card","Card","Relic"],"build_version":"2020-12-22","purchased_purges":1,"victory":false,"max_hp_per_floor":[66,66,66,66,66,66,66,66,66,66,71,64,64,64,64,64,64,64,64,64,64,64,64,64,64,64,64,64,64,64,64,64,64,64],"relic_stats":{"Sozu":5,"Dream Catcher":2,"Shovel":0,"counters":[20,131],"Shuriken":[33],"Bird Faced Urn":[86],"Bloody Idol":30,"Art of War":[12],"obtain_stats":[{"Golden Idol":12,"Sling":20,"Akabeko":26,"Sozu":17,"Anchor":8,"Dream Catcher":23,"Bottled Flame":27,"Shovel":25,"Shuriken":10,"Bird Faced Urn":6,"Bloody Idol":22,"Art of War":9,"Ring of the Snake":0},{"Golden Idol":8,"Sling":12,"Akabeko":15,"Sozu":10,"Anchor":6,"Dream Catcher":14,"Bottled Flame":16,"Shovel":15,"Shuriken":7,"Bird Faced Urn":5,"Bloody Idol":13,"Art of War":6,"Ring of the Snake":0},{"Golden Idol":56,"Sling":83,"Akabeko":104,"Sozu":73,"Anchor":40,"Dream Catcher":96,"Bottled Flame":109,"Shovel":104,"Shuriken":49,"Bird Faced Urn":35,"Bloody Idol":90,"Art of War":40,"Ring of the Snake":0}],"Ring of the Snake":[40]},"card_choices":[{"not_picked":["Deadly Poison","Prepared","Acrobatics"],"picked":"SKIP","floor":1},{"not_picked":["Deadly Poison","Outmaneuver"],"picked":"Dodge and Roll","floor":2},{"not_picked":["Eviscerate","Tactician"],"picked":"Calculated Gamble","floor":3},{"not_picked":["PiercingWail","Underhanded Strike"],"picked":"Noxious Fumes","floor":4},{"not_picked":["Backstab","Escape Plan"],"picked":"Caltrops","floor":6},{"not_picked":["Bane","PiercingWail"],"picked":"Backstab","floor":8},{"not_picked":["PiercingWail","Deadly Poison"],"picked":"Die Die Die","floor":10},{"not_picked":["Poisoned Stab","Bouncing Flask"],"picked":"Cloak And Dagger","floor":11},{"not_picked":["Prepared","Accuracy"],"picked":"Deflect","floor":14},{"not_picked":["Quick Slash","Acrobatics"],"picked":"Dodge and Roll","floor":18},{"not_picked":["Slice","Sucker Punch"],"picked":"Blur","floor":19},{"not_picked":["Blur","Deadly Poison"],"picked":"Finisher","floor":21},{"not_picked":["Acrobatics","PiercingWail+1"],"picked":"Cloak And Dagger+1","floor":23},{"not_picked":["Expertise","Poisoned Stab"],"picked":"Dodge and Roll","floor":24},{"not_picked":["Prepared","Endless Agony","Burst"],"picked":"SKIP","floor":25},{"not_picked":["Slice+1","Underhanded Strike"],"picked":"Blade Dance","floor":27},{"not_picked":["Backflip","Dodge and Roll"],"picked":"Finisher+1","floor":28},{"not_picked":["Crippling Poison","Quick Slash"],"picked":"Cloak And Dagger","floor":29},{"not_picked":["Riddle With Holes","Bane","Dagger Throw+1"],"picked":"SKIP","floor":31},{"not_picked":["Riddle With Holes","Bane"],"picked":"A Thousand Cuts","floor":32}],"player_experience":3169089,"relics_obtained":[{"floor":6,"key":"Bird Faced Urn"},{"floor":8,"key":"Anchor"},{"floor":9,"key":"Art of War"},{"floor":10,"key":"Shuriken"},{"floor":23,"key":"Dream Catcher"},{"floor":25,"key":"Shovel"},{"floor":26,"key":"Akabeko"},{"floor":27,"key":"Bottled Flame"}],"event_choices":[{"damage_healed":0,"gold_gain":0,"player_choice":"Lose Max HP","damage_taken":0,"relics_obtained":["Golden Idol"],"max_hp_gain":0,"max_hp_loss":7,"event_name":"Golden Idol","floor":12,"gold_loss":0},{"damage_healed":0,"gold_gain":0,"player_choice":"Gave Idol","damage_taken":0,"relics_obtained":["Bloody Idol"],"max_hp_gain":0,"max_hp_loss":0,"event_name":"Forgotten Altar","floor":22,"relics_lost":["Golden Idol"],"gold_loss":0},{"cards_removed":["Strike_G"],"damage_healed":0,"gold_gain":0,"player_choice":"Gave Gold","damage_taken":0,"max_hp_gain":0,"max_hp_loss":0,"event_name":"Beggar","floor":30,"gold_loss":75}],"is_beta":false,"boss_relics":[{"not_picked":["Empty Cage","Ectoplasm"],"picked":"Sozu"}],"items_purged_floors":[13],"is_endless":false,"potions_floor_spawned":[1,4,8,11,21,27,28,29,31],"killed_by":"Collector","ascension_level":20}}