{"host":"yzb2zje941uub2vb","time":1612108433,"event":{"mods":["AchievementEnabler","BaseMod","Marisa£®ÏF”Í°°ƒß¿Ì…≥£©","Minty Spire (QoL Compilation)","The Construct"],"gold_per_floor":[113,133,145,42,53,53,20,48,71,71,84,84,143,171,171,274,274,285,285,297,315,128,128,128],"floor_reached":23,"language":"ZHS","playtime":1384,"items_purged":["Strike_MRS"],"score":211,"play_id":"0b108119-93fb-47d5-a94c-d9a2e57b82ec","local_time":"20210131165353","is_ascension_mode":true,"campfire_choices":[{"data":"EarthLightRay","floor":6,"key":"SMITH"},{"data":"MasterSpark","floor":10,"key":"SMITH"},{"data":"PulseMagic","floor":12,"key":"SMITH"},{"floor":15,"key":"REST"}],"circlet_count":0,"master_deck":["Defend_MRS","Defend_MRS","Defend_MRS","Defend_MRS","MasterSpark+1","UpSweep","StarlightTyphoon","ShootingEcho","EarthLightRay+1","PulseMagic+1","GrandCross","EventHorizon","GravityBeat","OortCloud","Occultation","AlicesGift","LuminesStrike","OortCloud","FinalSpark","MilkyWay+1","PropBag+1","Singularity+1","OortCloud","Acceleration+1","WitchLeyline","CasketOfStar"],"relics":["MiniHakkero","Smiling Mask","Bag of Marbles","Nunchaku","Bird Faced Urn","Astrolabe","Ornamental Fan"],"acts_visited":["Exordium","TheCity"],"potions_floor_usage":[16],"damage_taken":[{"damage":0,"enemies":"2 Louse","floor":1,"turns":3},{"damage":8,"enemies":"Jaw Worm","floor":2,"turns":3},{"damage":1,"enemies":"Cultist","floor":3,"turns":3},{"damage":11,"enemies":"3 Louse","floor":5,"turns":3},{"damage":6,"enemies":"Gremlin Nob","floor":8,"turns":3},{"damage":8,"enemies":"Gremlin Gang","floor":11,"turns":6},{"damage":6,"enemies":"Gremlin Nob","floor":13,"turns":4},{"damage":18,"enemies":"3 Sentries","floor":14,"turns":5},{"damage":15,"enemies":"Hexaghost","floor":16,"turns":10},{"damage":10,"enemies":"3 Byrds","floor":18,"turns":5},{"damage":0,"enemies":"Spheric Guardian","floor":20,"turns":3},{"damage":12,"enemies":"Cultist and Chosen","floor":21,"turns":6},{"damage":92,"enemies":"Slavers","floor":23,"turns":4}],"seed_played":"2099968863873888345","potions_obtained":[{"floor":2,"key":"Block Potion"},{"floor":3,"key":"SpeedPotion"},{"floor":11,"key":"Explosive Potion"},{"floor":16,"key":"Swift Potion"},{"floor":18,"key":"BottledSpark"}],"is_trial":false,"path_per_floor":["M","M","M","$","M","R","$","E","T","R","M","R","?","E","R","B",null,"M","?","M","M","$","E"],"character_chosen":"MARISA","items_purchased":["GrandCross","EventHorizon","OortCloud","CasketOfStar"],"campfire_rested":1,"item_purchase_floors":[4,4,7,22],"current_hp_per_floor":[75,67,66,66,59,59,59,53,53,53,51,51,51,33,55,52,75,75,75,75,71,71,0,0],"gold":128,"neow_bonus":"THREE_CARDS","is_daily":false,"chose_seed":false,"campfire_upgraded":3,"win_rate":0.0,"timestamp":1612108433,"path_taken":["M","M","M","$","M","R","$","E","T","R","M","R","?","E","R","BOSS","M","?","M","M","$","E"],"items_purchased_type":["Card","Card","Card","Card"],"build_version":"2020-12-22","purchased_purges":1,"victory":false,"max_hp_per_floor":[75,75,75,75,75,75,75,75,75,75,75,75,75,75,75,75,75,75,75,75,75,75,75,75],"card_choices":[{"not_picked":["ShootTheMoon","6A"],"picked":"StarlightTyphoon","floor":0},{"not_picked":["6A","WitchOfGreed"],"picked":"ShootingEcho","floor":1},{"not_picked":["6A","OrrerysSun"],"picked":"EarthLightRay","floor":2},{"not_picked":["Singularity","DarkMatter"],"picked":"PulseMagic","floor":3},{"not_picked":["6A","DC"],"picked":"GravityBeat","floor":5},{"not_picked":["StarDustReverie","ShootTheMoon"],"picked":"Occultation","floor":8},{"not_picked":["SporeBomb","AsteroidBelt"],"picked":"AlicesGift","floor":11},{"not_picked":["GalacticHalo","IllusionStar"],"picked":"LuminesStrike","floor":13},{"not_picked":["GravityBeat","GrandCross"],"picked":"OortCloud","floor":14},{"not_picked":["SuperNova","UltimateShortwave"],"picked":"FinalSpark","floor":16},{"not_picked":["NonDirectionalLaser","DC+1"],"picked":"OortCloud","floor":18},{"not_picked":["WitchLeyline","DC"],"picked":"Acceleration+1","floor":20},{"not_picked":["SporeBomb","BlazeAway"],"picked":"WitchLeyline","floor":21}],"player_experience":110545,"relics_obtained":[{"floor":8,"key":"Smiling Mask"},{"floor":9,"key":"Bag of Marbles"},{"floor":13,"key":"Nunchaku"},{"floor":14,"key":"Bird Faced Urn"}],"event_choices":[{"damage_healed":0,"gold_gain":0,"player_choice":"Searched \u00271\u0027 times","damage_taken":0,"max_hp_gain":0,"max_hp_loss":0,"event_name":"Dead Adventurer","floor":13,"gold_loss":0},{"damage_healed":0,"gold_gain":0,"player_choice":"Ignored","damage_taken":0,"max_hp_gain":0,"max_hp_loss":0,"event_name":"Vampires","floor":19,"gold_loss":0}],"is_beta":false,"boss_relics":[{"not_picked":["RampagingMagicTools","Ectoplasm"],"picked":"Astrolabe"}],"items_purged_floors":[22],"is_endless":false,"potions_floor_spawned":[2,3,11,16,18],"killed_by":"Slavers","ascension_level":1}}