{"host":"aqym1xxr3lb31d9m","time":1612105091,"event":{"mods":["BaseMod","Block Reminder","Colored Map","Colored Powertips","DeckTracker","Highlight Path","Minty Spire (QoL Compilation)","Quick Restart","Random Character Button","StSLib","SuperFastMode","UnlockEverythingMod"],"gold_per_floor":[112,112,130,148,113,113,113,127,151,181,66,66,41,68,68,68,68],"floor_reached":16,"language":"JPN","playtime":603,"items_purged":[],"score":216,"play_id":"8f9d9965-bcb1-48e2-9a0c-f48ac8815a03","local_time":"20210131235811","is_ascension_mode":true,"campfire_choices":[{"data":"Fission","floor":6.0,"key":"SMITH"},{"data":"Hologram","floor":12.0,"key":"SMITH"},{"data":"Beam Cell","floor":15,"key":"SMITH"}],"circlet_count":0,"master_deck":["AscendersBane","Strike_B","Strike_B","Strike_B","Defend_B","Defend_B+1","Defend_B","Defend_B","Zap","Dualcast+1","Fission+1","Glacier","Auto Shields","Melter","Hologram+1","Beam Cell","Cold Snap","Beam Cell+1","Lockon"],"relics":["Cracked Core","Omamori","Smiling Mask","Ornamental Fan"],"acts_visited":["Exordium"],"potions_floor_usage":[16,16],"damage_taken":[{"damage":8.0,"enemies":"Small Slimes","floor":1.0,"turns":5.0},{"damage":1.0,"enemies":"Jaw Worm","floor":3.0,"turns":5.0},{"damage":1.0,"enemies":"Cultist","floor":4.0,"turns":4.0},{"damage":0.0,"enemies":"Blue Slaver","floor":8.0,"turns":3.0},{"damage":13.0,"enemies":"Lagavulin","floor":10.0,"turns":7.0},{"damage":24,"enemies":"3 Sentries","floor":14,"turns":12},{"damage":14,"enemies":"Hexaghost","floor":16,"turns":9}],"seed_played":"4454093746363719516","potions_obtained":[{"floor":1.0,"key":"ColorlessPotion"},{"floor":4.0,"key":"PotionOfCapacity"},{"floor":14,"key":"LiquidMemories"}],"is_trial":false,"path_per_floor":["M","?","M","M","?","R","?","M","T","E","$","R","$","E","R","B"],"character_chosen":"DEFECT","items_purchased":["PowerPotion","Cold Snap","Beam Cell"],"campfire_rested":0,"item_purchase_floors":[11,11,13],"current_hp_per_floor":[56,56,55,54,71,71,50,50,50,37,37,37,37,13,13,0,0],"gold":68,"neow_bonus":"ONE_RANDOM_RARE_CARD","is_daily":false,"chose_seed":false,"campfire_upgraded":3,"win_rate":0.0,"timestamp":1612105091,"path_taken":["M","?","M","M","?","R","?","M","T","E","?","R","$","E","R","BOSS"],"items_purchased_type":["Potion","Card","Card"],"build_version":"2020-12-22","purchased_purges":0,"victory":false,"max_hp_per_floor":[71,71,71,71,71,71,71,71,71,71,71,71,71,71,71,71,71],"card_choices":[{"not_picked":["FTL","Conserve Battery"],"picked":"Glacier","floor":1.0},{"not_picked":["Double Energy","Turbo"],"picked":"Melter","floor":3.0},{"not_picked":["Force Field","Aggregate","Stack"],"picked":"SKIP","floor":4.0},{"not_picked":["Gash","Redo"],"picked":"Hologram","floor":8.0},{"not_picked":["Go for the Eyes","Fusion"],"picked":"Beam Cell","floor":10.0},{"not_picked":["Leap","Chill"],"picked":"Lockon","floor":14}],"player_experience":4140950,"relics_obtained":[{"floor":9.0,"key":"Omamori"},{"floor":10.0,"key":"Smiling Mask"},{"floor":14,"key":"Ornamental Fan"}],"event_choices":[{"damage_healed":0.0,"max_hp_gain":0.0,"max_hp_loss":0.0,"gold_gain":0.0,"cards_transformed":["Strike_B"],"event_name":"Living Wall","player_choice":"Change","floor":2.0,"gold_loss":0.0,"damage_taken":0.0,"cards_obtained":["Auto Shields"]},{"damage_healed":17.0,"max_hp_gain":0.0,"max_hp_loss":0.0,"gold_gain":0.0,"event_name":"The Cleric","player_choice":"Healed","floor":5.0,"gold_loss":35.0,"damage_taken":0.0},{"damage_healed":0.0,"max_hp_gain":0.0,"max_hp_loss":0.0,"gold_gain":0.0,"event_name":"Shining Light","player_choice":"Entered Light","floor":7.0,"gold_loss":0.0,"damage_taken":21.0,"cards_upgraded":["Defend_B","Dualcast"]}],"is_beta":false,"boss_relics":[],"items_purged_floors":[],"is_endless":false,"potions_floor_spawned":[1,4,14],"killed_by":"Hexaghost","ascension_level":20}}