{"host":"ohzd90ieay82el1q","time":1612081760,"event":{"mods":["Act Like it!","Arknights","Aspiration","BaseMod","Chen","Colored Map","Colored Powertips","DeckTracker","Gensokyo","Highlight Path","Hubris","Infinite Spire","Koishi","Marisa£®ÏF”Í°°ƒß¿Ì…≥£©","Minty Spire (QoL Compilation)","Quick Restart","Random Character Button","Reimu£®≤©¿ˆ¡È√Œ£©","Relic Sorter","Remilia£®¿Ÿ√◊¿Ú—«£©","Replay The Spire","StSLib","SuperFastMode","Synergy Search","The Cursed","The Gatherer","The Jungle","The Runesmith","The Servant 0.9.4","Youmu£®ªÍ∆«—˝√Œ£©","[IsaacMod]“‘»ˆº‚À˛","[JumpMod]ŒË∂Øº‚À˛","°æ“≈ŒÔø®≈∆°øREMEMod"],"gold_per_floor":[112,112,112,132,148,179,199,124,173,173,189,189,189,203,203,203,203],"floor_reached":16,"language":"ZHS","playtime":844,"items_purged":["Chen:Strike"],"score":102,"play_id":"2bc07e1c-bb25-431c-9c59-8c62ba90b2c8","local_time":"20210131162920","is_ascension_mode":false,"campfire_choices":[{"floor":10,"key":"REST"},{"floor":13,"key":"REST"},{"data":"BloodHunter","floor":15,"key":"SMITH"}],"circlet_count":0,"master_deck":["Chen:Strike","Chen:Strike","Chen:Strike","Chen:Strike","Chen:Defend","Chen:Defend","Chen:Defend","Chen:Defend","Chen:PounceTurnTail","Chen:GlitterPoke","Chen:Tear","Chen:Panic","Chen:Fadeout","Chen:Recuperate","Chen:Spray","Chen:TauntHiss","Chen:Panic","Replay:Hysterical Blindness","BloodHunter+1","Chen:TauntHiss"],"relics":["Chen:Catnip","hubris:Icosahedron","hubris:DisguiseKit","HushsDoor","KeepersGift","HowToJump","REME_ComplimentaryCards","NeowsBlessing","hubris:Towel","Thread and Needle","Dream Catcher"],"acts_visited":["Exordium"],"potions_floor_usage":[7,16],"damage_taken":[{"damage":0,"enemies":"Small Slimes","floor":1,"turns":1},{"damage":0,"enemies":"Jaw Worm","floor":4,"turns":1},{"damage":0,"enemies":"Cultist","floor":5,"turns":1},{"damage":34,"enemies":"3 Sentries","floor":6,"turns":12},{"damage":0,"enemies":"3 Louse","floor":7,"turns":4},{"damage":0,"enemies":"Blue Slaver","floor":11,"turns":4},{"damage":5,"enemies":"Looter","floor":14,"turns":4},{"damage":65,"enemies":"Slime Boss","floor":16,"turns":13}],"seed_played":"1902408444163793613","potions_obtained":[{"floor":4,"key":"Dexterity Potion"},{"floor":5,"key":"Swift Potion"},{"floor":14,"key":"Milkshake"}],"is_trial":false,"path_per_floor":["M","?","?","M","M","E","M","$","T","R","M","?","R","M","R","B"],"character_chosen":"CHEN","items_purchased":[],"campfire_rested":2,"item_purchase_floors":[],"current_hp_per_floor":[70,70,70,70,70,36,36,36,36,57,57,57,70,65,65,0,0],"gold":203,"neow_bonus":"THREE_ENEMY_KILL","is_daily":false,"chose_seed":false,"campfire_upgraded":1,"win_rate":0.0,"timestamp":1612081760,"path_taken":["M","?","?","?","M","E","M","$","T","R","M","?","R","M","R","BOSS"],"items_purchased_type":[],"build_version":"2020-12-22","purchased_purges":1,"victory":false,"max_hp_per_floor":[70,70,70,70,70,70,70,70,70,70,70,70,70,70,70,70,70],"card_choices":[{"not_picked":[],"picked":"ChaosCard","floor":0},{"not_picked":["Chen:Deceitful","Chen:GuardCounter"],"picked":"Chen:Tear","floor":1},{"not_picked":["Chen:Tear","Chen:EmergencyEscape"],"picked":"Chen:Panic","floor":4},{"not_picked":["Chen:Assault","Chen:BlueOniRedOni"],"picked":"Chen:Fadeout","floor":5},{"not_picked":["Chen:Barrier","Chen:FollowUp"],"picked":"Chen:Recuperate","floor":6},{"not_picked":["Chen:Mixup","Chen:Panic"],"picked":"Chen:Spray","floor":7},{"not_picked":["Chen:RecklessLeap","Chen:CurlUp"],"picked":"Chen:TauntHiss","floor":10},{"not_picked":["Chen:Tear","Chen:Shot"],"picked":"Chen:Panic","floor":11},{"not_picked":["Chen:Stability","Chen:Sweep","Chen:EvasiveFireShift"],"picked":"BloodHunter","floor":13},{"not_picked":["Chen:Spray","Chen:Catseye","StarOfDavid"],"picked":"Chen:TauntHiss","floor":14}],"player_experience":95528,"relics_obtained":[{"floor":6,"key":"Thread and Needle"},{"floor":9,"key":"Dream Catcher"}],"event_choices":[],"is_beta":false,"boss_relics":[],"items_purged_floors":[8],"is_endless":false,"potions_floor_spawned":[4,5,14],"killed_by":"Slime Boss","ascension_level":0}}