{"host":"sc0o2qwpf9j16a4i","time":1612099234,"event":{"mods":["AchievementEnabler","BaseMod","BetterRewards","Block Reminder","Colored Map","Colored Powertips","Custom Start","Highlight Path","Minty Spire (QoL Compilation)","Relic Stats"],"gold_per_floor":[158,158,226,32,142,266,266,425,448,448,17,113,208,12,12,381,381,463,536,536,896,947,947,947],"floor_reached":23,"language":"ENG","playtime":808,"items_purged":[],"score":234,"play_id":"bbc5bd8d-3455-4542-8cf7-c8752cace7f4","local_time":"20210131152034","daily_mods":["Allstar","Vintage","Midas"],"is_ascension_mode":false,"campfire_choices":[{"floor":10.0,"key":"REST"},{"floor":15.0,"key":"REST"}],"circlet_count":0,"master_deck":["Strike_R","Strike_R","Strike_R","Strike_R","Strike_R","Defend_R","Defend_R","Defend_R","Defend_R","Bash","HandOfGreed","Enlightenment","Sadistic Nature","PanicButton","Violence","Pain","Apotheosis","True Grit","Evolve","Secret Technique","Sword Boomerang","Infernal Blade+1","Power Through+1","Immolate","CurseOfTheBell","Writhe"],"relics":["Burning Blood","Sundial","WarpedTongs","Ornamental Fan","Pen Nib","Bag of Preparation","Blue Candle","Unceasing Top","Art of War","Matryoshka","Toxic Egg 2","Regal Pillow","Lee\u0027s Waffle","Calling Bell","Happy Flower","InkBottle","Magic Flower","Calipers","Strawberry","Tiny Chest","Girya"],"acts_visited":["Exordium","TheCity"],"potions_floor_usage":[23],"damage_taken":[{"damage":6.0,"enemies":"Jaw Worm","floor":1.0,"turns":5.0},{"damage":2.0,"enemies":"2 Louse","floor":3.0,"turns":2.0},{"damage":7.0,"enemies":"Small Slimes","floor":5.0,"turns":4.0},{"damage":31.0,"enemies":"Gremlin Nob","floor":6.0,"turns":4.0},{"damage":12.0,"enemies":"3 Sentries","floor":8.0,"turns":9.0},{"damage":38.0,"enemies":"Gremlin Nob","floor":12.0,"turns":5.0},{"damage":9.0,"enemies":"Exordium Wildlife","floor":13.0,"turns":8.0},{"damage":18.0,"enemies":"Slime Boss","floor":16.0,"turns":12.0},{"damage":21.0,"enemies":"2 Thieves","floor":18.0,"turns":4.0},{"damage":18.0,"enemies":"Spheric Guardian","floor":19.0,"turns":5.0},{"damage":19.0,"enemies":"Snake Plant","floor":22.0,"turns":6.0},{"damage":32,"enemies":"Book of Stabbing","floor":23,"turns":4}],"seed_played":"-4733252659583571013","potions_obtained":[{"floor":6.0,"key":"SkillPotion"},{"floor":12.0,"key":"FearPotion"},{"floor":19.0,"key":"Block Potion"}],"is_trial":true,"path_per_floor":["M","?","M","$","M","E","T","E","T","R","$","E","M","$","R","B",null,"M","M","?","?","M","E"],"character_chosen":"IRONCLAD","items_purchased":["Apotheosis","Matryoshka","Secret Technique","Sword Boomerang","Lee\u0027s Waffle","Power Through+1"],"campfire_rested":2,"item_purchase_floors":[4,11,11,11,14,14],"current_hp_per_floor":[80,80,80,80,79,54,54,48,48,72,72,40,37,87,87,75,87,75,73,73,37,27,0,0],"gold":947,"neow_bonus":"","is_daily":false,"chose_seed":false,"campfire_upgraded":0,"win_rate":0.0,"timestamp":1612099234,"path_taken":["M","?","M","?","M","E","?","E","T","R","?","E","?","$","R","BOSS","M","M","?","?","M","E"],"items_purchased_type":["Card","Relic","Card","Card","Relic","Card"],"build_version":"2020-12-22","purchased_purges":0,"victory":false,"max_hp_per_floor":[80,80,80,80,80,80,80,80,80,80,80,80,80,87,87,87,87,87,94,94,94,94,94,94],"relic_stats":{"Regal Pillow":0,"Lee\u0027s Waffle":50,"Happy Flower":[6],"counters":[12,68],"Blue Candle":[9],"Magic Flower":[9],"Pen Nib":[6],"Bag of Preparation":[16],"Burning Blood":71,"WarpedTongs":[27],"Sundial":[8],"Ornamental Fan":[8],"Tiny Chest":0,"Art of War":[14],"obtain_stats":[{"Girya":22,"Regal Pillow":13,"Lee\u0027s Waffle":14,"Calipers":18,"Happy Flower":17,"Blue Candle":7,"Magic Flower":17,"Pen Nib":5,"Bag of Preparation":6,"Burning Blood":0,"WarpedTongs":2,"Calling Bell":17,"Matryoshka":11,"Sundial":1,"Ornamental Fan":3,"Strawberry":19,"Tiny Chest":20,"Art of War":9,"Toxic Egg 2":12,"Unceasing Top":8,"InkBottle":17},{"Girya":11,"Regal Pillow":7,"Lee\u0027s Waffle":7,"Calipers":9,"Happy Flower":8,"Blue Candle":4,"Magic Flower":8,"Pen Nib":3,"Bag of Preparation":4,"Burning Blood":0,"WarpedTongs":1,"Calling Bell":8,"Matryoshka":5,"Sundial":1,"Ornamental Fan":2,"Strawberry":10,"Tiny Chest":10,"Art of War":5,"Toxic Egg 2":6,"Unceasing Top":5,"InkBottle":8},{"Girya":64,"Regal Pillow":37,"Lee\u0027s Waffle":37,"Calipers":53,"Happy Flower":49,"Blue Candle":15,"Magic Flower":49,"Pen Nib":11,"Bag of Preparation":15,"Burning Blood":0,"WarpedTongs":5,"Calling Bell":49,"Matryoshka":24,"Sundial":5,"Ornamental Fan":7,"Strawberry":58,"Tiny Chest":58,"Art of War":24,"Toxic Egg 2":29,"Unceasing Top":24,"InkBottle":49}],"Unceasing Top":[2],"InkBottle":[5]},"card_choices":[{"not_picked":["Twin Strike","Anger"],"picked":"True Grit","floor":6.0},{"not_picked":["Flex","Body Slam"],"picked":"Evolve","floor":8.0},{"not_picked":["Thunderclap","Pommel Strike"],"picked":"Infernal Blade+1","floor":12.0},{"not_picked":["Corruption","Juggernaut"],"picked":"Immolate","floor":16.0}],"player_experience":1117313,"relics_obtained":[{"floor":1.0,"key":"Sundial"},{"floor":3.0,"key":"Ornamental Fan"},{"floor":5.0,"key":"Pen Nib"},{"floor":6.0,"key":"Bag of Preparation"},{"floor":7.0,"key":"Blue Candle"},{"floor":8.0,"key":"Unceasing Top"},{"floor":9.0,"key":"Art of War"},{"floor":12.0,"key":"Toxic Egg 2"},{"floor":13.0,"key":"Regal Pillow"},{"floor":17.0,"key":"Happy Flower"},{"floor":17.0,"key":"InkBottle"},{"floor":17.0,"key":"Magic Flower"},{"floor":18.0,"key":"Calipers"},{"floor":19.0,"key":"Strawberry"},{"floor":22.0,"key":"Girya"}],"event_choices":[{"damage_healed":0.0,"max_hp_gain":0.0,"max_hp_loss":0.0,"gold_gain":0.0,"event_name":"Accursed Blacksmith","player_choice":"Rummage","floor":2.0,"gold_loss":0.0,"damage_taken":0.0,"relics_obtained":["WarpedTongs"],"cards_obtained":["Pain"]},{"damage_healed":0.0,"max_hp_gain":0.0,"max_hp_loss":0.0,"gold_gain":0.0,"event_name":"The Mausoleum","player_choice":"Opened","floor":20.0,"gold_loss":0.0,"damage_taken":0.0,"relics_obtained":["Tiny Chest"],"cards_obtained":["Writhe"]},{"damage_healed":0.0,"max_hp_gain":0.0,"max_hp_loss":0.0,"gold_gain":360.0,"event_name":"Knowing Skull","player_choice":"GOLD GOLD GOLD GOLD ","floor":21.0,"potions_obtained":[],"gold_loss":0.0,"damage_taken":36.0,"cards_obtained":[]}],"is_beta":false,"boss_relics":[{"not_picked":["Runic Dome","Tiny House"],"picked":"Calling Bell"}],"items_purged_floors":[],"is_endless":false,"potions_floor_spawned":[6,12,19],"killed_by":"Book of Stabbing","ascension_level":0}}