{"host":"utkjxzfynr8j9mxq","time":1612069118,"event":{"mods":["AchievementEnabler","BaseMod","Colored Map","Easy Mode","Minty Spire (QoL Compilation)","Permanent Neow","StSLib","SuperFastMode"],"gold_per_floor":[116,127,139,89,109,143,154,154,181,223,253,265,287,317,329,437,449,473,505,517,548,560,600,630,642,654,119,119,119],"floor_reached":28,"language":"KOR","playtime":2326,"items_purged":["Defend_B"],"score":279,"play_id":"2ee3953e-c064-4982-b502-0644f51103c2","local_time":"20210131135838","is_ascension_mode":false,"campfire_choices":[{"data":"Redo","floor":8,"key":"SMITH"},{"data":"Coolheaded","floor":12,"key":"SMITH"},{"data":"Double Energy","floor":15,"key":"SMITH"},{"data":"Hologram","floor":25,"key":"SMITH"}],"circlet_count":0,"master_deck":["Strike_B","Strike_B+1","Strike_B","Defend_B","Defend_B","Defend_B","Zap","Dualcast","Writhe","Streamline","Coolheaded+1","Cold Snap","Redo+1","Sweeping Beam+1","Rip and Tear","BootSequence","Coolheaded","Double Energy+1","Fission","Redo+1","Tempest","Genetic Algorithm+1","Hologram+1","Leap+1","Ball Lightning"],"relics":["Cracked Core","Centennial Puzzle","MawBank","Whetstone","Inserter","Omamori","Dream Catcher","Shovel","Strawberry"],"acts_visited":["Exordium","TheCity"],"potions_floor_usage":[28,28],"damage_taken":[{"damage":1,"enemies":"Jaw Worm","floor":1,"turns":3},{"damage":9,"enemies":"2 Louse","floor":2,"turns":3},{"damage":0,"enemies":"Small Slimes","floor":3,"turns":3},{"damage":15,"enemies":"Exordium Thugs","floor":5,"turns":6},{"damage":19,"enemies":"3 Sentries","floor":6,"turns":10},{"damage":6,"enemies":"Large Slime","floor":7,"turns":5},{"damage":26,"enemies":"Gremlin Nob","floor":10,"turns":5},{"damage":12,"enemies":"Blue Slaver","floor":11,"turns":2},{"damage":0,"enemies":"3 Louse","floor":13,"turns":2},{"damage":1,"enemies":"Red Slaver","floor":14,"turns":2},{"damage":53,"enemies":"The Guardian","floor":16,"turns":16},{"damage":8,"enemies":"2 Thieves","floor":18,"turns":4},{"damage":1,"enemies":"Chosen","floor":19,"turns":5},{"damage":11,"enemies":"3 Cultists","floor":21,"turns":4},{"damage":57,"enemies":"Slavers","floor":23,"turns":9},{"damage":42,"enemies":"Centurion and Healer","floor":24,"turns":6},{"damage":97,"enemies":"Book of Stabbing","floor":28,"turns":10}],"seed_played":"-5034436713158241515","potions_obtained":[{"floor":6,"key":"SpeedPotion"},{"floor":7,"key":"CultistPotion"},{"floor":10,"key":"Block Potion"},{"floor":16,"key":"FocusPotion"}],"is_trial":false,"path_per_floor":["M","M","M","?","M","E","M","R","T","E","M","R","M","M","R","B",null,"M","M","?","M","?","E","M","R","T","$","E"],"character_chosen":"DEFECT","items_purchased":["Shovel","Ball Lightning","Strawberry"],"campfire_rested":0,"item_purchase_floors":[27,27,27],"current_hp_per_floor":[88,80,89,89,74,70,83,83,83,63,77,77,89,88,88,36,89,81,88,88,78,78,32,47,47,47,54,0,0],"gold":119,"neow_bonus":"TWENTY_PERCENT_HP_BONUS","is_daily":false,"chose_seed":false,"campfire_upgraded":4,"win_rate":0.0,"timestamp":1612069118,"path_taken":["M","M","M","?","M","E","M","R","T","E","M","R","M","M","R","BOSS","M","M","?","M","?","E","M","R","T","$","E"],"items_purchased_type":["Relic","Card","Relic"],"build_version":"2020-12-22","purchased_purges":1,"victory":false,"max_hp_per_floor":[89,89,89,89,89,89,89,89,89,89,89,89,89,89,89,89,89,89,89,89,89,89,89,89,89,89,96,96,96],"card_choices":[{"not_picked":["Sweeping Beam","Hologram"],"picked":"Streamline","floor":1},{"not_picked":["Self Repair","Steam Power"],"picked":"Coolheaded","floor":2},{"not_picked":["Beam Cell","Streamline"],"picked":"Cold Snap","floor":3},{"not_picked":["Stack","Streamline"],"picked":"Redo","floor":5},{"not_picked":["Rainbow","Tempest","Barrage"],"picked":"SKIP","floor":6},{"not_picked":["Go for the Eyes","Cold Snap"],"picked":"Sweeping Beam","floor":7},{"not_picked":["Steam","Self Repair"],"picked":"Rip and Tear","floor":10},{"not_picked":["Stack","Force Field"],"picked":"BootSequence","floor":11},{"not_picked":["Redo","Loop"],"picked":"Coolheaded","floor":13},{"not_picked":["Cold Snap","Force Field"],"picked":"Double Energy","floor":14},{"not_picked":["Biased Cognition","Machine Learning"],"picked":"Fission","floor":16},{"not_picked":["Tempest","Gash"],"picked":"Redo+1","floor":18},{"not_picked":["Force Field","Go for the Eyes"],"picked":"Tempest","floor":19},{"not_picked":["Glacier+1","Leap+1"],"picked":"Genetic Algorithm+1","floor":21},{"not_picked":["Chaos","Steam","Doom and Gloom"],"picked":"SKIP","floor":23},{"not_picked":["Cold Snap","Force Field"],"picked":"Leap+1","floor":24}],"player_experience":36686,"relics_obtained":[{"floor":6,"key":"Centennial Puzzle"},{"floor":9,"key":"MawBank"},{"floor":10,"key":"Whetstone"},{"floor":23,"key":"Omamori"},{"floor":26,"key":"Dream Catcher"}],"event_choices":[{"cards_removed":["Strike_B"],"damage_healed":0,"gold_gain":0,"player_choice":"Card Removal","damage_taken":0,"max_hp_gain":0,"max_hp_loss":0,"event_name":"The Cleric","floor":4,"gold_loss":50},{"damage_healed":0,"gold_gain":0,"player_choice":"Ignored","damage_taken":0,"max_hp_gain":0,"max_hp_loss":0,"event_name":"Vampires","floor":20,"gold_loss":0},{"damage_healed":0,"gold_gain":0,"player_choice":"Read","damage_taken":0,"max_hp_gain":0,"max_hp_loss":0,"event_name":"The Library","floor":22,"gold_loss":0,"cards_obtained":["Hologram"]}],"is_beta":false,"boss_relics":[{"not_picked":["Philosopher\u0027s Stone","Astrolabe"],"picked":"Inserter"}],"items_purged_floors":[27],"is_endless":false,"potions_floor_spawned":[6,7,10,14,16],"killed_by":"Book of Stabbing","ascension_level":0}}