{"host":"df48i9djcn92c5sx","time":1612082537,"event":{"mods":["Act Like it!","Arknights","BaseMod","Decade(王小明)","Downfall","Gensokyo","Marisa（F雨　魔理沙）","Minty Spire (QoL Compilation)","READ ME - Guardian Mod","READ ME - Snecko Mod","Reimu（博丽灵梦）","Remilia（蕾米莉亚）","Shop Mod","StSLib","The Jungle","The Servant 0.9.4"],"gold_per_floor":[109,126,126,126,126,126,155,155,178,178,178,178,197,190,190,264,264,280,280,293,47,60,60,60,71,71,89,89,116,116,145,157,246,258,281,293,323,349,0,0,30,30,30,50,81,61,61],"floor_reached":46,"language":"ZHS","playtime":1308,"items_purged":[],"score":1019,"play_id":"de2556b8-7ccd-4e1f-b108-47cd03993c65","local_time":"20210131164217","is_ascension_mode":true,"campfire_choices":[{"floor":6.0,"key":"REST"},{"data":"Gash","floor":8.0,"key":"SMITH"},{"floor":10.0,"key":"REST"},{"data":"Strike_B","floor":12.0,"key":"SMITH"},{"data":"Defend_B","floor":15.0,"key":"SMITH"},{"data":"Conserve Battery","floor":23,"key":"SMITH"},{"data":"Static Discharge","floor":28,"key":"SMITH"},{"data":"Steam","floor":32,"key":"SMITH"},{"data":"Buffer","floor":40,"key":"SMITH"},{"data":"Strike_B","floor":42,"key":"SMITH"}],"circlet_count":0,"master_deck":["AscendersBane","Strike_B","Strike_B+1","Strike_B+1","Defend_B+1","Defend_B+1","Defend_B+1","Defend_B+1","Gash+1","Self Repair+1","Rebound+1","Gash+1","Sunder+1","All For One+1","Rip and Tear+1","Gash+1","Beam Cell+1","Conserve Battery+1","Go for the Eyes+1","Sweeping Beam+1","Steam+1","Hyperbeam+1","Reinforced Body+1","Reprogram+1","Lockon+1","Buffer+1","FTL+1","Streamline+1","Auto Shields"],"relics":["Cracked Core","NeowsBlessing","Molten Egg 2","AntiCross","Lantern","Coffee Dripper","HandDrill","Sundial","Torii","MawBank","Astrolabe","Blue Candle","War Paint","Bottled Flame","Frozen Egg 2"],"acts_visited":["Exordium","TheCity","TheBeyond"],"potions_floor_usage":[27,29,33,45,45,46],"damage_taken":[{"damage":0.0,"enemies":"Jaw Worm","floor":1.0,"turns":1.0},{"damage":0.0,"enemies":"2 Louse","floor":2.0,"turns":1.0},{"damage":0.0,"enemies":"3 Sentries","floor":7.0,"turns":1.0},{"damage":0.0,"enemies":"Small Slimes","floor":13.0,"turns":2.0},{"damage":4.0,"enemies":"Red Slaver","floor":14.0,"turns":2.0},{"damage":36.0,"enemies":"Hexaghost","floor":16.0,"turns":6.0},{"damage":0,"enemies":"2 Thieves","floor":18,"turns":2},{"damage":0,"enemies":"Spheric Guardian","floor":20,"turns":1},{"damage":9,"enemies":"Centurion and Healer","floor":22,"turns":3},{"damage":0,"enemies":"Shelled Parasite and Fungi","floor":25,"turns":2},{"damage":0,"enemies":"Snake Plant","floor":27,"turns":2},{"damage":10,"enemies":"Gremlin Leader","floor":29,"turns":3},{"damage":3,"enemies":"Book of Stabbing","floor":31,"turns":3},{"damage":51,"enemies":"Collector","floor":33,"turns":7},{"damage":0,"enemies":"3 Darklings","floor":35,"turns":2},{"damage":0,"enemies":"Orb Walker","floor":37,"turns":2},{"damage":2,"enemies":"3 Darklings","floor":38,"turns":3},{"damage":3,"enemies":"Reptomancer","floor":41,"turns":5},{"damage":21,"enemies":"4 Shapes","floor":44,"turns":3},{"damage":4,"enemies":"Nemesis","floor":45,"turns":5},{"damage":71,"enemies":"Orin","floor":46,"turns":6}],"seed_played":"648703851876452704","potions_obtained":[{"floor":2.0,"key":"AttackPotion"},{"floor":16,"key":"Dexterity Potion"},{"floor":20,"key":"Fire Potion"},{"floor":25,"key":"ColorlessPotion"},{"floor":27,"key":"Fire Potion"},{"floor":41,"key":"SkillPotion"},{"floor":44,"key":"SpeedPotion"},{"floor":45,"key":"PowerPotion"}],"is_trial":false,"path_per_floor":["M","M","?","?","?","R","E","R","T","R","?","R","M","M","R","B",null,"M","?","M","$","M","R","?","M","T","M","R","E","?","E","R","B",null,"M","?","M","M","$","R","E","R","T","M","E","?"],"character_chosen":"DEFECT","items_purchased":["Beam Cell+1","Conserve Battery","HandDrill","Blue Candle","FTL+1"],"campfire_rested":2,"item_purchase_floors":[21,21,21,39,39],"current_hp_per_floor":[64,64,43,43,32,53,53,53,53,71,71,71,71,71,71,45,65,65,65,65,65,66,66,60,70,70,70,70,70,70,71,71,30,61,61,61,71,71,71,71,71,71,71,60,66,0,0],"gold":61,"neow_bonus":"THREE_ENEMY_KILL","is_daily":false,"chose_seed":false,"campfire_upgraded":8,"win_rate":0.0,"timestamp":1612082537,"path_taken":["M","M","?","?","?","R","E","R","T","R","?","R","?","M","R","BOSS","BOSS","M","?","?","$","M","R","?","?","T","M","R","E","?","E","R","BOSS","M","?","M","?","$","R","E","R","T","M","E","?"],"items_purchased_type":["Card","Card","Relic","Relic","Card"],"build_version":"2020-12-22","purchased_purges":0,"victory":false,"max_hp_per_floor":[71,71,71,71,71,71,71,71,71,71,71,71,71,71,71,71,71,71,71,71,71,71,71,71,71,71,71,71,71,71,71,71,71,71,71,71,71,71,71,71,71,71,71,71,71,71,71],"card_choices":[{"not_picked":["Turbo","Undo"],"picked":"Gash","floor":1.0},{"not_picked":["Rebound","Barrage"],"picked":"Self Repair","floor":2.0},{"not_picked":["Force Field","Consume"],"picked":"Rebound+1","floor":7.0},{"not_picked":["Force Field","Defragment"],"picked":"Gash+1","floor":13.0},{"not_picked":["Hologram","Cold Snap+1"],"picked":"Sunder+1","floor":14.0},{"not_picked":["Seek","Buffer"],"picked":"All For One+1","floor":16},{"not_picked":["Redo","Darkness"],"picked":"Rip and Tear+1","floor":18},{"not_picked":["Sunder+1","Chaos","Force Field"],"picked":"SKIP","floor":20},{"not_picked":["Steam","Loop"],"picked":"Go for the Eyes+1","floor":22},{"not_picked":["Barrage+1","Rebound+1"],"picked":"Sweeping Beam+1","floor":25},{"not_picked":["Static Discharge","Double Energy","Beam Cell+1"],"picked":"SKIP","floor":27},{"not_picked":["Double Energy","Beam Cell+1"],"picked":"Static Discharge","floor":27},{"not_picked":["Aggregate","Doom and Gloom+1","Reprogram"],"picked":"SKIP","floor":29},{"not_picked":["Loop","Ball Lightning+1"],"picked":"Steam","floor":31},{"not_picked":["Biased Cognition","Rainbow"],"picked":"Hyperbeam+1","floor":33},{"not_picked":["Beam Cell+1","Sweeping Beam+1","Coolheaded"],"picked":"SKIP","floor":35},{"not_picked":["Cold Snap+1","Coolheaded","Lockon+1"],"picked":"SKIP","floor":37},{"not_picked":["Gash+1","Streamline+1"],"picked":"Buffer","floor":38},{"not_picked":["Glacier+1","Lockon+1","Blizzard+1"],"picked":"SKIP","floor":41},{"not_picked":["Go for the Eyes+1","Hologram"],"picked":"Streamline+1","floor":44},{"not_picked":["Leap","Hologram+1"],"picked":"Auto Shields","floor":45}],"player_experience":1501765,"relics_obtained":[{"floor":7.0,"key":"AntiCross"},{"floor":9.0,"key":"Lantern"},{"floor":26,"key":"Sundial"},{"floor":29,"key":"Torii"},{"floor":31,"key":"MawBank"},{"floor":41,"key":"War Paint"},{"floor":43,"key":"Bottled Flame"},{"floor":45,"key":"Frozen Egg 2"}],"event_choices":[{"damage_healed":0.0,"max_hp_gain":0.0,"max_hp_loss":0.0,"gold_gain":0.0,"event_name":"Shining Light","player_choice":"Entered Light","floor":3.0,"gold_loss":0.0,"damage_taken":21.0,"cards_upgraded":["Dualcast","Self Repair"]},{"damage_healed":0.0,"max_hp_gain":0.0,"max_hp_loss":0.0,"gold_gain":0.0,"event_name":"Liars Game","player_choice":"Ignored","floor":4.0,"gold_loss":0.0,"damage_taken":0.0},{"damage_healed":0.0,"max_hp_gain":0.0,"max_hp_loss":0.0,"gold_gain":0.0,"event_name":"Scrap Ooze","player_choice":"Success","floor":5.0,"gold_loss":0.0,"damage_taken":11.0,"relics_obtained":["Molten Egg 2"]},{"cards_removed":["Zap"],"damage_healed":0.0,"max_hp_gain":0.0,"max_hp_loss":0.0,"gold_gain":0.0,"event_name":"Bonfire Elementals","player_choice":"Offered Basic","floor":11.0,"gold_loss":0.0,"damage_taken":0.0},{"damage_healed":0,"gold_gain":0,"player_choice":"Copied","damage_taken":0,"max_hp_gain":0,"max_hp_loss":0,"event_name":"Duplicator","floor":19,"gold_loss":0,"cards_obtained":["Gash"]},{"damage_healed":0,"gold_gain":0,"player_choice":"","damage_taken":6,"max_hp_gain":0,"max_hp_loss":0,"event_name":"Knowing Skull","floor":24,"potions_obtained":[],"gold_loss":0,"cards_obtained":[]},{"damage_healed":0,"gold_gain":0,"player_choice":"Ignored","damage_taken":0,"max_hp_gain":0,"max_hp_loss":0,"event_name":"Vampires","floor":30,"gold_loss":0},{"damage_healed":0,"gold_gain":0,"player_choice":"Forge","damage_taken":0,"max_hp_gain":0,"max_hp_loss":0,"event_name":"Accursed Blacksmith","floor":36,"gold_loss":0,"cards_upgraded":["Defend_B"]},{"damage_healed":0,"gold_gain":0,"player_choice":"Fight","damage_taken":0,"max_hp_gain":0,"max_hp_loss":0,"event_name":"OrinTheCat","floor":46,"gold_loss":0}],"is_beta":false,"boss_relics":[{"not_picked":["Busted Crown","Velvet Choker"],"picked":"Coffee Dripper"},{"not_picked":["Runic Dome","Inserter"],"picked":"Astrolabe"}],"items_purged_floors":[],"is_endless":false,"potions_floor_spawned":[2,16,20,22,25,27,41,44,45],"killed_by":"Orin","ascension_level":16}}