{"host":"4lxzgdqpvzyot39g","time":1612060813,"event":{"mods":["100% Spire Juice","Abigail Mod","Act Like it!","Aspiration","BaseMod","Beaked The Cultist","Better Altar","Better Match","Better Note","Better Sensory Stone","Better Skull","Better Third Choice","CCEM2","Colored Map","Colored Powertips","Conspire","Dark Map","Displayed Cursed Tome","Dota2Spire","Energized Spire","Fox Events","Friendly Minions","Gensokyo","GifTheSpireLib","Halation","Hallownest","Hermit","Highlight Path","HololiveMod","Hubris","Infinite Spire","Jedi Mod","JesterMod","Mari Mod (Legacy)","Mari\u0027s V1 Patch","MarisaÅiñ∂âJÅ@ñÇóùçπÅj","Minty Spire (QoL Compilation)","Prisma Mod","Quarter Circle Forward PUNCH!","Random Character Button","ReimuÅiîé??öÎÅj","Relic Filter","Reliquary","Replay The Spire","Robot Space Explorer","SCP261 Mod","Small Relic Pack","Spicy Shops","Spikes Relics","Spire Arcade","StS++","StSLib","Stuff the Spire","The Alterego","The Blue Laboratory","The Bug Knight","The Cursed","The Fake Hero","The Marked","The Servant 0.9.4","The Wild Card","Trackpad","Waifu the Spire","WarShipGirlsR/??è≠èóR mod","Wide Potions","Åy?ï®?îvÅzREMEMod"],"gold_per_floor":[118,118,118,135,145,145,159,174,174,200,200,226,101,101,101,201,201,219,219,16,16,31,62,82,82,106,106,137,137,168,181,181,278,278,295,338,349,269,286,312,326,371,371,371,387,24,55,55,55,55,55,55,55,90,90],"floor_reached":56,"language":"ENG","playtime":5018,"items_purged":["rmod:strick","rmod:strick","Setup","Distraction"],"score":1655,"play_id":"c5b0d60f-018a-4777-baa4-abfc4b6b5e98","local_time":"20210130214013","is_ascension_mode":true,"campfire_choices":[{"data":"rmod:maingunfire","floor":6,"key":"SMITH"},{"data":"rmod:fuelsupply","floor":11,"key":"SMITH"},{"data":"rmod:basicallowance","floor":15,"key":"SMITH"},{"data":"rmod:maintain","floor":27,"key":"SMITH"},{"data":"infinitespire:Punishment","floor":32,"key":"SMITH"},{"floor":44,"key":"REST"},{"floor":49,"key":"RECALL"},{"data":"rmod:secretscript","floor":52,"key":"SMITH"}],"circlet_count":0,"master_deck":["rmod:defend","rmod:basicallowance+1","rmod:maingunfire+1","KamiRite:ReiMu+1","rmod:unsinkable","rmod:overbreakdown","rmod:fuelsupply+1","rmod:overbreakdown","rmod:secretscript+1","rmod:supportaircraftcarrier+1","infinitespire:Punishment+1","Bane","rmod:maintain+1","rmod:highspeedmaneuver","rmod:overbreakdown+1","rmod:fuelsupply+1","rmod:diaomin+1","rmod:openingtorpedo+1","rmod:generalist+1","StuffTheSpire:Rapture"],"relics":["rmod:firstchargereward","REME_ComplimentaryCards","Dota2Spire:AghanimScepter","Pet Ghost","Dota2Spire:MagicBottle","Empty Cage","Membership Card","Oddly Smooth Stone","relicPack:OneForAll","reliquary:TuningFork","Bottled Flame","Dota2Spire:Bloodstone","conspire:GlowingRock","reliquary:ExpiredCoupon","qcfpunch:Black_Training_Shirt","HollowMod:PaleOreRelic","Durian","CCEMRelics:LagavulinClaw","REME_CardOfGreed","Dota2Spire:OrchidMalevolence","Dota2Spire:LotusOrb"],"acts_visited":["Hallownest:Greenpath","Gensokyo:Gensokyoer","Gensokyo:Gensokyoest","TheEnding"],"potions_floor_usage":[10,12,18,24,36,36,39,42,47,55,55],"damage_taken":[{"damage":1,"enemies":"Hallownest:2_Baldur","floor":1,"turns":3},{"damage":0,"enemies":"2_ Uuma","floor":4,"turns":4},{"damage":0,"enemies":"Hallownest:2_Tiktiks_and_1_Crawlid","floor":5,"turns":4},{"damage":0,"enemies":"Hallownest:MossCreep_and_Mosskin","floor":7,"turns":7},{"damage":12,"enemies":"Hallownest:1_Baldur_1_Crawlid_1_Warrior","floor":8,"turns":5},{"damage":3,"enemies":"Hallownest:eliteVengeflyKing","floor":10,"turns":7},{"damage":0,"enemies":"Hallownest:eliteMossKnight","floor":12,"turns":14},{"damage":4,"enemies":"Hallownest:BossHornet","floor":16,"turns":13},{"damage":0,"enemies":"Gensokyo:3_Dogs","floor":18,"turns":6},{"damage":0,"enemies":"Gensokyo:CosmicMonolith","floor":22,"turns":4},{"damage":2,"enemies":"Gensokyo:Koishi","floor":23,"turns":5},{"damage":17,"enemies":"Gensokyo:Mirror_and_Dog","floor":24,"turns":4},{"damage":0,"enemies":"Gensokyo:Tenshi","floor":28,"turns":4},{"damage":0,"enemies":"Gensokyo:Reisen","floor":30,"turns":5},{"damage":14,"enemies":"Gensokyo:Monolith_and_Dog","floor":31,"turns":4},{"damage":23,"enemies":"Gensokyo:Eternal_Rivals","floor":33,"turns":10},{"damage":0,"enemies":"Gensokyo:3_Bats","floor":35,"turns":4},{"damage":16,"enemies":"conspire:MimicChest","floor":36,"turns":6},{"damage":0,"enemies":"Gensokyo:3_Boulders","floor":37,"turns":5},{"damage":13,"enemies":"Gensokyo:SeedOfUnknown","floor":39,"turns":5},{"damage":43,"enemies":"Gensokyo:Marisa","floor":40,"turns":4},{"damage":0,"enemies":"Gensokyo:4_Bats","floor":41,"turns":5},{"damage":0,"enemies":"Gensokyo:Doremy","floor":42,"turns":6},{"damage":0,"enemies":"Gensokyo:3_Boulders","floor":45,"turns":5},{"damage":0,"enemies":"Nightmare","floor":47,"turns":4},{"damage":0,"enemies":"Gensokyo:Yuyuko","floor":50,"turns":3},{"damage":0,"enemies":"Shield and Spear","floor":54,"turns":3},{"damage":3,"enemies":"The Heart","floor":55,"turns":7}],"seed_played":"-358130633310121167","potions_obtained":[{"floor":5,"key":"blueLaboratory:FrostheartPotion"},{"floor":7,"key":"blueLaboratory:ExaltedPotion"},{"floor":10,"key":"blueLaboratory:BottleOfVodka"},{"floor":12,"key":"SCP261:ClockworkPotion"},{"floor":16,"key":"Weak Potion"},{"floor":18,"key":"jedi:mysterypotion"},{"floor":22,"key":"blueLaboratory:BottleOfRum"},{"floor":28,"key":"Elixir"},{"floor":36,"key":"EssenceOfSteel"},{"floor":41,"key":"GrandPatriotsElixir:ReiMu"},{"floor":42,"key":"SCP261:GirlTearsPotion"},{"floor":54,"key":"Elixir"}],"is_trial":false,"path_per_floor":["M","T","?","M","M","R","M","M","T","E","R","E","$","?","R_BF","B",null,"M","?","$","?","M","E","M","?","T","R","E","?","E","M","R","B",null,"M","?","M","COS","M","E","M","E","T","R","M","$","NM","?","R","B",null,"R","$","E","B",null],"character_chosen":"PRAEFECT","items_purchased":["rmod:overbreakdown","Membership Card","CCEMRelics:LagavulinClaw","REME_CardOfGreed"],"campfire_rested":1,"item_purchase_floors":[13,20,46,46],"current_hp_per_floor":[74,74,74,74,74,74,74,62,62,59,59,59,59,59,59,55,75,75,58,58,58,58,56,45,45,45,45,45,45,45,40,40,35,75,75,59,59,59,46,3,3,3,8,32,32,32,32,32,32,32,80,80,80,80,77],"gold":90,"neow_bonus":"UPGRADE_CARD","is_daily":false,"chose_seed":false,"campfire_upgraded":6,"win_rate":0.0,"timestamp":1612060813,"path_taken":["M","?","?","?","M","R","M","?","T","E","R","E","?","?","R_BF","BOSS","M","?","?","?","M","E","?","?","T","R","E","?","E","M","R","BOSS","M","?","?","COS","M","E","M","E","T","R","M","$","NM","?","R","BOSS","R","$","E","BOSS"],"items_purchased_type":["Card","Relic","Relic","Relic"],"build_version":"2020-12-22","purchased_purges":4,"victory":true,"max_hp_per_floor":[75,75,75,75,75,75,75,75,75,75,75,75,75,75,75,75,75,75,75,75,75,75,75,75,75,75,75,75,75,75,75,75,75,75,75,75,75,75,75,75,75,75,80,80,80,80,80,80,80,80,80,80,80,80,80],"card_choices":[{"not_picked":["rmod:diamondstrike","rmod:concentratefire"],"picked":"rmod:unsinkable","floor":1},{"not_picked":["rmod:intelligenceanalysis","rmod:aviationdawn"],"picked":"rmod:overbreakdown","floor":4},{"not_picked":["rmod:aluminumsupply","rmod:highspeedshooting","rmod:luckystar"],"picked":"SKIP","floor":5},{"not_picked":["rmod:victimresponsibility","rmod:highspeedshooting","rmod:ring"],"picked":"SKIP","floor":7},{"not_picked":["rmod:highspeedshooting","rmod:fletcherpendant"],"picked":"rmod:unsinkable","floor":8},{"not_picked":["rmod:secretscript","rmod:maintain"],"picked":"rmod:fuelsupply","floor":10},{"not_picked":["rmod:salvage","rmod:luckystar","rmod:unsinkable"],"picked":"SKIP","floor":12},{"not_picked":["rmod:saltedfish","rmod:desperatesituation"],"picked":"rmod:secretscript","floor":16},{"not_picked":["rmod:salvage","rmod:steelsupply"],"picked":"rmod:supportaircraftcarrier+1","floor":18},{"not_picked":["infinitespire:SevenWalls","ReplayTheSpireMod:Haul"],"picked":"infinitespire:Punishment","floor":19},{"not_picked":["rmod:highspeedshooting","rmod:capitalist","rmod:mineteam"],"picked":"SKIP","floor":22},{"not_picked":["rmod:gendarmerie","rmod:unsinkable","rmod:victimresponsibility"],"picked":"SKIP","floor":23},{"not_picked":["rmod:combined+1","rmod:aluminumsupply"],"picked":"rmod:maintain","floor":24},{"not_picked":["rmod:unsinkable","rmod:victimresponsibility","rmod:luckystar"],"picked":"SKIP","floor":28},{"not_picked":["rmod:chargemoney","rmod:advancebysurprise","rmod:supportaircraftcarrier"],"picked":"SKIP","floor":30},{"not_picked":["rmod:mineteam","rmod:supportescort","rmod:combined"],"picked":"SKIP","floor":31},{"not_picked":["rmod:windflower","rmod:lastglory"],"picked":"rmod:highspeedmaneuver","floor":33},{"not_picked":["rmod:advancebysurprise","rmod:ammunitionsupply+1"],"picked":"rmod:overbreakdown+1","floor":35},{"not_picked":["rmod:aggressivemary+1","rmod:unsinkable"],"picked":"rmod:fuelsupply+1","floor":36},{"not_picked":["rmod:spoils+1","rmod:circuitoustactics"],"picked":"rmod:diaomin+1","floor":37},{"not_picked":["rmod:rockthrower+1","rmod:highspeedshooting+1"],"picked":"rmod:openingtorpedo+1","floor":39},{"not_picked":["rmod:unsinkable","rmod:diamondstrike+1","rmod:wife+1"],"picked":"SKIP","floor":39},{"not_picked":["rmod:highspeedshooting+1","rmod:goodsister","rmod:intelligenceanalysis+1"],"picked":"SKIP","floor":40},{"not_picked":["rmod:diamondstrike","rmod:intelligenceanalysis+1"],"picked":"rmod:generalist+1","floor":41},{"not_picked":["rmod:shuttlebombing+1","rmod:punchline+1","rmod:ring"],"picked":"SKIP","floor":42},{"not_picked":["rmod:generalist+1","rmod:concentratefire+1","rmod:intelligenceanalysis"],"picked":"SKIP","floor":45},{"not_picked":["rmod:advancebysurprise+1","rmod:windflower","rmod:shuttlebombing+1"],"picked":"SKIP","floor":47},{"not_picked":["StuffTheSpire:Ambrosia","StuffTheSpire:Perfection"],"picked":"StuffTheSpire:Rapture","floor":48},{"not_picked":["rmod:aviationdawn","rmod:aluminumsupply+1","rmod:circuitoustactics+1"],"picked":"SKIP","floor":54}],"player_experience":1152418,"relics_obtained":[{"floor":9,"key":"Dota2Spire:AghanimScepter"},{"floor":10,"key":"Pet Ghost"},{"floor":12,"key":"Dota2Spire:MagicBottle"},{"floor":23,"key":"Oddly Smooth Stone"},{"floor":26,"key":"rmod:extraamm"},{"floor":28,"key":"reliquary:TuningFork"},{"floor":30,"key":"Bottled Flame"},{"floor":36,"key":"conspire:GlowingRock"},{"floor":40,"key":"reliquary:ExpiredCoupon"},{"floor":42,"key":"HollowMod:PaleOreRelic"},{"floor":43,"key":"Durian"},{"floor":47,"key":"Dota2Spire:OrchidMalevolence"},{"floor":54,"key":"Dota2Spire:LotusOrb"}],"event_choices":[{"damage_healed":0,"gold_gain":1,"player_choice":"1","damage_taken":0,"max_hp_gain":0,"max_hp_loss":0,"event_name":"betterStone:BetterStone","floor":3,"gold_loss":0}],"is_beta":false,"boss_relics":[{"not_picked":["Replay:Drink Me","Honey Jar"],"picked":"Empty Cage"},{"not_picked":["jedi:hotpepper","aspiration:WatcherSkillbook"],"picked":"Dota2Spire:Bloodstone"}],"items_purged_floors":[13,20,46,46],"is_endless":false,"potions_floor_spawned":[5,7,10,12,16,18,22,28,31,36,41,42,54],"ascension_level":4}}