{"host":"3ghcx3e93lhog3cp","time":1612110665,"event":{"mods":["AchievementEnabler","BaseMod","Downfall","Minty Spire (QoL Compilation)","Replay The Spire","StSLib"],"gold_per_floor":[111,111,131,146,146,146,162,162,185,200,210,230,249,249,249,379,379,403,403,419,173,173,173,198,198,198],"floor_reached":25,"language":"ENG","playtime":1263,"items_purged":["Strike_B"],"score":227,"play_id":"40309443-e993-4e3f-b751-120a93f38bfd","local_time":"20210131083105","is_ascension_mode":true,"campfire_choices":[{"data":"Self Repair","floor":6,"key":"SMITH"},{"data":"Streamline","floor":8,"key":"SMITH"},{"floor":15,"key":"REST"},{"data":"Creative AI","floor":23,"key":"SMITH"}],"circlet_count":0,"master_deck":["Strike_B+1","Strike_B+1","Defend_B","Defend_B","Defend_B","Defend_B","Zap","Dualcast","Streamline+1","Self Repair+1","Cold Snap","Amplify","ReplayTheSpireMod:Reroute Power","Self Repair","Creative AI+1","BasicCrystalCard+1","ReplayTheSpireMod:System Scan+1","Fusion","Fusion","Stack+1"],"relics":["Cracked Core","Smiling Mask","Whetstone","Golden Idol","ChewingGum","Vajra"],"acts_visited":["Exordium","TheCity"],"potions_floor_usage":[7,16,16,24,24],"damage_taken":[{"damage":3,"enemies":"Jaw Worm","floor":1,"turns":4},{"damage":1,"enemies":"Cultist","floor":3,"turns":3},{"damage":0,"enemies":"Small Slimes","floor":4,"turns":3},{"damage":1,"enemies":"3 Louse","floor":7,"turns":4},{"damage":19,"enemies":"Lots of Slimes","floor":10,"turns":5},{"damage":16,"enemies":"Large Slime","floor":11,"turns":4},{"damage":11,"enemies":"Red Slaver","floor":12,"turns":3},{"damage":19,"enemies":"Blue Slaver","floor":13,"turns":3},{"damage":47,"enemies":"The Guardian","floor":16,"turns":12},{"damage":38,"enemies":"2 Thieves","floor":18,"turns":5},{"damage":38,"enemies":"Shell Parasite","floor":20,"turns":7},{"damage":28,"enemies":"Snake Plant","floor":24,"turns":6},{"damage":56,"enemies":"Shelled Parasite and Fungi","floor":25,"turns":4}],"seed_played":"1077938610694375691","potions_obtained":[{"floor":4,"key":"FearPotion"},{"floor":10,"key":"FocusPotion"},{"floor":11,"key":"EssenceOfDarkness"},{"floor":16,"key":"Dexterity Potion"},{"floor":20,"key":"Weak Potion"},{"floor":22,"key":"BlessingOfTheForge"},{"floor":22,"key":"Energy Potion"}],"is_trial":false,"path_per_floor":["M","?","M","M","?","R","M","R","T","M","M","M","M","?","R","B",null,"M","?","M","$","?","R","M","M"],"character_chosen":"DEFECT","items_purchased":["Fusion","Vajra"],"campfire_rested":1,"item_purchase_floors":[21,21],"current_hp_per_floor":[79,72,71,78,78,78,82,82,82,73,67,66,67,47,71,24,82,61,61,40,40,40,40,36,0,0],"gold":198,"neow_bonus":"TEN_PERCENT_HP_BONUS","is_daily":false,"chose_seed":false,"campfire_upgraded":3,"win_rate":0.0,"timestamp":1612110665,"path_taken":["M","?","M","M","?","R","M","R","T","?","M","?","M","?","R","BOSS","M","?","?","$","?","R","M","?"],"items_purchased_type":["Card","Relic"],"build_version":"2020-12-22","purchased_purges":1,"victory":false,"max_hp_per_floor":[82,82,82,82,82,82,82,82,82,82,82,82,82,82,82,82,82,82,82,82,82,82,82,82,82,82],"card_choices":[{"not_picked":["Steam","BasicCrystalCard"],"picked":"Streamline","floor":1},{"not_picked":["Streamline","Ball Lightning"],"picked":"Self Repair","floor":3},{"not_picked":["Auto Shields","Go for the Eyes"],"picked":"Cold Snap","floor":4},{"not_picked":["ReplaySolidLightProjector","Panic Button","Turbo"],"picked":"SKIP","floor":7},{"not_picked":["Streamline","Barrage","ReplaySolidLightProjector"],"picked":"SKIP","floor":10},{"not_picked":["White Noise","Rebound"],"picked":"Amplify","floor":11},{"not_picked":["BasicCrystalCard","ReplayTheSpireMod:System Scan"],"picked":"ReplayTheSpireMod:Reroute Power","floor":12},{"not_picked":["Undo","Turbo"],"picked":"Self Repair","floor":13},{"not_picked":["Biased Cognition","Seek"],"picked":"Creative AI","floor":16},{"not_picked":["Compile Driver","Steam Power+1"],"picked":"BasicCrystalCard+1","floor":18},{"not_picked":["Hello World","Genetic Algorithm+1"],"picked":"ReplayTheSpireMod:System Scan+1","floor":20},{"not_picked":["Lockon","Ball Lightning"],"picked":"Stack+1","floor":24}],"player_experience":247500,"relics_obtained":[{"floor":9,"key":"Whetstone"}],"event_choices":[{"damage_healed":0,"gold_gain":0,"player_choice":"Success","damage_taken":7,"relics_obtained":["Smiling Mask"],"max_hp_gain":0,"max_hp_loss":0,"event_name":"Scrap Ooze","floor":2,"gold_loss":0},{"cards_removed":["Strike_B"],"damage_healed":0,"gold_gain":0,"player_choice":"Purged","damage_taken":0,"max_hp_gain":0,"max_hp_loss":0,"event_name":"Purifier","floor":5,"gold_loss":0},{"damage_healed":0,"gold_gain":0,"player_choice":"Take Damage","damage_taken":20,"relics_obtained":["Golden Idol"],"max_hp_gain":0,"max_hp_loss":0,"event_name":"Golden Idol","floor":14,"gold_loss":0},{"damage_healed":0,"gold_gain":0,"player_choice":"Bought 0 Potions","damage_taken":0,"max_hp_gain":0,"max_hp_loss":0,"event_name":"The Woman in Blue","floor":19,"gold_loss":0},{"damage_healed":0,"gold_gain":0,"player_choice":"Got Potions","damage_taken":0,"max_hp_gain":0,"max_hp_loss":0,"event_name":"Lab","floor":22,"gold_loss":0}],"is_beta":false,"boss_relics":[{"not_picked":["Tiny House","Astrolabe"],"picked":"ChewingGum"}],"items_purged_floors":[21],"is_endless":false,"potions_floor_spawned":[4,10,11,16,20],"killed_by":"Shelled Parasite and Fungi","ascension_level":3}}