{"host":"q6r63elxu27obe7v","time":1612103216,"event":{"mods":["2.2 Compatiblity","AchievementEnabler","BaseMod","CapriCore","DeckTracker","Keyboard Shortcuts","Minty Spire (QoL Compilation)","Permanent Neow","Quick Restart","Replay The Spire","StSLib","SuperFastMode","¡¼?Úª?ø«¡½REMEMod"],"gold_per_floor":[113,128,60,85,160,105,133,133,160,196,196,96,123,144,144,251,251,275,98,98,131,159,159,167,167],"floor_reached":24,"language":"KOR","playtime":1164,"items_purged":["Defend_P","ReplayTheSpireMod:Faulty Equipment+1","Strike_P"],"score":200,"play_id":"d696dbfb-782a-41df-803d-34945d4c0007","local_time":"20210131232656","is_ascension_mode":false,"campfire_choices":[{"floor":8,"key":"RECALL"},{"data":"ReplayTheSpireMod:Faulty Equipment","floor":11,"key":"SMITH"},{"floor":15,"key":"REST"},{"data":"BattleHymn","floor":23,"key":"SMITH"}],"circlet_count":0,"master_deck":["Strike_P","Strike_P","Strike_P","Defend_P","Defend_P","Defend_P","Eruption","Vigilance","BattleHymn+1","ThirdEye","FollowUp","Vengeance","Protect","REME_CRH","Halt","Decay"],"relics":["PureWater","REME_ComplimentaryCards","Counterbalance","ReplayTheSpireMod:CursedCoin","Replay:Bandana","ReplayTheSpireMod:TigerMarble","Painkiller Herb"],"acts_visited":["Exordium","TheCity"],"potions_floor_usage":[16,18,18],"damage_taken":[{"damage":0,"enemies":"2 Louse","floor":1,"turns":2},{"damage":10,"enemies":"Small Slimes","floor":2,"turns":2},{"damage":1,"enemies":"Cultist","floor":4,"turns":3},{"damage":2,"enemies":"Replay:BlueRogue","floor":6,"turns":5},{"damage":7,"enemies":"Blue Slaver","floor":7,"turns":3},{"damage":0,"enemies":"Gremlin Gang","floor":10,"turns":3},{"damage":13,"enemies":"3 Louse","floor":13,"turns":3},{"damage":0,"enemies":"Exordium Wildlife","floor":14,"turns":4},{"damage":27,"enemies":"The Guardian","floor":16,"turns":11},{"damage":20,"enemies":"3 Byrds","floor":18,"turns":4},{"damage":0,"enemies":"Chosen","floor":21,"turns":3},{"damage":18,"enemies":"Snecko","floor":22,"turns":5},{"damage":35,"enemies":"Replay:Snechameleon","floor":24,"turns":3}],"seed_played":"4304896348941531780","potions_obtained":[{"floor":1,"key":"Fire Potion"},{"floor":6,"key":"Death Potion"},{"floor":10,"key":"Reflective Coating"},{"floor":21,"key":"SmokeBomb"}],"is_trial":false,"path_per_floor":["M","M","$","M","?","E","M","R","T","M","R","$","M","M","R","B",null,"?","T","?","?","?","T","E"],"character_chosen":"WATCHER","items_purchased":["ReplayTheSpireMod:CursedCoin","Replay:Bandana","Halt"],"campfire_rested":1,"item_purchase_floors":[3,3,19],"current_hp_per_floor":[72,62,62,61,50,48,41,41,41,41,41,41,28,28,49,22,72,52,52,52,52,34,34,0,0],"gold":167,"neow_bonus":"ONE_RARE_RELIC","is_daily":false,"chose_seed":false,"campfire_upgraded":2,"win_rate":0.0,"timestamp":1612103216,"path_taken":["M","M","$","M","?","E","M","R","T","M","R","$","M","M","R","BOSS","?","T","?","?","?","T","E"],"items_purchased_type":["Relic","Relic","Card"],"build_version":"2020-12-22","purchased_purges":3,"victory":false,"max_hp_per_floor":[72,72,72,72,72,72,72,72,72,72,72,72,72,72,72,72,72,72,72,72,72,72,72,72,72],"card_choices":[{"not_picked":["Replay:BluntJabs","Crescendo"],"picked":"BattleHymn","floor":1},{"not_picked":["Study","FlyingSleeves"],"picked":"ThirdEye","floor":2},{"not_picked":["Replay:Hum","CrushJoints"],"picked":"FollowUp","floor":4},{"not_picked":["BowlingBash","Study"],"picked":"Vengeance","floor":6},{"not_picked":["Fasting2","ThirdEye"],"picked":"Protect","floor":7},{"not_picked":["FlyingSleeves","BowlingBash","Replay:Vibes"],"picked":"SKIP","floor":10},{"not_picked":["Replay:BluntJabs","EmptyBody","JustLucky"],"picked":"SKIP","floor":13},{"not_picked":["Wish","ReachHeaven","EmptyBody"],"picked":"SKIP","floor":14},{"not_picked":["Replay:AllIn","Omniscience"],"picked":"REME_CRH","floor":16},{"not_picked":["BowlingBash","SandsOfTime","ThirdEye"],"picked":"SKIP","floor":18},{"not_picked":["CrushJoints","Evaluate","Consecrate"],"picked":"SKIP","floor":21},{"not_picked":["DeceiveReality","Protect","ForeignInfluence"],"picked":"SKIP","floor":22}],"player_experience":73094,"relics_obtained":[{"floor":6,"key":"ReplayTheSpireMod:TigerMarble"}],"event_choices":[{"damage_healed":0,"gold_gain":75,"player_choice":"Gather Gold","damage_taken":11,"max_hp_gain":0,"max_hp_loss":0,"event_name":"World of Goop","floor":5,"gold_loss":0},{"damage_healed":0,"gold_gain":0,"player_choice":"Cursed","damage_taken":0,"max_hp_gain":0,"max_hp_loss":0,"event_name":"Wheel of Change","floor":20,"gold_loss":0,"cards_obtained":["Decay"]}],"is_beta":false,"boss_relics":[{"not_picked":["SacredBark","REME_DemonsWealth"],"picked":"Painkiller Herb"}],"items_purged_floors":[3,12,19],"is_endless":false,"potions_floor_spawned":[1,6,10,14,21],"killed_by":"Replay:Snechameleon","ascension_level":0}}