{"host":"zsnmfqgcm92hlreo","time":1612072954,"event":{"mods":["AchievementEnabler","BaseMod","Bestiary","Block Reminder","Colored Powertips","Minty Spire (QoL Compilation)","Permanent Neow","Quick Restart","Relic Stats","Weighted Paths"],"gold_per_floor":[11,11,11,11,11,31,67,67,67,43,43,43,43,58,58,182,182,207,193,292,310,235,235,235,63,89,101,113,199,47,113,113,113,113],"floor_reached":33,"language":"ENG","playtime":968,"items_purged":["Strike_R","Defend_R","Defend_R"],"score":266,"play_id":"8fe68590-b3be-4de1-a27b-aa1bf865cf80","local_time":"20210131000234","is_ascension_mode":false,"campfire_choices":[{"floor":11.0,"key":"REST"},{"floor":13.0,"key":"REST"},{"data":"Strike_R","floor":15.0,"key":"SMITH"},{"floor":23,"key":"REST"},{"floor":27,"key":"REST"},{"floor":32,"key":"REST"}],"circlet_count":0,"master_deck":["Strike_R+1","Defend_R","Bash+1","Rampage+1","Dual Wield","Dropkick","Shrug It Off"],"relics":["Burning Blood","Golden Idol","Eternal Feather","Blue Candle","Philosopher\u0027s Stone","Orichalcum","MawBank","SsserpentHead"],"acts_visited":["Exordium","TheCity"],"potions_floor_usage":[21,33,33,33],"damage_taken":[{"damage":6.0,"enemies":"Cultist","floor":1.0,"turns":3.0},{"damage":17.0,"enemies":"Small Slimes","floor":6.0,"turns":3.0},{"damage":58.0,"enemies":"3 Sentries","floor":7.0,"turns":12.0},{"damage":8.0,"enemies":"2 Louse","floor":14.0,"turns":3.0},{"damage":17.0,"enemies":"The Guardian","floor":16.0,"turns":10.0},{"damage":7,"enemies":"Chosen","floor":18,"turns":4},{"damage":29,"enemies":"2 Thieves","floor":19,"turns":4},{"damage":52,"enemies":"Cultist and Chosen","floor":21,"turns":7},{"damage":16,"enemies":"Centurion and Healer","floor":29,"turns":5},{"damage":28,"enemies":"Shelled Parasite and Fungi","floor":31,"turns":4},{"damage":66,"enemies":"Automaton","floor":33,"turns":6}],"seed_played":"9126671120605292513","potions_obtained":[{"floor":7.0,"key":"SkillPotion"},{"floor":14.0,"key":"Dexterity Potion"},{"floor":16.0,"key":"FearPotion"},{"floor":18,"key":"LiquidBronze"},{"floor":19,"key":"AttackPotion"},{"floor":31,"key":"DuplicationPotion"}],"is_trial":false,"path_per_floor":["M","?","?","?","?","M","E","?","T","?","R","?","R","M","R","B",null,"M","M","?","M","$","R","?","$","T","R","?","M","$","M","R","B"],"character_chosen":"IRONCLAD","items_purchased":["Dual Wield","Dropkick","Shrug It Off"],"campfire_rested":5,"item_purchase_floors":[25,30,30],"current_hp_per_floor":[80,74,67,72,72,61,9,9,9,9,35,35,61,59,62,51,79,78,55,55,9,9,35,35,35,35,61,61,51,51,29,55,0,0],"gold":113,"neow_bonus":"REMOVE_TWO","is_daily":false,"chose_seed":false,"campfire_upgraded":1,"win_rate":0.0,"timestamp":1612072954,"path_taken":["M","?","?","?","?","?","E","?","T","?","R","?","R","?","R","BOSS","M","M","?","M","$","R","?","$","T","R","?","?","?","?","R","BOSS"],"items_purchased_type":["Card","Card","Card"],"build_version":"2020-12-22","purchased_purges":3,"victory":false,"max_hp_per_floor":[80,74,74,79,79,79,79,79,79,79,79,79,79,79,79,79,79,79,79,79,79,79,79,79,79,79,79,79,79,79,79,79,79,79],"relic_stats":{"SsserpentHead":150,"counters":[11,61],"Golden Idol":59,"Blue Candle":[0],"Eternal Feather":18,"Orichalcum":[42],"MawBank":48,"obtain_stats":[{"SsserpentHead":28,"Golden Idol":2,"Blue Candle":9,"Eternal Feather":7,"Philosopher\u0027s Stone":17,"Orichalcum":24,"MawBank":26,"Burning Blood":0},{"SsserpentHead":8,"Golden Idol":1,"Blue Candle":3,"Eternal Feather":3,"Philosopher\u0027s Stone":5,"Orichalcum":8,"MawBank":8,"Burning Blood":0},{"SsserpentHead":46,"Golden Idol":3,"Blue Candle":18,"Eternal Feather":18,"Philosopher\u0027s Stone":31,"Orichalcum":46,"MawBank":46,"Burning Blood":0}],"Burning Blood":60},"card_choices":[{"not_picked":["Wild Strike","Battle Trance","Iron Wave"],"picked":"SKIP","floor":1.0},{"not_picked":["Intimidate","Wild Strike","Twin Strike"],"picked":"SKIP","floor":6.0},{"not_picked":["Pommel Strike","Feel No Pain","Bloodletting"],"picked":"SKIP","floor":7.0},{"not_picked":["Pummel","Sword Boomerang","Armaments"],"picked":"SKIP","floor":14.0},{"not_picked":["Body Slam","Wild Strike+1","Flex"],"picked":"SKIP","floor":18},{"not_picked":["Battle Trance","Entrench","Disarm"],"picked":"SKIP","floor":19},{"not_picked":["Burning Pact+1","Thunderclap+1"],"picked":"Rampage+1","floor":21},{"not_picked":["Second Wind","Dual Wield","Twin Strike"],"picked":"SKIP","floor":29},{"not_picked":["Second Wind","Thunderclap","Headbutt+1"],"picked":"SKIP","floor":31}],"player_experience":970103,"relics_obtained":[{"floor":7.0,"key":"Eternal Feather"},{"floor":9.0,"key":"Blue Candle"},{"floor":26,"key":"MawBank"}],"event_choices":[{"damage_healed":0.0,"max_hp_gain":0.0,"max_hp_loss":6.0,"gold_gain":0.0,"event_name":"Golden Idol","player_choice":"Lose Max HP","floor":2.0,"gold_loss":0.0,"damage_taken":0.0,"relics_obtained":["Golden Idol"]},{"cards_removed":["Strike_R"],"damage_healed":0.0,"max_hp_gain":0.0,"max_hp_loss":0.0,"gold_gain":0.0,"event_name":"Golden Wing","player_choice":"Card Removal","floor":3.0,"gold_loss":0.0,"damage_taken":7.0},{"damage_healed":0.0,"max_hp_gain":5.0,"max_hp_loss":0.0,"gold_gain":0.0,"event_name":"Big Fish","player_choice":"Donut","floor":4.0,"gold_loss":0.0,"damage_taken":0.0},{"damage_healed":0.0,"max_hp_gain":0.0,"max_hp_loss":0.0,"gold_gain":0.0,"event_name":"Upgrade Shrine","player_choice":"Upgraded","floor":5.0,"gold_loss":0.0,"damage_taken":0.0,"cards_upgraded":["Bash"]},{"damage_healed":0.0,"max_hp_gain":0.0,"max_hp_loss":0.0,"gold_gain":0.0,"event_name":"Shining Light","player_choice":"Ignored","floor":8.0,"gold_loss":0.0,"damage_taken":0.0},{"damage_healed":0.0,"max_hp_gain":0.0,"max_hp_loss":0.0,"gold_gain":0.0,"event_name":"World of Goop","player_choice":"Left Gold","floor":10.0,"gold_loss":24.0,"damage_taken":0.0},{"cards_removed":["Strike_R"],"damage_healed":0.0,"max_hp_gain":0.0,"max_hp_loss":0.0,"gold_gain":0.0,"event_name":"Purifier","player_choice":"Purged","floor":12.0,"gold_loss":0.0,"damage_taken":0.0},{"damage_healed":0,"gold_gain":99,"player_choice":"Stole From Cult","damage_taken":0,"max_hp_gain":0,"max_hp_loss":0,"event_name":"Nest","floor":20,"gold_loss":0},{"damage_healed":0,"gold_gain":0,"player_choice":"Opened","damage_taken":0,"relics_obtained":["Orichalcum"],"max_hp_gain":0,"max_hp_loss":0,"event_name":"The Mausoleum","floor":24,"gold_loss":0},{"damage_healed":0,"gold_gain":0,"player_choice":"Trade","damage_taken":0,"relics_obtained":["SsserpentHead"],"max_hp_gain":0,"max_hp_loss":0,"event_name":"FaceTrader","floor":28,"gold_loss":0}],"is_beta":false,"boss_relics":[{"not_picked":["SacredBark","Runic Pyramid"],"picked":"Philosopher\u0027s Stone"}],"items_purged_floors":[22,25,30],"is_endless":false,"potions_floor_spawned":[7,14,16,18,19,31],"killed_by":"Automaton","ascension_level":0}}