{"host":"facnppb4175fcpe2","time":1612093220,"event":{"mods":["AchievementEnabler","BaseMod","Colored Map","Colored Powertips","Highlight Path","Minty Spire (QoL Compilation)","Quick Restart","Rare Cards Sparkle","Relic Stats","StSLib","SuperFastMode"],"gold_per_floor":[112,112,130,142,142,177,177,206,229,242,254,301,330,342,342,342,342],"floor_reached":16,"language":"ZHS","playtime":361,"items_purged":[],"score":178,"play_id":"60b673c0-e5a9-4bca-b4c7-6b1d67ddb109","local_time":"20210131194020","is_ascension_mode":true,"campfire_choices":[{"data":"Searing Blow+1","floor":7.0,"key":"SMITH"},{"data":"Searing Blow+2","floor":15.0,"key":"SMITH"}],"circlet_count":0,"master_deck":["Strike_R","Strike_R","Strike_R","Strike_R","Strike_R","Defend_R","Defend_R","Defend_R","Defend_R","Bash","Metallicize","Searing Blow+3","Shrug It Off","True Grit"],"relics":["Burning Blood","PreservedInsect","Vajra","Bronze Scales","Tiny Chest","Girya"],"acts_visited":["Exordium"],"potions_floor_usage":[16],"damage_taken":[{"damage":2.0,"enemies":"Jaw Worm","floor":1.0,"turns":5.0},{"damage":2.0,"enemies":"Cultist","floor":3.0,"turns":4.0},{"damage":8.0,"enemies":"Small Slimes","floor":4.0,"turns":4.0},{"damage":54.0,"enemies":"Lagavulin","floor":6.0,"turns":9.0},{"damage":16.0,"enemies":"Gremlin Nob","floor":8.0,"turns":3.0},{"damage":8.0,"enemies":"Blue Slaver","floor":10.0,"turns":3.0},{"damage":14.0,"enemies":"Lots of Slimes","floor":11.0,"turns":4.0},{"damage":2.0,"enemies":"Lagavulin","floor":13.0,"turns":6.0},{"damage":1.0,"enemies":"Looter","floor":14.0,"turns":4.0},{"damage":15,"enemies":"Slime Boss","floor":16,"turns":7}],"seed_played":"7652119159819786900","potions_obtained":[{"floor":1.0,"key":"SpeedPotion"},{"floor":3.0,"key":"Ancient Potion"},{"floor":8.0,"key":"BlessingOfTheForge"},{"floor":14.0,"key":"LiquidBronze"}],"is_trial":false,"path_per_floor":["M","?","M","M","?","E","R","E","T","M","M","T","E","M","R","B"],"character_chosen":"IRONCLAD","items_purchased":[],"campfire_rested":0,"item_purchase_floors":[],"current_hp_per_floor":[76,76,80,78,78,30,30,20,20,18,10,10,14,19,19,4,4],"gold":342,"neow_bonus":"TWENTY_PERCENT_HP_BONUS","is_daily":false,"chose_seed":false,"campfire_upgraded":2,"win_rate":0.0,"timestamp":1612093220,"path_taken":["M","?","?","M","?","E","R","E","T","M","?","?","E","M","R","BOSS"],"items_purchased_type":[],"build_version":"2020-12-22","purchased_purges":0,"victory":false,"max_hp_per_floor":[96,96,96,96,96,96,96,96,96,96,96,96,96,96,96,96,96],"relic_stats":{"counters":[10,49],"Bronze Scales":[42],"Tiny Chest":0,"PreservedInsect":49,"obtain_stats":[{"Girya":13,"Bronze Scales":9,"Vajra":8,"Tiny Chest":12,"PreservedInsect":6,"Burning Blood":0},{"Girya":8,"Bronze Scales":5,"Vajra":5,"Tiny Chest":7,"PreservedInsect":4,"Burning Blood":0},{"Girya":38,"Bronze Scales":25,"Vajra":25,"Tiny Chest":32,"PreservedInsect":22,"Burning Blood":0}],"Burning Blood":54},"card_choices":[{"not_picked":["Dark Embrace","Shrug It Off"],"picked":"Metallicize","floor":1.0},{"not_picked":["Hemokinesis","True Grit"],"picked":"Searing Blow","floor":3.0},{"not_picked":["Perfected Strike","Anger","Sword Boomerang"],"picked":"SKIP","floor":4.0},{"not_picked":["Cleave","Flex","Pommel Strike"],"picked":"SKIP","floor":6.0},{"not_picked":["Limit Break","Twin Strike"],"picked":"Shrug It Off","floor":8.0},{"not_picked":["Evolve","Rampage","Burning Pact"],"picked":"SKIP","floor":10.0},{"not_picked":["Body Slam","Clash"],"picked":"True Grit","floor":11.0},{"not_picked":["Limit Break","Thunderclap","Inflame"],"picked":"SKIP","floor":13.0},{"not_picked":["Havoc","Clothesline","Iron Wave"],"picked":"SKIP","floor":14.0}],"player_experience":101949,"relics_obtained":[{"floor":6.0,"key":"PreservedInsect"},{"floor":8.0,"key":"Vajra"},{"floor":9.0,"key":"Bronze Scales"},{"floor":12.0,"key":"Tiny Chest"},{"floor":13.0,"key":"Girya"}],"event_choices":[{"damage_healed":0.0,"max_hp_gain":0.0,"max_hp_loss":0.0,"gold_gain":0.0,"event_name":"The Woman in Blue","player_choice":"Bought 0 Potions","floor":2.0,"gold_loss":0.0,"damage_taken":0.0},{"damage_healed":0.0,"max_hp_gain":0.0,"max_hp_loss":0.0,"gold_gain":0.0,"event_name":"Upgrade Shrine","player_choice":"Upgraded","floor":5.0,"gold_loss":0.0,"damage_taken":0.0,"cards_upgraded":["Searing Blow"]}],"is_beta":false,"boss_relics":[],"items_purged_floors":[],"is_endless":false,"potions_floor_spawned":[1,3,8,14],"killed_by":"Slime Boss","ascension_level":5}}