{"host":"06e3yyzgn8o619wl","time":1612074360,"event":{"mods":["BaseMod","Block Reminder","Colored Map","Colored Powertips","DeckTracker","Minty Spire (QoL Compilation)","Permanent Neow","Relic Stats","StSLib"],"gold_per_floor":[117,117,129,129,147,147,167,167,167],"floor_reached":8,"language":"JPN","playtime":293,"items_purged":[],"score":62,"play_id":"7809ea5d-ca2e-4dc2-8f1f-97271387e5eb","local_time":"20210131152600","is_ascension_mode":true,"campfire_choices":[{"data":"EmptyFist","floor":6,"key":"SMITH"}],"circlet_count":0,"master_deck":["Strike_P","Strike_P","Strike_P","Strike_P","Defend_P","Defend_P","Defend_P","Defend_P","Eruption","Vigilance","BowlingBash","CrushJoints","EmptyFist+1","FlurryOfBlows"],"relics":["PureWater","Ginger"],"acts_visited":["Exordium"],"potions_floor_usage":[],"damage_taken":[{"damage":0,"enemies":"2 Louse","floor":1,"turns":1},{"damage":2,"enemies":"Small Slimes","floor":3,"turns":3},{"damage":0,"enemies":"Jaw Worm","floor":5,"turns":4},{"damage":3,"enemies":"Blue Slaver","floor":7,"turns":3},{"damage":50,"enemies":"Gremlin Nob","floor":8,"turns":4}],"seed_played":"-1354938381414338920","potions_obtained":[{"floor":1,"key":"Dexterity Potion"}],"is_trial":false,"path_per_floor":["M","?","M","?","M","R","M","E"],"character_chosen":"WATCHER","items_purchased":[],"campfire_rested":0,"item_purchase_floors":[],"current_hp_per_floor":[47,52,50,50,50,50,47,0,0],"gold":167,"neow_bonus":"ONE_RARE_RELIC","is_daily":false,"chose_seed":false,"campfire_upgraded":1,"win_rate":0.0,"timestamp":1612074360,"path_taken":["M","?","M","?","M","R","M","E"],"items_purchased_type":[],"build_version":"2020-12-22","purchased_purges":0,"victory":false,"max_hp_per_floor":[72,77,77,77,77,77,77,77,77],"relic_stats":{"counters":[5,15],"Ginger":[1],"obtain_stats":[{"Ginger":0,"PureWater":0},{"Ginger":0,"PureWater":0},{"Ginger":0,"PureWater":0}]},"card_choices":[{"not_picked":["SignatureMove","PathToVictory"],"picked":"BowlingBash","floor":1},{"not_picked":["Crescendo","FlyingSleeves"],"picked":"CrushJoints","floor":3},{"not_picked":["WindmillStrike","SashWhip"],"picked":"EmptyFist","floor":5},{"not_picked":["ThirdEye","SashWhip"],"picked":"FlurryOfBlows","floor":7}],"player_experience":129934,"relics_obtained":[],"event_choices":[{"damage_healed":0,"gold_gain":0,"player_choice":"Donut","damage_taken":0,"max_hp_gain":5,"max_hp_loss":0,"event_name":"Big Fish","floor":2,"gold_loss":0},{"damage_healed":0,"gold_gain":0,"player_choice":"Ignored","damage_taken":0,"max_hp_gain":0,"max_hp_loss":0,"event_name":"Liars Game","floor":4,"gold_loss":0}],"is_beta":false,"boss_relics":[],"items_purged_floors":[],"is_endless":false,"potions_floor_spawned":[1],"killed_by":"Gremlin Nob","ascension_level":6}}