{"host":"1zjc08c6hob33401","time":1612129185,"event":{"mods":["AchievementEnabler","Act Like it!","Aspiration","BaseMod","Downfall","Elementarium","Energized Spire","Evolution","Friendly Minions","Gensokyo","GifTheSpireLib","Hubris","Infinite Spire","Jedi Mod","Menagerie","Minty Spire (QoL Compilation)","Pale of the Ancients","Quick Restart","Reliquary","Replay The Spire","Retaliation","Shop Mod","Spicy Shops","Spire Arcade","StS++","StSLib","Stuff the Spire","The Blue Laboratory","Wandering Minibosses","??????REMEMod"],"gold_per_floor":[137,137,148,186,246,246,246,282,309,324,324,289,322,322,322,418,418,418,418],"floor_reached":18,"language":"RUS","playtime":859,"items_purged":[],"score":306,"play_id":"f7d011c0-61ef-44d4-9ee3-25d81b6dbd02","local_time":"20210131233945","is_ascension_mode":true,"campfire_choices":[{"floor":6,"key":"REST"},{"floor":11,"key":"REST"},{"data":"HandOfGreed","floor":15,"key":"SMITH"}],"circlet_count":0,"master_deck":["AscendersBane","Strike_B","Strike_B","Strike_B","Strike_B","Defend_B","Defend_B","Defend_B","Defend_B","Zap","Dualcast","HandOfGreed+1","BootSequence+1","Barrage","Coolheaded","Undo","Menagerie:Skullclamp","BootSequence","Thunder Strike","Thunder Strike"],"relics":["Cracked Core","EVO:Axolotl","REME_ComplimentaryCards","Blood Vial","Prayer Wheel","reliquary:SilkGlove","StSpp:PileOfSugar"],"acts_visited":["Menagerie:Menagerie","Elementarium:Elementarium"],"potions_floor_usage":[8,13],"damage_taken":[{"damage":8,"enemies":"Menagerie:MonstrousExperiment","floor":1,"turns":3},{"damage":1,"enemies":"Menagerie:WhisperingWraith","floor":3,"turns":3},{"damage":9,"enemies":"Menagerie:StygianBoar","floor":4,"turns":5},{"damage":36,"enemies":"Menagerie:BEAST_MAGE_AND_PROWLING_AMALGAM","floor":5,"turns":8},{"damage":16,"enemies":"Menagerie:MENAGERIE_WILDLIFE","floor":8,"turns":6},{"damage":6,"enemies":"Menagerie:EntropyWarlock","floor":10,"turns":4},{"damage":30,"enemies":"Menagerie:Hydra","floor":13,"turns":6},{"damage":31,"enemies":"Menagerie:Chimera","floor":16,"turns":12},{"damage":61,"enemies":"Elementarium:MUD_AND_TAR_GOLEMS","floor":18,"turns":2}],"seed_played":"4799026129311686925","potions_obtained":[{"floor":1,"key":"SteroidPotion"},{"floor":5,"key":"Energy Potion"},{"floor":13,"key":"SpeedPotion"},{"floor":16,"key":"blueLaboratory:PolymorphPotion"}],"is_trial":false,"path_per_floor":["M","?","M","M","M","R","?","M","T","M","R","?","E","?","R","B",null,"M"],"character_chosen":"DEFECT","items_purchased":[],"campfire_rested":2,"item_purchase_floors":[],"current_hp_per_floor":[63,56,55,46,10,33,33,17,17,13,36,55,27,31,31,2,59,0,0],"gold":418,"neow_bonus":"TEN_PERCENT_HP_BONUS","is_daily":false,"chose_seed":false,"campfire_upgraded":1,"win_rate":0.0,"timestamp":1612129185,"path_taken":["M","?","M","M","M","R","?","M","T","?","R","?","E","?","R","BOSS","M"],"items_purchased_type":[],"build_version":"2020-12-22","purchased_purges":0,"victory":false,"max_hp_per_floor":[78,78,78,78,78,78,78,78,78,78,78,78,78,78,78,78,78,78,78],"card_choices":[{"not_picked":["Streamline","Go for the Eyes"],"picked":"BootSequence","floor":1},{"not_picked":["BasicCrystalCard","jedi:BurstLightning"],"picked":"Barrage","floor":3},{"not_picked":["Hello World","Rebound"],"picked":"Coolheaded","floor":4},{"not_picked":["StuffTheSpire:Plugnplay","Go for the Eyes"],"picked":"Undo","floor":5},{"not_picked":["Menagerie:Tinker","Menagerie:Staggershock"],"picked":"Menagerie:Skullclamp","floor":7},{"not_picked":["StuffTheSpire:GlassShard","Force Field"],"picked":"BootSequence","floor":8},{"not_picked":["Redo","Undo"],"picked":"ReplayTheSpireMod:Fabricate Wheel","floor":10},{"not_picked":["Cold Snap","Ball Lightning"],"picked":"Thunder Strike","floor":13},{"not_picked":["StSpp:Converter","ReplayTheSpireMod:Omega Cannon"],"picked":"Thunder Strike","floor":16}],"player_experience":726144,"relics_obtained":[{"floor":9,"key":"Blood Vial"},{"floor":13,"key":"reliquary:SilkGlove"}],"event_choices":[{"damage_healed":0,"gold_gain":0,"player_choice":"Accept","damage_taken":0,"max_hp_gain":0,"max_hp_loss":7,"event_name":"Menagerie:HarrowingRitual","floor":2,"gold_loss":0,"cards_upgraded":["BootSequence"]},{"damage_healed":0,"gold_gain":0,"player_choice":"Peek","damage_taken":0,"max_hp_gain":0,"max_hp_loss":0,"event_name":"Menagerie:OvergrownLibrary","floor":7,"gold_loss":0},{"damage_healed":19,"gold_gain":0,"player_choice":"Heal","damage_taken":0,"max_hp_gain":0,"max_hp_loss":0,"event_name":"Menagerie:MagicPeddler","floor":12,"gold_loss":35}],"is_beta":false,"boss_relics":[{"not_picked":["energizedSpire:EnergizedDie","aspiration:Stellarator"],"picked":"StSpp:PileOfSugar"}],"items_purged_floors":[],"is_endless":false,"potions_floor_spawned":[1,5,13,16],"killed_by":"Elementarium:MUD_AND_TAR_GOLEMS","ascension_level":19}}