{"host":"a5lz0e76zb3fcwkm","time":1612079981,"event":{"mods":["AchievementEnabler","BaseMod","Colored Map","Colored Powertips","Minty Spire (QoL Compilation)","StSLib","SuperFastMode"],"gold_per_floor":[118,118,118,138,98,123,48,74,148,148,180,180,200,212,212,286,286,303,64,64,81,97,130,148,148,148,166,217,217,236,254,254,329,329,341,341,1340,1358,1075,1089,1089,1102,1102,1130,1130,1150,1180,1192,1192,1192,1192,1192],"floor_reached":51,"language":"KOR","playtime":1248,"items_purged":["Strike_G","Normality"],"score":1623,"play_id":"4bd3869f-ea12-4290-9b81-741148bb7127","local_time":"20210131165941","is_ascension_mode":true,"campfire_choices":[{"data":"Deadly Poison","floor":10.0,"key":"SMITH"},{"data":"Prepared","floor":12.0,"key":"SMITH"},{"data":"Catalyst","floor":15.0,"key":"SMITH"},{"data":"Night Terror","floor":25.0,"key":"SMITH"},{"data":"Wraith Form v2","floor":29.0,"key":"SMITH"},{"data":"Tactician","floor":32.0,"key":"SMITH"},{"data":"Calculated Gamble","floor":41.0,"key":"SMITH"},{"floor":49,"key":"RECALL"}],"circlet_count":0,"master_deck":["AscendersBane","Strike_G","Defend_G","Defend_G","Defend_G","Defend_G","Survivor","Neutralize","Eviscerate","Prepared+1","Deadly Poison+1","Backflip","Deadly Poison","Catalyst+1","Night Terror+1","Tactician+1","PiercingWail","Wraith Form v2+1","Crippling Poison+1","Reflex","Calculated Gamble+1","Corpse Explosion","Normality","Acrobatics","Catalyst"],"relics":["Ring of the Snake","NeowsBlessing","Snake Skull","HornCleat","Bronze Scales","Empty Cage","PreservedInsect","Gremlin Horn","Bottled Lightning","Blood Vial","Ancient Tea Set","HoveringKite","OrangePellets","Akabeko","MealTicket"],"acts_visited":["Exordium","TheCity","TheBeyond"],"potions_floor_usage":[50,51],"damage_taken":[{"damage":0.0,"enemies":"2 Louse","floor":1.0,"turns":1.0},{"damage":0.0,"enemies":"Small Slimes","floor":4.0,"turns":1.0},{"damage":0.0,"enemies":"Lagavulin","floor":6.0,"turns":1.0},{"damage":29.0,"enemies":"3 Sentries","floor":8.0,"turns":10.0},{"damage":18.0,"enemies":"Gremlin Nob","floor":11.0,"turns":4.0},{"damage":0.0,"enemies":"Cultist","floor":13.0,"turns":2.0},{"damage":5.0,"enemies":"Lots of Slimes","floor":14.0,"turns":5.0},{"damage":3.0,"enemies":"Hexaghost","floor":16.0,"turns":5.0},{"damage":0.0,"enemies":"Chosen","floor":18.0,"turns":3.0},{"damage":12.0,"enemies":"2 Thieves","floor":21.0,"turns":4.0},{"damage":0.0,"enemies":"Snecko","floor":22.0,"turns":3.0},{"damage":13.0,"enemies":"Book of Stabbing","floor":23.0,"turns":4.0},{"damage":1.0,"enemies":"Centurion and Healer","floor":24.0,"turns":7.0},{"damage":0.0,"enemies":"Snake Plant","floor":27.0,"turns":2.0},{"damage":0.0,"enemies":"Chosen and Byrds","floor":30.0,"turns":3.0},{"damage":0.0,"enemies":"Centurion and Healer","floor":31.0,"turns":4.0},{"damage":36.0,"enemies":"Collector","floor":33.0,"turns":6.0},{"damage":17.0,"enemies":"3 Darklings","floor":35.0,"turns":3.0},{"damage":0.0,"enemies":"3 Shapes","floor":38.0,"turns":3.0},{"damage":0.0,"enemies":"Maw","floor":40.0,"turns":4.0},{"damage":0.0,"enemies":"Jaw Worm Horde","floor":42.0,"turns":3.0},{"damage":0.0,"enemies":"Giant Head","floor":44.0,"turns":3.0},{"damage":4,"enemies":"3 Darklings","floor":46,"turns":3},{"damage":0,"enemies":"Nemesis","floor":47,"turns":3},{"damage":0,"enemies":"Spire Growth","floor":48,"turns":2},{"damage":40,"enemies":"Donu and Deca","floor":50,"turns":6},{"damage":13,"enemies":"Awakened One","floor":51,"turns":1}],"seed_played":"2820528009536487651","potions_obtained":[{"floor":1.0,"key":"Poison Potion"},{"floor":5.0,"key":"CultistPotion"},{"floor":5.0,"key":"CunningPotion"},{"floor":6.0,"key":"Regen Potion"},{"floor":23.0,"key":"DuplicationPotion"},{"floor":30.0,"key":"DistilledChaos"},{"floor":33.0,"key":"PowerPotion"}],"is_trial":false,"path_per_floor":["M","?","?","M","?","E","$","E","T","R","E","R","M","M","R","B",null,"M","$","T","M","M","E","M","R","T","M","T","R","M","M","R","B",null,"M","?","?","M","$","M","R","M","T","E","?","M","E","M","R","B","B"],"character_chosen":"THE_SILENT","items_purchased":["Tactician","PreservedInsect","Acrobatics","OrangePellets"],"campfire_rested":0,"item_purchase_floors":[19,19,39,39],"current_hp_per_floor":[59,52,57,57,57,57,57,43,43,43,25,25,25,20,20,17,58,58,58,58,46,46,33,32,32,32,34,34,34,36,38,38,4,54,39,39,39,41,41,43,43,45,45,47,47,45,47,49,49,11,0,0],"gold":1192,"neow_bonus":"THREE_ENEMY_KILL","is_daily":false,"chose_seed":false,"campfire_upgraded":7,"win_rate":0.0,"timestamp":1612079981,"path_taken":["M","?","?","M","?","E","$","E","T","R","E","R","?","M","R","BOSS","M","$","?","M","M","E","M","R","T","M","?","R","M","M","R","BOSS","M","?","?","M","$","M","R","M","T","E","?","M","E","M","R","BOSS","BOSS"],"items_purchased_type":["Card","Relic","Card","Relic"],"build_version":"2020-12-22","purchased_purges":2,"victory":false,"max_hp_per_floor":[66,66,71,71,71,71,71,71,71,71,71,71,71,71,71,71,71,71,71,71,71,71,71,71,71,71,71,71,71,71,71,71,71,71,71,71,71,71,71,71,71,71,71,71,71,71,71,71,71,71,71,71],"card_choices":[{"not_picked":["Leg Sweep","Sucker Punch"],"picked":"Eviscerate","floor":1.0},{"not_picked":["Footwork","Dagger Spray"],"picked":"Prepared","floor":4.0},{"not_picked":["Blade Dance","Deflect","Flying Knee"],"picked":"SKIP","floor":6.0},{"not_picked":["Heel Hook","Acrobatics"],"picked":"Deadly Poison","floor":8.0},{"not_picked":["Bane","Cloak And Dagger"],"picked":"Backflip","floor":11.0},{"not_picked":["Quick Slash","Blade Dance"],"picked":"Deadly Poison","floor":13.0},{"not_picked":["Acrobatics","Poisoned Stab"],"picked":"Catalyst","floor":14.0},{"not_picked":["Malaise","Adrenaline"],"picked":"Night Terror","floor":16.0},{"not_picked":["Underhanded Strike","Backstab","Dodge and Roll"],"picked":"SKIP","floor":18.0},{"not_picked":["Slice+1","Flying Knee"],"picked":"PiercingWail","floor":21.0},{"not_picked":["Dagger Throw","Deflect","Cloak And Dagger+1"],"picked":"SKIP","floor":22.0},{"not_picked":["Calculated Gamble","Well Laid Plans"],"picked":"Wraith Form v2","floor":23.0},{"not_picked":["Slice","Sucker Punch+1"],"picked":"Crippling Poison+1","floor":24.0},{"not_picked":["All Out Attack","Cloak And Dagger"],"picked":"Reflex","floor":27.0},{"not_picked":["Slice","Cloak And Dagger"],"picked":"Calculated Gamble","floor":30.0},{"not_picked":["Backflip","Poisoned Stab+1","Masterful Stab"],"picked":"SKIP","floor":31.0},{"not_picked":["Envenom","Night Terror"],"picked":"Corpse Explosion","floor":33.0},{"not_picked":["Slice","Distraction","Backflip"],"picked":"SKIP","floor":35.0},{"not_picked":["Sucker Punch","Deflect","Cloak And Dagger+1"],"picked":"SKIP","floor":38.0},{"not_picked":["Prepared","Malaise","Dodge and Roll"],"picked":"SKIP","floor":40.0},{"not_picked":["Backflip","Poisoned Stab"],"picked":"Catalyst","floor":42.0},{"not_picked":["Prepared","Leg Sweep","Cloak And Dagger+1"],"picked":"SKIP","floor":44.0},{"not_picked":["Terror","Heel Hook","Poisoned Stab"],"picked":"SKIP","floor":46},{"not_picked":["Backstab","Slice","A Thousand Cuts"],"picked":"SKIP","floor":47},{"not_picked":["Dodge and Roll+1","Quick Slash+1","Masterful Stab"],"picked":"SKIP","floor":48}],"player_experience":1824195,"relics_obtained":[{"floor":6.0,"key":"Snake Skull"},{"floor":9.0,"key":"HornCleat"},{"floor":11.0,"key":"Bronze Scales"},{"floor":20.0,"key":"Gremlin Horn"},{"floor":23.0,"key":"Bottled Lightning"},{"floor":26.0,"key":"Blood Vial"},{"floor":28.0,"key":"Ancient Tea Set"},{"floor":44.0,"key":"Akabeko"},{"floor":47,"key":"MealTicket"}],"event_choices":[{"cards_removed":["Strike_G"],"damage_healed":0.0,"max_hp_gain":0.0,"max_hp_loss":0.0,"gold_gain":0.0,"event_name":"Golden Wing","player_choice":"Card Removal","floor":2.0,"gold_loss":0.0,"damage_taken":7.0},{"damage_healed":0.0,"max_hp_gain":5.0,"max_hp_loss":0.0,"gold_gain":0.0,"event_name":"Big Fish","player_choice":"Donut","floor":3.0,"gold_loss":0.0,"damage_taken":0.0},{"damage_healed":0.0,"max_hp_gain":0.0,"max_hp_loss":0.0,"gold_gain":0.0,"event_name":"The Woman in Blue","player_choice":"Bought 3 Potions","floor":5.0,"gold_loss":0.0,"damage_taken":0.0},{"damage_healed":0.0,"max_hp_gain":0.0,"max_hp_loss":0.0,"gold_gain":0.0,"event_name":"Tomb of Lord Red Mask","player_choice":"Ignored","floor":36.0,"gold_loss":0.0,"damage_taken":0.0},{"damage_healed":0.0,"max_hp_gain":0.0,"max_hp_loss":0.0,"gold_gain":999.0,"event_name":"MindBloom","player_choice":"Gold","floor":37.0,"gold_loss":0.0,"damage_taken":0.0,"cards_obtained":["Normality","Normality"]},{"cards_removed":["Strike_G"],"damage_healed":0.0,"max_hp_gain":0.0,"max_hp_loss":0.0,"gold_gain":0.0,"event_name":"Falling","player_choice":"Removed Attack","floor":45.0,"gold_loss":0.0,"damage_taken":0.0}],"is_beta":false,"boss_relics":[{"not_picked":["Tiny House","Ring of the Serpent"],"picked":"Empty Cage"},{"not_picked":["Coffee Dripper","Busted Crown"],"picked":"HoveringKite"}],"items_purged_floors":[7,39],"is_endless":false,"potions_floor_spawned":[1,6,23,30,31,33,40,42,46,48],"killed_by":"Awakened One","ascension_level":20}}