{"host":"5aufeegtpfnkrr1z","time":1612112587,"event":{"mods":["BaseMod","Curses Come First","Googly Eyes","Highlight Path","Minty Spire (QoL Compilation)","Rare Cards Sparkle","Spire Birthday Party","StSLib","everything is the same but u backflip on backflip"],"gold_per_floor":[211,211,211,15,15,46,46,46,46],"floor_reached":8,"language":"ENG","playtime":11758,"items_purged":[],"score":86,"play_id":"b0b0ee22-f00c-4316-a7cd-6a56881b1f43","local_time":"20210131170307","is_ascension_mode":true,"campfire_choices":[{"data":"Bandage Up","floor":7,"key":"SMITH"}],"circlet_count":0,"master_deck":["AscendersBane","Strike_G","Strike_G","Strike_G","Strike_G","Defend_G","Defend_G","Defend_G","Defend_G","Defend_G","Survivor","Neutralize","Skewer","Blur","Footwork","Bandage Up+1"],"relics":["Ring of the Snake"],"acts_visited":["Exordium"],"potions_floor_usage":[8],"damage_taken":[{"damage":0,"enemies":"Jaw Worm","floor":1,"turns":5},{"damage":45,"enemies":"3 Sentries","floor":6,"turns":23},{"damage":33,"enemies":"Gremlin Nob","floor":8,"turns":4}],"seed_played":"7025162382212058237","potions_obtained":[{"floor":6,"key":"SteroidPotion"}],"is_trial":false,"path_per_floor":["M","?","?","$","$","E","R","E"],"character_chosen":"THE_SILENT","items_purchased":["Blur","Footwork","Bandage Up"],"campfire_rested":0,"item_purchase_floors":[4,4,4],"current_hp_per_floor":[63,63,63,63,63,22,22,0,0],"gold":46,"neow_bonus":"HUNDRED_GOLD","is_daily":false,"chose_seed":false,"campfire_upgraded":1,"win_rate":0.0,"timestamp":1612112587,"path_taken":["M","?","?","?","$","E","R","E"],"items_purchased_type":["Card","Card","Card"],"build_version":"2020-12-22","purchased_purges":0,"victory":false,"max_hp_per_floor":[70,70,70,70,70,70,70,70,70],"card_choices":[{"not_picked":["Blade Dance","Slice","Underhanded Strike"],"picked":"SKIP","floor":1},{"not_picked":["Blade Dance","Skewer","Reflex"],"picked":"SKIP","floor":6}],"player_experience":415977,"relics_obtained":[],"event_choices":[{"damage_healed":0,"gold_gain":0,"cards_transformed":["Strike_G"],"player_choice":"Change","damage_taken":0,"max_hp_gain":0,"max_hp_loss":0,"event_name":"Living Wall","floor":2,"gold_loss":0,"cards_obtained":["Skewer"]},{"damage_healed":0,"gold_gain":0,"player_choice":"Ignored","damage_taken":0,"max_hp_gain":0,"max_hp_loss":0,"event_name":"Shining Light","floor":3,"gold_loss":0}],"is_beta":false,"boss_relics":[],"items_purged_floors":[],"is_endless":false,"potions_floor_spawned":[6],"killed_by":"Gremlin Nob","ascension_level":13}}