{"host":"jhy70w0yh8dayqay","time":1612101312,"event":{"mods":["AchievementEnabler","BaseMod","Colored Map","Colored Powertips","DeckTracker","Minty Spire (QoL Compilation)","Permanent Neow","SuperFastMode"],"gold_per_floor":[110,123,139,18,36,36,71,71,71,102,120,138,148,171,171,273,273,291,40,60,60,78,107,7,7,54,80,80,80,80,98,98,196,196,207,225,28,42,67,67,67,77,102,112,129,29,29,43,43,43,43],"floor_reached":50,"language":"KOR","playtime":2445,"items_purged":["Strike_B","Strike_B","Defend_B"],"score":802,"play_id":"12e59c33-13df-4086-bb7f-6bf962d1d75b","local_time":"20210131225512","is_ascension_mode":true,"campfire_choices":[{"data":"Zap","floor":6.0,"key":"SMITH"},{"data":"Chill","floor":8.0,"key":"SMITH"},{"data":"Defragment","floor":15.0,"key":"SMITH"},{"data":"Apotheosis","floor":25,"key":"SMITH"},{"floor":29,"key":"REST"},{"floor":32,"key":"REST"},{"floor":40,"key":"REST"},{"floor":47,"key":"REST"},{"floor":49,"key":"REST"}],"circlet_count":0,"master_deck":["AscendersBane","Strike_B","Strike_B","Defend_B","Defend_B","Defend_B","Zap+1","Dualcast","Turbo","Steam","Ball Lightning","Barrage","Sweeping Beam","Chill+1","Aggregate","Coolheaded","Gash","Defragment+1","Gash","Seek","Leap","Apotheosis+1","Cold Snap","Compile Driver","Creative AI","FTL","Reboot","Hologram","Skim","BootSequence+1","Glacier+1","Parasite","Conserve Battery","Core Surge","Static Discharge+1","Parasite","Self Repair+1","Hologram"],"relics":["Cracked Core","Boot","Tiny Chest","Pen Nib","Cables","Odd Mushroom","SacredBark","PreservedInsect","Bag of Marbles","Red Mask","Singing Bowl","Inserter","Dream Catcher","Akabeko"],"acts_visited":["Exordium","TheCity","TheBeyond"],"potions_floor_usage":[16,20,23,27,33,38,46,50],"damage_taken":[{"damage":0.0,"enemies":"Cultist","floor":1.0,"turns":4.0},{"damage":0.0,"enemies":"2 Louse","floor":2.0,"turns":2.0},{"damage":3.0,"enemies":"Jaw Worm","floor":3.0,"turns":4.0},{"damage":0.0,"enemies":"Large Slime","floor":5.0,"turns":5.0},{"damage":25.0,"enemies":"Gremlin Nob","floor":7.0,"turns":4.0},{"damage":10.0,"enemies":"Lagavulin","floor":10.0,"turns":5.0},{"damage":0.0,"enemies":"3 Louse","floor":11.0,"turns":3.0},{"damage":0.0,"enemies":"Lots of Slimes","floor":12.0,"turns":3.0},{"damage":0.0,"enemies":"Gremlin Gang","floor":13.0,"turns":5.0},{"damage":0.0,"enemies":"The Mushroom Lair","floor":14.0,"turns":4.0},{"damage":28,"enemies":"The Guardian","floor":16,"turns":9},{"damage":0,"enemies":"3 Byrds","floor":18,"turns":4},{"damage":11,"enemies":"Shell Parasite","floor":20,"turns":5},{"damage":7,"enemies":"Shelled Parasite and Fungi","floor":22,"turns":5},{"damage":0,"enemies":"Gremlin Leader","floor":23,"turns":6},{"damage":28,"enemies":"Masked Bandits","floor":27,"turns":6},{"damage":12,"enemies":"Sentry and Sphere","floor":31,"turns":7},{"damage":21,"enemies":"Automaton","floor":33,"turns":8},{"damage":25,"enemies":"3 Darklings","floor":35,"turns":5},{"damage":10,"enemies":"Orb Walker","floor":36,"turns":3},{"damage":15,"enemies":"Maw","floor":38,"turns":6},{"damage":0,"enemies":"Writhing Mass","floor":42,"turns":6},{"damage":14,"enemies":"Sphere and 2 Shapes","floor":44,"turns":9},{"damage":0,"enemies":"Spire Growth","floor":45,"turns":4},{"damage":26,"enemies":"Writhing Mass","floor":48,"turns":6},{"damage":59,"enemies":"Donu and Deca","floor":50,"turns":6}],"seed_played":"-1324513209180303361","potions_obtained":[{"floor":3.0,"key":"Weak Potion"},{"floor":11.0,"key":"Dexterity Potion"},{"floor":13.0,"key":"Strength Potion"},{"floor":16,"key":"Explosive Potion"},{"floor":22,"key":"Explosive Potion"},{"floor":23,"key":"CultistPotion"},{"floor":36,"key":"AttackPotion"},{"floor":44,"key":"Fire Potion"}],"is_trial":false,"path_per_floor":["M","M","M","$","M","R","E","R","T","E","M","M","M","?","R","B",null,"M","$","M","?","M","E","$","R","T","?","T","R","?","M","R","B",null,"M","M","$","M","T","R","?","M","T","M","M","$","R","M","R","B"],"character_chosen":"DEFECT","items_purchased":["Barrage","Apotheosis","Cold Snap","GamblersBrew","Fruit Juice"],"campfire_rested":5,"item_purchase_floors":[4,19,19,37,46],"current_hp_per_floor":[68,68,65,65,65,65,40,40,40,30,30,30,30,30,30,2,57,57,57,46,46,39,39,39,39,39,11,11,33,27,17,40,19,63,38,28,28,13,13,36,36,36,36,22,24,34,59,33,58,0,0],"gold":43,"neow_bonus":"RANDOM_COMMON_RELIC","is_daily":false,"chose_seed":false,"campfire_upgraded":4,"win_rate":0.0,"timestamp":1612101312,"path_taken":["M","M","M","?","M","R","E","R","T","E","M","M","M","?","R","BOSS","M","$","M","?","M","E","$","R","T","?","?","R","?","M","R","BOSS","M","M","?","?","?","R","?","M","T","M","M","$","R","M","R","BOSS"],"items_purchased_type":["Card","Card","Card","Potion","Potion"],"build_version":"2020-12-22","purchased_purges":3,"victory":false,"max_hp_per_floor":[75,75,75,75,75,75,75,75,75,75,75,75,75,75,75,75,75,75,75,75,75,75,75,75,75,75,75,75,75,75,77,77,77,77,77,77,77,77,77,77,73,73,73,73,75,85,85,85,85,85,85],"card_choices":[{"not_picked":["Redo","Storm"],"picked":"Turbo","floor":1.0},{"not_picked":["Recycle","Turbo"],"picked":"Steam","floor":2.0},{"not_picked":["Creative AI","Sweeping Beam"],"picked":"Ball Lightning","floor":3.0},{"not_picked":["Steam","Hologram"],"picked":"Sweeping Beam","floor":5.0},{"not_picked":["Turbo","Rebound"],"picked":"Chill","floor":7.0},{"not_picked":["Streamline","Recycle"],"picked":"Aggregate","floor":10.0},{"not_picked":["Stack","Hologram"],"picked":"Coolheaded","floor":11.0},{"not_picked":["Undo","Streamline"],"picked":"Gash","floor":12.0},{"not_picked":["Steam","Sunder"],"picked":"Defragment","floor":13.0},{"not_picked":["Fission","Undo"],"picked":"Gash","floor":14.0},{"not_picked":["Fission","Biased Cognition"],"picked":"Seek","floor":16},{"not_picked":["Auto Shields","Sweeping Beam"],"picked":"Leap","floor":18},{"not_picked":["Force Field","Streamline"],"picked":"Compile Driver","floor":20},{"not_picked":["Chaos","Force Field","Cold Snap"],"picked":"SKIP","floor":22},{"not_picked":["Barrage","Leap+1"],"picked":"Creative AI","floor":23},{"not_picked":["Ball Lightning","Compile Driver"],"picked":"FTL","floor":27},{"not_picked":["Beam Cell","Cold Snap","Reinforced Body"],"picked":"Singing Bowl","floor":31},{"not_picked":["Electrodynamics","Amplify"],"picked":"Reboot","floor":33},{"not_picked":["Ball Lightning+1","Sweeping Beam+1"],"picked":"Hologram","floor":35},{"not_picked":["Lockon","Melter+1"],"picked":"Skim","floor":36},{"not_picked":["Turbo+1","Lockon+1"],"picked":"BootSequence+1","floor":38},{"not_picked":["Chill+1","FTL"],"picked":"Glacier+1","floor":40},{"not_picked":["Glacier+1","Auto Shields+1"],"picked":"Conserve Battery","floor":42},{"not_picked":["Barrage","Glacier"],"picked":"Core Surge","floor":44},{"not_picked":["Tempest+1","Cold Snap+1","Darkness+1"],"picked":"Singing Bowl","floor":45},{"not_picked":["Turbo","Go for the Eyes"],"picked":"Static Discharge+1","floor":47},{"not_picked":["Redo+1","Cold Snap"],"picked":"Self Repair+1","floor":48},{"not_picked":["Steam","Cold Snap"],"picked":"Hologram","floor":49}],"player_experience":469400,"relics_obtained":[{"floor":7.0,"key":"Tiny Chest"},{"floor":9.0,"key":"Pen Nib"},{"floor":10.0,"key":"Cables"},{"floor":14.0,"key":"Odd Mushroom"},{"floor":23,"key":"PreservedInsect"},{"floor":26,"key":"Bag of Marbles"},{"floor":27,"key":"Red Mask"},{"floor":28,"key":"Singing Bowl"},{"floor":39,"key":"Dream Catcher"},{"floor":43,"key":"Akabeko"}],"event_choices":[{"damage_healed":0.0,"max_hp_gain":0.0,"max_hp_loss":0.0,"gold_gain":0.0,"event_name":"Mushrooms","player_choice":"Fought Mushrooms","floor":14.0,"gold_loss":0.0,"damage_taken":0.0},{"damage_healed":0,"gold_gain":0,"player_choice":"Ignored","damage_taken":0,"max_hp_gain":0,"max_hp_loss":0,"event_name":"Vampires","floor":21,"gold_loss":0},{"damage_healed":0,"gold_gain":0,"player_choice":"Fought Bandits","damage_taken":0,"max_hp_gain":0,"max_hp_loss":0,"event_name":"Masked Bandits","floor":27,"gold_loss":0},{"damage_healed":0,"gold_gain":0,"player_choice":"","damage_taken":6,"max_hp_gain":0,"max_hp_loss":0,"event_name":"Knowing Skull","floor":30,"potions_obtained":[],"gold_loss":0,"cards_obtained":[]},{"damage_healed":0,"gold_gain":0,"player_choice":"Max HP","damage_taken":0,"max_hp_gain":0,"max_hp_loss":4,"event_name":"Winding Halls","floor":41,"gold_loss":0}],"is_beta":false,"boss_relics":[{"not_picked":["Snecko Eye","Black Star"],"picked":"SacredBark"},{"not_picked":["Coffee Dripper","FrozenCore"],"picked":"Inserter"}],"items_purged_floors":[4,24,37],"is_endless":false,"potions_floor_spawned":[3,11,13,16,22,23,36,44,45],"killed_by":"Donu and Deca","ascension_level":11}}