{"host":"nnmmiiw4bez2c8ei","time":1612067881,"event":{"mods":["AchievementEnabler","BaseMod","Colored Map","Colored Powertips","Minty Spire (QoL Compilation)","Rare Cards Sparkle","StSLib"],"gold_per_floor":[110,285,285,360,373,402,247,547,547,622,655,675,675,690,690,791,791,803,713,179,189,189,215,8,8,8,33,48,65,65,85,85,187,187,201,201,221,71,86,86,117,117,117,117,137,137,162,162,162,162],"floor_reached":51,"language":"KOR","playtime":2177,"items_purged":["Strike_R","Strike_R","Strike_R","Sever Soul+1"],"score":1101,"play_id":"9a4a0142-43ba-4af7-a012-7f82967a5e6e","local_time":"20210131133801","is_ascension_mode":true,"campfire_choices":[{"floor":13.0,"key":"REST"},{"floor":15.0,"key":"REST"},{"floor":25.0,"key":"REST"},{"data":"Armaments","floor":30.0,"key":"SMITH"},{"data":"Body Slam","floor":32.0,"key":"SMITH"},{"data":"Limit Break","floor":40.0,"key":"SMITH"},{"floor":42.0,"key":"REST"},{"data":"Fire Breathing","floor":49,"key":"SMITH"}],"circlet_count":0,"master_deck":["Defend_R","Defend_R","Defend_R","Bash","Second Wind+1","Reckless Charge+1","Inflame","Armaments+1","Power Through","Immolate","Fire Breathing+1","Body Slam+1","Panacea","Wild Strike","Clash+1","Dark Embrace+1","Thunderclap","Body Slam+1","Disarm","Limit Break+1","Blood for Blood+1","Armaments+1","Headbutt+1","Evolve+1","Sentinel+1","Writhe"],"relics":["Burning Blood","NeowsBlessing","Shuriken","Old Coin","Matryoshka","Bronze Scales","Runic Pyramid","Frozen Egg 2","Happy Flower","Sundial","Incense Burner","Toy Ornithopter","Letter Opener","Paper Frog","Astrolabe","Whetstone","Turnip","Ancient Tea Set"],"acts_visited":["Exordium","TheCity","TheBeyond"],"potions_floor_usage":[],"damage_taken":[{"damage":0.0,"enemies":"Small Slimes","floor":1.0,"turns":1.0},{"damage":0.0,"enemies":"Jaw Worm","floor":5.0,"turns":1.0},{"damage":0.0,"enemies":"Lagavulin","floor":6.0,"turns":1.0},{"damage":59.0,"enemies":"3 Sentries","floor":11.0,"turns":9.0},{"damage":8.0,"enemies":"Cultist","floor":12.0,"turns":4.0},{"damage":8.0,"enemies":"Red Slaver","floor":14.0,"turns":3.0},{"damage":34.0,"enemies":"The Guardian","floor":16.0,"turns":10.0},{"damage":12.0,"enemies":"Spheric Guardian","floor":18.0,"turns":5.0},{"damage":5.0,"enemies":"3 Byrds","floor":21.0,"turns":3.0},{"damage":34.0,"enemies":"Slavers","floor":23.0,"turns":5.0},{"damage":0.0,"enemies":"Gremlin Leader","floor":27.0,"turns":5.0},{"damage":15.0,"enemies":"Snake Plant","floor":28.0,"turns":5.0},{"damage":0.0,"enemies":"Centurion and Healer","floor":29.0,"turns":5.0},{"damage":10.0,"enemies":"Sentry and Sphere","floor":31.0,"turns":5.0},{"damage":5.0,"enemies":"Champ","floor":33.0,"turns":7.0},{"damage":5.0,"enemies":"3 Shapes","floor":35.0,"turns":4.0},{"damage":16.0,"enemies":"3 Darklings","floor":37.0,"turns":6.0},{"damage":30.0,"enemies":"Transient","floor":39.0,"turns":5.0},{"damage":59.0,"enemies":"Nemesis","floor":41.0,"turns":3.0},{"damage":15.0,"enemies":"Jaw Worm Horde","floor":45.0,"turns":3.0},{"damage":0,"enemies":"Giant Head","floor":47,"turns":7},{"damage":91,"enemies":"Donu and Deca","floor":50,"turns":9}],"seed_played":"7872747051539227944","potions_obtained":[{"floor":1.0,"key":"SpeedPotion"},{"floor":11.0,"key":"LiquidBronze"},{"floor":12.0,"key":"Energy Potion"},{"floor":28.0,"key":"Energy Potion"},{"floor":29.0,"key":"FearPotion"},{"floor":41.0,"key":"SpeedPotion"},{"floor":47,"key":"FearPotion"}],"is_trial":false,"path_per_floor":["M","?","?","?","M","E","$","?","T","?","E","M","R","M","R","B",null,"M","?","$","M","T","E","$","R","T","E","M","M","R","M","R","B",null,"M","?","M","$","M","R","E","R","T","?","M","?","E","?","R","B",null],"character_chosen":"IRONCLAD","items_purchased":["Inflame","Fire Breathing","Frozen Egg 2","Body Slam","Panacea","Dark Embrace+1"],"campfire_rested":4,"item_purchase_floors":[7,20,20,20,20,24],"current_hp_per_floor":[80,80,73,62,68,74,74,74,74,66,13,11,35,33,57,29,67,61,61,61,62,62,34,34,58,58,64,55,61,61,57,57,58,75,80,80,79,79,55,55,12,38,38,38,29,51,61,102,102,17],"gold":162,"neow_bonus":"THREE_ENEMY_KILL","is_daily":false,"chose_seed":false,"campfire_upgraded":4,"win_rate":0.0,"timestamp":1612067881,"path_taken":["M","?","?","?","M","E","$","?","T","?","E","M","R","M","R","BOSS","M","?","$","?","?","E","$","R","T","E","M","?","R","M","R","BOSS","M","?","?","$","M","R","E","R","T","?","M","?","E","?","R","BOSS"],"items_purchased_type":["Card","Card","Relic","Card","Card","Card"],"build_version":"2020-12-22","purchased_purges":4,"victory":true,"max_hp_per_floor":[80,80,80,80,80,80,80,80,80,80,80,80,80,80,80,80,80,80,80,80,80,80,80,80,80,80,80,80,80,80,80,80,80,80,84,84,88,88,88,88,88,88,88,88,88,88,92,102,102,102],"card_choices":[{"not_picked":["Flex","Wild Strike"],"picked":"Second Wind","floor":1.0},{"not_picked":["Iron Wave","Perfected Strike","Warcry"],"picked":"SKIP","floor":5.0},{"not_picked":["Havoc","Perfected Strike"],"picked":"Reckless Charge","floor":6.0},{"not_picked":["Twin Strike","Infernal Blade"],"picked":"Armaments","floor":11.0},{"not_picked":["Searing Blow","Warcry","Wild Strike"],"picked":"SKIP","floor":12.0},{"not_picked":["Impervious","Thunderclap"],"picked":"Power Through","floor":14.0},{"not_picked":["Brutality","Double Tap"],"picked":"Immolate","floor":16.0},{"not_picked":["Shockwave","Seeing Red","Whirlwind"],"picked":"SKIP","floor":18.0},{"not_picked":["Warcry","Clothesline"],"picked":"Wild Strike","floor":21.0},{"not_picked":["Metallicize+1","Inflame+1"],"picked":"Clash","floor":23.0},{"not_picked":["Entrench+1","Uppercut"],"picked":"Thunderclap","floor":27.0},{"not_picked":["Battle Trance","Armaments","Thunderclap"],"picked":"SKIP","floor":28.0},{"not_picked":["True Grit","Bloodletting"],"picked":"Body Slam+1","floor":29.0},{"not_picked":["Clash+1","Double Tap"],"picked":"Disarm","floor":31.0},{"not_picked":["Reaper","Corruption+1"],"picked":"Limit Break","floor":33.0},{"not_picked":["Clash","Warcry","Whirlwind"],"picked":"SKIP","floor":35.0},{"not_picked":["Headbutt+1","Clash","Twin Strike"],"picked":"SKIP","floor":37.0},{"not_picked":["Clash","Twin Strike"],"picked":"Headbutt+1","floor":37.0},{"not_picked":["Anger+1","Wild Strike+1"],"picked":"Evolve+1","floor":39.0},{"not_picked":["Pummel","Shrug It Off"],"picked":"Sentinel+1","floor":41.0},{"not_picked":["Havoc","Rampage","Blood for Blood+1"],"picked":"SKIP","floor":45.0},{"not_picked":["Evolve+1","Carnage+1","Warcry"],"picked":"SKIP","floor":47}],"player_experience":495269,"relics_obtained":[{"floor":6.0,"key":"Shuriken"},{"floor":9.0,"key":"Matryoshka"},{"floor":11.0,"key":"Bronze Scales"},{"floor":22.0,"key":"Happy Flower"},{"floor":22.0,"key":"Sundial"},{"floor":23.0,"key":"Incense Burner"},{"floor":26.0,"key":"Toy Ornithopter"},{"floor":26.0,"key":"Letter Opener"},{"floor":27.0,"key":"Paper Frog"},{"floor":41.0,"key":"Whetstone"},{"floor":43.0,"key":"Turnip"},{"floor":47,"key":"Ancient Tea Set"}],"event_choices":[{"damage_healed":0.0,"max_hp_gain":0.0,"max_hp_loss":0.0,"gold_gain":175.0,"event_name":"Liars Game","player_choice":"AGREE","floor":2.0,"gold_loss":0.0,"damage_taken":0.0,"cards_obtained":["Doubt"]},{"cards_removed":["Doubt"],"damage_healed":0.0,"max_hp_gain":0.0,"max_hp_loss":0.0,"gold_gain":0.0,"event_name":"Golden Wing","player_choice":"Card Removal","floor":3.0,"gold_loss":0.0,"damage_taken":7.0},{"damage_healed":0.0,"max_hp_gain":0.0,"max_hp_loss":0.0,"gold_gain":75.0,"event_name":"World of Goop","player_choice":"Gather Gold","floor":4.0,"gold_loss":0.0,"damage_taken":11.0},{"damage_healed":0.0,"max_hp_gain":0.0,"max_hp_loss":0.0,"gold_gain":0.0,"event_name":"Big Fish","player_choice":"Box","floor":8.0,"gold_loss":0.0,"damage_taken":0.0,"relics_obtained":["Old Coin"],"cards_obtained":["Regret"]},{"damage_healed":0.0,"max_hp_gain":0.0,"max_hp_loss":0.0,"gold_gain":75.0,"event_name":"FaceTrader","player_choice":"Touch","floor":10.0,"gold_loss":0.0,"damage_taken":8.0},{"cards_removed":["Regret"],"damage_healed":0.0,"max_hp_gain":0.0,"max_hp_loss":0.0,"gold_gain":0.0,"event_name":"Designer","player_choice":"Upgrade and Remove","floor":19.0,"gold_loss":90.0,"damage_taken":0.0,"cards_upgraded":["Second Wind"]},{"damage_healed":0.0,"max_hp_gain":0.0,"max_hp_loss":0.0,"gold_gain":0.0,"event_name":"Duplicator","player_choice":"Copied","floor":36.0,"gold_loss":0.0,"damage_taken":0.0,"cards_obtained":["Armaments"]},{"damage_healed":0.0,"max_hp_gain":0.0,"max_hp_loss":0.0,"gold_gain":0.0,"event_name":"Mysterious Sphere","player_choice":"Ignored","floor":44.0,"gold_loss":0.0,"damage_taken":0.0},{"damage_healed":22.0,"max_hp_gain":0.0,"max_hp_loss":0.0,"gold_gain":0.0,"event_name":"Winding Halls","player_choice":"Writhe","floor":46.0,"gold_loss":0.0,"damage_taken":0.0,"cards_obtained":["Writhe"]},{"cards_removed":["Feed"],"damage_healed":31,"gold_gain":0,"player_choice":"Offered Rare","damage_taken":0,"max_hp_gain":10,"max_hp_loss":0,"event_name":"Bonfire Elementals","floor":48,"gold_loss":0}],"is_beta":false,"boss_relics":[{"not_picked":["SacredBark","Velvet Choker"],"picked":"Runic Pyramid"},{"not_picked":["Snecko Eye","Black Star"],"picked":"Astrolabe"}],"items_purged_floors":[7,20,24,38],"is_endless":false,"potions_floor_spawned":[1,11,12,28,29,31,41,47],"ascension_level":5}}