{"host":"94aus4jnk6thj94q","time":1612081346,"event":{"mods":["BaseMod","Minty Spire (QoL Compilation)","Quick Restart","StSLib"],"gold_per_floor":[110,110,123,137,17,48,48,66,142,160,120,120,120,131,131,229,279,297,297,309,234,234,234],"floor_reached":22,"language":"ENG","playtime":2405,"items_purged":[],"score":188,"play_id":"4e695fe4-59e4-40ff-8845-791c3202bfef","local_time":"20210131102226","is_ascension_mode":false,"campfire_choices":[{"floor":13,"key":"REST"},{"floor":15,"key":"REST"}],"circlet_count":0,"master_deck":["Strike_G","Strike_G","Strike_G","Strike_G","Defend_G","Defend_G+1","Defend_G","Defend_G","Defend_G","Survivor","Neutralize+1","Outmaneuver","Cloak And Dagger","Noxious Fumes","Accuracy+1","Poisoned Stab","Noxious Fumes","All Out Attack","Catalyst","Footwork+1","Backstab","Venomology","Infinite Blades+1","Dash"],"relics":["Ring of the Snake","NeowsBlessing","StoneCalendar","Frozen Egg 2","Tiny House"],"acts_visited":["Exordium","TheCity"],"potions_floor_usage":[8,14,16,16,18,19,19,22,22],"damage_taken":[{"damage":0,"enemies":"Small Slimes","floor":1,"turns":1},{"damage":0,"enemies":"Cultist","floor":3,"turns":1},{"damage":0,"enemies":"2 Louse","floor":4,"turns":1},{"damage":20,"enemies":"Lagavulin","floor":6,"turns":7},{"damage":0,"enemies":"Looter","floor":8,"turns":4},{"damage":3,"enemies":"2 Fungi Beasts","floor":10,"turns":4},{"damage":12,"enemies":"3 Louse","floor":14,"turns":3},{"damage":14,"enemies":"The Guardian","floor":16,"turns":7},{"damage":25,"enemies":"Shell Parasite","floor":18,"turns":6},{"damage":2,"enemies":"Chosen","floor":19,"turns":4},{"damage":25,"enemies":"Sentry and Sphere","floor":20,"turns":7},{"damage":28,"enemies":"Snecko","floor":22,"turns":5}],"seed_played":"-1972301176695563246","potions_obtained":[{"floor":3,"key":"SpeedPotion"},{"floor":6,"key":"AttackPotion"},{"floor":10,"key":"BlessingOfTheForge"},{"floor":14,"key":"BlessingOfTheForge"},{"floor":17,"key":"Fire Potion"},{"floor":18,"key":"Poison Potion"},{"floor":20,"key":"EssenceOfSteel"}],"is_trial":false,"path_per_floor":["M","?","M","M","$","E","?","M","T","M","$","?","R","M","R","B",null,"M","M","M","?","M"],"character_chosen":"THE_SILENT","items_purchased":["Accuracy","Poisoned Stab","Footwork+1"],"campfire_rested":2,"item_purchase_floors":[5,5,11],"current_hp_per_floor":[70,70,70,70,70,50,50,50,50,47,47,47,68,56,70,56,75,50,48,23,23,23,23],"gold":234,"neow_bonus":"THREE_ENEMY_KILL","is_daily":false,"chose_seed":false,"campfire_upgraded":0,"win_rate":0.0,"timestamp":1612081346,"path_taken":["M","?","?","M","?","E","?","M","T","M","$","?","R","M","R","BOSS","M","M","M","?","M"],"items_purchased_type":["Card","Card","Card"],"build_version":"2020-12-22","purchased_purges":0,"victory":false,"max_hp_per_floor":[70,70,70,70,70,70,70,70,70,70,70,70,70,70,70,70,75,75,75,75,75,75,75],"card_choices":[{"not_picked":["Heel Hook","PiercingWail"],"picked":"Outmaneuver","floor":1},{"not_picked":["Infinite Blades","Dodge and Roll"],"picked":"Cloak And Dagger","floor":3},{"not_picked":["Prepared","Blade Dance"],"picked":"Noxious Fumes","floor":4},{"not_picked":["Crippling Poison","Flying Knee"],"picked":"Noxious Fumes","floor":6},{"not_picked":["Slice","Deadly Poison"],"picked":"All Out Attack","floor":8},{"not_picked":["Masterful Stab","Flechettes"],"picked":"Catalyst","floor":10},{"not_picked":["Acrobatics","Underhanded Strike"],"picked":"Backstab","floor":14},{"not_picked":["Die Die Die","Glass Knife"],"picked":"Venomology","floor":16},{"not_picked":["Blur","Outmaneuver"],"picked":"Infinite Blades+1","floor":17},{"not_picked":["Outmaneuver","Backflip"],"picked":"Dash","floor":18},{"not_picked":["Choke","Outmaneuver","Distraction"],"picked":"SKIP","floor":20}],"player_experience":6037313,"relics_obtained":[{"floor":6,"key":"StoneCalendar"},{"floor":9,"key":"Frozen Egg 2"}],"event_choices":[{"damage_healed":0,"gold_gain":0,"player_choice":"Forge","damage_taken":0,"max_hp_gain":0,"max_hp_loss":0,"event_name":"Accursed Blacksmith","floor":2,"gold_loss":0,"cards_upgraded":["Neutralize"]},{"damage_healed":0,"gold_gain":0,"player_choice":"Grow","damage_taken":0,"max_hp_gain":0,"max_hp_loss":0,"event_name":"Living Wall","floor":7,"gold_loss":0,"cards_upgraded":["Accuracy"]},{"damage_healed":0,"gold_gain":0,"player_choice":"Ignored","damage_taken":0,"max_hp_gain":0,"max_hp_loss":0,"event_name":"Shining Light","floor":12,"gold_loss":0},{"cards_removed":["Strike_G"],"damage_healed":0,"gold_gain":0,"player_choice":"Gave Gold","damage_taken":0,"max_hp_gain":0,"max_hp_loss":0,"event_name":"Beggar","floor":21,"gold_loss":75}],"is_beta":false,"boss_relics":[{"not_picked":["Ectoplasm","Philosopher\u0027s Stone"],"picked":"Tiny House"}],"items_purged_floors":[],"is_endless":false,"potions_floor_spawned":[3,6,10,14,18,20],"killed_by":"Snecko","ascension_level":0}}