{"host":"76qcaerkv4ktjkdu","time":1612099957,"event":{"mods":["100% Spire Juice","ATMod(°¢èªMod)","Act Like it!","BaseMod","Minty Spire (QoL Compilation)","MostiFishMod","Reliquary","StSLib","¡¾ÒÅÎï¿¨ÅÆ¡¿REMEMod"],"gold_per_floor":[-1290,-1290,-1274,-1274,-1274,-1274,-644,-600,-577,-577,-577,-462,35,79,79,199,199,293,293,331,34,98,98,23,23,47,137,245,0,51,115,115,291,291,188,227,227,227,340,340,398,35,86,129,24,110,230,330,330,355,355,355,23,99,99,99],"floor_reached":55,"language":"ZHS","playtime":2614,"items_purged":["Night Terror","Moonworks:Strike","Parasite","Moonworks:Strike","Moonworks:Strike"],"score":839,"play_id":"eb32f67e-8947-4eca-9699-dea11bc3ad0b","local_time":"20210131213237","is_ascension_mode":false,"campfire_choices":[{"floor":6.0,"key":"RECALL"},{"floor":10.0,"key":"REST"},{"data":"AT_FamilyPortrait","floor":15.0,"key":"SMITH"},{"floor":23.0,"key":"REST"},{"data":"Moonworks:AwakeningOfTalent","floor":25.0,"key":"SMITH"},{"floor":32.0,"key":"REST"},{"data":"Moonworks:ReflectiveShell","floor":40.0,"key":"SMITH"},{"floor":49.0,"key":"REST"},{"data":"Moonworks:SubspaceTunnel","floor":52.0,"key":"SMITH"}],"circlet_count":0,"master_deck":["Moonworks:Strike","Moonworks:Defend","Moonworks:Defend","Moonworks:Defend","Moonworks:Defend","Moonworks:Ambush","Moonworks:LongDistanceShot","AT_FamilyPortrait+1","Moonworks:IndiscriminateFireSupport","Moonworks:BigBangBell","Moonworks:EvilSpyWorkPreparation","Moonworks:JonathanRush","Moonworks:AwakeningOfTalent+1","Moonworks:EvilMastermind","Moonworks:LulusLuckyEgg","Moonworks:WeAreWaruda","Moonworks:BigBangBell+1","Moonworks:DevilHand+1","Moonworks:ReflectiveShell+1","Moonworks:Dash+1","Moonworks:ImmovableObject+1","Moonworks:WeAreWaruda","Moonworks:SubspaceTunnel+1","Moonworks:x16BigRocket+1","Moonworks:BindingChains","Moonworks:DeployBits+1","Moonworks:CookingTime","Moonworks:SakisCookie+1","Moonworks:ExtendedPhotonRifle+1","Moonworks:SelfDestruct+1","Moonworks:BackdoorTrade+1","Moonworks:SweetBattle"],"relics":["Moonworks:BrokenBomb","Moonworks:Homemark","AT_ATBox","DaveBox","REME_ComplimentaryCards","SynthV:MejaisSoulstealer","SynthV:TestCard","Bronze Scales","AT_MibuBalloonWealth","reliquary:TatteredRug","xbg","Bottled Flame","Dream Catcher","TungstenRod","REME_DuelDisc","REME_LimitBreaker","reliquary:PurpleTingedLeaf","AT_SilvercatRing","Orichalcum","Technique","Boot"],"acts_visited":["Exordium","TheCity","TheBeyond","TheEnding"],"potions_floor_usage":[],"damage_taken":[{"damage":0.0,"enemies":"2 Louse","floor":1.0,"turns":2.0},{"damage":0.0,"enemies":"Cultist","floor":3.0,"turns":1.0},{"damage":36.0,"enemies":"Lagavulin","floor":7.0,"turns":5.0},{"damage":0.0,"enemies":"Jaw Worm","floor":8.0,"turns":2.0},{"damage":10.0,"enemies":"Looter","floor":13.0,"turns":3.0},{"damage":0.0,"enemies":"Blue Slaver","floor":14.0,"turns":1.0},{"damage":18.0,"enemies":"Hexaghost","floor":16.0,"turns":8.0},{"damage":13.0,"enemies":"3 Byrds","floor":18.0,"turns":3.0},{"damage":12.0,"enemies":"Shell Parasite","floor":20.0,"turns":5.0},{"damage":9.0,"enemies":"Shelled Parasite and Fungi","floor":21.0,"turns":3.0},{"damage":16.0,"enemies":"Centurion and Healer","floor":22.0,"turns":3.0},{"damage":0.0,"enemies":"3 Cultists","floor":27.0,"turns":3.0},{"damage":0.0,"enemies":"Gremlin Leader","floor":28.0,"turns":2.0},{"damage":37.0,"enemies":"REME_1_Revenger","floor":30.0,"turns":5.0},{"damage":0.0,"enemies":"Chosen and Byrds","floor":31.0,"turns":4.0},{"damage":2.0,"enemies":"Collector","floor":33.0,"turns":6.0},{"damage":0.0,"enemies":"3 Darklings","floor":35.0,"turns":1.0},{"damage":6.0,"enemies":"Orb Walker","floor":36.0,"turns":3.0},{"damage":24.0,"enemies":"4 Shapes","floor":39.0,"turns":1.0},{"damage":0.0,"enemies":"Giant Head","floor":41.0,"turns":9.0},{"damage":10.0,"enemies":"Writhing Mass","floor":44.0,"turns":5.0},{"damage":0.0,"enemies":"Jaw Worm Horde","floor":46.0,"turns":4.0},{"damage":6.0,"enemies":"4 Shapes","floor":47.0,"turns":2.0},{"damage":57.0,"enemies":"Time Eater","floor":50.0,"turns":12.0},{"damage":33,"enemies":"Shield and Spear","floor":54,"turns":5},{"damage":52,"enemies":"The Heart","floor":55,"turns":6}],"seed_played":"-1584709090614230491","potions_obtained":[{"floor":7.0,"key":"Dexterity Potion"},{"floor":8.0,"key":"Ancient Potion"},{"floor":21.0,"key":"Energy Potion"},{"floor":22.0,"key":"FairyPotion"},{"floor":27.0,"key":"DuplicationPotion"},{"floor":36.0,"key":"Fruit Juice"},{"floor":44.0,"key":"Block Potion"}],"is_trial":false,"path_per_floor":["M","?","M","$","?","R","E","M","T","R","?","$","M","M","R","B",null,"M","?","M","M","M","R","$","R","T","M","E","$","E","M","R","B",null,"M","M","?","?","M","R","E","$","T","M","$","M","M","?","R","B",null,"R","$","E","B"],"character_chosen":"THE_STARBREAKER","items_purchased":["Dream Catcher","AT_SilvercatRing","Technique"],"campfire_rested":4,"item_purchase_floors":[29,42,53],"current_hp_per_floor":[66,66,66,66,54,54,18,18,18,37,53,53,43,43,43,25,66,53,53,41,32,16,35,35,35,35,35,35,35,19,19,38,36,66,66,65,65,65,41,41,41,41,41,37,37,47,44,44,64,13,68,68,68,38,0,0],"gold":99,"neow_bonus":"TEN_PERCENT_HP_BONUS","is_daily":false,"chose_seed":false,"campfire_upgraded":4,"win_rate":0.0,"timestamp":1612099957,"path_taken":["M","?","?","$","?","R","E","M","T","R","?","?","M","M","R","BOSS","M","?","M","?","M","R","$","R","T","M","E","$","E","M","R","BOSS","M","M","?","?","M","R","E","$","T","M","$","M","?","?","R","BOSS","R","$","E","BOSS"],"items_purchased_type":["Relic","Relic","Relic"],"build_version":"2020-12-22","purchased_purges":5,"victory":false,"max_hp_per_floor":[66,66,66,66,66,66,66,66,66,66,66,66,66,66,66,66,66,66,66,66,66,66,66,66,66,66,66,66,66,66,66,66,66,66,66,71,71,71,71,71,71,68,68,68,68,68,68,68,68,68,68,68,68,68,68,68],"card_choices":[{"not_picked":["Moonworks:Assault","Moonworks:LulusLuckyEgg","Moonworks:StiffCrystal"],"picked":"SKIP","floor":1.0},{"not_picked":["Moonworks:Assault","Moonworks:TreasureThief","Moonworks:LulusLuckyEgg","Moonworks:JonathanRush"],"picked":"Moonworks:IndiscriminateFireSupport","floor":3.0},{"not_picked":["Moonworks:RagingMadness","Moonworks:FinalSurgery","Moonworks:Flamethrower","Moonworks:JonathanRush"],"picked":"Moonworks:BigBangBell","floor":7.0},{"not_picked":["Moonworks:UnpaidWork","Moonworks:Poppoformation","Moonworks:Bloodlust","Moonworks:IndiscriminateFireSupport"],"picked":"Moonworks:EvilSpyWorkPreparation","floor":8.0},{"not_picked":["Moonworks:UnluckyCharm","Moonworks:LulusLuckyEgg","Moonworks:Gamble","Moonworks:SakisCookie"],"picked":"Moonworks:JonathanRush","floor":13.0},{"not_picked":["Moonworks:EvilSpyWorkPreparation","Moonworks:ForcedRevival","Moonworks:DeployBits","Moonworks:ImOnFire"],"picked":"Moonworks:AwakeningOfTalent","floor":14.0},{"not_picked":["Moonworks:AnotherUltimateWeapon","Moonworks:Blazing","Moonworks:Wanted","Moonworks:AccelHyper"],"picked":"Moonworks:EvilMastermind","floor":16.0},{"not_picked":["Moonworks:MiracleWalker","Moonworks:ImOnFire","Moonworks:WindyEnchantment","Moonworks:DeployBits+1"],"picked":"Moonworks:LulusLuckyEgg","floor":18.0},{"not_picked":["Moonworks:UnpaidWork","Moonworks:LulusLuckyEgg+1","Moonworks:ImOnFire","Moonworks:IndiscriminateFireSupport","Moonworks:Assault"],"picked":"SKIP","floor":20.0},{"not_picked":["Moonworks:RagingMadness","Moonworks:TreasureThief","Moonworks:FullSpeedAlicianrone","Moonworks:ForcedRevival"],"picked":"Moonworks:BigBangBell+1","floor":21.0},{"not_picked":["Moonworks:ImOnFire","Moonworks:MiracleWalker","Moonworks:Flamethrower","Moonworks:BigMagnum","Moonworks:Bloodlust+1"],"picked":"SKIP","floor":22.0},{"not_picked":["Moonworks:FullSpeedAlicianrone","Moonworks:LulusLuckyEgg+1","Moonworks:JonathanRush","Moonworks:DeployBits+1"],"picked":"Moonworks:DevilHand+1","floor":27.0},{"not_picked":["Moonworks:ImOnFire+1","Moonworks:JonathanRush+1","Moonworks:CloudOfSeagulls","Moonworks:SakisCookie"],"picked":"Moonworks:ReflectiveShell","floor":28.0},{"not_picked":["Moonworks:NicePresent+1","Moonworks:WindyEnchantment","Moonworks:EvilSpyWorkPreparation+1","Moonworks:FinalSurgery+1"],"picked":"Moonworks:Dash","floor":30.0},{"not_picked":["Moonworks:RagingMadness+1","Moonworks:NicePresent","Moonworks:SakisCookie","Moonworks:CloudOfSeagulls"],"picked":"Moonworks:ImmovableObject","floor":31.0},{"not_picked":["Moonworks:LulusLuckyEgg","Moonworks:JonathanRush","Moonworks:ImOnFire","Moonworks:ImmovableObject"],"picked":"Moonworks:WeAreWaruda","floor":32.0},{"not_picked":["Moonworks:HolyNight","Moonworks:WeAreWaruda","Moonworks:LeapThroughSpace","Moonworks:Blazing"],"picked":"Moonworks:SubspaceTunnel","floor":33.0},{"not_picked":["Moonworks:ForcedRevival+1","Moonworks:ExtendedPhotonRifle","Moonworks:JonathanRush","Moonworks:Bloodlust+1"],"picked":"Moonworks:x16BigRocket","floor":35.0},{"not_picked":["Moonworks:LulusLuckyEgg+1","Moonworks:Flamethrower+1","Moonworks:ImOnFire+1","Moonworks:Poppoformation+1"],"picked":"Moonworks:BindingChains","floor":36.0},{"not_picked":["Moonworks:LulusLuckyEgg","Moonworks:Assault+1","Moonworks:JonathanRush+1","Moonworks:SweetBattle+1"],"picked":"Moonworks:DeployBits+1","floor":39.0},{"not_picked":["Moonworks:LeapThroughSpace","Moonworks:JonathanRush","Moonworks:TreasureThief","Moonworks:ScrambledEve"],"picked":"Moonworks:CookingTime","floor":41.0},{"not_picked":["Moonworks:DeployBits","Moonworks:BigMagnum+1","Moonworks:EvilSpyWorkPreparation+1","Moonworks:Assault"],"picked":"Moonworks:SakisCookie+1","floor":44.0},{"not_picked":["Moonworks:RocketCannon","Moonworks:SakisCookie","Moonworks:CloudOfSeagulls","Moonworks:DeployBits"],"picked":"Moonworks:ExtendedPhotonRifle+1","floor":46.0},{"not_picked":["Moonworks:Dash","Moonworks:ImOnFire","Moonworks:AngelHand+1","Moonworks:LulusLuckyEgg"],"picked":"Moonworks:SelfDestruct+1","floor":47.0},{"not_picked":["Moonworks:Blazing","Moonworks:ForcedRevival+1","Moonworks:DeployBits","Moonworks:MiracleRedBeanIceCream+1"],"picked":"Moonworks:BackdoorTrade+1","floor":49.0},{"not_picked":["Moonworks:BindingChains+1","Moonworks:CloudOfSeagulls+1","Moonworks:IndiscriminateFireSupport+1","Moonworks:DeployBits"],"picked":"Moonworks:SweetBattle","floor":54}],"player_experience":75540,"relics_obtained":[{"floor":1.0,"key":"SynthV:TestCard"},{"floor":7.0,"key":"AT_MibuBalloonWealth"},{"floor":9.0,"key":"reliquary:TatteredRug"},{"floor":28.0,"key":"Bottled Flame"},{"floor":30.0,"key":"TungstenRod"},{"floor":41.0,"key":"reliquary:PurpleTingedLeaf"},{"floor":43.0,"key":"Orichalcum"},{"floor":54,"key":"Boot"}],"event_choices":[{"damage_healed":0.0,"max_hp_gain":0.0,"max_hp_loss":0.0,"gold_gain":0.0,"event_name":"NoteForYourself","player_choice":"Ignored","floor":2.0,"gold_loss":0.0,"damage_taken":0.0},{"damage_healed":0.0,"max_hp_gain":0.0,"max_hp_loss":0.0,"gold_gain":0.0,"event_name":"Scrap Ooze","player_choice":"Success","floor":5.0,"gold_loss":0.0,"damage_taken":12.0,"relics_obtained":["Bronze Scales"]},{"damage_healed":16.0,"max_hp_gain":0.0,"max_hp_loss":0.0,"gold_gain":0.0,"event_name":"Mushrooms","player_choice":"Healed and dodged fight","floor":11.0,"gold_loss":0.0,"damage_taken":0.0,"cards_obtained":["Parasite"]},{"damage_healed":0.0,"max_hp_gain":0.0,"max_hp_loss":0.0,"gold_gain":0.0,"event_name":"Match and Keep!","player_choice":"1 cards matched","floor":19.0,"gold_loss":0.0,"damage_taken":0.0,"cards_obtained":["Moonworks:WeAreWaruda"]},{"damage_healed":0.0,"max_hp_gain":0.0,"max_hp_loss":0.0,"gold_gain":0.0,"event_name":"Tomb of Lord Red Mask","player_choice":"Ignored","floor":37.0,"gold_loss":0.0,"damage_taken":0.0},{"damage_healed":0.0,"max_hp_gain":0.0,"max_hp_loss":0.0,"gold_gain":0.0,"event_name":"WeMeetAgain","player_choice":"Gave Potion","floor":38.0,"gold_loss":0.0,"damage_taken":0.0,"relics_obtained":["REME_LimitBreaker"]},{"damage_healed":0.0,"max_hp_gain":0.0,"max_hp_loss":0.0,"gold_gain":100.0,"event_name":"Golden Shrine","player_choice":"Pray","floor":48.0,"gold_loss":0.0,"damage_taken":0.0}],"is_beta":false,"boss_relics":[{"not_picked":["Astrolabe","Transparent"],"picked":"xbg"},{"not_picked":["NightmareShop","Tiny House"],"picked":"REME_DuelDisc"}],"items_purged_floors":[24,29,42,45,53],"is_endless":false,"potions_floor_spawned":[7,8,21,22,27,28,36,44],"killed_by":"The Heart","ascension_level":0}}