{"host":"6q94iy5iz6612v89","time":1612110179,"event":{"mods":["2.2 Compatiblity","AchievementEnabler","BaseMod","Colored Map","DeckTracker","Keyboard Shortcuts","Minty Spire (QoL Compilation)","Permanent Neow","StSLib","SuperFastMode"],"gold_per_floor":[16,16,29,44,69,100,100,100,100],"floor_reached":8,"language":"KOR","playtime":230,"items_purged":[],"score":116,"play_id":"4d676890-0d9a-4610-850f-5436d711f827","local_time":"20210201012259","is_ascension_mode":true,"campfire_choices":[{"floor":7,"key":"REST"}],"circlet_count":0,"master_deck":["AscendersBane","Strike_P","Strike_P","Strike_P","Defend_P","Defend_P+1","Defend_P","Eruption","Vigilance+1","FollowUp","Wallop"],"relics":["PureWater","Golden Idol","War Paint"],"acts_visited":["Exordium"],"potions_floor_usage":[],"damage_taken":[{"damage":0,"enemies":"2 Louse","floor":1,"turns":2},{"damage":0,"enemies":"Small Slimes","floor":3,"turns":4},{"damage":2,"enemies":"Jaw Worm","floor":4,"turns":5},{"damage":1,"enemies":"Large Slime","floor":5,"turns":6},{"damage":56,"enemies":"Lagavulin","floor":6,"turns":5},{"damage":22,"enemies":"3 Sentries","floor":8,"turns":4}],"seed_played":"-436443910458511905","potions_obtained":[],"is_trial":false,"path_per_floor":["M","?","M","M","M","E","R","E"],"character_chosen":"WATCHER","items_purchased":[],"campfire_rested":1,"item_purchase_floors":[],"current_hp_per_floor":[61,61,61,59,58,2,20,0,0],"gold":100,"neow_bonus":"REMOVE_TWO","is_daily":false,"chose_seed":false,"campfire_upgraded":0,"win_rate":0.0,"timestamp":1612110179,"path_taken":["M","?","M","M","M","E","R","E"],"items_purchased_type":[],"build_version":"2020-12-22","purchased_purges":0,"victory":false,"max_hp_per_floor":[68,62,62,62,62,62,62,62,62],"card_choices":[{"not_picked":["Protect","BowlingBash"],"picked":"FollowUp","floor":1},{"not_picked":["Halt","Evaluate"],"picked":"Wallop","floor":3},{"not_picked":["SashWhip","FlyingSleeves","WreathOfFlame"],"picked":"SKIP","floor":4},{"not_picked":["SashWhip","FlyingSleeves","WreathOfFlame"],"picked":"SKIP","floor":4},{"not_picked":["EmptyBody","Meditate","SpiritShield"],"picked":"SKIP","floor":5},{"not_picked":["JustLucky","Crescendo","CarveReality"],"picked":"SKIP","floor":6}],"player_experience":1447896,"relics_obtained":[{"floor":6,"key":"War Paint"}],"event_choices":[{"damage_healed":0,"gold_gain":0,"player_choice":"Lose Max HP","damage_taken":0,"relics_obtained":["Golden Idol"],"max_hp_gain":0,"max_hp_loss":6,"event_name":"Golden Idol","floor":2,"gold_loss":0}],"is_beta":false,"boss_relics":[],"items_purged_floors":[],"is_endless":false,"potions_floor_spawned":[],"killed_by":"3 Sentries","ascension_level":20}}