{"host":"fxrgx7wt2cpkbhka","time":1612075026,"event":{"mods":["AchievementEnabler","BaseMod","Colored Powertips","Minty Spire (QoL Compilation)","Permanent Neow","Quick Restart","Slay-I","StSLib","Waifu the Spire"],"gold_per_floor":[113,113,38,38,55,89,89,108,108,108,124,181,81,98,98,98,98],"floor_reached":16,"language":"ENG","playtime":704,"items_purged":["Strike_R","Strike_R"],"score":165,"play_id":"00d3069b-3e0d-46ac-8327-9b270f622f0a","local_time":"20210130223706","is_ascension_mode":true,"campfire_choices":[{"data":"Rampage","floor":7,"key":"SMITH"},{"data":"Headbutt","floor":10,"key":"SMITH"},{"floor":15,"key":"REST"}],"circlet_count":0,"master_deck":["AscendersBane","Strike_R","Strike_R","Strike_R+1","Defend_R","Defend_R+1","Defend_R","Defend_R","Bash","Rampage+1","Clash","Headbutt+1","Carnage"],"relics":["Burning Blood","Bottled Flame","White Beast Statue","Blood Vial"],"acts_visited":["Exordium"],"potions_floor_usage":[12,12,12,16,16],"damage_taken":[{"damage":4,"enemies":"2 Louse","floor":1,"turns":3},{"damage":0,"enemies":"Small Slimes","floor":5,"turns":4},{"damage":47,"enemies":"3 Sentries","floor":6,"turns":10},{"damage":0,"enemies":"Cultist","floor":8,"turns":2},{"damage":7,"enemies":"Large Slime","floor":11,"turns":4},{"damage":18,"enemies":"Gremlin Nob","floor":12,"turns":4},{"damage":12,"enemies":"Exordium Wildlife","floor":14,"turns":3},{"damage":56,"enemies":"Hexaghost","floor":16,"turns":11}],"seed_played":"3199571449792446294","potions_obtained":[{"floor":4,"key":"HeartOfIron"},{"floor":4,"key":"EntropicBrew"},{"floor":12,"key":"BloodPotion"},{"floor":14,"key":"Block Potion"}],"is_trial":false,"path_per_floor":["M","?","$","?","M","E","R","M","T","R","M","?","$","M","R","B"],"character_chosen":"IRONCLAD","items_purchased":[],"campfire_rested":1,"item_purchase_floors":[],"current_hp_per_floor":[74,58,58,58,64,23,23,29,29,29,28,16,16,12,36,0,0],"gold":98,"neow_bonus":"THREE_CARDS","is_daily":false,"chose_seed":false,"campfire_upgraded":2,"win_rate":0.0,"timestamp":1612075026,"path_taken":["M","?","$","?","M","E","R","M","T","R","?","?","$","M","R","BOSS"],"items_purchased_type":[],"build_version":"2020-12-22","purchased_purges":2,"victory":false,"max_hp_per_floor":[80,80,80,80,80,80,80,80,80,80,80,80,80,80,80,80,80],"card_choices":[{"not_picked":["Clash","Headbutt"],"picked":"Rampage","floor":0},{"not_picked":["Warcry","Clothesline"],"picked":"Clash","floor":1},{"not_picked":["Rampage","Seeing Red"],"picked":"Headbutt","floor":5},{"not_picked":["Thunderclap","Pommel Strike","Twin Strike"],"picked":"SKIP","floor":6},{"not_picked":["Sword Boomerang","Second Wind","Thunderclap"],"picked":"SKIP","floor":8},{"not_picked":["Havoc","Armaments","Fire Breathing"],"picked":"SKIP","floor":11},{"not_picked":["Twin Strike","Sword Boomerang"],"picked":"Carnage","floor":14}],"player_experience":736942,"relics_obtained":[{"floor":6,"key":"Bottled Flame"},{"floor":9,"key":"White Beast Statue"},{"floor":12,"key":"Blood Vial"}],"event_choices":[{"damage_healed":0,"gold_gain":0,"player_choice":"Entered Light","damage_taken":16,"max_hp_gain":0,"max_hp_loss":0,"event_name":"Shining Light","floor":2,"gold_loss":0,"cards_upgraded":["Defend_R","Strike_R"]},{"damage_healed":0,"gold_gain":0,"player_choice":"Got Potions","damage_taken":0,"max_hp_gain":0,"max_hp_loss":0,"event_name":"Lab","floor":4,"gold_loss":0},{"damage_healed":0,"gold_gain":0,"player_choice":"Searched \u00271\u0027 times","damage_taken":0,"max_hp_gain":0,"max_hp_loss":0,"event_name":"Dead Adventurer","floor":12,"gold_loss":0}],"is_beta":false,"boss_relics":[],"items_purged_floors":[3,13],"is_endless":false,"potions_floor_spawned":[5,11,12,14],"killed_by":"Hexaghost","ascension_level":13}}