{"host":"4rvakrj1idbgia3f","time":1612085651,"event":{"mods":["BaseMod","Colored Map","Colored Powertips","DeckTracker","Highlight Path","Minty Spire (QoL Compilation)","Random Character Button","StSLib"],"gold_per_floor":[116,116,131,141,25,25,57,57,57,57,67,67,67,102,102,102,102],"floor_reached":16,"language":"JPN","playtime":436,"items_purged":["Strike_G"],"score":216,"play_id":"1d232d87-f69e-4d68-aca1-7b5924eaf34b","local_time":"20210131183411","is_ascension_mode":true,"campfire_choices":[{"data":"Noxious Fumes","floor":6,"key":"SMITH"},{"data":"Sucker Punch","floor":10,"key":"SMITH"},{"data":"Defend_G","floor":15,"key":"PURGE"}],"circlet_count":0,"master_deck":["AscendersBane","Strike_G","Strike_G","Defend_G","Defend_G","Defend_G","Survivor","Neutralize","Sucker Punch+1","Bane","Quick Slash","Predator","Backstab","Noxious Fumes+1","Backflip","Wraith Form v2"],"relics":["Ring of the Snake","Pear","Shuriken","Peace Pipe"],"acts_visited":["Exordium"],"potions_floor_usage":[14],"damage_taken":[{"damage":0,"enemies":"Cultist","floor":1,"turns":4},{"damage":0,"enemies":"2 Louse","floor":3,"turns":2},{"damage":0,"enemies":"Small Slimes","floor":4,"turns":4},{"damage":22,"enemies":"Lagavulin","floor":7,"turns":6},{"damage":4,"enemies":"Blue Slaver","floor":11,"turns":3},{"damage":6,"enemies":"Gremlin Nob","floor":14,"turns":3},{"damage":28,"enemies":"Hexaghost","floor":16,"turns":9}],"seed_played":"-7105016662727906140","potions_obtained":[{"floor":3,"key":"LiquidBronze"},{"floor":4,"key":"GamblersBrew"}],"is_trial":false,"path_per_floor":["M","$","M","M","$","R","E","?","T","R","M","?","$","E","R","B"],"character_chosen":"THE_SILENT","items_purchased":["Noxious Fumes"],"campfire_rested":0,"item_purchase_floors":[5],"current_hp_per_floor":[44,44,44,44,44,44,32,32,32,32,28,33,33,27,27,0,0],"gold":102,"neow_bonus":"TRANSFORM_TWO_CARDS","is_daily":false,"chose_seed":false,"campfire_upgraded":2,"win_rate":0.0,"timestamp":1612085651,"path_taken":["M","?","M","M","$","R","E","?","T","R","M","?","?","E","R","BOSS"],"items_purchased_type":["Card"],"build_version":"2020-12-22","purchased_purges":1,"victory":false,"max_hp_per_floor":[66,66,66,66,66,66,76,76,76,76,76,81,81,81,81,81,81],"card_choices":[{"not_picked":["Sucker Punch","PiercingWail"],"picked":"Quick Slash","floor":1},{"not_picked":["Acrobatics","Setup"],"picked":"Predator","floor":3},{"not_picked":["Slice","Flying Knee"],"picked":"Backstab","floor":4},{"not_picked":["Distraction","Caltrops","Choke"],"picked":"SKIP","floor":7},{"not_picked":["Setup","Terror"],"picked":"Backflip","floor":11},{"not_picked":["Underhanded Strike","All Out Attack"],"picked":"Wraith Form v2","floor":14}],"player_experience":2144595,"relics_obtained":[{"floor":7,"key":"Pear"},{"floor":9,"key":"Shuriken"},{"floor":14,"key":"Peace Pipe"}],"event_choices":[{"cards_removed":["Strike_G"],"damage_healed":0,"gold_gain":0,"player_choice":"Forget","damage_taken":0,"max_hp_gain":0,"max_hp_loss":0,"event_name":"Living Wall","floor":8,"gold_loss":0},{"damage_healed":0,"gold_gain":0,"player_choice":"Donut","damage_taken":0,"max_hp_gain":5,"max_hp_loss":0,"event_name":"Big Fish","floor":12,"gold_loss":0}],"is_beta":false,"boss_relics":[],"items_purged_floors":[5],"is_endless":false,"potions_floor_spawned":[3,4],"killed_by":"Hexaghost","ascension_level":20}}