{"host":"6p0attdrtjqaih7v","time":1612120780,"event":{"mods":["2.2 Compatiblity","AchievementEnabler","Bard","BaseMod","Better Skull","Better Third Choice","Colored Powertips","Downfall","Hermit","Highlight Path","Key Reminder","Minty Spire (QoL Compilation)","Permanent Neow","Quick Restart","Random Character Button","Relic Stats","Replay The Spire","Robot Space Explorer","StSLib","The Witch"],"gold_per_floor":[117,117,127,70,70,102,102,121,146,161,196,196,226,237,237,237,237],"floor_reached":16,"language":"ENG","playtime":606,"items_purged":[],"score":290,"play_id":"f8a4d628-7671-4a80-9556-ecf8eb11e3e7","local_time":"20210131141940","is_ascension_mode":true,"campfire_choices":[{"data":"RobotSpaceExplorer:MiniLasers","floor":7,"key":"SMITH"},{"data":"RobotSpaceExplorer:ImprovisedAttack","floor":12,"key":"SMITH"},{"data":"Pot Of Greed","floor":15,"key":"SMITH"},{"data":"Pot Of Greed","floor":15,"key":"SMITH"}],"circlet_count":0,"master_deck":["AscendersBane","RobotSpaceExplorer:Strike","RobotSpaceExplorer:Strike","RobotSpaceExplorer:Strike","RobotSpaceExplorer:Defend","RobotSpaceExplorer:Defend","RobotSpaceExplorer:Defend","RobotSpaceExplorer:Defend","RobotSpaceExplorer:Scan","RobotSpaceExplorer:MiniLasers+1","RobotSpaceExplorer:SurgingStrike","RobotSpaceExplorer:ShovelStrike","RobotSpaceExplorer:Blitz","RobotSpaceExplorer:JunkDive","Pot Of Greed+1","Pot Of Greed+1","RobotSpaceExplorer:Probe","RobotSpaceExplorer:ImprovisedAttack+1","RobotSpaceExplorer:MiniBoosters","RobotSpaceExplorer:Counterblock"],"relics":["RobotSpaceExplorer:RoboCore","Lantern","Bag of Preparation","Grinning Jar","Dream Catcher","Replay:Arrowhead"],"acts_visited":["Exordium"],"potions_floor_usage":[6,14,16],"damage_taken":[{"damage":4,"enemies":"Jaw Worm","floor":1,"turns":5},{"damage":2,"enemies":"2 Louse","floor":3,"turns":3},{"damage":4,"enemies":"Gremlin Nob","floor":6,"turns":3},{"damage":0,"enemies":"Cultist","floor":8,"turns":2},{"damage":0,"enemies":"Exordium Wildlife","floor":10,"turns":3},{"damage":0,"enemies":"3 Sentries","floor":11,"turns":6},{"damage":21,"enemies":"Lagavulin","floor":13,"turns":4},{"damage":2,"enemies":"3 Louse","floor":14,"turns":2},{"damage":56,"enemies":"Hexaghost","floor":16,"turns":11}],"seed_played":"3891477209205374360","potions_obtained":[{"floor":6,"key":"Regen Potion"},{"floor":8,"key":"Doom Potion"},{"floor":10,"key":"Block Potion"}],"is_trial":false,"path_per_floor":["M","?","M","$","?","E","R","M","T","M","E","R","E","M","R","B"],"character_chosen":"RobotSpaceExplorer","items_purchased":["RobotSpaceExplorer:RecyclePotion"],"campfire_rested":0,"item_purchase_floors":[4],"current_hp_per_floor":[60,53,51,51,71,67,67,67,67,67,67,67,46,44,44,0,0],"gold":237,"neow_bonus":"RANDOM_COMMON_RELIC","is_daily":false,"chose_seed":false,"campfire_upgraded":4,"win_rate":0.0,"timestamp":1612120780,"path_taken":["M","?","M","$","?","E","R","?","T","M","E","R","E","M","R","BOSS"],"items_purchased_type":["Potion"],"build_version":"2020-12-22","purchased_purges":0,"victory":false,"max_hp_per_floor":[71,71,71,71,71,71,71,71,71,71,71,71,71,71,71,71,71],"relic_stats":{"Dream Catcher":0,"counters":[9,39],"Bag of Preparation":[12],"obtain_stats":[{"Lantern":0,"Dream Catcher":11,"RobotSpaceExplorer:RoboCore":0,"Bag of Preparation":6,"Grinning Jar":9,"Replay:Arrowhead":13},{"Lantern":0,"Dream Catcher":6,"RobotSpaceExplorer:RoboCore":0,"Bag of Preparation":3,"Grinning Jar":4,"Replay:Arrowhead":7},{"Lantern":0,"Dream Catcher":22,"RobotSpaceExplorer:RoboCore":0,"Bag of Preparation":11,"Grinning Jar":13,"Replay:Arrowhead":26}]},"card_choices":[{"not_picked":["RobotSpaceExplorer:ScrapMissile","RobotSpaceExplorer:Ammunition"],"picked":"RobotSpaceExplorer:SurgingStrike","floor":1},{"not_picked":["RobotSpaceExplorer:GlueShot","RobotSpaceExplorer:SurgingShield"],"picked":"RobotSpaceExplorer:ShovelStrike","floor":3},{"not_picked":["RobotSpaceExplorer:MetalStrike","RobotSpaceExplorer:StarLightning"],"picked":"RobotSpaceExplorer:Blitz","floor":6},{"not_picked":["RobotSpaceExplorer:MiniDrones","RobotSpaceExplorer:ImprovisedAttack"],"picked":"RobotSpaceExplorer:JunkDive","floor":8},{"not_picked":["RobotSpaceExplorer:MetalStrike","RobotSpaceExplorer:Counterblock"],"picked":"RobotSpaceExplorer:Probe","floor":10},{"not_picked":["RobotSpaceExplorer:LaserBurst","RobotSpaceExplorer:PowerCollector"],"picked":"RobotSpaceExplorer:ImprovisedAttack","floor":11},{"not_picked":["RobotSpaceExplorer:HighVoltage","RobotSpaceExplorer:Ammunition"],"picked":"RobotSpaceExplorer:MiniBoosters","floor":13},{"not_picked":["RobotSpaceExplorer:ShockKick","RobotSpaceExplorer:SwiftStep"],"picked":"RobotSpaceExplorer:Counterblock","floor":14}],"player_experience":1003574,"relics_obtained":[{"floor":6,"key":"Bag of Preparation"},{"floor":9,"key":"Grinning Jar"},{"floor":11,"key":"Dream Catcher"},{"floor":13,"key":"Replay:Arrowhead"}],"event_choices":[{"cards_removed":["RobotSpaceExplorer:Strike"],"damage_healed":0,"gold_gain":0,"player_choice":"Card Removal","damage_taken":7,"max_hp_gain":0,"max_hp_loss":0,"event_name":"Golden Wing","floor":2,"gold_loss":0},{"damage_healed":20,"gold_gain":0,"player_choice":"Full Heal","damage_taken":0,"max_hp_gain":0,"max_hp_loss":0,"event_name":"Wheel of Change","floor":5,"gold_loss":0}],"is_beta":false,"boss_relics":[],"items_purged_floors":[],"is_endless":false,"potions_floor_spawned":[6,8,10,13],"killed_by":"Hexaghost","ascension_level":20}}