{"host":"hr6qo4jjm4ge1z5l","time":1612109763,"event":{"mods":["BaseMod","Colored Map","Minty Spire (QoL Compilation)","Relic Stats","ojb\u0027s Info Mod"],"gold_per_floor":[116,116,10,27,46,73,73,102,156,172,202,202,217,243,243,314,314,332,332,349,365,135,167,167,167,167,180,205,216,234,264,264,337,337,351,371,113,0,0,0,325,325,325,337,354,374,374,374,374,374,374],"floor_reached":50,"language":"ENG","playtime":8297,"items_purged":["Defend_B","Defend_B"],"score":1127,"play_id":"ba4b9748-255b-4412-9aa1-e0333d8cc305","local_time":"20210131171603","is_ascension_mode":true,"campfire_choices":[{"data":"Reinforced Body","floor":7.0,"key":"SMITH"},{"data":"Hyperbeam","floor":12.0,"key":"SMITH"},{"data":"Hologram","floor":15.0,"key":"SMITH"},{"data":"Aggregate","floor":24,"key":"SMITH"},{"data":"Beam Cell","floor":32,"key":"SMITH"},{"data":"Hologram","floor":40,"key":"SMITH"},{"data":"Barrage","floor":42,"key":"SMITH"},{"floor":49,"key":"RECALL"}],"circlet_count":0,"master_deck":["AscendersBane","Strike_B","Strike_B","Strike_B","Defend_B","Defend_B","Zap","Dualcast","Reinforced Body+1","Darkness","Compile Driver","Conserve Battery","Streamline","Sweeping Beam","Steam","Ball Lightning","Hyperbeam+1","Hologram+1","Conserve Battery","Seek+1","Turbo+1","Self Repair+1","Cold Snap","Aggregate+1","Dark Shackles","Beam Cell+1","Capacitor+1","Beam Cell+1","Ball Lightning","Electrodynamics","Hologram+1","Doom and Gloom","Purity","Go for the Eyes","Lockon","Barrage+1","Doubt","Parasite","FTL+1","Coolheaded+1","Madness","Madness"],"relics":["Cracked Core","HornCleat","Nunchaku","Lantern","Regal Pillow","Smiling Mask","Runic Pyramid","TungstenRod","Bottled Flame","Mummified Hand","War Paint","Bottled Lightning","Cursed Key","Red Mask","CaptainsWheel","Old Coin"],"acts_visited":["Exordium","TheCity","TheBeyond"],"potions_floor_usage":[27,50,50],"damage_taken":[{"damage":0.0,"enemies":"Small Slimes","floor":1.0,"turns":4.0},{"damage":1.0,"enemies":"Cultist","floor":4.0,"turns":3.0},{"damage":0.0,"enemies":"2 Louse","floor":5.0,"turns":2.0},{"damage":36.0,"enemies":"Gremlin Nob","floor":6.0,"turns":5.0},{"damage":11.0,"enemies":"3 Sentries","floor":8.0,"turns":7.0},{"damage":2.0,"enemies":"Red Slaver","floor":10.0,"turns":3.0},{"damage":5.0,"enemies":"Lagavulin","floor":11.0,"turns":7.0},{"damage":0.0,"enemies":"3 Louse","floor":13.0,"turns":2.0},{"damage":0.0,"enemies":"Gremlin Nob","floor":14.0,"turns":3.0},{"damage":15.0,"enemies":"Hexaghost","floor":16.0,"turns":10.0},{"damage":20.0,"enemies":"3 Byrds","floor":18.0,"turns":4.0},{"damage":5.0,"enemies":"Spheric Guardian","floor":20.0,"turns":4.0},{"damage":11.0,"enemies":"Cultist and Chosen","floor":21.0,"turns":8.0},{"damage":6,"enemies":"Book of Stabbing","floor":23,"turns":5},{"damage":5,"enemies":"Centurion and Healer","floor":27,"turns":6},{"damage":6,"enemies":"Slavers","floor":28,"turns":3},{"damage":4,"enemies":"Snecko","floor":29,"turns":6},{"damage":0,"enemies":"Shelled Parasite and Fungi","floor":30,"turns":4},{"damage":2,"enemies":"Gremlin Leader","floor":31,"turns":5},{"damage":51,"enemies":"Champ","floor":33,"turns":11},{"damage":0,"enemies":"Orb Walker","floor":35,"turns":1},{"damage":1,"enemies":"3 Darklings","floor":36,"turns":5},{"damage":0,"enemies":"Nemesis","floor":41,"turns":5},{"damage":0,"enemies":"Writhing Mass","floor":44,"turns":4},{"damage":0,"enemies":"Jaw Worm Horde","floor":45,"turns":1},{"damage":0,"enemies":"3 Darklings","floor":46,"turns":1},{"damage":70,"enemies":"Donu and Deca","floor":50,"turns":6}],"seed_played":"3438578162195462664","potions_obtained":[{"floor":1.0,"key":"SkillPotion"},{"floor":5.0,"key":"ColorlessPotion"},{"floor":10.0,"key":"SkillPotion"},{"floor":11.0,"key":"Energy Potion"},{"floor":21.0,"key":"Swift Potion"},{"floor":27,"key":"FearPotion"},{"floor":28,"key":"Dexterity Potion"},{"floor":36,"key":"FocusPotion"},{"floor":45,"key":"EssenceOfSteel"}],"is_trial":false,"path_per_floor":["M","?","$","M","M","E","R","E","T","M","E","R","M","E","R","B",null,"M","T","M","M","$","E","R","?","T","M","E","M","M","E","R","B",null,"M","M","$","?","?","R","E","R","T","M","M","M","?","T","R","B"],"character_chosen":"DEFECT","items_purchased":["Compile Driver","Conserve Battery","Aggregate","Dark Shackles","Purity","Go for the Eyes","Lockon"],"campfire_rested":0,"item_purchase_floors":[3,3,22,22,37,37,37],"current_hp_per_floor":[71,71,71,70,70,34,34,23,23,21,16,16,16,16,16,1,59,39,39,34,30,30,31,31,31,31,36,40,46,56,64,64,23,64,64,73,73,73,73,73,73,73,73,78,78,78,65,65,65,0,0],"gold":374,"neow_bonus":"TEN_PERCENT_HP_BONUS","is_daily":false,"chose_seed":false,"campfire_upgraded":7,"win_rate":0.0,"timestamp":1612109763,"path_taken":["M","?","$","M","M","E","R","E","T","M","E","R","M","E","R","BOSS","BOSS","M","?","M","M","$","E","R","?","T","M","E","?","M","E","R","BOSS","M","M","$","?","?","R","E","R","T","M","M","?","?","?","R","BOSS"],"items_purchased_type":["Card","Card","Card","Card","Card","Card","Card"],"build_version":"2020-12-22","purchased_purges":2,"victory":false,"max_hp_per_floor":[78,78,78,78,78,78,78,78,78,78,78,78,78,78,78,78,78,78,78,78,78,78,78,78,78,78,78,78,78,78,78,78,78,78,78,78,78,78,78,78,78,78,78,78,78,78,78,78,78,78,78],"relic_stats":{"Nunchaku":[19],"Regal Pillow":0,"counters":[27,125],"Mummified Hand":[22],"War Paint":["Turbo","Seek"],"Smiling Mask":75,"Cursed Key":1,"obtain_stats":[{"Lantern":9,"Regal Pillow":11,"War Paint":28,"Smiling Mask":14,"Cursed Key":34,"Old Coin":41,"Nunchaku":8,"Bottled Flame":23,"CaptainsWheel":39,"HornCleat":6,"Mummified Hand":26,"Red Mask":38,"Bottled Lightning":31,"Cracked Core":0,"TungstenRod":19,"Runic Pyramid":17},{"Lantern":5,"Regal Pillow":7,"War Paint":16,"Smiling Mask":9,"Cursed Key":20,"Old Coin":23,"Nunchaku":5,"Bottled Flame":14,"CaptainsWheel":22,"HornCleat":4,"Mummified Hand":14,"Red Mask":22,"Bottled Lightning":19,"Cracked Core":0,"TungstenRod":11,"Runic Pyramid":10},{"Lantern":21,"Regal Pillow":31,"War Paint":76,"Smiling Mask":36,"Cursed Key":102,"Old Coin":113,"Nunchaku":21,"Bottled Flame":67,"CaptainsWheel":108,"HornCleat":14,"Mummified Hand":67,"Red Mask":108,"Bottled Lightning":91,"Cracked Core":0,"TungstenRod":50,"Runic Pyramid":46}],"TungstenRod":23},"card_choices":[{"not_picked":["Steam Power","Cold Snap"],"picked":"Reinforced Body","floor":1.0},{"not_picked":["Gash","Leap"],"picked":"Streamline","floor":4.0},{"not_picked":["Scrape","Rebound"],"picked":"Sweeping Beam","floor":5.0},{"not_picked":["Sunder","Stack","Hologram"],"picked":"SKIP","floor":6.0},{"not_picked":["Aggregate","Compile Driver"],"picked":"Steam","floor":8.0},{"not_picked":["Redo","FTL"],"picked":"Ball Lightning","floor":10.0},{"not_picked":["Coolheaded","Stack"],"picked":"Hyperbeam","floor":11.0},{"not_picked":["Cold Snap","Tempest"],"picked":"Hologram","floor":13.0},{"not_picked":["Ball Lightning","Thunder Strike"],"picked":"Conserve Battery","floor":14.0},{"not_picked":["Hyperbeam","Reboot"],"picked":"Seek","floor":16.0},{"not_picked":["Tempest","Scrape"],"picked":"Turbo","floor":18.0},{"not_picked":["Capacitor","BootSequence"],"picked":"Self Repair","floor":20.0},{"not_picked":["Scrape","Conserve Battery+1"],"picked":"Cold Snap","floor":21.0},{"not_picked":["Conserve Battery","Scrape","Barrage"],"picked":"SKIP","floor":23},{"not_picked":["Sweeping Beam+1","Redo"],"picked":"Beam Cell","floor":27},{"not_picked":["Aggregate","Beam Cell"],"picked":"Capacitor+1","floor":28},{"not_picked":["Gash","Steam Power"],"picked":"Beam Cell+1","floor":29},{"not_picked":["Streamline","Sweeping Beam"],"picked":"Ball Lightning","floor":30},{"not_picked":["Ball Lightning","Reprogram","Redo"],"picked":"SKIP","floor":31},{"not_picked":["Hyperbeam","All For One"],"picked":"Electrodynamics","floor":33},{"not_picked":["Leap","Stack"],"picked":"Hologram","floor":35},{"not_picked":["Stack+1","Rainbow"],"picked":"Doom and Gloom","floor":36},{"not_picked":["Lockon","Turbo"],"picked":"Barrage","floor":41},{"not_picked":["Steam Power","Ball Lightning"],"picked":"FTL+1","floor":44},{"not_picked":["Beam Cell+1","Gash"],"picked":"Coolheaded+1","floor":45},{"not_picked":["Storm","Redo","Streamline"],"picked":"SKIP","floor":46}],"player_experience":515839,"relics_obtained":[{"floor":6.0,"key":"HornCleat"},{"floor":8.0,"key":"Nunchaku"},{"floor":9.0,"key":"Lantern"},{"floor":11.0,"key":"Regal Pillow"},{"floor":14.0,"key":"Smiling Mask"},{"floor":19.0,"key":"TungstenRod"},{"floor":23,"key":"Bottled Flame"},{"floor":26,"key":"Mummified Hand"},{"floor":28,"key":"War Paint"},{"floor":31,"key":"Bottled Lightning"},{"floor":41,"key":"Old Coin"}],"event_choices":[{"damage_healed":0.0,"max_hp_gain":0.0,"max_hp_loss":0.0,"gold_gain":0.0,"cards_transformed":["Strike_B"],"event_name":"Transmorgrifier","player_choice":"Transformed","floor":2.0,"gold_loss":0.0,"damage_taken":0.0,"cards_obtained":["Darkness"]},{"damage_healed":0,"gold_gain":0,"player_choice":"Upgraded","damage_taken":0,"max_hp_gain":0,"max_hp_loss":0,"event_name":"Upgrade Shrine","floor":25,"gold_loss":0,"cards_upgraded":["Self Repair"]},{"damage_healed":0,"gold_gain":0,"player_choice":"Paid","damage_taken":0,"relics_obtained":["Red Mask"],"max_hp_gain":0,"max_hp_loss":0,"event_name":"Tomb of Lord Red Mask","floor":38,"gold_loss":113},{"damage_healed":0,"gold_gain":0,"player_choice":"Gave Potion","damage_taken":0,"relics_obtained":["CaptainsWheel"],"max_hp_gain":0,"max_hp_loss":0,"event_name":"WeMeetAgain","floor":39,"gold_loss":0},{"damage_healed":0,"gold_gain":0,"player_choice":"Embrace Madness","damage_taken":14,"max_hp_gain":0,"max_hp_loss":0,"event_name":"Winding Halls","floor":47,"gold_loss":0,"cards_obtained":["Madness","Madness"]}],"is_beta":false,"boss_relics":[{"not_picked":["Astrolabe","Busted Crown"],"picked":"Runic Pyramid"},{"not_picked":["Inserter","Philosopher\u0027s Stone"],"picked":"Cursed Key"}],"items_purged_floors":[22,37],"is_endless":false,"potions_floor_spawned":[1,5,10,11,14,21,27,28,31,36,45],"killed_by":"Donu and Deca","ascension_level":16}}