{"host":"xkyjkr020mio9edy","time":1612132281,"event":{"mods":["AchievementEnabler","BaseMod","Block Reminder","Clockwork Mod","Colored Map","Colored Powertips","DeckTracker","Downfall","Glutton Mod","Gold Saver","Hubris","Minty Spire (QoL Compilation)","Permanent Neow","Quick Restart","Rare Cards Sparkle","Relic Filter Mod","Replay The Spire","StSLib","The Blue Laboratory","The Bug Knight","The Jungle","The Necromancer","TheHeartMod","Wandering Minibosses"],"gold_per_floor":[815,826,826,826,553,577,603,635,95,115,140,155,49855,49870,49889,49990,50090,50090,50101,50117,49600,49620,49720,49792,49810,49836,49850,49850,49865,49891,49891,49901,49901,49901],"floor_reached":33,"language":"ENG","playtime":2476,"items_purged":["theHeart:TranquilRhythm"],"score":414,"play_id":"e1e6542d-5906-4e7e-8195-53e8401f6d84","local_time":"20210131173121","is_ascension_mode":true,"campfire_choices":[{"floor":1,"key":"RECALL"},{"floor":13,"key":"REST"},{"floor":28,"key":"REST"}],"circlet_count":0,"master_deck":["theHeart:BloodDrop","theHeart:Scab","theHeart:theHeartDefend","theHeart:theHeartDefend","theHeart:theHeartDefend","theHeart:theHeartCommonAttack","theHeart:theHeartCommonAttack","theHeart:theHeartCommonAttack","theHeart:theHeartCommonAttack","theHeart:theHeartCommonAttack","theHeart:Constrict","theHeart:HyperCoagulation+1","expansioncontent:DashGenerateEvil","ReplayTheSpireMod:Private Reserves","theHeart:HeartBurn","theHeart:Hemorrhage","theHeart:GrayPlatelets","expansioncontent:PolyBeam","theHeart:Tachycardia","theHeart:SpireGrowth","theHeart:PoisonousCyst","theHeart:Cleanse","theHeart:Wrath","theHeart:TentacleWhip","theHeart:CorruptedForm+1","theHeart:Wrath","theHeart:Cleanse","theHeart:Crush","theHeart:AncientEvil","ReplayTheSpireMod:Necrogeddon","theHeart:Embolism","expansioncontent:PolyBeam","theHeart:Embolism+1","theHeart:MyocardialRupture","theHeart:Constrict","theHeart:QuickBite","theHeart:HighDecibelBeat+1","theHeart:TentacleWhip+1"],"relics":["theHeart:BeatOfDeath","downfall:BrokenWingStatue","hubris:Towel","Bronze Scales","hubris:PeanutButter","Membership Card","Mirror","hubris:OldNail","Bag of Marbles","downfall:HeartBlessingRed","downfall:HeartBlessingGreen","downfall:HeartBlessingBlue","Replay:Wanted Poster","Counterbalance","Art of War","Guide Book","downfall:GremlinWheel","HollowMod:StagPassRelic","ReplayFunnel","Guardian:PocketSentry"],"acts_visited":["Exordium","Exordium"],"potions_floor_usage":[10,16,16,16,23,30,33,33,33],"damage_taken":[{"damage":0,"enemies":"Cultist","floor":2,"turns":3},{"damage":0,"enemies":"downfall:FleeingMerchant","floor":5,"turns":4},{"damage":51,"enemies":"Gremlin Nob","floor":8,"turns":5},{"damage":7,"enemies":"downfall:FleeingMerchant","floor":9,"turns":4},{"damage":0,"enemies":"2 Louse","floor":10,"turns":3},{"damage":10,"enemies":"Lagavulin","floor":11,"turns":8},{"damage":0,"enemies":"Jaw Worm","floor":12,"turns":3},{"damage":2,"enemies":"Exordium Thugs","floor":14,"turns":3},{"damage":0,"enemies":"Exordium Wildlife","floor":15,"turns":3},{"damage":23,"enemies":"IC_STATUS_ARCHETYPE","floor":16,"turns":5},{"damage":19,"enemies":"Shell Parasite","floor":19,"turns":8},{"damage":6,"enemies":"theJungle:Flameango_and_Byrd","floor":20,"turns":5},{"damage":1,"enemies":"downfall:FleeingMerchant","floor":21,"turns":4},{"damage":0,"enemies":"theJungle:2_Snecko_Cultists","floor":22,"turns":5},{"damage":25,"enemies":"theJungle:2_Snecko_Cultists","floor":23,"turns":4},{"damage":12,"enemies":"theJungle:Lyon","floor":25,"turns":4},{"damage":11,"enemies":"theJungle:Cassacara","floor":26,"turns":5},{"damage":0,"enemies":"theJungle:SlimyTreeVines","floor":27,"turns":2},{"damage":0,"enemies":"theJungle:JungleHuntersEncounter","floor":29,"turns":5},{"damage":28,"enemies":"theJungle:MamaSnecko","floor":30,"turns":5},{"damage":0,"enemies":"Snake Plant","floor":32,"turns":2},{"damage":9,"enemies":"WA_ARCHETYPE_CALM","floor":33,"turns":5}],"seed_played":"-770983860297346308","potions_obtained":[{"floor":0,"key":"blueLaboratory:EnragingPotion"},{"floor":0,"key":"champ:CounterPotion"},{"floor":0,"key":"Regen Potion"},{"floor":10,"key":"blueLaboratory:SavagePotion"},{"floor":12,"key":"blueLaboratory:LouseDecoction"},{"floor":16,"key":"PowerPotion"},{"floor":19,"key":"Dexterity Potion"},{"floor":20,"key":"blueLaboratory:PhilterOfMotion"},{"floor":23,"key":"Strength Potion"},{"floor":30,"key":"blueLaboratory:ArtificerPotion"}],"is_trial":false,"path_per_floor":["R","M","?","?","$","T","T","E","$","M","E","M","R","M","M","B",null,"R_BF","M","M","$","M","?","T","M","E","M","R","M","E","?","M","B"],"character_chosen":"THE_HEART","items_purchased":["expansioncontent:DashGenerateEvil","ReplayTheSpireMod:Private Reserves","theHeart:GrayPlatelets","Membership Card","Mirror","hubris:OldNail","expansioncontent:PolyBeam","theHeart:Tachycardia","theHeart:SpireGrowth","ReplayTheSpireMod:Necrogeddon","theHeart:Embolism","expansioncontent:PolyBeam","Counterbalance","Art of War","Guide Book"],"campfire_rested":2,"item_purchase_floors":[5,5,9,9,9,9,9,9,9,21,21,21,21,21,21],"current_hp_per_floor":[75,75,75,75,75,75,75,24,17,26,16,16,51,49,49,26,85,85,66,60,59,59,34,34,22,11,11,36,36,8,8,8,0,0],"gold":49901,"neow_bonus":"THREE_SMALL_POTIONS","is_daily":false,"chose_seed":false,"campfire_upgraded":0,"win_rate":0.0,"timestamp":1612132281,"path_taken":["R","M","?","?","$","?","T","E","$","M","E","M","R","?","M","BOSS","R_BF","M","M","$","M","?","T","?","E","M","R","M","E","?","M","BOSS"],"items_purchased_type":["Card","Card","Card","Relic","Relic","Relic","Card","Card","Card","Card","Card","Card","Relic","Relic","Relic"],"build_version":"2020-12-22","purchased_purges":1,"victory":false,"max_hp_per_floor":[75,75,75,75,75,75,75,75,75,75,75,75,85,85,85,85,85,85,85,85,85,85,85,85,85,85,85,85,85,85,85,85,85,85],"card_choices":[{"not_picked":["theHeart:Embolism","theHeart:Devour"],"picked":"theHeart:Constrict","floor":2},{"not_picked":["theHeart:PrecisionCut","theHeart:Crush"],"picked":"theHeart:HyperCoagulation","floor":5},{"not_picked":["theHeart:Embolism","theHeart:AntiCoagulant"],"picked":"theHeart:HeartBurn","floor":8},{"not_picked":["theHeart:Crush","theHeart:ArterialFlow"],"picked":"theHeart:Hemorrhage","floor":9},{"not_picked":["theHeart:PulmonaryCirculation","theHeart:CapillaryExchange"],"picked":"theHeart:TranquilRhythm","floor":10},{"not_picked":["theHeart:BloodShots","theHeart:Debilitate"],"picked":"theHeart:PoisonousCyst","floor":11},{"not_picked":["theHeart:AntiCoagulant","theHeart:ArterialFlow"],"picked":"theHeart:Cleanse","floor":12},{"not_picked":["theHeart:TentacleWhip","theHeart:SpireGrowth"],"picked":"theHeart:Wrath","floor":14},{"not_picked":["theHeart:ArterialFlow","theHeart:Crush"],"picked":"theHeart:TentacleWhip","floor":15},{"not_picked":["theHeart:HeartAttack","theHeart:SpireSpear"],"picked":"theHeart:CorruptedForm","floor":16},{"not_picked":["theHeart:PainfulStabs","theHeart:Hemorrhage"],"picked":"theHeart:Cleanse","floor":19},{"not_picked":["theHeart:Embolism+1","theHeart:TranquilRhythm+1"],"picked":"theHeart:Crush","floor":20},{"not_picked":["theHeart:Virus","theHeart:Crush"],"picked":"theHeart:AncientEvil","floor":21},{"not_picked":["theHeart:TorrentialFlow","theHeart:HighDecibelBeat"],"picked":"theHeart:Embolism+1","floor":22},{"not_picked":["theHeart:CapillaryExchange","theHeart:PainfulStabs","theHeart:TranquilRhythm"],"picked":"SKIP","floor":25},{"not_picked":["theHeart:ScrapOoze","theHeart:Devour"],"picked":"theHeart:MyocardialRupture","floor":26},{"not_picked":["theHeart:Embolism","theHeart:AdaptiveCells"],"picked":"theHeart:Constrict","floor":27},{"not_picked":["theHeart:AncientEvil","theHeart:Terrify"],"picked":"theHeart:QuickBite","floor":29},{"not_picked":["theHeart:OxygenRichBlood","theHeart:Tachycardia"],"picked":"theHeart:HighDecibelBeat+1","floor":30},{"not_picked":["theHeart:PainfulStabs","theHeart:PulmonaryCirculation"],"picked":"theHeart:TentacleWhip+1","floor":32}],"player_experience":154969,"relics_obtained":[{"floor":7,"key":"Bronze Scales"},{"floor":8,"key":"hubris:PeanutButter"},{"floor":11,"key":"Bag of Marbles"},{"floor":23,"key":"downfall:GremlinWheel"},{"floor":24,"key":"HollowMod:StagPassRelic"},{"floor":26,"key":"ReplayFunnel"},{"floor":30,"key":"Guardian:PocketSentry"}],"event_choices":[],"is_beta":false,"boss_relics":[{"not_picked":["ChewingGum","Ring of Chaos"],"picked":"Replay:Wanted Poster"}],"items_purged_floors":[21],"is_endless":false,"potions_floor_spawned":[10,11,12,15,16,19,20,23,27,30],"killed_by":"WA_ARCHETYPE_CALM","ascension_level":1}}