{"host":"7ap89n2sm7vm35bt","time":1612080639,"event":{"mods":["AchievementEnabler","Aspiration","BaseMod","Minty Spire (QoL Compilation)","StSLib","[IsaacMod]ÒÔÈö¼âËþ"],"gold_per_floor":[116,133,58,75,75,75,75,75,102,102,118,118,18,33,33,132,132,147,72,72,72,83,83,96,110,137,157,157,187,187,62,62,159,159,175,189,189,200,214,214,229,229,252,252,268,285,285,285,285],"floor_reached":48,"language":"ZHS","playtime":1646,"items_purged":["Defend_G","Strike_G","Defend_G"],"score":494,"play_id":"120f43ca-ff57-4e1c-9f37-67d049929e3a","local_time":"20210131161039","is_ascension_mode":false,"campfire_choices":[{"data":"Neutralize","floor":6.0,"key":"SMITH"},{"data":"Deadly Poison","floor":10.0,"key":"SMITH"},{"data":"Catalyst","floor":12.0,"key":"SMITH"},{"data":"Backstab","floor":15.0,"key":"SMITH"},{"data":"Envenom","floor":23.0,"key":"SMITH"},{"floor":28.0,"key":"REST"},{"floor":30.0,"key":"REST"},{"floor":32.0,"key":"REST"},{"floor":40.0,"key":"REST"}],"circlet_count":0,"master_deck":["Defend_G","Defend_G","Survivor","Neutralize+1","Backstab+1","Deadly Poison+1","Catalyst+1","Envenom+1","Backstab+1","Bane","Bloodletting+1","Rampage+1","Ghostly Armor+1","Dodge and Roll+1"],"relics":["HushsDoor","Void","aspiration:VileToxins","aspiration:IroncladSkillbook","Pen Nib","Astrolabe","Centennial Puzzle"],"acts_visited":["Exordium","TheCity","TheBeyond"],"potions_floor_usage":[45,46,46],"damage_taken":[{"damage":3.0,"enemies":"Cultist","floor":1.0,"turns":5.0},{"damage":1.0,"enemies":"2 Louse","floor":2.0,"turns":3.0},{"damage":0.0,"enemies":"Small Slimes","floor":4.0,"turns":3.0},{"damage":0.0,"enemies":"3 Louse","floor":11.0,"turns":3.0},{"damage":3.0,"enemies":"Exordium Wildlife","floor":14.0,"turns":4.0},{"damage":0.0,"enemies":"The Guardian","floor":16.0,"turns":9.0},{"damage":7.0,"enemies":"Shell Parasite","floor":18.0,"turns":6.0},{"damage":9.0,"enemies":"Spheric Guardian","floor":22.0,"turns":5.0},{"damage":11.0,"enemies":"Cultist and Chosen","floor":24.0,"turns":7.0},{"damage":4.0,"enemies":"Shelled Parasite and Fungi","floor":25.0,"turns":4.0},{"damage":28.0,"enemies":"Sentry and Sphere","floor":27.0,"turns":6.0},{"damage":38.0,"enemies":"Gremlin Leader","floor":29.0,"turns":6.0},{"damage":39.0,"enemies":"Champ","floor":33.0,"turns":9.0},{"damage":1.0,"enemies":"Orb Walker","floor":35.0,"turns":2.0},{"damage":14.0,"enemies":"3 Darklings","floor":36.0,"turns":6.0},{"damage":19.0,"enemies":"Writhing Mass","floor":38.0,"turns":6.0},{"damage":25.0,"enemies":"Jaw Worm Horde","floor":39.0,"turns":5.0},{"damage":34.0,"enemies":"3 Darklings","floor":41.0,"turns":5.0},{"damage":12,"enemies":"Writhing Mass","floor":45,"turns":4},{"damage":12,"enemies":"Maw","floor":46,"turns":8},{"damage":12,"enemies":"Transient","floor":48,"turns":2}],"seed_played":"-8004158438053534269","potions_obtained":[{"floor":1.0,"key":"EssenceOfSteel"},{"floor":4.0,"key":"EssenceOfSteel"},{"floor":18.0,"key":"LiquidMemories"},{"floor":22.0,"key":"DistilledChaos"},{"floor":29.0,"key":"DistilledChaos"},{"floor":35.0,"key":"EssenceOfSteel"},{"floor":38.0,"key":"PowerPotion"},{"floor":39.0,"key":"PowerPotion"},{"floor":45,"key":"EssenceOfSteel"}],"is_trial":false,"path_per_floor":["M","M","$","M","?","R","?","?","T","R","M","R","$","M","R","B",null,"M","?","$","?","M","R","M","M","T","M","R","E","R","$","R","B",null,"M","M","?","M","M","R","M","?","T","?","M","M","$","M"],"character_chosen":"THE_SILENT","items_purchased":[],"campfire_rested":4,"item_purchase_floors":[],"current_hp_per_floor":[67,66,66,66,66,66,66,71,71,71,71,71,71,68,68,68,75,72,72,72,58,53,53,46,46,46,22,46,12,36,36,60,27,80,80,70,70,55,34,56,26,26,26,26,18,10,10,0,0],"gold":285,"neow_bonus":"BOSS_RELIC","is_daily":false,"chose_seed":false,"campfire_upgraded":5,"win_rate":0.0,"timestamp":1612080639,"path_taken":["M","?","$","M","?","R","?","?","T","R","?","R","$","M","R","BOSS","M","?","$","?","M","R","M","?","T","M","R","E","R","?","R","BOSS","M","M","?","M","M","R","M","?","T","?","M","M","$","M"],"items_purchased_type":[],"build_version":"2020-12-22","purchased_purges":3,"victory":false,"max_hp_per_floor":[70,70,70,70,70,70,70,75,75,75,75,75,75,75,75,75,75,75,75,75,80,80,80,80,80,80,80,80,80,80,80,80,80,80,80,80,76,76,76,76,76,76,76,76,76,76,76,76,76],"card_choices":[{"not_picked":["Eviscerate","Poisoned Stab"],"picked":"Backstab","floor":1.0},{"not_picked":["Eviscerate","Acrobatics","Calculated Gamble"],"picked":"SKIP","floor":2.0},{"not_picked":["Catalyst","Expertise"],"picked":"Deadly Poison","floor":4.0},{"not_picked":["Acrobatics","Deadly Poison"],"picked":"Catalyst","floor":11.0},{"not_picked":["Deadly Poison","Dodge and Roll","Well Laid Plans"],"picked":"SKIP","floor":14.0},{"not_picked":["Phantasmal Killer","aspiration:Lunge"],"picked":"Envenom","floor":16.0},{"not_picked":["Dodge and Roll","Flying Knee+1","Acrobatics","Inflame"],"picked":"SKIP","floor":18.0},{"not_picked":["Uppercut+1","Poisoned Stab","Sword Boomerang+1"],"picked":"Backstab+1","floor":22.0},{"not_picked":["Twin Strike","Iron Wave","Blur","Underhanded Strike"],"picked":"SKIP","floor":24.0},{"not_picked":["Bloodletting","Metallicize","Iron Wave","Flying Knee"],"picked":"SKIP","floor":25.0},{"not_picked":["True Grit+1","Poisoned Stab","Cleave"],"picked":"Bane","floor":27.0},{"not_picked":["Shockwave+1","Body Slam","Storm of Steel","Exhume"],"picked":"SKIP","floor":29.0},{"not_picked":["Heavy Blade+1","Flex","Anger+1","Outmaneuver+1"],"picked":"SKIP","floor":35.0},{"not_picked":["Wild Strike+1","Backflip+1","Twin Strike","Slice"],"picked":"SKIP","floor":36.0},{"not_picked":["Slice","Flame Barrier","Cloak And Dagger"],"picked":"Dodge and Roll+1","floor":38.0},{"not_picked":["Outmaneuver+1","Clash","Predator+1","Deadly Poison"],"picked":"SKIP","floor":39.0},{"not_picked":["Headbutt","Dash+1","Carnage+1","Dodge and Roll+1"],"picked":"SKIP","floor":41.0},{"not_picked":["Riddle With Holes","Footwork","Dagger Throw+1","Acrobatics"],"picked":"SKIP","floor":45},{"not_picked":["Heavy Blade","Wraith Form v2","Flex","Clothesline"],"picked":"SKIP","floor":46}],"player_experience":247898,"relics_obtained":[{"floor":9.0,"key":"aspiration:VileToxins"},{"floor":26.0,"key":"Pen Nib"},{"floor":29.0,"key":"Blood Vial"},{"floor":43.0,"key":"Centennial Puzzle"}],"event_choices":[{"cards_removed":["Strike_G"],"damage_healed":0.0,"max_hp_gain":0.0,"max_hp_loss":0.0,"gold_gain":0.0,"event_name":"Living Wall","player_choice":"Forget","floor":5.0,"gold_loss":0.0,"damage_taken":0.0},{"damage_healed":0.0,"max_hp_gain":0.0,"max_hp_loss":0.0,"gold_gain":0.0,"event_name":"Liars Game","player_choice":"Ignored","floor":7.0,"gold_loss":0.0,"damage_taken":0.0},{"damage_healed":0.0,"max_hp_gain":5.0,"max_hp_loss":0.0,"gold_gain":0.0,"event_name":"Big Fish","player_choice":"Donut","floor":8.0,"gold_loss":0.0,"damage_taken":0.0},{"cards_removed":["Strike_G"],"damage_healed":0.0,"max_hp_gain":0.0,"max_hp_loss":0.0,"gold_gain":0.0,"event_name":"Beggar","player_choice":"Gave Gold","floor":19.0,"gold_loss":75.0,"damage_taken":0.0},{"damage_healed":0.0,"max_hp_gain":5.0,"max_hp_loss":0.0,"gold_gain":0.0,"event_name":"Forgotten Altar","player_choice":"Shed Blood","floor":21.0,"gold_loss":0.0,"damage_taken":19.0},{"damage_healed":0.0,"max_hp_gain":0.0,"max_hp_loss":4.0,"gold_gain":0.0,"event_name":"Winding Halls","player_choice":"Max HP","floor":37.0,"gold_loss":0.0,"damage_taken":0.0},{"damage_healed":0.0,"max_hp_gain":0.0,"max_hp_loss":0.0,"gold_gain":0.0,"event_name":"Mysterious Sphere","player_choice":"Ignored","floor":42.0,"gold_loss":0.0,"damage_taken":0.0},{"damage_healed":0.0,"max_hp_gain":0.0,"max_hp_loss":0.0,"gold_gain":0.0,"event_name":"The Moai Head","player_choice":"Ignored","floor":44.0,"gold_loss":0.0,"damage_taken":0.0}],"is_beta":false,"boss_relics":[{"not_picked":["Tiny House","SacredBark"],"picked":"aspiration:IroncladSkillbook"},{"not_picked":[]},{"not_picked":["Coffee Dripper","WristBlade"],"picked":"Astrolabe"},{"not_picked":[]}],"items_purged_floors":[3,13,31],"is_endless":false,"potions_floor_spawned":[1,4,18,22,29,35,38,39,45],"killed_by":"Transient","ascension_level":0}}