{"host":"o5lch9xvacbb0fa4","time":1612107239,"event":{"mods":["AchievementEnabler","Act Like it!","Aspiration","Bard","BaseMod","Better Altar","Better Match","Better Note","Better Sensory Stone","Better Skull","Better Third Choice","Better Vampires","BetterRewards","CCEM","Colored Map","Conspire","Downfall","GifTheSpireLib","Googly Eyes","GungeonMod","Halation","Hermit","Highlight Path","Hubris","Infinite Spire","Jedi Mod","Jorbs\u0027s Wanderer Trilogy","Marisa????????","Marked Mod","Mimic Mod","Minty Spire (QoL Compilation)","Permanent Neow","Relic Filter","Relic Sorter","Relic Stats","Replay The Spire","Shade Mod","Shop Mod","Small Relic Pack","StSLib","Stuff the Spire","The Blackbeard","The Runesmith","Unceasing Turn Reminder","everything is the same but u backflip on backflip","slay the spire mod where everything is the same but ironclad has a cowboy hat"],"gold_per_floor":[112,112,37,78,88,88,99,130,130,130,146,159,73,23,23,128,128,149,163,242,87,105,105,125,141,181,181,242,312,312,312,312],"floor_reached":31,"playtime":1976,"items_purged":["StuffTheSpire:CuriosityCurse"],"score":243,"play_id":"1f20237d-267c-4342-9f71-15525246f69c","local_time":"20210131233359","is_ascension_mode":false,"campfire_choices":[{"data":"DemoMod:ManualReload","floor":6,"key":"SMITH"},{"data":"DemoMod:StickyCrossBow","floor":10,"key":"SMITH"},{"data":"DemoMod:Slinger","floor":15,"key":"SMITH"},{"floor":23,"key":"REST"}],"circlet_count":0,"master_deck":["DemoMod:Strike_Huntress","DemoMod:Strike_Huntress","DemoMod:Strike_Huntress","DemoMod:Defend_Huntress","DemoMod:Defend_Huntress","DemoMod:Defend_Huntress","DemoMod:Defend_Huntress","DemoMod:Roll","DemoMod:ManualReload+1","DemoMod:RustySidearm","DemoMod:CrossBow","DemoMod:GunShield","DemoMod:MachoBrace","DemoMod:RadGun","DemoMod:StickyCrossBow+1","DemoMod:ProbeStrike","DemoMod:Slinger+1","DemoMod:SniperShot","DemoMod:TableSutra","DemoMod:StickyCrossBow","DemoMod:MachoBrace","DemoMod:GunslingerForm","DemoMod:SAA","DemoMod:HardPowerCard","DemoMod:PotionOfGunFriendShip","DemoMod:ChanceBullets","DemoMod:TripleGun","DemoMod:BulletBore","DemoMod:ConditionalReflex","DemoMod:DoubleSwitch+1","Alpha+1"],"relics":["DemoMod:Dog","jedi:matchstick","Replay:Accelerometer","hubris:CuriousFeather","Bronze Scales","relicPack:KazumaCape","halation:Thesaurus","CCEMRelics:TechnogenicHelmet"],"acts_visited":["Exordium","TheCity"],"potions_floor_usage":[8,16,18,25,29,31,31,31],"damage_taken":[{"damage":1,"enemies":"conspire:RoseBush","floor":1,"turns":2},{"damage":1,"enemies":"Jaw Worm","floor":4,"turns":6},{"damage":0,"enemies":"Cultist","floor":5,"turns":3},{"damage":5,"enemies":"Lots of Slimes","floor":7,"turns":8},{"damage":22,"enemies":"Lagavulin","floor":8,"turns":8},{"damage":8,"enemies":"Red Slaver","floor":11,"turns":5},{"damage":2,"enemies":"2 Fungi Beasts","floor":12,"turns":3},{"damage":28,"enemies":"Slime Boss","floor":16,"turns":9},{"damage":0,"enemies":"Shell Parasite","floor":18,"turns":4},{"damage":23,"enemies":"Chosen","floor":19,"turns":5},{"damage":21,"enemies":"Centurion and Healer","floor":20,"turns":8},{"damage":6,"enemies":"conspire:HollyBat","floor":22,"turns":7},{"damage":0,"enemies":"Chosen and Byrds","floor":24,"turns":5},{"damage":6,"enemies":"Snecko","floor":25,"turns":4},{"damage":6,"enemies":"Cultist and Chosen","floor":26,"turns":6},{"damage":8,"enemies":"Cultist and Chosen","floor":28,"turns":6},{"damage":8,"enemies":"Snake Plant","floor":29,"turns":5},{"damage":34,"enemies":"Snecko","floor":31,"turns":6}],"seed_played":"9138827074774890129","potions_obtained":[{"floor":4,"key":"Explosive Potion"},{"floor":7,"key":"Weak Potion"},{"floor":8,"key":"Adrenaline Potion"},{"floor":16,"key":"Energy Potion"},{"floor":18,"key":"SpeedPotion"},{"floor":28,"key":"BlessingOfTheForge"},{"floor":29,"key":"conspire:TimeTravelPotion"}],"is_trial":false,"path_per_floor":["M","?","$","M","M","R","M","E","T","R","M","M","$","$","R","B",null,"M","M","M","$","M","R","M","M","MIM","?","M","M","?","M"],"character_chosen":"HUNTRESS","items_purchased":["DemoMod:TableSutra","DemoMod:StickyCrossBow","DemoMod:MachoBrace","halation:Thesaurus"],"campfire_rested":1,"item_purchase_floors":[13,13,14,21],"current_hp_per_floor":[69,69,69,68,68,68,70,48,48,48,40,38,38,38,38,12,70,70,47,26,26,20,41,41,35,29,29,21,13,13,0,0],"gold":312,"neow_bonus":"ONE_RARE_RELIC","is_daily":false,"chose_seed":false,"campfire_upgraded":3,"win_rate":0.0,"timestamp":1612107239,"path_taken":["M","?","?","?","M","R","M","E","T","R","M","?","?","$","R","BOSS","M","M","M","$","M","R","M","M","MIM","?","?","M","?","M"],"items_purchased_type":["Card","Card","Card","Relic"],"build_version":"2020-12-13","purchased_purges":1,"victory":false,"max_hp_per_floor":[70,70,70,70,70,70,70,70,70,70,70,70,70,70,70,70,70,70,70,70,70,70,70,70,70,70,70,70,70,70,70,70],"relic_stats":{"counters":[125,544],"Bronze Scales":[363],"obtain_stats":[{"Replay:Accelerometer":21,"DemoMod:GlassGuonStoneRelic":1,"Bottled Tornado":19,"aspiration:BardSkillbook":17,"Boot":0,"jedi:shrinkray":0,"relicPack:OneForAll":2,"Replay:Ringing Soul":26,"Centennial Puzzle":7,"infinitespire:SolderingIron":0,"Replay:Bronze Core":17,"CCEMRelics:DissonantTune":27,"Prayer Wheel":12,"Replay:Bottled Flurry":7,"hubris:Teleporter":14,"Happy Flower":3,"hubris:HollowSoul":0,"halation:Thesaurus":21,"WarpedTongs":19,"infinitespire:EvilPickle":33,"hubris:Zylophone":31,"conspire:GiftBox":4,"jedi:hotpepper":17,"CCEMRelics:FestiveHat":0,"relicPack:KazumaCape":17,"Bronze Scales":8,"Molten Egg 2":7,"StuffTheSpire:DarkSteelAnvil":14,"aspiration:SilentSkillbook":34,"CultistMask":13,"conspire:BottledYoYo":9,"hubris:TenFootPole":13,"Grinning Jar":20,"CatCart":38,"infinitespire:PuzzleCube":26,"Lantern":0,"SacredBark":25,"StuffTheSpire:EmeraldSignet":2,"Bag of Preparation":8,"jedi:command_boss":25,"Incense Burner":26,"hubris:SlimyHat":0,"relicPack:DarknessArmor":0,"CCEMRelics:TechnogenicHelmet":26,"Replay:Mystery Machine":5,"jedi:archwizardhat":6,"PrismaticShard":24,"Ancient Tea Set":8,"conspire:TopHat":6,"Pet Ghost":9,"Chameleon Ring":9,"hubris:Backtick":17,"infinitespire:Bottled Soul":11,"StuffTheSpire:HeavyRock":6,"jedi:matchstick":9,"halation:Toothbrush":9,"hubris:CuriousFeather":0,"halation:LettersToHer":0,"Cracked Core":7,"CCEMRelics:JestersCrown":6,"Ring of the Snake":0,"aspiration:ChemicalBlood":25,"StuffTheSpire:TintedRock":11,"Lee\u0027s Waffle":0,"DemoMod:Dog":6,"Damaru":14,"StuffTheSpire:Expresso":36,"jedi:crownofsimplicity":0,"Frozen Egg 2":9,"White Beast Statue":0,"CCEMRelics:SpiritsEdge":9,"jedi:fakemustache":0,"Anchor":0,"jedi:ominousloannote":0,"halation:EternalFortune":3,"Durian":22,"Snack Pack":11,"Bottled Lightning":9,"PureWater":6,"jedi:arcanewood":12,"ReplayTheSpireMod:Lightbulb":9,"halation:PinkSoulGem":4},{"Replay:Accelerometer":118,"DemoMod:GlassGuonStoneRelic":1,"Bottled Tornado":63,"aspiration:BardSkillbook":74,"Boot":29,"jedi:shrinkray":29,"relicPack:OneForAll":1,"Replay:Ringing Soul":11,"Centennial Puzzle":57,"infinitespire:SolderingIron":14,"Replay:Bronze Core":39,"CCEMRelics:DissonantTune":105,"Prayer Wheel":22,"Replay:Bottled Flurry":71,"hubris:Teleporter":73,"Happy Flower":92,"hubris:HollowSoul":52,"halation:Thesaurus":118,"WarpedTongs":40,"infinitespire:EvilPickle":47,"hubris:Zylophone":106,"conspire:GiftBox":25,"jedi:hotpepper":8,"CCEMRelics:FestiveHat":66,"relicPack:KazumaCape":115,"Bronze Scales":112,"Molten Egg 2":3,"StuffTheSpire:DarkSteelAnvil":28,"aspiration:SilentSkillbook":47,"CultistMask":72,"conspire:BottledYoYo":35,"hubris:TenFootPole":60,"Grinning Jar":9,"CatCart":50,"infinitespire:PuzzleCube":104,"Lantern":0,"SacredBark":43,"StuffTheSpire:EmeraldSignet":108,"Bag of Preparation":26,"jedi:command_boss":43,"Incense Burner":43,"hubris:SlimyHat":90,"relicPack:DarknessArmor":29,"CCEMRelics:TechnogenicHelmet":122,"Replay:Mystery Machine":17,"jedi:archwizardhat":93,"PrismaticShard":10,"Ancient Tea Set":19,"conspire:TopHat":85,"Pet Ghost":87,"Chameleon Ring":26,"hubris:Backtick":62,"infinitespire:Bottled Soul":59,"StuffTheSpire:HeavyRock":34,"jedi:matchstick":112,"halation:Toothbrush":71,"hubris:CuriousFeather":107,"halation:LettersToHer":14,"Cracked Core":18,"CCEMRelics:JestersCrown":17,"Ring of the Snake":0,"aspiration:ChemicalBlood":104,"StuffTheSpire:TintedRock":21,"Lee\u0027s Waffle":90,"DemoMod:Dog":93,"Damaru":38,"StuffTheSpire:Expresso":49,"jedi:crownofsimplicity":29,"Frozen Egg 2":95,"White Beast Statue":90,"CCEMRelics:SpiritsEdge":4,"jedi:fakemustache":14,"Anchor":90,"jedi:ominousloannote":29,"halation:EternalFortune":16,"Durian":42,"Snack Pack":89,"Bottled Lightning":58,"PureWater":34,"jedi:arcanewood":6,"ReplayTheSpireMod:Lightbulb":19,"halation:PinkSoulGem":83},{"Replay:Accelerometer":505,"DemoMod:GlassGuonStoneRelic":2,"Bottled Tornado":263,"aspiration:BardSkillbook":313,"Boot":139,"jedi:shrinkray":139,"relicPack:OneForAll":2,"Replay:Ringing Soul":52,"Centennial Puzzle":244,"infinitespire:SolderingIron":65,"Replay:Bronze Core":172,"CCEMRelics:DissonantTune":439,"Prayer Wheel":106,"Replay:Bottled Flurry":298,"hubris:Teleporter":305,"Happy Flower":375,"hubris:HollowSoul":226,"halation:Thesaurus":505,"WarpedTongs":174,"infinitespire:EvilPickle":206,"hubris:Zylophone":443,"conspire:GiftBox":114,"jedi:hotpepper":41,"CCEMRelics:FestiveHat":278,"relicPack:KazumaCape":488,"Bronze Scales":471,"Molten Egg 2":10,"StuffTheSpire:DarkSteelAnvil":125,"aspiration:SilentSkillbook":206,"CultistMask":301,"conspire:BottledYoYo":156,"hubris:TenFootPole":254,"Grinning Jar":45,"CatCart":220,"infinitespire:PuzzleCube":433,"Lantern":0,"SacredBark":188,"StuffTheSpire:EmeraldSignet":446,"Bag of Preparation":117,"jedi:command_boss":188,"Incense Burner":188,"hubris:SlimyHat":368,"relicPack:DarknessArmor":139,"CCEMRelics:TechnogenicHelmet":527,"Replay:Mystery Machine":82,"jedi:archwizardhat":379,"PrismaticShard":46,"Ancient Tea Set":96,"conspire:TopHat":354,"Pet Ghost":361,"Chameleon Ring":117,"hubris:Backtick":260,"infinitespire:Bottled Soul":252,"StuffTheSpire:HeavyRock":153,"jedi:matchstick":471,"halation:Toothbrush":298,"hubris:CuriousFeather":444,"halation:LettersToHer":65,"Cracked Core":83,"CCEMRelics:JestersCrown":82,"Ring of the Snake":0,"aspiration:ChemicalBlood":433,"StuffTheSpire:TintedRock":105,"Lee\u0027s Waffle":368,"DemoMod:Dog":377,"Damaru":166,"StuffTheSpire:Expresso":214,"jedi:crownofsimplicity":139,"Frozen Egg 2":389,"White Beast Statue":368,"CCEMRelics:SpiritsEdge":18,"jedi:fakemustache":65,"Anchor":368,"jedi:ominousloannote":139,"halation:EternalFortune":75,"Durian":181,"Snack Pack":367,"Bottled Lightning":247,"PureWater":150,"jedi:arcanewood":24,"ReplayTheSpireMod:Lightbulb":96,"halation:PinkSoulGem":344}]},"card_choices":[{"not_picked":["DemoMod:BattleInHaste","DemoMod:LifeOrb"],"picked":"DemoMod:GunShield","floor":1},{"not_picked":["DemoMod:HighKaliber","DemoMod:Ejector"],"picked":"DemoMod:MachoBrace","floor":4},{"not_picked":["DemoMod:BoxingGlove","DemoMod:Ejector"],"picked":"DemoMod:RadGun","floor":5},{"not_picked":["DemoMod:JK47","DemoMod:DoubleSwitch"],"picked":"DemoMod:StickyCrossBow","floor":7},{"not_picked":["DemoMod:SniperShot","DemoMod:RadGun"],"picked":"DemoMod:ProbeStrike","floor":8},{"not_picked":["DemoMod:HuntsMan","DemoMod:Unity"],"picked":"DemoMod:Slinger","floor":11},{"not_picked":["DemoMod:Ejector","DemoMod:GunShield"],"picked":"DemoMod:SniperShot","floor":12},{"not_picked":["DemoMod:SuppressiveFire","DemoMod:FullFirepower"],"picked":"DemoMod:GunslingerForm","floor":16},{"not_picked":["DemoMod:AWP","DemoMod:HungryBullets+1"],"picked":"DemoMod:SAA","floor":18},{"not_picked":["DemoMod:AC15+1","DemoMod:FortunesFavor+1"],"picked":"DemoMod:HardPowerCard","floor":19},{"not_picked":["DemoMod:DirectionalPad","DemoMod:FeignSurrender","DemoMod:Purify"],"picked":"SKIP","floor":20},{"not_picked":["DemoMod:AbyssalTentacle+1","DemoMod:HighKaliber"],"picked":"DemoMod:PotionOfGunFriendShip","floor":22},{"not_picked":["DemoMod:StickyCrossBow","DemoMod:ProbeStrike"],"picked":"DemoMod:ChanceBullets","floor":22},{"not_picked":["DemoMod:GunstockTap","DemoMod:PotionOfGunFriendShip"],"picked":"DemoMod:TripleGun","floor":24},{"not_picked":["DemoMod:Polaris","DemoMod:StickyCrossBow"],"picked":"DemoMod:BulletBore","floor":25},{"not_picked":["DemoMod:Ejector","DemoMod:GunstockTap"],"picked":"DemoMod:ConditionalReflex","floor":26},{"not_picked":["DemoMod:HuntsMan","DemoMod:AWP","DemoMod:Ejector+1"],"picked":"SKIP","floor":28},{"not_picked":["DemoMod:FastSwitch","DemoMod:BattleInHaste"],"picked":"DemoMod:DoubleSwitch+1","floor":29}],"player_experience":26920,"relics_obtained":[{"floor":8,"key":"Bronze Scales"},{"floor":9,"key":"jedi:matchstick"},{"floor":26,"key":"CCEMRelics:TechnogenicHelmet"}],"event_choices":[{"cards_removed":["Overencumbered"],"damage_healed":0,"gold_gain":0,"player_choice":"Removed Curses","damage_taken":0,"max_hp_gain":0,"max_hp_loss":0,"event_name":"Fountain of Cleansing","floor":27,"gold_loss":0},{"cards_removed":["DemoMod:TableSutra"],"damage_healed":0,"gold_gain":0,"player_choice":"Take \u0026 Give","damage_taken":0,"max_hp_gain":0,"max_hp_loss":0,"event_name":"betterNote:BetterNote","floor":30,"gold_loss":0,"cards_obtained":["Alpha"]}],"is_beta":false,"boss_relics":[{"not_picked":["hubris:VirtuousBlindfold","aspiration:PoetsPen_weak"],"picked":"relicPack:KazumaCape"}],"items_purged_floors":[3],"is_endless":false,"potions_floor_spawned":[4,7,8,16,18,19,24,28,29],"killed_by":"Snecko","ascension_level":0}}