{"host":"ewn058xs2vaj5uc6","time":1612101520,"event":{"mods":["ATMod(??Mod)","Act Like it!","Aspiration","BaseMod","BetterRewards","Colored Map","Colored Powertips","Conspire","Gensokyo","Highlight Path","Lobotomy","Minty Spire (QoL Compilation)","Quick Restart","Reliquary","Replay The Spire","RumiaBox-????????","Shop Mod","StSLib","SuperFastMode","UnlockEverythingMod","??????REMEMod","????"],"gold_per_floor":[88888,88888,87949,87965,87965,87993,87279,86642,86666,86682,85886,85900,85933,85943,85280,85355,85355,85368,84494,84494,84513,84605,83900,84012,84012,84012,84040,83083,83083,82161,82181,81167,81167,81167],"floor_reached":33,"language":"ZHS","playtime":1583,"items_purged":["Strike_P","Eruption","Vigilance","Strike_P","Strike_P","Defend_P","Sadistic Nature","Writhe","Defend_P","Replay:Parry"],"score":686,"play_id":"53a8ba68-6e47-4086-baa9-af14986d6418","local_time":"20210131215840","is_ascension_mode":true,"campfire_choices":[],"circlet_count":0,"master_deck":["AscendersBane","Defend_P","Defend_P","Heaven","BattleHymn","REME_BodyOfCthun","PathToVictory","AT_EmpoweredMortalDraw","ReplayTheSpireMod:Uncanny Aura","Judgement","REME_WheelOfFate","PathToVictory+1","Perseverance+1","conspire:Banana+1","PathToVictory+1","Replay:Parry+1","Secret Technique+1"],"relics":["PureWater","AT_ATBox","REME_ComplimentaryCards","Burning Blood","Divine Protection","Akabeko","MerchantsRug","Art of War","Replay:Rubber Ducky","REME_HandOfSuture","conspire:TreasureMap","InkBottle","AT_EbonyIvory","PreservedInsect","REME_OnlineShoppingPlatform","Simple Rune","reliquary:RosewoodLute","reliquary:Knoch","Strange Spoon","Replay:Bronze Core","reliquary:TuningFork","Happy Flower","OrangePellets","aspiration:HummingbirdHeart","reliquary:Boomerang","Boot","Toxic Egg 2","Bag of Preparation","AT_SunfireAegis","Tiny Chest","Molten Egg 2","HornCleat","TheAbacus","Damaru","Replay:Baseball","REME_CardOfGreed","Darkstone Periapt","Medical Kit"],"acts_visited":["Exordium","TheCity"],"potions_floor_usage":[],"damage_taken":[{"damage":0.0,"enemies":"Cultist","floor":1.0,"turns":2.0},{"damage":0.0,"enemies":"Small Slimes","floor":4.0,"turns":2.0},{"damage":9.0,"enemies":"3 Sentries","floor":6.0,"turns":6.0},{"damage":0.0,"enemies":"Jaw Worm","floor":10.0,"turns":1.0},{"damage":0.0,"enemies":"Exordium Wildlife","floor":12.0,"turns":4.0},{"damage":0.0,"enemies":"Gremlin Nob","floor":13.0,"turns":2.0},{"damage":0.0,"enemies":"Large Slime","floor":14.0,"turns":3.0},{"damage":21.0,"enemies":"The Guardian","floor":16.0,"turns":6.0},{"damage":0.0,"enemies":"conspire:FuzzyDice","floor":18.0,"turns":5.0},{"damage":0.0,"enemies":"Chosen","floor":21.0,"turns":2.0},{"damage":0.0,"enemies":"Snecko","floor":22.0,"turns":4.0},{"damage":4.0,"enemies":"REME_1_Revenger","floor":24.0,"turns":3.0},{"damage":5,"enemies":"conspire:SneckoGhost","floor":27,"turns":4},{"damage":0,"enemies":"Chosen and Byrds","floor":31,"turns":3},{"damage":150,"enemies":"Champ","floor":33,"turns":1}],"seed_played":"-4197339450072357142","potions_obtained":[{"floor":1.0,"key":"EssenceOfSteel"},{"floor":6.0,"key":"Swift Potion"}],"is_trial":false,"path_per_floor":["M","T","$","M","?","E","R","$","T","M","$","M","E","M","R","B",null,"M","$","?","M","M","R","E","?","T","E","R","?","$","M","R_BF","B"],"character_chosen":"WATCHER","items_purchased":["Akabeko","reliquary:TatteredRug","ReplayTheSpireMod:ShopPack","MerchantsRug","SkillPotion","BottledMiracle","Sadistic Nature","Replay:Parry","Replay:Rubber Ducky","REME_HandOfSuture","conspire:TreasureMap","BattleHymn","Weak Potion","InkBottle","REME_BodyOfCthun","PathToVictory","PreservedInsect","REME_OnlineShoppingPlatform","AT_EmpoweredMortalDraw","ReplayTheSpireMod:Uncanny Aura","reliquary:RosewoodLute","reliquary:Knoch","Strange Spoon","reliquary:TuningFork","Happy Flower","OrangePellets","REME_WheelOfFate","Boot","Toxic Egg 2","PathToVictory+1","Molten Egg 2","HornCleat","TheAbacus","Damaru","Replay:Baseball","REME_CardOfGreed","conspire:Banana+1","PathToVictory+1","Darkstone Periapt","Medical Kit","Replay:Parry+1","Secret Technique+1"],"campfire_rested":0,"item_purchase_floors":[3,3,3,3,3,3,3,3,7,7,7,7,7,8,8,8,11,11,11,11,15,15,15,19,19,19,19,23,23,23,28,28,28,30,30,30,30,30,32,32,32,32],"current_hp_per_floor":[67,67,67,68,68,65,65,65,65,68,68,68,68,68,68,53,64,68,68,68,68,68,68,68,49,49,50,50,46,46,74,74,0,0],"gold":81167,"neow_bonus":"NOSTALGIA","is_daily":false,"chose_seed":false,"campfire_upgraded":0,"win_rate":0.0,"timestamp":1612101520,"path_taken":["M","?","$","M","?","E","R","$","T","M","?","?","E","M","R","BOSS","M","$","?","?","M","R","E","?","T","E","R","?","$","M","R_BF","BOSS"],"items_purchased_type":["Relic","Relic","Relic","Relic","Potion","Potion","Card","Card","Relic","Relic","Relic","Card","Potion","Relic","Card","Card","Relic","Relic","Card","Card","Relic","Relic","Relic","Relic","Relic","Relic","Card","Relic","Relic","Card","Relic","Relic","Relic","Relic","Relic","Relic","Card","Card","Relic","Relic","Card","Card"],"build_version":"2020-12-22","purchased_purges":10,"victory":false,"max_hp_per_floor":[68,68,68,68,68,68,68,68,68,68,68,68,68,68,68,68,68,68,68,68,68,68,68,68,73,73,73,73,73,73,75,75,75,75],"card_choices":[{"not_picked":["REME_Repentance","Perseverance","Evaluate"],"picked":"SKIP","floor":1.0},{"not_picked":["FollowUp","WaveOfTheHand","BowlingBash"],"picked":"SKIP","floor":4.0},{"not_picked":["AT_SoftenMuscles","FlurryOfBlows","AT_DivineConfetti"],"picked":"SKIP","floor":6.0},{"not_picked":["Adaptation","ClearTheMind","CutThroughFate"],"picked":"SKIP","floor":10.0},{"not_picked":["BowlingBash","CutThroughFate","Adaptation"],"picked":"SKIP","floor":12.0},{"not_picked":["Replay:ManipulateFuture","ThirdEye","Wallop"],"picked":"SKIP","floor":13.0},{"not_picked":["Prostrate","JustLucky","REME_WorshipGod"],"picked":"SKIP","floor":14.0},{"not_picked":["DevaForm","REME_CRH"],"picked":"Judgement","floor":16.0},{"not_picked":["Tantrum","BowlingBash","ThirdEye"],"picked":"SKIP","floor":18.0},{"not_picked":["PathToVictory","Collect","CutThroughFate"],"picked":"SKIP","floor":21.0},{"not_picked":["FollowUp+1","Replay:BluntJabs","Tantrum"],"picked":"SKIP","floor":22.0},{"not_picked":["EmptyBody+1","Replay:Vibes+1"],"picked":"Perseverance+1","floor":24.0},{"not_picked":["Omniscience+1","Conclude","CrushJoints"],"picked":"SKIP","floor":27},{"not_picked":["Consecrate+1","MentalFortress","Replay:Cycle+1"],"picked":"SKIP","floor":31}],"player_experience":98234,"relics_obtained":[{"floor":2.0,"key":"Divine Protection"},{"floor":6.0,"key":"Art of War"},{"floor":9.0,"key":"AT_EbonyIvory"},{"floor":13.0,"key":"Simple Rune"},{"floor":24.0,"key":"Bag of Preparation"},{"floor":26.0,"key":"AT_SunfireAegis"},{"floor":27,"key":"Tiny Chest"}],"event_choices":[{"cards_removed":["Strike_P"],"damage_healed":0.0,"max_hp_gain":0.0,"max_hp_loss":0.0,"gold_gain":0.0,"event_name":"Living Wall","player_choice":"Forget","floor":5.0,"gold_loss":0.0,"damage_taken":0.0},{"damage_healed":0.0,"max_hp_gain":0.0,"max_hp_loss":0.0,"gold_gain":0.0,"event_name":"The Mausoleum","player_choice":"Opened","floor":20.0,"gold_loss":0.0,"damage_taken":0.0,"relics_obtained":["aspiration:HummingbirdHeart"],"cards_obtained":["Writhe"]},{"damage_healed":0.0,"max_hp_gain":5.0,"max_hp_loss":0.0,"gold_gain":0.0,"event_name":"Forgotten Altar","player_choice":"Shed Blood","floor":25.0,"gold_loss":0.0,"damage_taken":24.0},{"damage_healed":0,"gold_gain":0,"player_choice":"Leave","damage_taken":0,"max_hp_gain":0,"max_hp_loss":0,"event_name":"conspire:Investor","floor":29,"gold_loss":0}],"is_beta":false,"boss_relics":[{"not_picked":["conspire:SpecialSausage","conspire:RunicOctahedron"],"picked":"Replay:Bronze Core"}],"items_purged_floors":[3,7,8,11,15,19,23,28,30,32],"is_endless":false,"potions_floor_spawned":[1,6,12,14,18,22],"killed_by":"Champ","ascension_level":20}}