{"host":"wuernuywc9gl215o","time":1612099257,"event":{"mods":["AchievementEnabler","BaseMod","Block Reminder","Key Reminder","Minty Spire (QoL Compilation)","Permanent Neow","Potion Indicator Mod","Quick Restart","Relic Stats"],"gold_per_floor":[113,113,127,195,195,195,0,27,52,71,82,116,116,129,129,231,231,247,258,271,29,29,63,63,75,75,23,37,53,53,15,15,15,15],"floor_reached":33,"language":"ENG","playtime":1938,"items_purged":["Regret"],"score":388,"play_id":"1d0c4ce9-6dd2-4d78-89fb-7f33f5aa84bf","local_time":"20210131132057","is_ascension_mode":true,"campfire_choices":[{"data":"Predator","floor":6.0,"key":"SMITH"},{"floor":15.0,"key":"REST"},{"data":"Storm of Steel","floor":24.0,"key":"SMITH"},{"floor":32,"key":"REST"}],"circlet_count":0,"master_deck":["Strike_G","Strike_G+1","Strike_G+1","Strike_G","Strike_G","Defend_G","Defend_G","Defend_G","Defend_G","Defend_G","Survivor","Neutralize","Predator+1","PiercingWail","Underhanded Strike","Noxious Fumes","Crippling Poison","Catalyst+1","Bane","Storm of Steel+1","Caltrops","Cloak And Dagger+1","Cloak And Dagger+1","Blade Dance","Blade Dance+1","Acrobatics+1","Parasite","PiercingWail+1","Expertise+1","Dodge and Roll+1","Reflex+1"],"relics":["Ring of the Snake","TungstenRod","Ancient Tea Set","Membership Card","Bronze Scales","Toy Ornithopter","Tingsha","Cursed Key","The Specimen","Happy Flower","Toxic Egg 2","PreservedInsect","Molten Egg 2"],"acts_visited":["Exordium","TheCity"],"potions_floor_usage":[25,33],"damage_taken":[{"damage":4.0,"enemies":"Small Slimes","floor":1.0,"turns":5.0},{"damage":8.0,"enemies":"Jaw Worm","floor":3.0,"turns":3.0},{"damage":13.0,"enemies":"Lagavulin","floor":8.0,"turns":6.0},{"damage":0.0,"enemies":"Cultist","floor":10.0,"turns":3.0},{"damage":0.0,"enemies":"3 Louse","floor":11.0,"turns":3.0},{"damage":15.0,"enemies":"3 Sentries","floor":12.0,"turns":7.0},{"damage":0.0,"enemies":"Exordium Wildlife","floor":14.0,"turns":3.0},{"damage":5.0,"enemies":"Hexaghost","floor":16.0,"turns":7.0},{"damage":0.0,"enemies":"3 Byrds","floor":18.0,"turns":2.0},{"damage":5.0,"enemies":"Spheric Guardian","floor":19.0,"turns":5.0},{"damage":8.0,"enemies":"Shelled Parasite and Fungi","floor":20.0,"turns":4.0},{"damage":18.0,"enemies":"Book of Stabbing","floor":23.0,"turns":4.0},{"damage":6,"enemies":"3 Cultists","floor":25,"turns":4},{"damage":0,"enemies":"Centurion and Healer","floor":28,"turns":5},{"damage":15,"enemies":"Snake Plant","floor":29,"turns":5},{"damage":82,"enemies":"Champ","floor":33,"turns":11}],"seed_played":"-6616622395851075765","potions_obtained":[{"floor":3.0,"key":"PowerPotion"},{"floor":10.0,"key":"AttackPotion"},{"floor":12.0,"key":"Swift Potion"},{"floor":18.0,"key":"SpeedPotion"},{"floor":19.0,"key":"SteroidPotion"},{"floor":20.0,"key":"PowerPotion"}],"is_trial":false,"path_per_floor":["M","?","M","?","?","R","$","E","T","M","M","E","?","M","R","B",null,"M","M","M","$","?","E","R","M","T","$","M","M","?","$","R","B"],"character_chosen":"THE_SILENT","items_purchased":["Membership Card","Underhanded Strike","The Specimen","Happy Flower","Blade Dance","PiercingWail+1","Expertise+1","Regen Potion"],"campfire_rested":2,"item_purchase_floors":[7,7,21,21,21,27,27,31],"current_hp_per_floor":[59,46,38,38,36,36,36,23,23,23,23,13,13,13,34,29,60,60,65,57,57,57,44,44,43,43,43,43,28,28,28,49,0,0],"gold":15,"neow_bonus":"ONE_RARE_RELIC","is_daily":false,"chose_seed":false,"campfire_upgraded":2,"win_rate":0.0,"timestamp":1612099257,"path_taken":["M","?","M","?","?","R","$","E","T","?","M","E","?","M","R","BOSS","M","M","M","$","?","E","R","M","T","$","M","?","?","$","R","BOSS"],"items_purchased_type":["Relic","Card","Relic","Relic","Card","Card","Card","Potion"],"build_version":"2020-12-22","purchased_purges":1,"victory":false,"max_hp_per_floor":[70,70,70,70,70,70,70,70,70,70,70,70,70,70,70,70,70,70,70,70,70,70,70,70,70,70,70,70,70,70,70,70,70,70],"relic_stats":{"Happy Flower":[9],"counters":[16,77],"Bronze Scales":[222],"Tingsha":[71],"PreservedInsect":0,"Cursed Key":1,"obtain_stats":[{"The Specimen":21,"Happy Flower":21,"Tingsha":12,"PreservedInsect":23,"Ancient Tea Set":5,"Cursed Key":17,"Bronze Scales":8,"Molten Egg 2":26,"Membership Card":7,"Toxic Egg 2":22,"TungstenRod":0,"Toy Ornithopter":9,"Ring of the Snake":0},{"The Specimen":11,"Happy Flower":11,"Tingsha":6,"PreservedInsect":12,"Ancient Tea Set":2,"Cursed Key":8,"Bronze Scales":3,"Molten Egg 2":13,"Membership Card":2,"Toxic Egg 2":11,"TungstenRod":0,"Toy Ornithopter":3,"Ring of the Snake":0},{"The Specimen":48,"Happy Flower":48,"Tingsha":27,"PreservedInsect":52,"Ancient Tea Set":8,"Cursed Key":37,"Bronze Scales":14,"Molten Egg 2":56,"Membership Card":8,"Toxic Egg 2":48,"TungstenRod":0,"Toy Ornithopter":14,"Ring of the Snake":0}],"TungstenRod":35,"Toy Ornithopter":30,"Ring of the Snake":[32]},"card_choices":[{"not_picked":["Catalyst","Reflex"],"picked":"Predator","floor":1.0},{"not_picked":["Prepared","Dodge and Roll"],"picked":"PiercingWail","floor":3.0},{"not_picked":["Endless Agony","Poisoned Stab"],"picked":"Deadly Poison","floor":8.0},{"not_picked":["Sucker Punch","Terror"],"picked":"Noxious Fumes","floor":10.0},{"not_picked":["Expertise","Envenom"],"picked":"Crippling Poison","floor":11.0},{"not_picked":["Heel Hook","Blade Dance"],"picked":"Catalyst","floor":12.0},{"not_picked":["Acrobatics","Cloak And Dagger"],"picked":"Bane","floor":14.0},{"not_picked":["Phantasmal Killer","Doppelganger"],"picked":"Storm of Steel","floor":16.0},{"not_picked":["Dagger Spray+1","Reflex"],"picked":"Caltrops","floor":18.0},{"not_picked":["Flechettes","Bane"],"picked":"Cloak And Dagger+1","floor":19.0},{"not_picked":["Flying Knee+1","Infinite Blades"],"picked":"Cloak And Dagger+1","floor":20.0},{"not_picked":["Concentrate+1","Die Die Die"],"picked":"Blade Dance+1","floor":23.0},{"not_picked":["Caltrops+1","Blur+1"],"picked":"Acrobatics+1","floor":25},{"not_picked":["All Out Attack+1","Flechettes+1"],"picked":"Dodge and Roll+1","floor":28},{"not_picked":["Slice+1","Outmaneuver+1"],"picked":"Reflex+1","floor":29}],"player_experience":723391,"relics_obtained":[{"floor":8.0,"key":"Bronze Scales"},{"floor":9.0,"key":"Toy Ornithopter"},{"floor":12.0,"key":"Tingsha"},{"floor":23.0,"key":"PreservedInsect"},{"floor":26,"key":"Molten Egg 2"}],"event_choices":[{"damage_healed":0.0,"max_hp_gain":0.0,"max_hp_loss":0.0,"gold_gain":0.0,"event_name":"Shining Light","player_choice":"Entered Light","floor":2.0,"gold_loss":0.0,"damage_taken":14.0,"cards_upgraded":["Strike_G","Strike_G"]},{"damage_healed":0.0,"max_hp_gain":0.0,"max_hp_loss":0.0,"gold_gain":68.0,"event_name":"Golden Wing","player_choice":"Gained Gold","floor":4.0,"gold_loss":0.0,"damage_taken":0.0},{"damage_healed":0.0,"max_hp_gain":0.0,"max_hp_loss":0.0,"gold_gain":0.0,"event_name":"Scrap Ooze","player_choice":"Success","floor":5.0,"gold_loss":0.0,"damage_taken":3.0,"relics_obtained":["Ancient Tea Set"]},{"damage_healed":0.0,"max_hp_gain":0.0,"max_hp_loss":0.0,"gold_gain":0.0,"event_name":"Living Wall","player_choice":"Grow","floor":13.0,"gold_loss":0.0,"damage_taken":0.0,"cards_upgraded":["Catalyst"]},{"cards_removed":["Deadly Poison"],"damage_healed":0.0,"max_hp_gain":0.0,"max_hp_loss":0.0,"gold_gain":0.0,"event_name":"WeMeetAgain","player_choice":"Gave Card","floor":22.0,"gold_loss":0.0,"damage_taken":0.0,"relics_obtained":["Toxic Egg 2"]},{"damage_healed":0,"gold_gain":0,"player_choice":"Ignored","damage_taken":0,"max_hp_gain":0,"max_hp_loss":0,"event_name":"Vampires","floor":30,"gold_loss":0}],"is_beta":false,"boss_relics":[{"not_picked":["HoveringKite","Ectoplasm"],"picked":"Cursed Key"}],"items_purged_floors":[7],"is_endless":false,"potions_floor_spawned":[3,10,12,18,19,20],"killed_by":"Champ","ascension_level":8}}