{"host":"cnq91ghfhf6lz0gv","time":1612131602,"event":{"mods":["BaseMod","Clockwork Mod","Colored Map","Colored Powertips","Conspire","Downfall","Googly Eyes","Highlight Path","Minty Spire (QoL Compilation)","Replay The Spire","StSLib","SuperFastMode","The IronCluck","The Showman","slay the spire mod where everything is the same but ironclad has a cowboy hat"],"gold_per_floor":[119,119,119,72,83,83,116,133,186,186,198,198,215,230,230,329,329,340,340,9,23,23,23],"floor_reached":22,"language":"ENG","playtime":1636,"items_purged":["Amnesia"],"score":195,"play_id":"9c88b656-dbd3-4e9b-9382-1172c2fb1024","local_time":"20210131172002","is_ascension_mode":true,"campfire_choices":[{"data":"Clockwork:Tinker","floor":6.0,"key":"SMITH"},{"data":"Clockwork:TimeWalk","floor":12.0,"key":"SMITH"},{"data":"Clockwork:Roundhouse","floor":15.0,"key":"SMITH"}],"circlet_count":0,"master_deck":["Clockwork:Strike","Clockwork:Strike","Clockwork:Strike+1","Clockwork:Shield","Clockwork:Shield+1","Clockwork:Shield","Clockwork:Shield","Clockwork:Tinker+1","Clockwork:WarmUp+1","Clockwork:LiteraryArmor","Clockwork:Roundhouse+1","Clockwork:Pluck+1","Clockwork:Pluck+1","Clockwork:TimeWalk+1","Clockwork:CogBarrier","Clockwork:SmithsMallet","Clockwork:SystemHardening+1","Clockwork:AssemblyLine"],"relics":["Clockwork:MomentumEngine","Lantern","conspire:RoyalGoblet","conspire:Flyswatter"],"acts_visited":["Exordium","TheCity"],"potions_floor_usage":[],"damage_taken":[{"damage":1.0,"enemies":"Small Slimes","floor":1.0,"turns":8.0},{"damage":0.0,"enemies":"Jaw Worm","floor":5.0,"turns":7.0},{"damage":60.0,"enemies":"Gremlin Nob","floor":7.0,"turns":7.0},{"damage":3.0,"enemies":"conspire:RoseBush","floor":8.0,"turns":6.0},{"damage":17.0,"enemies":"Exordium Wildlife","floor":11.0,"turns":6.0},{"damage":12.0,"enemies":"conspire:2 RoseBushes","floor":13.0,"turns":10.0},{"damage":0.0,"enemies":"Gremlin Gang","floor":14.0,"turns":3.0},{"damage":27.0,"enemies":"Hexaghost","floor":16.0,"turns":9.0},{"damage":11.0,"enemies":"3 Byrds","floor":18.0,"turns":4.0},{"damage":4.0,"enemies":"conspire:FuzzyDice","floor":21.0,"turns":11.0},{"damage":76,"enemies":"Snecko","floor":22,"turns":9}],"seed_played":"-634472263476891981","potions_obtained":[{"floor":2.0,"key":"EntropicBrew"},{"floor":2.0,"key":"LiquidBronze"},{"floor":2.0,"key":"hexamod:SoulburnPotion"},{"floor":5.0,"key":"SteroidPotion"},{"floor":8.0,"key":"Guardian:BlockOnCardUsePotion"}],"is_trial":false,"path_per_floor":["M","?","$","$","M","R","E","M","T","?","M","R","M","M","R","B",null,"M","?","$","M","M"],"character_chosen":"CLOCKWORK","items_purchased":["Clockwork:Pluck","conspire:Flyswatter"],"campfire_rested":0,"item_purchase_floors":[4,20],"current_hp_per_floor":[84,84,84,84,84,84,24,21,21,85,68,68,56,56,56,29,85,74,74,74,70,0,0],"gold":23,"neow_bonus":"TRANSFORM_CARD","is_daily":false,"chose_seed":false,"campfire_upgraded":3,"win_rate":0.0,"timestamp":1612131602,"path_taken":["M","?","?","$","M","R","E","M","T","?","M","R","?","M","R","BOSS","M","?","$","?","M"],"items_purchased_type":["Card","Relic"],"build_version":"2020-12-22","purchased_purges":1,"victory":false,"max_hp_per_floor":[85,85,85,85,85,85,85,85,85,85,85,85,85,85,85,85,85,85,85,85,85,85,85],"card_choices":[{"not_picked":["Clockwork:Improve","Clockwork:HoardingStrike"],"picked":"Clockwork:Roundhouse","floor":1.0},{"not_picked":["Clockwork:ChargingBlade","Clockwork:ForgeStrike"],"picked":"Clockwork:Pluck","floor":5.0},{"not_picked":["Clockwork:MechanicalBulk","Clockwork:LiteraryArmor"],"picked":"Clockwork:TimeWalk","floor":7.0},{"not_picked":["Clockwork:SystemScan","Clockwork:TiltAWhirl","Clockwork:ReserveSystems"],"picked":"SKIP","floor":8.0},{"not_picked":["Clockwork:Enhance","Clockwork:Downsize"],"picked":"Clockwork:SmithsMallet","floor":11.0},{"not_picked":["Clockwork:ChargingBlade","Clockwork:Selectivity"],"picked":"Clockwork:CogBarrier","floor":13.0},{"not_picked":["Clockwork:AdaptiveShield","Clockwork:CogToss"],"picked":"Clockwork:SmithsMallet","floor":14.0},{"not_picked":["Clockwork:ChargingBlade","Clockwork:LogisticRegression+1"],"picked":"Clockwork:SystemHardening+1","floor":18.0},{"not_picked":["Clockwork:AdaptiveShield","Clockwork:ForgeStrike"],"picked":"Clockwork:AssemblyLine","floor":21.0}],"player_experience":203679,"relics_obtained":[{"floor":7.0,"key":"Lantern"}],"event_choices":[{"damage_healed":0.0,"max_hp_gain":0.0,"max_hp_loss":0.0,"gold_gain":0.0,"event_name":"Lab","player_choice":"Got Potions","floor":2.0,"gold_loss":0.0,"damage_taken":0.0},{"damage_healed":0.0,"max_hp_gain":0.0,"max_hp_loss":0.0,"gold_gain":0.0,"event_name":"N\u0027loth","player_choice":"Ignored","floor":19.0,"gold_loss":0.0,"damage_taken":0.0}],"is_beta":false,"boss_relics":[{"not_picked":["conspire:SeveredTorchhead","ReplayTheSpireMod:DimensionalGlitch"],"picked":"conspire:RoyalGoblet"}],"items_purged_floors":[20],"is_endless":false,"potions_floor_spawned":[5,8,11,21],"killed_by":"Snecko","ascension_level":1}}