{"host":"gc0hqzwg2gd3zszy","time":1612070161,"event":{"mods":["BaseMod","DeckTracker","Minty Spire (QoL Compilation)","Relic Stats","SuperFastMode"],"gold_per_floor":[118,118,135,149,149,181,181,206,276,276,29,29,46,59,59,132,132,149,169,94,106,136,136,36,36,91,91,107,107,123,135,135,207,207,218,93,111,111,127,127,127],"floor_reached":40,"language":"KOR","playtime":1500,"items_purged":["Strike_P","Strike_P","Defend_P"],"score":846,"play_id":"7db1f874-4e8a-4fd6-96f6-814fcd1c20e5","local_time":"20210131141601","is_ascension_mode":true,"campfire_choices":[{"floor":10.0,"key":"REST"},{"floor":12.0,"key":"REST"},{"data":"Tantrum","floor":15.0,"key":"SMITH"},{"floor":23.0,"key":"REST"},{"data":"Vault","floor":27.0,"key":"SMITH"},{"data":"WreathOfFlame","floor":29.0,"key":"SMITH"},{"floor":32.0,"key":"REST"}],"circlet_count":0,"master_deck":["AscendersBane","Defend_P","Defend_P","Eruption+1","Vigilance","FlurryOfBlows","WreathOfFlame+1","Tantrum+1","EmptyFist","SandsOfTime","Adaptation","ConjureBlade","CutThroughFate","Halt","Vault+1","Collect","CrushJoints","Fasting2","Prostrate","Ragnarok","TalkToTheHand","FollowUp","Consecrate","Halt+1"],"relics":["PureWater","Prayer Wheel","Vajra","Happy Flower","ClockworkSouvenir","Runic Pyramid","Red Mask","Bronze Scales","Boot","Empty Cage"],"acts_visited":["Exordium","TheCity","TheBeyond"],"potions_floor_usage":[40],"damage_taken":[{"damage":7.0,"enemies":"Cultist","floor":1.0,"turns":3.0},{"damage":2.0,"enemies":"2 Louse","floor":3.0,"turns":2.0},{"damage":10.0,"enemies":"Small Slimes","floor":4.0,"turns":2.0},{"damage":0.0,"enemies":"Gremlin Nob","floor":6.0,"turns":2.0},{"damage":2.0,"enemies":"3 Sentries","floor":8.0,"turns":4.0},{"damage":14.0,"enemies":"Exordium Wildlife","floor":13.0,"turns":3.0},{"damage":0.0,"enemies":"2 Fungi Beasts","floor":14.0,"turns":2.0},{"damage":26.0,"enemies":"Hexaghost","floor":16.0,"turns":4.0},{"damage":0.0,"enemies":"Spheric Guardian","floor":18.0,"turns":3.0},{"damage":4.0,"enemies":"Chosen","floor":19.0,"turns":3.0},{"damage":14.0,"enemies":"Snake Plant","floor":21.0,"turns":2.0},{"damage":22.0,"enemies":"Masked Bandits","floor":22.0,"turns":5.0},{"damage":0.0,"enemies":"Snecko","floor":28.0,"turns":3.0},{"damage":6.0,"enemies":"Cultist and Chosen","floor":30.0,"turns":5.0},{"damage":4.0,"enemies":"Centurion and Healer","floor":31.0,"turns":4.0},{"damage":14.0,"enemies":"Champ","floor":33.0,"turns":9.0},{"damage":2.0,"enemies":"3 Shapes","floor":35.0,"turns":4.0},{"damage":2.0,"enemies":"3 Darklings","floor":37.0,"turns":4.0},{"damage":48.0,"enemies":"Jaw Worm Horde","floor":39.0,"turns":4.0},{"damage":14,"enemies":"Reptomancer","floor":40,"turns":3}],"seed_played":"451305305670635191","potions_obtained":[{"floor":6.0,"key":"DistilledChaos"},{"floor":14.0,"key":"ColorlessPotion"},{"floor":18.0,"key":"AttackPotion"},{"floor":22.0,"key":"SmokeBomb"},{"floor":33.0,"key":"Fire Potion"},{"floor":35.0,"key":"Block Potion"},{"floor":38.0,"key":"LiquidMemories"},{"floor":38.0,"key":"Explosive Potion"}],"is_trial":false,"path_per_floor":["M","?","M","M","?","E","?","E","T","R","$","R","M","M","R","B",null,"M","M","$","M","?","R","$","?","T","R","M","R","M","M","R","B",null,"M","$","M","?","M","E"],"character_chosen":"WATCHER","items_purchased":["Adaptation","ClockworkSouvenir"],"campfire_rested":4,"item_purchase_floors":[11,11],"current_hp_per_floor":[54,54,52,42,42,42,7,5,5,25,25,45,31,31,31,5,52,52,48,48,34,12,32,32,32,32,32,32,32,26,22,42,28,58,56,56,54,54,6,0,0],"gold":127,"neow_bonus":"UPGRADE_CARD","is_daily":false,"chose_seed":false,"campfire_upgraded":3,"win_rate":0.0,"timestamp":1612070161,"path_taken":["M","?","?","M","?","E","?","E","T","R","?","R","M","M","R","BOSS","M","M","$","M","?","R","$","?","T","R","M","R","M","?","R","BOSS","M","$","M","?","M","E"],"items_purchased_type":["Card","Relic"],"build_version":"2020-12-22","purchased_purges":3,"victory":false,"max_hp_per_floor":[68,68,68,68,68,68,68,68,68,68,68,68,68,68,68,68,68,68,68,68,68,68,68,68,68,68,68,68,68,68,68,68,68,68,68,68,68,68,68,68,68],"relic_stats":{"Happy Flower":[19],"counters":[20,71],"Bronze Scales":[42],"Prayer Wheel":11,"Boot":[18],"obtain_stats":[{"Happy Flower":8,"Bronze Scales":25,"Vajra":7,"Prayer Wheel":6,"Red Mask":22,"PureWater":0,"Boot":26,"Empty Cage":34,"ClockworkSouvenir":11,"Runic Pyramid":17},{"Happy Flower":5,"Bronze Scales":12,"Vajra":4,"Prayer Wheel":4,"Red Mask":12,"PureWater":0,"Boot":12,"Empty Cage":16,"ClockworkSouvenir":5,"Runic Pyramid":8},{"Happy Flower":13,"Bronze Scales":35,"Vajra":9,"Prayer Wheel":9,"Red Mask":35,"PureWater":0,"Boot":35,"Empty Cage":56,"ClockworkSouvenir":13,"Runic Pyramid":22}]},"card_choices":[{"not_picked":["Evaluate","PathToVictory"],"picked":"FlurryOfBlows","floor":1.0},{"not_picked":["PathToVictory","FlyingSleeves"],"picked":"WreathOfFlame","floor":3.0},{"not_picked":["Consecrate","WheelKick"],"picked":"Tantrum","floor":4.0},{"not_picked":["ClearTheMind","FlyingSleeves"],"picked":"EmptyFist","floor":6.0},{"not_picked":["CutThroughFate","ClearTheMind"],"picked":"SandsOfTime","floor":8.0},{"not_picked":["PathToVictory","ClearTheMind"],"picked":"ConjureBlade","floor":13.0},{"not_picked":["EmptyFist","JustLucky"],"picked":"CutThroughFate","floor":13.0},{"not_picked":["CrushJoints","Crescendo"],"picked":"Halt","floor":14.0},{"not_picked":["Weave","Protect","JustLucky"],"picked":"SKIP","floor":14.0},{"not_picked":["Omniscience","Brilliance"],"picked":"Vault","floor":16.0},{"not_picked":["Evaluate+1","SashWhip"],"picked":"Collect","floor":18.0},{"not_picked":["CarveReality+1","FlyingSleeves"],"picked":"CrushJoints","floor":18.0},{"not_picked":["EmptyFist","Wireheading","CutThroughFate"],"picked":"SKIP","floor":19.0},{"not_picked":["Evaluate","FlurryOfBlows","CutThroughFate"],"picked":"SKIP","floor":19.0},{"not_picked":["Sanctity+1","FlyingSleeves","Brilliance"],"picked":"SKIP","floor":21.0},{"not_picked":["ReachHeaven","Conclude","Crescendo"],"picked":"SKIP","floor":21.0},{"not_picked":["WreathOfFlame","JustLucky"],"picked":"Fasting2","floor":22.0},{"not_picked":["Wallop","Meditate","SandsOfTime"],"picked":"SKIP","floor":28.0},{"not_picked":["WindmillStrike","EmptyMind","Tantrum"],"picked":"SKIP","floor":28.0},{"not_picked":["FlurryOfBlows","ThirdEye"],"picked":"Prostrate","floor":30.0},{"not_picked":["Meditate","Protect","Consecrate+1"],"picked":"SKIP","floor":30.0},{"not_picked":["SignatureMove","WaveOfTheHand","FlurryOfBlows"],"picked":"SKIP","floor":31.0},{"not_picked":["Establishment","Perseverance","PathToVictory"],"picked":"SKIP","floor":31.0},{"not_picked":["Vault","MasterReality"],"picked":"Ragnarok","floor":33.0},{"not_picked":["BattleHymn","CutThroughFate"],"picked":"TalkToTheHand","floor":35.0},{"not_picked":["Crescendo","Pray+1"],"picked":"FollowUp","floor":35.0},{"not_picked":["BattleHymn+1","Tantrum"],"picked":"Consecrate","floor":37.0},{"not_picked":["Adaptation","CutThroughFate","Indignation"],"picked":"SKIP","floor":37.0},{"not_picked":["EmptyBody","CutThroughFate"],"picked":"Halt+1","floor":39.0},{"not_picked":["FlyingSleeves+1","Wallop","FlurryOfBlows"],"picked":"SKIP","floor":39.0}],"player_experience":1378204,"relics_obtained":[{"floor":6.0,"key":"Prayer Wheel"},{"floor":8.0,"key":"Happy Flower"},{"floor":22.0,"key":"Red Mask"},{"floor":26.0,"key":"Boot"}],"event_choices":[{"cards_removed":["Strike_P"],"damage_healed":0.0,"max_hp_gain":0.0,"max_hp_loss":0.0,"gold_gain":0.0,"event_name":"Bonfire Elementals","player_choice":"Offered Basic","floor":2.0,"gold_loss":0.0,"damage_taken":0.0},{"damage_healed":0.0,"max_hp_gain":0.0,"max_hp_loss":0.0,"gold_gain":0.0,"event_name":"Liars Game","player_choice":"Ignored","floor":5.0,"gold_loss":0.0,"damage_taken":0.0},{"damage_healed":0.0,"max_hp_gain":0.0,"max_hp_loss":0.0,"gold_gain":0.0,"event_name":"Scrap Ooze","player_choice":"Success","floor":7.0,"gold_loss":0.0,"damage_taken":35.0,"relics_obtained":["Vajra"]},{"damage_healed":0.0,"max_hp_gain":0.0,"max_hp_loss":0.0,"gold_gain":0.0,"event_name":"Masked Bandits","player_choice":"Fought Bandits","floor":22.0,"gold_loss":0.0,"damage_taken":0.0},{"damage_healed":0.0,"max_hp_gain":0.0,"max_hp_loss":0.0,"gold_gain":0.0,"event_name":"WeMeetAgain","player_choice":"Gave Potion","floor":25.0,"gold_loss":0.0,"damage_taken":0.0,"relics_obtained":["Bronze Scales"]},{"damage_healed":0.0,"max_hp_gain":0.0,"max_hp_loss":0.0,"gold_gain":0.0,"event_name":"Lab","player_choice":"Got Potions","floor":38.0,"gold_loss":0.0,"damage_taken":0.0}],"is_beta":false,"boss_relics":[{"not_picked":["HolyWater","Philosopher\u0027s Stone"],"picked":"Runic Pyramid"},{"not_picked":["Velvet Choker","VioletLotus"],"picked":"Empty Cage"}],"items_purged_floors":[20,24,36],"is_endless":false,"potions_floor_spawned":[6,14,18,22,33,35],"killed_by":"Reptomancer","ascension_level":20}}