{"host":"aqym1xxr3lb31d9m","time":1612121636,"event":{"mods":["BaseMod","Block Reminder","Colored Map","Colored Powertips","DeckTracker","Highlight Path","Minty Spire (QoL Compilation)","Quick Restart","Random Character Button","StSLib","SuperFastMode","UnlockEverythingMod"],"gold_per_floor":[113,128,147,160,160,160,185,204,251,251,279,292,217,228,228,301,301,312,329,254,42,92,121,121,156,156,156,156,156,186,24,24,102,102,119,138,155,135,110,110,138,158,158,187,187,215,44,44,44,44,44,44,44,44,78,78,78],"floor_reached":56,"language":"JPN","playtime":4194,"items_purged":[],"score":2177,"play_id":"d53296f1-a4e5-45b9-a6a8-d9f036da94fe","local_time":"20210201043356","is_ascension_mode":true,"campfire_choices":[{"data":"Rip and Tear","floor":6.0,"key":"SMITH"},{"data":"Beam Cell","floor":10.0,"key":"SMITH"},{"floor":15.0,"key":"REST"},{"floor":24.0,"key":"REST"},{"data":"Defragment","floor":27.0,"key":"SMITH"},{"floor":29.0,"key":"REST"},{"floor":32.0,"key":"REST"},{"data":"Sunder","floor":40,"key":"SMITH"},{"floor":49,"key":"RECALL"},{"data":"Dualcast","floor":53,"key":"SMITH"}],"circlet_count":0,"master_deck":["AscendersBane","Strike_B","Strike_B","Defend_B","Defend_B","Defend_B","Zap","Dualcast+1","FTL","Fusion","FTL","Rip and Tear+1","Beam Cell+1","Coolheaded","Defragment","Redo+1","Defragment+1","All For One","Hologram+1","Reboot+1","Coolheaded+1","Turbo+1","All For One","Leap+1","Cold Snap","Genetic Algorithm+1","Conserve Battery+1","Skim+1","Chill+1","Sunder+1","Biased Cognition+1","Auto Shields+1","Loop+1","Hologram+1","Fission+1","Steam+1","Capacitor+1","Capacitor+1","Recycle+1","Hello World+1","Lockon"],"relics":["FrozenCore","Centennial Puzzle","Toxic Egg 2","Bag of Marbles","Bronze Scales","Philosopher\u0027s Stone","Orrery","Art of War","Lizard Tail","Frozen Egg 2","Dream Catcher","ClockworkSouvenir","Akabeko","Regal Pillow","Anchor","Cables"],"acts_visited":["Exordium","TheCity","TheBeyond","TheEnding"],"potions_floor_usage":[33,46,56,56],"damage_taken":[{"damage":3.0,"enemies":"Cultist","floor":1.0,"turns":3.0},{"damage":3.0,"enemies":"Small Slimes","floor":2.0,"turns":3.0},{"damage":0.0,"enemies":"Jaw Worm","floor":3.0,"turns":3.0},{"damage":7.0,"enemies":"Looter","floor":4.0,"turns":3.0},{"damage":13.0,"enemies":"3 Sentries","floor":7.0,"turns":5.0},{"damage":9.0,"enemies":"Exordium Thugs","floor":8.0,"turns":3.0},{"damage":5.0,"enemies":"Gremlin Nob","floor":11.0,"turns":3.0},{"damage":4.0,"enemies":"Red Slaver","floor":12.0,"turns":2.0},{"damage":1.0,"enemies":"2 Fungi Beasts","floor":14.0,"turns":2.0},{"damage":24.0,"enemies":"The Guardian","floor":16.0,"turns":8.0},{"damage":0.0,"enemies":"Chosen","floor":18.0,"turns":2.0},{"damage":15.0,"enemies":"2 Thieves","floor":19.0,"turns":2.0},{"damage":24.0,"enemies":"Book of Stabbing","floor":23.0,"turns":3.0},{"damage":18.0,"enemies":"Gremlin Leader","floor":25.0,"turns":4.0},{"damage":24.0,"enemies":"Book of Stabbing","floor":30.0,"turns":4.0},{"damage":10,"enemies":"Automaton","floor":33,"turns":10},{"damage":0,"enemies":"3 Darklings","floor":35,"turns":4},{"damage":0,"enemies":"Orb Walker","floor":36,"turns":4},{"damage":0,"enemies":"3 Darklings","floor":37,"turns":5},{"damage":32,"enemies":"Reptomancer","floor":41,"turns":6},{"damage":0,"enemies":"Writhing Mass","floor":42,"turns":10},{"damage":0,"enemies":"Nemesis","floor":44,"turns":9},{"damage":5,"enemies":"Reptomancer","floor":46,"turns":4},{"damage":0,"enemies":"Donu and Deca","floor":50,"turns":14},{"damage":4,"enemies":"Time Eater","floor":51,"turns":23},{"damage":20,"enemies":"Shield and Spear","floor":55,"turns":8},{"damage":82,"enemies":"The Heart","floor":56,"turns":6}],"seed_played":"-5787510523123704736","potions_obtained":[{"floor":1.0,"key":"Ancient Potion"},{"floor":2.0,"key":"Block Potion"},{"floor":3.0,"key":"CultistPotion"},{"floor":7.0,"key":"PowerPotion"},{"floor":30.0,"key":"SpeedPotion"},{"floor":33,"key":"FearPotion"},{"floor":42,"key":"DistilledChaos"},{"floor":55,"key":"GamblersBrew"}],"is_trial":false,"path_per_floor":["M","M","M","M","?","R","E","M","T","R","E","M","?","M","R","B",null,"M","M","?","$","?","E","R","E","T","R","?","R","E","$","R","B",null,"M","M","M","?","$","R","E","M","T","E","?","E","$","?","R","B","B",null,"R","$","E","B"],"character_chosen":"DEFECT","items_purchased":["Orrery","PowerPotion","ClockworkSouvenir","Hologram+1","Recycle+1","Hello World+1"],"campfire_rested":4,"item_purchase_floors":[21,21,31,39,47,47],"current_hp_per_floor":[61,58,58,51,40,40,27,18,18,18,13,9,9,8,29,5,55,55,40,40,40,40,16,37,19,19,19,19,40,16,16,37,27,60,60,60,60,60,60,60,28,28,28,28,58,53,53,53,53,53,49,56,56,56,36,0,0],"gold":78,"neow_bonus":"TRANSFORM_TWO_CARDS","is_daily":false,"chose_seed":false,"campfire_upgraded":5,"win_rate":0.0,"timestamp":1612121636,"path_taken":["M","?","M","M","?","R","E","M","T","R","E","M","?","M","R","BOSS","M","M","?","$","?","E","R","E","T","R","?","R","E","?","R","BOSS","M","M","M","?","$","R","E","?","T","E","?","E","$","?","R","BOSS","BOSS","R","$","E","BOSS"],"items_purchased_type":["Relic","Potion","Relic","Card","Card","Card"],"build_version":"2020-12-22","purchased_purges":0,"victory":false,"max_hp_per_floor":[71,71,71,71,71,71,71,71,71,71,71,71,71,71,71,71,71,71,71,71,71,71,71,71,71,71,71,71,71,71,71,71,71,71,71,71,71,71,71,71,71,71,71,71,58,58,58,58,58,58,58,58,58,58,58,58,58],"card_choices":[{"not_picked":["Gash","White Noise"],"picked":"FTL","floor":1.0},{"not_picked":["Stack","Go for the Eyes"],"picked":"Rip and Tear","floor":2.0},{"not_picked":["Recycle","Storm"],"picked":"Beam Cell","floor":3.0},{"not_picked":["Redo","Barrage"],"picked":"Coolheaded","floor":4.0},{"not_picked":["Steam+1","Gash"],"picked":"Defragment","floor":7.0},{"not_picked":["Reinforced Body+1","Skim+1"],"picked":"Redo+1","floor":8.0},{"not_picked":["Leap+1","Force Field+1"],"picked":"Defragment","floor":11.0},{"not_picked":["Turbo+1","Stack+1"],"picked":"All For One","floor":12.0},{"not_picked":["Coolheaded+1","Beam Cell"],"picked":"Hologram+1","floor":14.0},{"not_picked":["Creative AI","Biased Cognition"],"picked":"Reboot+1","floor":16.0},{"not_picked":["Cold Snap","Consume+1"],"picked":"Coolheaded+1","floor":18.0},{"not_picked":["Go for the Eyes","Coolheaded+1"],"picked":"Turbo+1","floor":19.0},{"not_picked":["Hologram+1","Lockon"],"picked":"All For One","floor":21.0},{"not_picked":["Storm","Ball Lightning"],"picked":"Leap+1","floor":21.0},{"not_picked":["Turbo+1","Sweeping Beam"],"picked":"Cold Snap","floor":21.0},{"not_picked":["Compile Driver","Turbo+1"],"picked":"Genetic Algorithm+1","floor":21.0},{"not_picked":["Gash","Hello World+1"],"picked":"Compile Driver","floor":21.0},{"not_picked":["Tempest+1","Rip and Tear"],"picked":"Conserve Battery+1","floor":23.0},{"not_picked":["Force Field+1","Sunder"],"picked":"Skim+1","floor":25.0},{"not_picked":["Beam Cell","Auto Shields+1"],"picked":"Chill+1","floor":30.0},{"not_picked":["Cold Snap","Chill+1"],"picked":"Sunder","floor":32.0},{"not_picked":["Core Surge","Machine Learning+1"],"picked":"Biased Cognition+1","floor":33},{"not_picked":["Tempest+1","Streamline"],"picked":"Auto Shields+1","floor":35},{"not_picked":["FTL+1","Redo+1"],"picked":"Loop+1","floor":36},{"not_picked":["Sweeping Beam","Rip and Tear","Compile Driver"],"picked":"SKIP","floor":37},{"not_picked":["Turbo+1","Hologram+1"],"picked":"Fission+1","floor":41},{"not_picked":["Barrage","All For One"],"picked":"Steam+1","floor":42},{"not_picked":["Barrage","Reinforced Body+1"],"picked":"Capacitor+1","floor":44},{"not_picked":["Hologram+1","Double Energy+1"],"picked":"Capacitor+1","floor":46},{"not_picked":["Streamline","FTL"],"picked":"Lockon","floor":55}],"player_experience":4160712,"relics_obtained":[{"floor":7.0,"key":"Toxic Egg 2"},{"floor":9.0,"key":"Bag of Marbles"},{"floor":11.0,"key":"Bronze Scales"},{"floor":23.0,"key":"Art of War"},{"floor":25.0,"key":"Lizard Tail"},{"floor":26.0,"key":"Frozen Egg 2"},{"floor":30.0,"key":"Dream Catcher"},{"floor":41,"key":"Akabeko"},{"floor":44,"key":"Regal Pillow"},{"floor":46,"key":"Anchor"},{"floor":55,"key":"Cables"}],"event_choices":[{"damage_healed":0.0,"max_hp_gain":0.0,"max_hp_loss":0.0,"gold_gain":0.0,"event_name":"Scrap Ooze","player_choice":"Success","floor":5.0,"gold_loss":0.0,"damage_taken":11.0,"relics_obtained":["Centennial Puzzle"]},{"cards_removed":["Shame"],"damage_healed":0.0,"max_hp_gain":0.0,"max_hp_loss":0.0,"gold_gain":0.0,"event_name":"The Cleric","player_choice":"Card Removal","floor":13.0,"gold_loss":75.0,"damage_taken":0.0},{"cards_removed":["Strike_B"],"damage_healed":0.0,"max_hp_gain":0.0,"max_hp_loss":0.0,"gold_gain":0.0,"event_name":"Beggar","player_choice":"Gave Gold","floor":20.0,"gold_loss":75.0,"damage_taken":0.0},{"damage_healed":0.0,"max_hp_gain":0.0,"max_hp_loss":0.0,"gold_gain":50.0,"event_name":"Nest","player_choice":"Stole From Cult","floor":22.0,"gold_loss":0.0,"damage_taken":0.0},{"damage_healed":0.0,"max_hp_gain":0.0,"max_hp_loss":0.0,"gold_gain":0.0,"event_name":"Cursed Tome","player_choice":"Ignored","floor":28.0,"gold_loss":0.0,"damage_taken":0.0},{"damage_healed":0,"gold_gain":0,"player_choice":"Bought 1 Potion","damage_taken":0,"max_hp_gain":0,"max_hp_loss":0,"event_name":"The Woman in Blue","floor":38,"gold_loss":0},{"damage_healed":58,"gold_gain":0,"player_choice":"Heal","damage_taken":0,"max_hp_gain":0,"max_hp_loss":13,"event_name":"The Moai Head","floor":45,"gold_loss":0},{"cards_removed":["Compile Driver"],"damage_healed":0,"gold_gain":0,"player_choice":"Removed Attack","damage_taken":0,"max_hp_gain":0,"max_hp_loss":0,"event_name":"Falling","floor":48,"gold_loss":0}],"is_beta":false,"boss_relics":[{"not_picked":["Sozu","SacredBark"],"picked":"Philosopher\u0027s Stone"},{"not_picked":["Nuclear Battery","Pandora\u0027s Box"],"picked":"FrozenCore"}],"items_purged_floors":[],"is_endless":false,"potions_floor_spawned":[1,2,3,7,30,33,42,55],"killed_by":"The Heart","ascension_level":20}}