{"host":"2se5dq1do2gp0x9k","time":1612119516,"event":{"mods":["AchievementEnabler","BaseMod","Block Reminder","Colored Map","Colored Powertips","Minty Spire (QoL Compilation)","Relic Stats","StSLib","SuperFastMode"],"gold_per_floor":[113,133,146,159,159,159,186,197,249,279,279,279,279,289,289,365,365,376,389,439,439,456,481,481,506,506,506,506,538,553,553,553,630,630,648,648,648],"floor_reached":36,"language":"ENG","playtime":1464,"items_purged":[],"score":916,"play_id":"97093b94-8210-4cca-80db-2c8a9d353a9b","local_time":"20210131105836","is_ascension_mode":true,"campfire_choices":[{"data":"WheelKick","floor":6.0,"key":"SMITH"},{"data":"Prostrate","floor":11.0,"key":"SMITH"},{"floor":13.0,"key":"REST"},{"data":"Judgement","floor":15.0,"key":"SMITH"},{"floor":24,"key":"REST"},{"data":"Wallop","floor":27,"key":"SMITH"},{"floor":32,"key":"REST"}],"circlet_count":0,"master_deck":["AscendersBane","Defend_P+1","Defend_P+1","Defend_P+1","Eruption","Vigilance","Dramatic Entrance","WheelKick+1","EmptyFist","Prostrate","FlurryOfBlows","FlurryOfBlows","Prostrate+1","WheelKick","Judgement+1","DeusExMachina","MentalFortress+1","WreathOfFlame+1","Sanctity+1","Wallop+1","TalkToTheHand","Pray","LikeWater+1","ThirdEye","Meditate"],"relics":["PureWater","Happy Flower","Akabeko","Shuriken","Tiny Chest","Astrolabe","Lizard Tail","Vajra","Molten Egg 2","Bag of Preparation","Blue Candle","Runic Pyramid"],"acts_visited":["Exordium","TheCity","TheBeyond"],"potions_floor_usage":[25,29,33],"damage_taken":[{"damage":7.0,"enemies":"Jaw Worm","floor":1.0,"turns":5.0},{"damage":3.0,"enemies":"Small Slimes","floor":2.0,"turns":4.0},{"damage":1.0,"enemies":"2 Louse","floor":3.0,"turns":2.0},{"damage":1.0,"enemies":"Red Slaver","floor":4.0,"turns":2.0},{"damage":6.0,"enemies":"Gremlin Nob","floor":7.0,"turns":3.0},{"damage":15.0,"enemies":"Exordium Wildlife","floor":8.0,"turns":2.0},{"damage":0.0,"enemies":"Lagavulin","floor":10.0,"turns":1.0},{"damage":0.0,"enemies":"Large Slime","floor":14.0,"turns":2.0},{"damage":2.0,"enemies":"The Guardian","floor":16.0,"turns":6.0},{"damage":0,"enemies":"Shell Parasite","floor":18,"turns":3},{"damage":10,"enemies":"2 Thieves","floor":19,"turns":3},{"damage":3,"enemies":"Snake Plant","floor":22,"turns":3},{"damage":10,"enemies":"Gremlin Leader","floor":23,"turns":5},{"damage":20,"enemies":"Book of Stabbing","floor":25,"turns":5},{"damage":0,"enemies":"Gremlin Leader","floor":29,"turns":5},{"damage":21,"enemies":"Shelled Parasite and Fungi","floor":30,"turns":4},{"damage":40,"enemies":"Collector","floor":33,"turns":9},{"damage":19,"enemies":"3 Darklings","floor":35,"turns":3},{"damage":44,"enemies":"2 Orb Walkers","floor":36,"turns":3}],"seed_played":"-7512719192260560285","potions_obtained":[{"floor":1.0,"key":"Ambrosia"},{"floor":4.0,"key":"SneckoOil"},{"floor":10.0,"key":"SneckoOil"},{"floor":14.0,"key":"AttackPotion"},{"floor":19,"key":"ColorlessPotion"},{"floor":25,"key":"Fire Potion"},{"floor":29,"key":"FearPotion"},{"floor":35,"key":"Ancient Potion"}],"is_trial":false,"path_per_floor":["M","M","M","M","?","R","E","M","T","E","R","?","R","M","R","B",null,"M","M","?","?","M","E","R","E","T","R","?","E","M","T","R","B",null,"M","?"],"character_chosen":"WATCHER","items_purchased":[],"campfire_rested":3,"item_purchase_floors":[],"current_hp_per_floor":[54,51,50,49,42,42,36,21,21,21,21,16,36,36,36,34,60,60,50,50,50,47,37,57,37,37,37,37,37,16,16,36,34,60,41,0,0],"gold":648,"neow_bonus":"RANDOM_COLORLESS","is_daily":false,"chose_seed":false,"campfire_upgraded":4,"win_rate":0.0,"timestamp":1612119516,"path_taken":["M","M","M","M","?","R","E","M","T","E","R","?","R","M","R","BOSS","M","M","?","?","M","E","R","E","T","R","?","E","M","?","R","BOSS","M","?"],"items_purchased_type":[],"build_version":"2020-12-22","purchased_purges":0,"victory":false,"max_hp_per_floor":[68,68,68,68,68,68,68,68,68,68,68,68,68,68,68,68,68,68,68,68,68,68,68,68,68,68,68,68,68,68,68,68,68,68,68,68,68],"relic_stats":{"Lizard Tail":34,"Happy Flower":[18],"counters":[19,70],"Shuriken":[27],"Astrolabe":["MentalFortress","WreathOfFlame","Sanctity"],"Blue Candle":[0],"Tiny Chest":1,"Bag of Preparation":[8],"obtain_stats":[{"Lizard Tail":23,"Happy Flower":7,"Shuriken":10,"Astrolabe":17,"Blue Candle":31,"Vajra":25,"Tiny Chest":12,"Molten Egg 2":26,"Bag of Preparation":29,"PureWater":0,"Akabeko":9,"Runic Pyramid":34},{"Lizard Tail":13,"Happy Flower":5,"Shuriken":7,"Astrolabe":9,"Blue Candle":16,"Vajra":14,"Tiny Chest":7,"Molten Egg 2":14,"Bag of Preparation":15,"PureWater":0,"Akabeko":6,"Runic Pyramid":17},{"Lizard Tail":41,"Happy Flower":16,"Shuriken":19,"Astrolabe":27,"Blue Candle":55,"Vajra":46,"Tiny Chest":19,"Molten Egg 2":46,"Bag of Preparation":51,"PureWater":0,"Akabeko":18,"Runic Pyramid":64}]},"card_choices":[{"not_picked":["Madness","Mind Blast"],"picked":"Dramatic Entrance","floor":0.0},{"not_picked":["Consecrate","EmptyFist"],"picked":"WheelKick","floor":1.0},{"not_picked":["Consecrate","Protect"],"picked":"EmptyFist","floor":2.0},{"not_picked":["Fasting2","BowlingBash"],"picked":"Prostrate","floor":3.0},{"not_picked":["SashWhip","LikeWater"],"picked":"FlurryOfBlows","floor":4.0},{"not_picked":["WheelKick","Sanctity"],"picked":"FlurryOfBlows","floor":7.0},{"not_picked":["Weave","Conclude"],"picked":"Prostrate","floor":8.0},{"not_picked":["ClearTheMind","Evaluate"],"picked":"WheelKick","floor":10.0},{"not_picked":["BowlingBash","EmptyBody"],"picked":"Judgement","floor":14.0},{"not_picked":["Establishment","Wish"],"picked":"DeusExMachina","floor":16.0},{"not_picked":["Vengeance","Halt"],"picked":"Wallop","floor":18},{"not_picked":["Nirvana","PathToVictory","WreathOfFlame"],"picked":"SKIP","floor":19},{"not_picked":["WindmillStrike","ClearTheMind+1","EmptyBody"],"picked":"SKIP","floor":22},{"not_picked":["ThirdEye","ReachHeaven"],"picked":"TalkToTheHand","floor":23},{"not_picked":["EmptyFist","ReachHeaven"],"picked":"Pray","floor":25},{"not_picked":["Vault","EmptyBody"],"picked":"LikeWater+1","floor":29},{"not_picked":["Consecrate+1","Evaluate"],"picked":"ThirdEye","floor":30},{"not_picked":["WindmillStrike+1","EmptyFist+1"],"picked":"Meditate","floor":35}],"player_experience":4025000,"relics_obtained":[{"floor":7.0,"key":"Happy Flower"},{"floor":9.0,"key":"Akabeko"},{"floor":10.0,"key":"Shuriken"},{"floor":23,"key":"Lizard Tail"},{"floor":25,"key":"Vajra"},{"floor":26,"key":"Molten Egg 2"},{"floor":29,"key":"Bag of Preparation"},{"floor":31,"key":"Blue Candle"}],"event_choices":[{"cards_removed":["Strike_P"],"damage_healed":0.0,"max_hp_gain":0.0,"max_hp_loss":0.0,"gold_gain":0.0,"event_name":"Golden Wing","player_choice":"Card Removal","floor":5.0,"gold_loss":0.0,"damage_taken":7.0},{"damage_healed":0.0,"max_hp_gain":0.0,"max_hp_loss":0.0,"gold_gain":0.0,"event_name":"Scrap Ooze","player_choice":"Success","floor":12.0,"gold_loss":0.0,"damage_taken":5.0,"relics_obtained":["Tiny Chest"]},{"damage_healed":0,"gold_gain":50,"player_choice":"Stole From Cult","damage_taken":0,"max_hp_gain":0,"max_hp_loss":0,"event_name":"Nest","floor":20,"gold_loss":0},{"damage_healed":0,"gold_gain":0,"player_choice":"Simplicity","damage_taken":0,"max_hp_gain":0,"max_hp_loss":0,"event_name":"Back to Basics","floor":21,"gold_loss":0,"cards_upgraded":["Defend_P","Defend_P","Defend_P","Defend_P"]},{"cards_removed":["Defend_P"],"damage_healed":0,"gold_gain":0,"player_choice":"Offered Basic","damage_taken":0,"max_hp_gain":0,"max_hp_loss":0,"event_name":"Bonfire Elementals","floor":28,"gold_loss":0},{"damage_healed":0,"gold_gain":0,"player_choice":"Fight","damage_taken":0,"max_hp_gain":0,"max_hp_loss":0,"event_name":"Mysterious Sphere","floor":36,"gold_loss":0}],"is_beta":false,"boss_relics":[{"not_picked":["Velvet Choker","Snecko Eye"],"picked":"Astrolabe"},{"not_picked":["Coffee Dripper","SlaversCollar"],"picked":"Runic Pyramid"}],"items_purged_floors":[],"is_endless":false,"potions_floor_spawned":[1,4,10,14,19,23,25,29,35],"killed_by":"2 Orb Walkers","ascension_level":18}}