{"host":"zw3x6hwkln2702ol","time":1612104443,"event":{"mods":["AchievementEnabler","BaseMod","Card Forge","Colored Map","Default Mod","Minty Spire (QoL Compilation)","StSLib","TestMod"],"gold_per_floor":[144,202,256,12,12,164,227,227,227,227,127,127,127,288,288,504,504,540,634,37,175,184,404,404,592,592,592,592,702,945,954,954,1470,1479,1634,1987,1987,2148,2548,2777,2323,2654,2654,3199,3514,3514,3111,3462,3462,4526,4526,4526,4175,4509,5309],"floor_reached":56,"language":"ZHS","playtime":2029,"items_purged":["Strike_P","Strike_P","Strike_P","Defend_P"],"score":3039,"play_id":"74c3b394-3c80-413b-b9d4-5fa9e1c6b123","local_time":"20210131224723","is_ascension_mode":true,"campfire_choices":[{"data":"Eruption","floor":8,"key":"SMITH"},{"floor":10,"key":"RECALL"},{"data":"FearNoEvil","floor":12,"key":"SMITH"},{"data":"Vigilance","floor":15,"key":"SMITH"},{"data":"Vault","floor":24,"key":"SMITH"},{"data":"Ragnarok","floor":27,"key":"SMITH"},{"data":"Defend_P","floor":32,"key":"SMITH"},{"data":"Scrawl","floor":46,"key":"SMITH"},{"data":"Collect","floor":49,"key":"SMITH"},{"data":"Defend_P","floor":52,"key":"SMITH"}],"circlet_count":0,"master_deck":["AscendersBane","Defend_P","Defend_P+1","Defend_P+1","Eruption+1","Vigilance+1","FearNoEvil+1","Ragnarok+1","Vault+1","TalkToTheHand+1","Tantrum+1","Scrawl+1","CurseOfTheBell","Collect+1","TalkToTheHand+1","SandsOfTime+1","testmod-PowerStrike"],"relics":["PureWater","Hammer of Thor","Seething Fire","Anvil of the Gods","zzy:PlaceholderRelic","testmod-IndustrialRevolution","testmod-SaigiyounoYou","Toolbox","Gremlin Horn","testmod-InjuryResistance","testmod-IncinerationGenerator","Pocketwatch","Yang","CeramicFish","testmod-Antiphasic","Pen Nib","InkBottle","Molten Egg 2","Calling Bell","Toy Ornithopter","White Beast Statue","testmod-ConstraintPeriapt","Bronze Scales","Membership Card","Juzu Bracelet","Bottled Lightning","testmod-ObsoleteBoomerang","testmod-ArcanaOfDestiny","Damaru","testmod-CasingShield","Bird Faced Urn","Anchor","testmod-LifeArmor","OrangePellets","testmod-Nyarlathotep"],"acts_visited":["Exordium","TheCity","TheBeyond","TheEnding"],"potions_floor_usage":[],"damage_taken":[{"damage":0,"enemies":"2 Louse","floor":1,"turns":2},{"damage":0,"enemies":"Jaw Worm","floor":2,"turns":3},{"damage":0,"enemies":"Small Slimes","floor":3,"turns":3},{"damage":8,"enemies":"Lagavulin","floor":6,"turns":5},{"damage":0,"enemies":"2 Fungi Beasts","floor":7,"turns":2},{"damage":0,"enemies":"3 Sentries","floor":14,"turns":5},{"damage":0,"enemies":"Slime Boss","floor":16,"turns":6},{"damage":0,"enemies":"Spheric Guardian","floor":18,"turns":2},{"damage":0,"enemies":"3 Byrds","floor":19,"turns":2},{"damage":0,"enemies":"Snecko","floor":21,"turns":4},{"damage":0,"enemies":"Gremlin Leader","floor":23,"turns":4},{"damage":0,"enemies":"Slavers","floor":25,"turns":3},{"damage":0,"enemies":"Shelled Parasite and Fungi","floor":29,"turns":1},{"damage":0,"enemies":"Gremlin Leader","floor":30,"turns":2},{"damage":0,"enemies":"Automaton","floor":33,"turns":5},{"damage":0,"enemies":"3 Shapes","floor":35,"turns":2},{"damage":0,"enemies":"3 Darklings","floor":36,"turns":2},{"damage":0,"enemies":"4 Shapes","floor":38,"turns":2},{"damage":0,"enemies":"Nemesis","floor":40,"turns":3},{"damage":0,"enemies":"Reptomancer","floor":42,"turns":3},{"damage":0,"enemies":"Giant Head","floor":44,"turns":3},{"damage":0,"enemies":"Maw","floor":45,"turns":3},{"damage":0,"enemies":"3 Darklings","floor":48,"turns":2},{"damage":0,"enemies":"Awakened One","floor":50,"turns":5},{"damage":0,"enemies":"Shield and Spear","floor":54,"turns":2},{"damage":0,"enemies":"The Heart","floor":55,"turns":2}],"seed_played":"6942490516670115856","potions_obtained":[{"floor":6,"key":"DistilledChaos"},{"floor":7,"key":"DistilledChaos"},{"floor":14,"key":"PowerPotion"},{"floor":36,"key":"testmod-TimePotion"},{"floor":44,"key":"testmod-TimePotion"}],"is_trial":false,"path_per_floor":["M","M","M","$","?","E","M","R","T","R","$","R","?","E","R","B",null,"M","M","$","M","?","E","R","E","T","R","?","M","E","?","R","B",null,"M","M","?","M","?","E","$","E","T","E","M","R","$","M","R","B",null,"R","$","E","B",null],"character_chosen":"WATCHER","items_purchased":["Toolbox","Pocketwatch","Yang","Membership Card","Juzu Bracelet","Bottled Lightning","testmod-CasingShield","Bird Faced Urn","Anchor","testmod-LifeArmor","OrangePellets","testmod-PowerStrike"],"campfire_rested":0,"item_purchase_floors":[4,20,20,41,41,41,47,47,53,53,53,53],"current_hp_per_floor":[68,68,68,68,73,75,75,75,75,75,75,75,75,75,75,75,75,75,75,75,75,75,75,75,75,75,75,55,63,81,81,81,81,81,81,81,81,81,81,81,81,81,81,81,81,81,81,81,81,81,81,81,81,81,81],"gold":5309,"neow_bonus":"RANDOM_COMMON_RELIC","is_daily":false,"chose_seed":false,"campfire_upgraded":9,"win_rate":0.0,"timestamp":1612104443,"path_taken":["M","M","M","$","?","E","M","R","T","R","$","R","?","E","R","BOSS","M","M","$","M","?","E","R","E","T","R","?","M","E","?","R","BOSS","M","M","?","?","?","E","$","E","T","E","M","R","$","M","R","BOSS","R","$","E","BOSS"],"items_purchased_type":["Relic","Relic","Relic","Relic","Relic","Relic","Relic","Relic","Relic","Relic","Relic","Card"],"build_version":"2020-12-22","purchased_purges":4,"victory":true,"max_hp_per_floor":[68,68,68,68,73,75,75,75,75,75,75,75,75,75,75,75,75,75,75,75,75,75,75,75,75,75,75,81,81,81,81,81,81,81,81,81,81,81,81,81,81,81,81,81,81,81,81,81,81,81,81,81,81,81,81],"card_choices":[{"not_picked":["Evaluate","Halt","CutThroughFate"],"picked":"SKIP","floor":1},{"not_picked":["Tantrum","DeceiveReality"],"picked":"FearNoEvil","floor":2},{"not_picked":["Protect","Crescendo","Prostrate"],"picked":"SKIP","floor":3},{"not_picked":["PathToVictory","CutThroughFate","Indignation"],"picked":"SKIP","floor":6},{"not_picked":["Weave","BowlingBash","EmptyFist"],"picked":"SKIP","floor":7},{"not_picked":["Indignation","Omniscience","EmptyBody"],"picked":"SKIP","floor":14},{"not_picked":["Blasphemy","MasterReality"],"picked":"Ragnarok","floor":16},{"not_picked":["Evaluate","EmptyFist","CutThroughFate+1"],"picked":"SKIP","floor":18},{"not_picked":["TalkToTheHand","EmptyBody"],"picked":"Vault","floor":19},{"not_picked":["Sanctity","CutThroughFate","Evaluate"],"picked":"SKIP","floor":21},{"not_picked":["FlyingSleeves","MentalFortress","Wallop"],"picked":"SKIP","floor":23},{"not_picked":["WheelKick+1","Perseverance","Ragnarok"],"picked":"SKIP","floor":25},{"not_picked":["Indignation","FollowUp","JustLucky"],"picked":"SKIP","floor":29},{"not_picked":["FlyingSleeves+1","Halt"],"picked":"TalkToTheHand+1","floor":30},{"not_picked":["Alpha","Blasphemy"],"picked":"Scrawl","floor":33},{"not_picked":["Meditate","SignatureMove+1"],"picked":"Collect","floor":35},{"not_picked":["SashWhip+1","PathToVictory+1"],"picked":"TalkToTheHand+1","floor":36},{"not_picked":["Meditate","Collect","SashWhip+1"],"picked":"SKIP","floor":38},{"not_picked":["Nirvana","SpiritShield","ForeignInfluence"],"picked":"SKIP","floor":40},{"not_picked":["TalkToTheHand+1","WindmillStrike+1"],"picked":"PathToVictory","floor":42},{"not_picked":["Meditate","ThirdEye","LikeWater+1"],"picked":"SKIP","floor":44},{"not_picked":["Crescendo","JustLucky+1","Tantrum+1"],"picked":"SKIP","floor":45},{"not_picked":["JustLucky+1","ThirdEye"],"picked":"SandsOfTime+1","floor":48},{"not_picked":["Wallop+1","JustLucky+1","ClearTheMind"],"picked":"SKIP","floor":54}],"player_experience":375403,"relics_obtained":[{"floor":6,"key":"Gremlin Horn"},{"floor":14,"key":"testmod-InjuryResistance"},{"floor":23,"key":"testmod-Antiphasic"},{"floor":25,"key":"Pen Nib"},{"floor":26,"key":"InkBottle"},{"floor":30,"key":"Molten Egg 2"},{"floor":34,"key":"Toy Ornithopter"},{"floor":34,"key":"White Beast Statue"},{"floor":34,"key":"testmod-ConstraintPeriapt"},{"floor":40,"key":"Bronze Scales"},{"floor":42,"key":"testmod-ObsoleteBoomerang"},{"floor":43,"key":"testmod-ArcanaOfDestiny"},{"floor":44,"key":"Damaru"},{"floor":54,"key":"testmod-Nyarlathotep"}],"event_choices":[{"damage_healed":0,"gold_gain":0,"player_choice":"Donut","damage_taken":0,"max_hp_gain":5,"max_hp_loss":0,"event_name":"Big Fish","floor":5,"gold_loss":0},{"damage_healed":0,"gold_gain":0,"player_choice":"Ignored","damage_taken":0,"max_hp_gain":0,"max_hp_loss":0,"event_name":"给自己的盒子","floor":13,"gold_loss":0},{"damage_healed":0,"gold_gain":0,"player_choice":"Opened","damage_taken":0,"relics_obtained":["CeramicFish"],"max_hp_gain":0,"max_hp_loss":0,"event_name":"The Mausoleum","floor":22,"gold_loss":0,"cards_obtained":["Writhe"]},{"damage_healed":0,"gold_gain":0,"player_choice":"Shed Blood","damage_taken":26,"max_hp_gain":5,"max_hp_loss":0,"event_name":"Forgotten Altar","floor":28,"gold_loss":0},{"damage_healed":0,"gold_gain":0,"player_choice":"Read","damage_taken":0,"max_hp_gain":0,"max_hp_loss":0,"event_name":"The Library","floor":31,"gold_loss":0,"cards_obtained":["Tantrum"]},{"cards_removed":["Strike_P"],"damage_healed":0,"gold_gain":0,"player_choice":"Purged","damage_taken":0,"max_hp_gain":0,"max_hp_loss":0,"event_name":"Purifier","floor":37,"gold_loss":0},{"damage_healed":0,"gold_gain":400,"player_choice":"Sell","damage_taken":0,"max_hp_gain":0,"max_hp_loss":0,"event_name":"恩洛斯的盘子","floor":39,"relics_lost":["testmod-TestBox"],"gold_loss":0}],"is_beta":false,"boss_relics":[{"not_picked":["Ectoplasm","testmod-Nine"],"picked":"testmod-IncinerationGenerator"},{"not_picked":["testmod-EnergyCheck","HolyWater"],"picked":"Calling Bell"}],"items_purged_floors":[4,11,41,47],"is_endless":false,"potions_floor_spawned":[6,7,14,16,19,29,30,33,35,36,38,40,42,44,45,48,54],"ascension_level":18}}