{"host":"6rz02yiipefhcw4r","time":1612131661,"event":{"mods":["2.2 Compatiblity","Arknights","BaseMod","Better Match","Better Third Choice","Better Vampires","BetterRewards","Block Reminder","Colored Map","Curses Come First","DeckTracker","Googly Eyes","Hubris","Minty Spire (QoL Compilation)","Quick Restart","Rare Cards Sparkle","Reliquary","Replay The Spire","Shade Mod","Spicy Shops","StSLib","The Bladedancer","The Cursed","The Marked","The Necromancer","The Runesmith"],"gold_per_floor":[365,380,380,31,31,31,56,75,75,93,93,107,107,118,118,118,118],"floor_reached":16,"language":"ENG","playtime":570,"items_purged":[],"score":204,"play_id":"9a2e4958-a3ae-4276-a42e-1f84f85ff6b7","local_time":"20210131202101","is_ascension_mode":true,"campfire_choices":[{"data":"Thunderclap","floor":6,"key":"SMITH"},{"floor":11,"key":"REST"},{"data":"Shockwave","floor":13,"key":"SMITH"},{"data":"Inflame","floor":15,"key":"SMITH"}],"circlet_count":0,"master_deck":["AscendersBane","Strike_R","Strike_R","Strike_R","Strike_R","Strike_R","Defend_R","Defend_R","Defend_R","Defend_R","Bash","Clothesline","Thunderclap+1","Inflame+1","ReplayReversal","Shrug It Off","Shockwave+1","ReplayTheSpireMod:Stacked"],"relics":["Burning Blood","hubris:Zylophone","Onion Ring","reliquary:PrincelyHelmet"],"acts_visited":["Exordium"],"potions_floor_usage":[7,10],"damage_taken":[{"damage":11,"enemies":"Jaw Worm","floor":1,"turns":6},{"damage":7,"enemies":"Cultist","floor":2,"turns":4},{"damage":46,"enemies":"Lagavulin","floor":7,"turns":7},{"damage":10,"enemies":"Small Slimes","floor":8,"turns":3},{"damage":1,"enemies":"Blue Slaver","floor":10,"turns":3},{"damage":0,"enemies":"3 Louse","floor":12,"turns":1},{"damage":13,"enemies":"Large Slime","floor":14,"turns":6},{"damage":24,"enemies":"Fading Forest","floor":16,"turns":9}],"seed_played":"2366353928017573694","potions_obtained":[{"floor":2,"key":"SkillPotion"},{"floor":5,"key":"HeartOfIron"},{"floor":5,"key":"EssenceOfSteel"},{"floor":10,"key":"BloodPotion"},{"floor":14,"key":"Ancient Potion"}],"is_trial":false,"path_per_floor":["M","M","?","$","?","R","E","M","T","M","R","M","R","M","R","B"],"character_chosen":"IRONCLAD","items_purchased":["Thunderclap","hubris:Zylophone"],"campfire_rested":1,"item_purchase_floors":[4,4],"current_hp_per_floor":[63,62,62,62,62,62,22,18,18,23,43,49,49,42,42,26,26],"gold":118,"neow_bonus":"TWO_FIFTY_GOLD","is_daily":false,"chose_seed":false,"campfire_upgraded":3,"win_rate":0.0,"timestamp":1612131661,"path_taken":["M","M","?","$","?","R","E","?","T","M","R","M","R","M","R","BOSS"],"items_purchased_type":["Card","Relic"],"build_version":"2020-12-22","purchased_purges":0,"victory":false,"max_hp_per_floor":[68,68,68,68,68,68,68,68,68,68,68,68,68,68,68,68,68],"card_choices":[{"not_picked":["Iron Wave","ReplayTheSpireMod:Stacked"],"picked":"Clothesline","floor":1},{"not_picked":["Dropkick","Burning Pact","Heavy Blade"],"picked":"SKIP","floor":2},{"not_picked":["Clash","hubris:SharpeningStone"],"picked":"Inflame","floor":7},{"not_picked":["Anger","Run Through"],"picked":"ReplayReversal","floor":8},{"not_picked":["Clothesline","Wild Strike"],"picked":"Shrug It Off","floor":10},{"not_picked":["ReplayTheSpireMod:LeadingStrike","Iron Wave"],"picked":"Shockwave","floor":12},{"not_picked":["Flex","Disarm"],"picked":"ReplayTheSpireMod:Stacked","floor":14}],"player_experience":782181,"relics_obtained":[{"floor":7,"key":"Onion Ring"},{"floor":9,"key":"reliquary:PrincelyHelmet"}],"event_choices":[{"damage_healed":0,"gold_gain":0,"player_choice":"Leave","damage_taken":0,"max_hp_gain":0,"max_hp_loss":0,"event_name":"The Cleric","floor":3,"gold_loss":0},{"damage_healed":0,"gold_gain":0,"player_choice":"Got Potions","damage_taken":0,"max_hp_gain":0,"max_hp_loss":0,"event_name":"Lab","floor":5,"gold_loss":0}],"is_beta":false,"boss_relics":[],"items_purged_floors":[],"is_endless":false,"potions_floor_spawned":[2,10,14],"killed_by":"Fading Forest","ascension_level":20}}