{"host":"zsnmfqgcm92hlreo","time":1612067375,"event":{"mods":["AchievementEnabler","BaseMod","Bestiary","Block Reminder","Colored Powertips","Minty Spire (QoL Compilation)","Permanent Neow","Quick Restart","Relic Stats","Weighted Paths"],"gold_per_floor":[115,129,144,74,89,89,89,103,175,186,199,199,199,232,232,328,328,339,339,40,59,89,89,89,89,116,130,130,130,147,147,147],"floor_reached":31,"language":"ENG","playtime":1206,"items_purged":["Decay"],"score":237,"play_id":"c3e0167a-4fb4-42ee-a326-cfb41fa6ef43","local_time":"20210130222935","is_ascension_mode":false,"campfire_choices":[{"data":"Static Discharge","floor":6.0,"key":"SMITH"},{"data":"Zap","floor":13.0,"key":"SMITH"},{"floor":15.0,"key":"REST"},{"floor":23,"key":"REST"},{"data":"Defragment","floor":25,"key":"SMITH"},{"data":"Sunder","floor":28,"key":"SMITH"}],"circlet_count":0,"master_deck":["Strike_B+1","Strike_B+1","Strike_B+1","Defend_B+1","Defend_B+1","Defend_B+1","Defend_B+1","Zap+1","Dualcast","Conserve Battery","Aggregate","Static Discharge+1","Cold Snap","Echo Form","Hologram","Ball Lightning","Capacitor","Core Surge","Hologram","Defragment+1","Sunder+1","Barrage+1","Redo"],"relics":["Inserter","StrikeDummy","Gambling Chip","Philosopher\u0027s Stone","OrangePellets","Red Mask","Akabeko"],"acts_visited":["Exordium","TheCity"],"potions_floor_usage":[21,21],"damage_taken":[{"damage":10.0,"enemies":"Cultist","floor":1.0,"turns":4.0},{"damage":4.0,"enemies":"2 Louse","floor":2.0,"turns":3.0},{"damage":3.0,"enemies":"Small Slimes","floor":3.0,"turns":3.0},{"damage":18.0,"enemies":"Red Slaver","floor":5.0,"turns":5.0},{"damage":5.0,"enemies":"Blue Slaver","floor":8.0,"turns":3.0},{"damage":20.0,"enemies":"Exordium Wildlife","floor":10.0,"turns":5.0},{"damage":13.0,"enemies":"Red Slaver","floor":11.0,"turns":3.0},{"damage":23.0,"enemies":"3 Sentries","floor":14.0,"turns":5.0},{"damage":32.0,"enemies":"Slime Boss","floor":16.0,"turns":8.0},{"damage":19.0,"enemies":"Shell Parasite","floor":18.0,"turns":4.0},{"damage":15,"enemies":"2 Thieves","floor":21,"turns":3},{"damage":25,"enemies":"Masked Bandits","floor":22,"turns":3},{"damage":9,"enemies":"Shelled Parasite and Fungi","floor":27,"turns":5},{"damage":22,"enemies":"3 Cultists","floor":30,"turns":4},{"damage":10,"enemies":"Snecko","floor":31,"turns":3}],"seed_played":"-9207733921986817299","potions_obtained":[{"floor":1.0,"key":"ColorlessPotion"},{"floor":8.0,"key":"Weak Potion"},{"floor":11.0,"key":"Dexterity Potion"},{"floor":16.0,"key":"DistilledChaos"},{"floor":18.0,"key":"Explosive Potion"},{"floor":27,"key":"PotionOfCapacity"}],"is_trial":false,"path_per_floor":["M","M","M","$","M","R","?","M","T","M","M","?","R","E","R","B",null,"M","?","$","M","?","R","?","R","T","M","R","$","M","M"],"character_chosen":"DEFECT","items_purchased":["Static Discharge","Defragment","OrangePellets"],"campfire_rested":2,"item_purchase_floors":[4,20,20],"current_hp_per_floor":[65,61,58,58,40,40,75,70,70,50,37,37,37,14,36,4,75,56,56,56,41,16,38,38,38,38,29,29,29,7,0,0],"gold":147,"neow_bonus":"BOSS_RELIC","is_daily":false,"chose_seed":false,"campfire_upgraded":4,"win_rate":0.0,"timestamp":1612067375,"path_taken":["M","M","?","$","M","R","?","M","T","M","?","?","R","E","R","BOSS","M","?","$","M","?","R","?","R","T","M","R","$","M","?"],"items_purchased_type":["Card","Card","Relic"],"build_version":"2020-12-22","purchased_purges":1,"victory":false,"max_hp_per_floor":[75,75,75,75,75,75,75,75,75,75,75,75,75,75,75,75,75,75,75,75,75,75,75,75,75,75,75,75,75,75,75,75],"relic_stats":{"OrangePellets":[0],"Inserter":[30],"counters":[15,61],"Gambling Chip":[17],"obtain_stats":[{"OrangePellets":20,"Inserter":0,"Gambling Chip":14,"Philosopher\u0027s Stone":17,"Red Mask":22,"Cracked Core":0,"StrikeDummy":9,"Akabeko":26},{"OrangePellets":10,"Inserter":0,"Gambling Chip":8,"Philosopher\u0027s Stone":9,"Red Mask":12,"Cracked Core":0,"StrikeDummy":5,"Akabeko":12},{"OrangePellets":43,"Inserter":0,"Gambling Chip":31,"Philosopher\u0027s Stone":39,"Red Mask":49,"Cracked Core":0,"StrikeDummy":18,"Akabeko":49}]},"card_choices":[{"not_picked":["Beam Cell","Go for the Eyes"],"picked":"Conserve Battery","floor":1.0},{"not_picked":["Conserve Battery","Beam Cell","Recycle"],"picked":"SKIP","floor":2.0},{"not_picked":["Streamline","White Noise"],"picked":"Aggregate","floor":3.0},{"not_picked":["Turbo","Double Energy"],"picked":"Cold Snap","floor":5.0},{"not_picked":["Ball Lightning","Leap"],"picked":"Echo Form","floor":8.0},{"not_picked":["Stack","Sweeping Beam"],"picked":"Hologram","floor":10.0},{"not_picked":["Sweeping Beam","Coolheaded"],"picked":"Ball Lightning","floor":11.0},{"not_picked":["Hologram","Tempest"],"picked":"Capacitor","floor":14.0},{"not_picked":["Creative AI","Buffer"],"picked":"Core Surge","floor":16.0},{"not_picked":["Force Field","Leap+1"],"picked":"Hologram","floor":18.0},{"not_picked":["Sweeping Beam","Conserve Battery"],"picked":"Sunder","floor":21},{"not_picked":["Steam","Loop"],"picked":"Barrage+1","floor":22},{"not_picked":["Leap","Steam","Rip and Tear"],"picked":"SKIP","floor":27},{"not_picked":["Beam Cell","Rip and Tear"],"picked":"Redo","floor":30}],"player_experience":966516,"relics_obtained":[{"floor":9.0,"key":"StrikeDummy"},{"floor":14.0,"key":"Gambling Chip"},{"floor":22,"key":"Red Mask"},{"floor":26,"key":"Akabeko"}],"event_choices":[{"damage_healed":35.0,"max_hp_gain":0.0,"max_hp_loss":0.0,"gold_gain":0.0,"event_name":"Wheel of Change","player_choice":"Full Heal","floor":7.0,"gold_loss":0.0,"damage_taken":0.0},{"cards_removed":["Strike_B"],"damage_healed":0.0,"max_hp_gain":0.0,"max_hp_loss":0.0,"gold_gain":0.0,"event_name":"Bonfire Elementals","player_choice":"Offered Basic","floor":12.0,"gold_loss":0.0,"damage_taken":0.0},{"damage_healed":0.0,"max_hp_gain":0.0,"max_hp_loss":0.0,"gold_gain":0.0,"event_name":"Forgotten Altar","player_choice":"Smashed Altar","floor":19.0,"gold_loss":0.0,"damage_taken":0.0,"cards_obtained":["Decay"]},{"damage_healed":0,"gold_gain":0,"player_choice":"Fought Bandits","damage_taken":0,"max_hp_gain":0,"max_hp_loss":0,"event_name":"Masked Bandits","floor":22,"gold_loss":0},{"damage_healed":0,"gold_gain":0,"player_choice":"Simplicity","damage_taken":0,"max_hp_gain":0,"max_hp_loss":0,"event_name":"Back to Basics","floor":24,"gold_loss":0,"cards_upgraded":["Strike_B","Strike_B","Strike_B","Defend_B","Defend_B","Defend_B","Defend_B"]}],"is_beta":false,"boss_relics":[{"not_picked":["Nuclear Battery","Runic Dome"],"picked":"Philosopher\u0027s Stone"}],"items_purged_floors":[20],"is_endless":false,"potions_floor_spawned":[1,8,11,14,16,18,27],"killed_by":"Snecko","ascension_level":0}}