{"host":"syozzdlzcqop4jia","time":1612066529,"event":{"mods":["BaseMod","Colored Map","Colored Powertips","Minty Spire (QoL Compilation)","Quick Restart"],"gold_per_floor":[119,134,153,171,171,171,190,190,217,96,125,145,162,11,11,108,108,126,26,26,44,144,144,163,163,163,175,175,274,274,274,274],"floor_reached":31,"language":"ENG","playtime":2180,"items_purged":["Defend_R","Strike_R"],"score":273,"play_id":"28ffd6cd-2ccf-4c2a-8060-4360fe8e787c","local_time":"20210131051529","is_ascension_mode":true,"campfire_choices":[{"data":"Shrug It Off","floor":6,"key":"SMITH"},{"floor":8,"key":"REST"},{"data":"Flex","floor":15,"key":"SMITH"},{"data":"Double Tap","floor":23,"key":"SMITH"},{"floor":25,"key":"REST"},{"data":"Inflame","floor":30,"key":"SMITH"}],"circlet_count":0,"master_deck":["Strike_R","Strike_R","Strike_R","Strike_R","Defend_R","Defend_R","Defend_R","Bash","Shrug It Off","Rampage","Shrug It Off+1","Thunderclap","Perfected Strike+1","Armaments","Flex+1","Cleave","Inflame+1","Combust","Double Tap+1","Twin Strike","Wild Strike","Injury","Clothesline"],"relics":["Burning Blood","Potion Belt","Nunchaku","Anchor","Cursed Key","MutagenicStrength","Meat on the Bone"],"acts_visited":["Exordium","TheCity"],"potions_floor_usage":[11,24,24,24],"damage_taken":[{"damage":2,"enemies":"Cultist","floor":1,"turns":5},{"damage":5,"enemies":"Small Slimes","floor":2,"turns":4},{"damage":5,"enemies":"Jaw Worm","floor":3,"turns":4},{"damage":39,"enemies":"Gremlin Gang","floor":4,"turns":7},{"damage":9,"enemies":"2 Fungi Beasts","floor":7,"turns":3},{"damage":35,"enemies":"3 Sentries","floor":11,"turns":8},{"damage":2,"enemies":"3 Louse","floor":12,"turns":2},{"damage":8,"enemies":"Blue Slaver","floor":13,"turns":4},{"damage":52,"enemies":"The Guardian","floor":16,"turns":11},{"damage":0,"enemies":"Chosen","floor":18,"turns":3},{"damage":23,"enemies":"2 Thieves","floor":21,"turns":3},{"damage":13,"enemies":"Snecko","floor":24,"turns":3},{"damage":0,"enemies":"Snake Plant","floor":27,"turns":2},{"damage":6,"enemies":"Chosen and Byrds","floor":31,"turns":4}],"seed_played":"1724049643717236693","potions_obtained":[{"floor":1,"key":"Swift Potion"},{"floor":2,"key":"ColorlessPotion"},{"floor":7,"key":"SpeedPotion"},{"floor":11,"key":"BloodPotion"},{"floor":12,"key":"PowerPotion"},{"floor":13,"key":"LiquidMemories"},{"floor":27,"key":"AttackPotion"}],"is_trial":false,"path_per_floor":["M","M","M","M","?","R","M","R","T","$","E","M","M","$","R","B",null,"M","$","?","M","?","R","M","R","T","M","?","?","R","M"],"character_chosen":"IRONCLAD","items_purchased":["Flex","Anchor"],"campfire_rested":2,"item_purchase_floors":[10,14],"current_hp_per_floor":[80,80,80,47,47,47,44,68,68,68,55,59,57,57,57,11,80,80,80,80,63,63,63,56,80,80,80,65,65,65,59,59],"gold":274,"neow_bonus":"THREE_CARDS","is_daily":false,"chose_seed":false,"campfire_upgraded":4,"win_rate":0.0,"timestamp":1612066529,"path_taken":["M","M","?","M","?","R","M","R","T","?","E","?","M","$","R","BOSS","M","$","?","M","?","R","M","R","T","?","?","?","R","M"],"items_purchased_type":["Card","Relic"],"build_version":"2020-12-22","purchased_purges":2,"victory":false,"max_hp_per_floor":[80,80,80,80,80,80,80,80,80,80,80,80,80,80,80,80,80,80,80,80,80,80,80,80,80,80,80,85,85,85,85,85],"card_choices":[{"not_picked":["Flex","Warcry"],"picked":"Shrug It Off","floor":0},{"not_picked":["Dark Embrace","Armaments"],"picked":"Rampage","floor":1},{"not_picked":["Fire Breathing","Cleave"],"picked":"Shrug It Off","floor":2},{"not_picked":["Feel No Pain","Burning Pact"],"picked":"Thunderclap","floor":3},{"not_picked":["Ghostly Armor","Rupture"],"picked":"Perfected Strike","floor":4},{"not_picked":["Power Through","Burning Pact"],"picked":"Armaments","floor":7},{"not_picked":["Sword Boomerang","Body Slam"],"picked":"Cleave","floor":11},{"not_picked":["Clash","Heavy Blade"],"picked":"Inflame","floor":12},{"not_picked":["Exhume","Battle Trance"],"picked":"Combust","floor":13},{"not_picked":["Juggernaut","Barricade"],"picked":"Double Tap","floor":16},{"not_picked":["Clothesline","Whirlwind"],"picked":"Twin Strike","floor":18},{"not_picked":["Burning Pact+1","Dropkick","Clash"],"picked":"SKIP","floor":21},{"not_picked":["Havoc","Intimidate"],"picked":"Wild Strike","floor":24},{"not_picked":["Disarm","Body Slam"],"picked":"Clothesline","floor":27}],"player_experience":455929,"relics_obtained":[{"floor":9,"key":"Potion Belt"},{"floor":11,"key":"Nunchaku"},{"floor":26,"key":"Meat on the Bone"}],"event_choices":[{"damage_healed":0,"gold_gain":0,"player_choice":"Forge","damage_taken":0,"max_hp_gain":0,"max_hp_loss":0,"event_name":"Accursed Blacksmith","floor":5,"gold_loss":0,"cards_upgraded":["Perfected Strike"]},{"damage_healed":0,"gold_gain":0,"player_choice":"Inject Mutagens","damage_taken":0,"relics_obtained":["MutagenicStrength"],"max_hp_gain":0,"max_hp_loss":0,"event_name":"Drug Dealer","floor":20,"gold_loss":0},{"damage_healed":0,"gold_gain":100,"player_choice":"Pray","damage_taken":0,"max_hp_gain":0,"max_hp_loss":0,"event_name":"Golden Shrine","floor":22,"gold_loss":0},{"damage_healed":0,"gold_gain":0,"player_choice":"Shed Blood","damage_taken":20,"max_hp_gain":5,"max_hp_loss":0,"event_name":"Forgotten Altar","floor":28,"gold_loss":0},{"damage_healed":0,"gold_gain":99,"player_choice":"Stole From Cult","damage_taken":0,"max_hp_gain":0,"max_hp_loss":0,"event_name":"Nest","floor":29,"gold_loss":0}],"is_beta":false,"boss_relics":[{"not_picked":["Calling Bell","Astrolabe"],"picked":"Cursed Key"}],"items_purged_floors":[10,19],"is_endless":false,"potions_floor_spawned":[1,2,7,11,12,13,27],"killed_by":"Chosen and Byrds","ascension_level":3}}