{"host":"gqhy17d1xpb1p3ki","time":1612130993,"event":{"mods":["2.2 Compatiblity","AchievementEnabler","BaseMod","Bestiary","BetterRewards","Colored Map","Colored Powertips","Conspire","Curses Come First","Custom Start","DeckTracker","Downfall","Duelist Mod","Hermit","Highlight Path","Hubris","Infinite Spire","Jorbs\u0027s Wanderer Trilogy","Marisa????????","Minty Spire (QoL Compilation)","Quick Restart","Rare Cards Sparkle","Relic Stats","Remilia??????","Robot Space Explorer","Shop Mod","StSLib","Td1madao Mod","The Animator","The Bug Knight","The Cursed","The Disciple","The Hierophant","The Jungle","The Marked","The Mystic","The Necromancer","The Runesmith","The Senshi","The Servant 0.9.4","The Witch","TheBandit","WarShipGirlsR/????R mod","Yuri Mod"],"gold_per_floor":[99,109,109,126,151,151,151,167,192,192,211,50,50,56,70,88,88],"floor_reached":16,"language":"ENG","playtime":1056,"items_purged":["hermit:Strike_Hermit"],"score":100,"play_id":"ba9b0c8b-a646-4040-b46b-d8d1a27c59c0","local_time":"20210131170953","is_ascension_mode":false,"campfire_choices":[{"data":"hermit:Covet","floor":1,"key":"SMITH"},{"data":"hermit:Quickdraw","floor":6,"key":"SMITH"},{"data":"hermit:Gestalt","floor":10,"key":"SMITH"},{"data":"hermit:Vantage","floor":13,"key":"SMITH"}],"circlet_count":0,"master_deck":["hermit:Strike_Hermit+1","hermit:Strike_Hermit","hermit:Strike_Hermit","hermit:Defend_Hermit","hermit:Defend_Hermit","hermit:Defend_Hermit","hermit:Defend_Hermit","hermit:Snapshot+1","hermit:Covet+1","hermit:Quickdraw+1","hermit:GoldenBullet+1","hermit:LowProfile","hermit:Gestalt+1","hermit:Cheat","hermit:Vantage+1","hermit:Brawl","hermit:Ricochet"],"relics":["hermit:Momento","downfall:BrokenWingStatue","Whetstone","Meat on the Bone","infinitespire:Midas Blood","infinitespire:Magic Flask"],"acts_visited":["Exordium"],"potions_floor_usage":[],"damage_taken":[{"damage":0,"enemies":"2 Louse","floor":2,"turns":2},{"damage":3,"enemies":"Jaw Worm","floor":4,"turns":2},{"damage":5,"enemies":"Small Slimes","floor":8,"turns":2},{"damage":19,"enemies":"3 Sentries","floor":9,"turns":9},{"damage":1,"enemies":"Blue Slaver","floor":11,"turns":6},{"damage":0,"enemies":"downfall:FleeingMerchant","floor":12,"turns":4},{"damage":1,"enemies":"Large Slime","floor":15,"turns":5},{"damage":50,"enemies":"SI_SHIV_ARCHETYPE","floor":16,"turns":11}],"seed_played":"2394059255046168356","potions_obtained":[{"floor":8,"key":"Dexterity Potion"},{"floor":15,"key":"Guardian:BlockOnCardUsePotion"}],"is_trial":false,"path_per_floor":["R","M","?","M","T","R","T","M","E","R","M","$","R","?","M","B"],"character_chosen":"HERMIT","items_purchased":["hermit:Brawl"],"campfire_rested":0,"item_purchase_floors":[12],"current_hp_per_floor":[75,75,75,72,72,72,72,67,48,48,47,47,47,35,46,0,0],"gold":88,"neow_bonus":"UPGRADE_CARD","is_daily":false,"chose_seed":false,"campfire_upgraded":4,"win_rate":0.0,"timestamp":1612130993,"path_taken":["R","M","?","M","?","R","T","M","E","R","M","$","R","?","M","BOSS"],"items_purchased_type":["Card"],"build_version":"2020-12-22","purchased_purges":1,"victory":false,"max_hp_per_floor":[75,75,75,75,75,75,75,75,75,75,75,75,75,75,75,75,75],"relic_stats":{"counters":[8,41],"Whetstone":["hermit:Strike_Hermit","hermit:GoldenBullet"],"obtain_stats":[{"downfall:BrokenWingStatue":3,"Whetstone":5,"infinitespire:Magic Flask":14,"hermit:Momento":0,"Meat on the Bone":7,"infinitespire:Midas Blood":9},{"downfall:BrokenWingStatue":1,"Whetstone":2,"infinitespire:Magic Flask":6,"hermit:Momento":0,"Meat on the Bone":2,"infinitespire:Midas Blood":4},{"downfall:BrokenWingStatue":2,"Whetstone":4,"infinitespire:Magic Flask":25,"hermit:Momento":0,"Meat on the Bone":4,"infinitespire:Midas Blood":15}],"Meat on the Bone":12},"card_choices":[{"not_picked":["hermit:Manifest","hermit:HighCaliber"],"picked":"hermit:Quickdraw","floor":2},{"not_picked":["hermit:LowProfile","hermit:Snipe"],"picked":"hermit:GoldenBullet","floor":4},{"not_picked":["hermit:HoleUp","hermit:Virtue"],"picked":"hermit:LowProfile","floor":8},{"not_picked":["hermit:Roulette","hermit:CursedWeapon"],"picked":"hermit:Gestalt","floor":9},{"not_picked":["hermit:Midnight","hermit:CalledShot"],"picked":"hermit:Cheat","floor":11},{"not_picked":["hermit:EyeOfTheStorm","hermit:HighCaliber"],"picked":"hermit:Vantage","floor":12},{"not_picked":["hermit:OverwhelmingPower","hermit:Feint"],"picked":"hermit:Ricochet","floor":15}],"player_experience":465125,"relics_obtained":[{"floor":5,"key":"Whetstone"},{"floor":7,"key":"Meat on the Bone"},{"floor":9,"key":"infinitespire:Midas Blood"}],"event_choices":[{"damage_healed":0,"gold_gain":0,"player_choice":"Success","damage_taken":12,"relics_obtained":["infinitespire:Magic Flask"],"max_hp_gain":0,"max_hp_loss":0,"event_name":"Scrap Ooze","floor":14,"gold_loss":0}],"is_beta":false,"boss_relics":[],"items_purged_floors":[12],"is_endless":false,"potions_floor_spawned":[8,15],"killed_by":"SI_SHIV_ARCHETYPE","ascension_level":0}}