{"host":"2se5dq1do2gp0x9k","time":1612054315,"event":{"mods":["AchievementEnabler","BaseMod","Block Reminder","Colored Map","Colored Powertips","Minty Spire (QoL Compilation)","Relic Stats","StSLib","SuperFastMode"],"gold_per_floor":[117,117,167,180,190,190,221,241,241,262,262,275,301,67,67,138,138,150,122,141,141,159,159,190,28,28,28,28,39,39,50,50,122,122,133,147,165,177,9,37,37,37],"floor_reached":41,"language":"ENG","playtime":2114,"items_purged":["Defend_B"],"score":1060,"play_id":"2e9f8f8d-435b-4c47-8aa3-cba4c5dc2699","local_time":"20210130165155","is_ascension_mode":true,"campfire_choices":[{"data":"Defragment","floor":6.0,"key":"SMITH"},{"data":"Defragment","floor":11.0,"key":"SMITH"},{"data":"Capacitor","floor":15.0,"key":"SMITH"},{"data":"Defragment","floor":23.0,"key":"SMITH"},{"floor":30.0,"key":"RECALL"},{"data":"Loop","floor":32.0,"key":"SMITH"}],"circlet_count":0,"master_deck":["AscendersBane","Strike_B","Strike_B","Strike_B","Defend_B","Defend_B","Defend_B","Zap","Dualcast","Defragment+1","Chill","Defragment+1","Sweeping Beam","Cold Snap","Reinforced Body","Coolheaded","Glacier","Blizzard","Capacitor+1","Echo Form","Capacitor","Defragment+1","Barrage","Loop+1","Turbo","Self Repair","Echo Form","Recycle","Fusion","Hologram+1"],"relics":["Coffee Dripper","Matryoshka","Pen Nib","Odd Mushroom","Meat on the Bone","Runic Pyramid","Pantograph","ClockworkSouvenir","Letter Opener","Tiny Chest","Black Star","Medical Kit","Kunai","Cables"],"acts_visited":["Exordium","TheCity","TheBeyond"],"potions_floor_usage":[41],"damage_taken":[{"damage":12.0,"enemies":"Jaw Worm","floor":1.0,"turns":4.0},{"damage":2.0,"enemies":"2 Louse","floor":4.0,"turns":3.0},{"damage":0.0,"enemies":"Cultist","floor":5.0,"turns":4.0},{"damage":10.0,"enemies":"3 Sentries","floor":7.0,"turns":7.0},{"damage":11.0,"enemies":"Blue Slaver","floor":8.0,"turns":4.0},{"damage":5.0,"enemies":"The Mushroom Lair","floor":10.0,"turns":4.0},{"damage":3.0,"enemies":"Exordium Wildlife","floor":12.0,"turns":4.0},{"damage":0.0,"enemies":"Lagavulin","floor":13.0,"turns":8.0},{"damage":0.0,"enemies":"Slime Boss","floor":16.0,"turns":12.0},{"damage":0.0,"enemies":"Spheric Guardian","floor":18.0,"turns":9.0},{"damage":12.0,"enemies":"2 Thieves","floor":19.0,"turns":5.0},{"damage":13.0,"enemies":"Snecko","floor":20.0,"turns":10.0},{"damage":5.0,"enemies":"Shelled Parasite and Fungi","floor":22.0,"turns":7.0},{"damage":19.0,"enemies":"Book of Stabbing","floor":24.0,"turns":8.0},{"damage":17.0,"enemies":"Colosseum Slavers","floor":27.0,"turns":6.0},{"damage":0.0,"enemies":"Centurion and Healer","floor":29.0,"turns":8.0},{"damage":18.0,"enemies":"Snake Plant","floor":31.0,"turns":7.0},{"damage":11.0,"enemies":"Automaton","floor":33.0,"turns":12.0},{"damage":24.0,"enemies":"3 Darklings","floor":35.0,"turns":6.0},{"damage":7.0,"enemies":"Orb Walker","floor":36.0,"turns":7.0},{"damage":0.0,"enemies":"Maw","floor":37.0,"turns":9.0},{"damage":26.0,"enemies":"Writhing Mass","floor":38.0,"turns":9.0},{"damage":44.0,"enemies":"Nemesis","floor":40.0,"turns":11.0},{"damage":47,"enemies":"Jaw Worm Horde","floor":41,"turns":4}],"seed_played":"1841178735029963781","potions_obtained":[{"floor":1.0,"key":"FocusPotion"},{"floor":5.0,"key":"DistilledChaos"},{"floor":8.0,"key":"Ancient Potion"},{"floor":10.0,"key":"AttackPotion"},{"floor":19.0,"key":"CultistPotion"},{"floor":24.0,"key":"Block Potion"},{"floor":29.0,"key":"Swift Potion"},{"floor":37.0,"key":"BlessingOfTheForge"},{"floor":38.0,"key":"Fire Potion"}],"is_trial":false,"path_per_floor":["M","?","?","M","M","R","E","M","T","?","R","M","E","$","R","B",null,"M","M","M","?","M","R","E","$","T","?","?","M","R","M","R","B",null,"M","M","M","M","$","E","M"],"character_chosen":"DEFECT","items_purchased":["Blizzard","Capacitor","ClockworkSouvenir","Medical Kit"],"campfire_rested":0,"item_purchase_floors":[14,14,25,39],"current_hp_per_floor":[52,52,52,50,50,50,40,29,29,24,24,21,21,21,21,33,62,62,50,37,51,46,46,39,39,39,34,39,39,39,33,33,54,67,57,64,71,59,59,47,0,0],"gold":37,"neow_bonus":"BOSS_RELIC","is_daily":false,"chose_seed":false,"campfire_upgraded":5,"win_rate":0.0,"timestamp":1612054315,"path_taken":["M","?","?","M","M","R","E","?","T","?","R","M","E","?","R","BOSS","M","M","?","?","M","R","E","$","T","?","?","?","R","M","R","BOSS","M","M","M","M","$","E","M"],"items_purchased_type":["Card","Card","Relic","Relic"],"build_version":"2020-12-22","purchased_purges":1,"victory":false,"max_hp_per_floor":[71,71,71,71,71,71,71,71,71,71,71,71,71,71,71,71,71,71,71,71,71,71,71,71,71,71,71,71,71,71,71,71,71,71,71,71,71,71,71,71,71,71],"relic_stats":{"counters":[24,168],"Pantograph":25,"Tiny Chest":0,"Pen Nib":[19],"Black Star":1,"Letter Opener":[107],"Kunai":[0],"Medical Kit":[19],"obtain_stats":[{"Pen Nib":9,"Letter Opener":26,"Odd Mushroom":10,"Medical Kit":39,"ClockworkSouvenir":25,"Cables":40,"Matryoshka":7,"Pantograph":24,"Tiny Chest":26,"Coffee Dripper":0,"Black Star":34,"Kunai":40,"Cracked Core":0,"Meat on the Bone":13,"Runic Pyramid":17},{"Pen Nib":5,"Letter Opener":14,"Odd Mushroom":6,"Medical Kit":22,"ClockworkSouvenir":14,"Cables":23,"Matryoshka":4,"Pantograph":14,"Tiny Chest":14,"Coffee Dripper":0,"Black Star":18,"Kunai":23,"Cracked Core":0,"Meat on the Bone":8,"Runic Pyramid":9},{"Pen Nib":22,"Letter Opener":89,"Odd Mushroom":26,"Medical Kit":153,"ClockworkSouvenir":89,"Cables":164,"Matryoshka":18,"Pantograph":89,"Tiny Chest":89,"Coffee Dripper":0,"Black Star":122,"Kunai":164,"Cracked Core":0,"Meat on the Bone":38,"Runic Pyramid":50}],"Meat on the Bone":60,"Cables":[0,0,0,0,0]},"card_choices":[{"not_picked":["Loop","Coolheaded"],"picked":"Streamline","floor":1.0},{"not_picked":["Reprogram","Stack"],"picked":"Chill","floor":4.0},{"not_picked":["Reprogram","Self Repair"],"picked":"Defragment","floor":5.0},{"not_picked":["Gash","Double Energy"],"picked":"Sweeping Beam","floor":7.0},{"not_picked":["Rebound","Coolheaded"],"picked":"Cold Snap","floor":8.0},{"not_picked":["Leap","Recycle"],"picked":"Reinforced Body","floor":10.0},{"not_picked":["Melter","Leap"],"picked":"Coolheaded","floor":12.0},{"not_picked":["Buffer","Beam Cell"],"picked":"Glacier","floor":13.0},{"not_picked":["Meteor Strike","Electrodynamics"],"picked":"Echo Form","floor":16.0},{"not_picked":["Hologram","Melter"],"picked":"Capacitor","floor":18.0},{"not_picked":["Beam Cell","White Noise"],"picked":"Defragment","floor":19.0},{"not_picked":["Compile Driver+1","Scrape","BootSequence"],"picked":"SKIP","floor":20.0},{"not_picked":["Coolheaded","Streamline+1"],"picked":"Barrage","floor":22.0},{"not_picked":["Sweeping Beam+1","Heatsinks"],"picked":"Loop","floor":24.0},{"not_picked":["Ball Lightning","Streamline"],"picked":"Turbo","floor":29.0},{"not_picked":["Beam Cell","Steam"],"picked":"Self Repair","floor":31.0},{"not_picked":["Rainbow","Creative AI"],"picked":"Echo Form","floor":33.0},{"not_picked":["Compile Driver","Leap","Scrape+1"],"picked":"SKIP","floor":35.0},{"not_picked":["Hello World+1","Consume"],"picked":"Recycle","floor":36.0},{"not_picked":["Cold Snap+1","Hologram","Consume"],"picked":"SKIP","floor":37.0},{"not_picked":["Steam Power","Redo"],"picked":"Fusion","floor":38.0},{"not_picked":["Steam Power","Chaos"],"picked":"Hologram+1","floor":40.0}],"player_experience":4000134,"relics_obtained":[{"floor":7.0,"key":"Matryoshka"},{"floor":9.0,"key":"Pen Nib"},{"floor":10.0,"key":"Odd Mushroom"},{"floor":13.0,"key":"Meat on the Bone"},{"floor":24.0,"key":"Pantograph"},{"floor":26.0,"key":"Letter Opener"},{"floor":26.0,"key":"Tiny Chest"},{"floor":40.0,"key":"Kunai"},{"floor":40.0,"key":"Cables"}],"event_choices":[{"damage_healed":0.0,"max_hp_gain":0.0,"max_hp_loss":0.0,"gold_gain":0.0,"cards_transformed":["Strike_B"],"event_name":"Living Wall","player_choice":"Change","floor":2.0,"gold_loss":0.0,"damage_taken":0.0,"cards_obtained":["Defragment"]},{"damage_healed":0.0,"max_hp_gain":0.0,"max_hp_loss":0.0,"gold_gain":50.0,"event_name":"Golden Shrine","player_choice":"Pray","floor":3.0,"gold_loss":0.0,"damage_taken":0.0},{"damage_healed":0.0,"max_hp_gain":0.0,"max_hp_loss":0.0,"gold_gain":0.0,"event_name":"Mushrooms","player_choice":"Fought Mushrooms","floor":10.0,"gold_loss":0.0,"damage_taken":0.0},{"damage_healed":14.0,"max_hp_gain":0.0,"max_hp_loss":0.0,"gold_gain":0.0,"event_name":"The Library","player_choice":"Heal","floor":21.0,"gold_loss":0.0,"damage_taken":0.0},{"damage_healed":0.0,"max_hp_gain":0.0,"max_hp_loss":0.0,"gold_gain":0.0,"event_name":"Colosseum","player_choice":"Fight","floor":27.0,"gold_loss":0.0,"damage_taken":0.0},{"damage_healed":0.0,"max_hp_gain":0.0,"max_hp_loss":0.0,"gold_gain":0.0,"event_name":"Colosseum","player_choice":"Fled From Nobs","floor":27.0,"gold_loss":0.0,"damage_taken":0.0},{"cards_removed":["Streamline"],"damage_healed":5.0,"max_hp_gain":0.0,"max_hp_loss":0.0,"gold_gain":0.0,"event_name":"Bonfire Elementals","player_choice":"Offered Common","floor":28.0,"gold_loss":0.0,"damage_taken":0.0},{"cards_removed":["Streamline"],"damage_healed":5.0,"max_hp_gain":0.0,"max_hp_loss":0.0,"gold_gain":0.0,"event_name":"Bonfire Elementals","player_choice":"Offered Special","floor":28.0,"gold_loss":0.0,"damage_taken":0.0}],"is_beta":false,"boss_relics":[{"not_picked":["SacredBark","Calling Bell"],"picked":"Runic Pyramid"},{"not_picked":["Tiny House","Philosopher\u0027s Stone"],"picked":"Black Star"}],"items_purged_floors":[14],"is_endless":false,"potions_floor_spawned":[1,5,8,10,12,16,19,20,24,29,37,38],"killed_by":"Jaw Worm Horde","ascension_level":20}}