{"host":"nwd160me4iqdtr8u","time":1612086719,"event":{"mods":["AchievementEnabler","Act Like it!","BaseMod","Colored Map","DeckTracker","Keyboard Shortcuts","Minty Spire (QoL Compilation)","Quick Restart","Rare Cards Sparkle","StSLib","SuperFastMode","everything is the same but u backflip on backflip"],"gold_per_floor":[115,126,136,161,211,211,221,221,274,41,41,57,73,84,84,160,160,171,171,86,106,106,106,116,116,143,177,188,188,205,305,305,305,305],"floor_reached":33,"language":"KOR","playtime":1490,"items_purged":["Strike_G"],"score":466,"play_id":"fdae2857-f6de-4c8f-8908-38807027233a","local_time":"20210131185159","is_ascension_mode":true,"campfire_choices":[{"data":"Noxious Fumes","floor":6.0,"key":"SMITH"},{"floor":8.0,"key":"REST"},{"data":"Calculated Gamble","floor":11.0,"key":"SMITH"},{"data":"Wraith Form v2","floor":15.0,"key":"SMITH"},{"data":"Ghostly","floor":23.0,"key":"SMITH"},{"data":"Ghostly","floor":25.0,"key":"SMITH"},{"floor":29.0,"key":"REST"},{"floor":32.0,"key":"REST"}],"circlet_count":0,"master_deck":["AscendersBane","Strike_G","Strike_G","Strike_G","Defend_G","Defend_G","Defend_G","Defend_G","Defend_G","Survivor","Neutralize","Grand Finale","Calculated Gamble+1","Sucker Punch","Noxious Fumes+1","Acrobatics","Wraith Form v2+1","Backflip","Phantasmal Killer","Blur+1","Ghostly","Ghostly+1","Ghostly+1","Quick Slash","Crippling Poison+1","PiercingWail","Backflip"],"relics":["Ring of the Snake","PreservedInsect","Bag of Preparation","Medical Kit","Black Star","StrikeDummy","Dream Catcher","HornCleat","InkBottle","Bird Faced Urn","Gremlin Horn"],"acts_visited":["Exordium","TheCity"],"potions_floor_usage":[33],"damage_taken":[{"damage":10.0,"enemies":"Cultist","floor":1.0,"turns":6.0},{"damage":5.0,"enemies":"Small Slimes","floor":2.0,"turns":6.0},{"damage":0.0,"enemies":"2 Louse","floor":3.0,"turns":3.0},{"damage":15.0,"enemies":"Large Slime","floor":7.0,"turns":7.0},{"damage":6.0,"enemies":"Looter","floor":12.0,"turns":4.0},{"damage":5.0,"enemies":"2 Fungi Beasts","floor":13.0,"turns":5.0},{"damage":6.0,"enemies":"Blue Slaver","floor":14.0,"turns":4.0},{"damage":29.0,"enemies":"The Guardian","floor":16.0,"turns":12.0},{"damage":10.0,"enemies":"Shell Parasite","floor":18.0,"turns":9.0},{"damage":6.0,"enemies":"Chosen","floor":21.0,"turns":6.0},{"damage":2.0,"enemies":"Centurion and Healer","floor":24.0,"turns":6.0},{"damage":6.0,"enemies":"Book of Stabbing","floor":27.0,"turns":9.0},{"damage":6.0,"enemies":"Snake Plant","floor":28.0,"turns":5.0},{"damage":3.0,"enemies":"Snecko","floor":30.0,"turns":9.0},{"damage":11.0,"enemies":"Colosseum Slavers","floor":31.0,"turns":6.0},{"damage":7.0,"enemies":"Colosseum Nobs","floor":31.0,"turns":8.0},{"damage":35,"enemies":"Automaton","floor":33,"turns":14}],"seed_played":"-3028768503114308703","potions_obtained":[{"floor":1.0,"key":"Fruit Juice"},{"floor":7.0,"key":"Weak Potion"},{"floor":13.0,"key":"Strength Potion"},{"floor":16.0,"key":"ColorlessPotion"},{"floor":21.0,"key":"SpeedPotion"},{"floor":31.0,"key":"Strength Potion"}],"is_trial":false,"path_per_floor":["M","M","M","T","?","R","M","R","T","$","R","M","M","M","R","B",null,"M","?","?","M","?","R","M","R","T","E","M","R","M","?","R","B"],"character_chosen":"THE_SILENT","items_purchased":["Medical Kit"],"campfire_rested":3,"item_purchase_floors":[10],"current_hp_per_floor":[54,49,49,49,49,49,34,55,55,55,55,49,44,38,38,9,56,46,46,46,40,35,35,33,33,33,27,21,31,28,10,20,0,0],"gold":305,"neow_bonus":"ONE_RANDOM_RARE_CARD","is_daily":false,"chose_seed":false,"campfire_upgraded":5,"win_rate":0.0,"timestamp":1612086719,"path_taken":["M","M","M","?","?","R","M","R","T","$","R","?","M","M","R","BOSS","M","?","?","M","?","R","M","R","T","E","M","R","M","?","R","BOSS"],"items_purchased_type":["Relic"],"build_version":"2020-12-22","purchased_purges":1,"victory":false,"max_hp_per_floor":[71,71,71,71,71,71,71,71,71,71,71,71,71,71,71,71,71,71,71,71,71,35,35,35,35,35,35,35,35,35,35,35,35,35],"card_choices":[{"not_picked":["Dagger Throw","Accuracy"],"picked":"Calculated Gamble","floor":1.0},{"not_picked":["Accuracy","Riddle With Holes"],"picked":"Sucker Punch","floor":2.0},{"not_picked":["All Out Attack","Deflect"],"picked":"Noxious Fumes","floor":3.0},{"not_picked":["Deflect","Masterful Stab"],"picked":"Acrobatics","floor":7.0},{"not_picked":["Skewer","Flying Knee","Setup"],"picked":"SKIP","floor":12.0},{"not_picked":["Sucker Punch","Prepared"],"picked":"Wraith Form v2","floor":13.0},{"not_picked":["PiercingWail","Poisoned Stab"],"picked":"Backflip","floor":14.0},{"not_picked":["Storm of Steel","Unload"],"picked":"Phantasmal Killer","floor":16.0},{"not_picked":["Flying Knee","Underhanded Strike","Expertise"],"picked":"SKIP","floor":18.0},{"not_picked":["Setup","Quick Slash"],"picked":"Blur+1","floor":21.0},{"not_picked":["Bane","Backstab"],"picked":"Quick Slash","floor":24.0},{"not_picked":["Deadly Poison","Quick Slash","Outmaneuver"],"picked":"SKIP","floor":27.0},{"not_picked":["Deadly Poison","Blade Dance+1"],"picked":"Crippling Poison+1","floor":28.0},{"not_picked":["Finisher","Glass Knife"],"picked":"PiercingWail","floor":29.0},{"not_picked":["Dagger Throw","Caltrops"],"picked":"Backflip","floor":30.0}],"player_experience":339768,"relics_obtained":[{"floor":4.0,"key":"PreservedInsect"},{"floor":9.0,"key":"Bag of Preparation"},{"floor":26.0,"key":"Dream Catcher"},{"floor":27.0,"key":"HornCleat"},{"floor":27.0,"key":"InkBottle"},{"floor":31.0,"key":"Bird Faced Urn"},{"floor":31.0,"key":"Gremlin Horn"}],"event_choices":[{"damage_healed":0.0,"max_hp_gain":0.0,"max_hp_loss":0.0,"gold_gain":50.0,"event_name":"Golden Shrine","player_choice":"Pray","floor":5.0,"gold_loss":0.0,"damage_taken":0.0},{"cards_removed":["Strike_G"],"damage_healed":0.0,"max_hp_gain":0.0,"max_hp_loss":0.0,"gold_gain":0.0,"event_name":"Back to Basics","player_choice":"Elegance","floor":19.0,"gold_loss":0.0,"damage_taken":0.0},{"damage_healed":0.0,"max_hp_gain":0.0,"max_hp_loss":0.0,"gold_gain":0.0,"event_name":"Addict","player_choice":"Obtained Relic","floor":20.0,"gold_loss":85.0,"damage_taken":0.0,"relics_obtained":["StrikeDummy"]},{"damage_healed":0.0,"max_hp_gain":0.0,"max_hp_loss":36.0,"gold_gain":0.0,"event_name":"Ghosts","player_choice":"Became a Ghost","floor":22.0,"gold_loss":0.0,"damage_taken":0.0,"cards_obtained":["Ghostly","Ghostly","Ghostly"]},{"damage_healed":0.0,"max_hp_gain":0.0,"max_hp_loss":0.0,"gold_gain":0.0,"event_name":"Colosseum","player_choice":"Fight","floor":31.0,"gold_loss":0.0,"damage_taken":0.0},{"damage_healed":0.0,"max_hp_gain":0.0,"max_hp_loss":0.0,"gold_gain":0.0,"event_name":"Colosseum","player_choice":"Fought Nobs","floor":31.0,"gold_loss":0.0,"damage_taken":0.0}],"is_beta":false,"boss_relics":[{"not_picked":["Runic Dome","Ring of the Serpent"],"picked":"Black Star"}],"items_purged_floors":[10],"is_endless":false,"potions_floor_spawned":[1,7,13,16,21,31,31],"killed_by":"Automaton","ascension_level":16}}