{"host":"7iv10lxbxedtd0qh","time":1612058195,"event":{"mods":["BaseMod","Colored Map","Colored Powertips","Downfall","Minty Spire (QoL Compilation)","StSLib"],"gold_per_floor":[99,113,132,150,62,62,62,78,107,126,156,156,175,195,208,208,208,208],"floor_reached":16,"language":"ENG","playtime":1036,"items_purged":[],"score":122,"play_id":"db95b01a-c944-4b2d-b080-29d1e7043455","local_time":"20210131025635","is_ascension_mode":true,"campfire_choices":[{"floor":1,"key":"RECALL"},{"data":"champ:Lariat","floor":6,"key":"SMITH"}],"circlet_count":0,"master_deck":["champ:Strike","champ:Strike","champ:Strike","champ:Defend","champ:Defend","champ:Defend","champ:Defend","champ:Execute","champ:Taunt","champ:ShieldThrow","champ:FlashCut","champ:TornadoPunch","champ:DefensiveStyle","champ:Circumvent","champ:Lariat+1","champ:Backstep","champ:Circumvent","champ:GutPunch","champ:SetATrap","champ:CrownThrow","champ:PreciseThrust","champ:GutPunch","champ:FalseCounter"],"relics":["champ:ChampionCrown","Smiling Mask","Singing Bowl","PreservedInsect"],"acts_visited":["Exordium"],"potions_floor_usage":[16],"damage_taken":[{"damage":10,"enemies":"Small Slimes","floor":2,"turns":4},{"damage":10,"enemies":"Cultist","floor":3,"turns":3},{"damage":10,"enemies":"Jaw Worm","floor":4,"turns":2},{"damage":10,"enemies":"downfall:FleeingMerchant","floor":5,"turns":4},{"damage":30,"enemies":"Blue Slaver","floor":8,"turns":4},{"damage":3,"enemies":"3 Sentries","floor":9,"turns":5},{"damage":3,"enemies":"Red Slaver","floor":10,"turns":2},{"damage":53,"enemies":"Gremlin Nob","floor":11,"turns":5},{"damage":10,"enemies":"Large Slime","floor":13,"turns":4},{"damage":16,"enemies":"2 Fungi Beasts","floor":14,"turns":3},{"damage":0,"enemies":"Exordium Wildlife","floor":15,"turns":4},{"damage":51,"enemies":"SI_SHIV_ARCHETYPE","floor":16,"turns":8}],"seed_played":"-8692033719042912432","potions_obtained":[{"floor":2,"key":"PowerPotion"},{"floor":3,"key":"hexamod:SoulburnPotion"},{"floor":11,"key":"DuplicationPotion"}],"is_trial":false,"path_per_floor":["R","M","M","M","$","R","T","M","E","M","E","?","M","M","M","B"],"character_chosen":"THE_CHAMP","items_purchased":["champ:Lariat"],"campfire_rested":0,"item_purchase_floors":[5],"current_hp_per_floor":[90,90,90,90,90,90,90,90,87,84,56,56,56,50,50,0,0,0],"gold":208,"neow_bonus":"ONE_RANDOM_RARE_CARD","is_daily":false,"chose_seed":false,"campfire_upgraded":1,"win_rate":0.0,"timestamp":1612058195,"path_taken":["R","M","M","M","$","R","T","M","E","M","E","?","?","M","M","BOSS"],"items_purchased_type":["Card"],"build_version":"2020-12-22","purchased_purges":0,"victory":false,"max_hp_per_floor":[90,90,90,90,90,90,90,90,90,90,90,90,90,90,90,90,90,90],"card_choices":[{"not_picked":["champ:BringItOn","champ:PreciseThrust"],"picked":"champ:FlashCut","floor":2},{"not_picked":["champ:FlashCut","champ:StanceDance"],"picked":"champ:TornadoPunch","floor":3},{"not_picked":["champ:HeartStrike","champ:PerfectedStrike"],"picked":"champ:DefensiveStyle","floor":4},{"not_picked":["champ:Haymaker","champ:Backstep"],"picked":"champ:Circumvent","floor":5},{"not_picked":["champ:PerfectedStrike","champ:Shatter"],"picked":"champ:Backstep","floor":8},{"not_picked":["champ:BerserkersShout","champ:RapidStrikes"],"picked":"champ:Circumvent","floor":9},{"not_picked":["champ:BringItOn","champ:HeavySlash"],"picked":"champ:GutPunch","floor":10},{"not_picked":["champ:CrownThrow","champ:Haymaker"],"picked":"champ:SetATrap","floor":11},{"not_picked":["champ:ArenaPreparation","champ:Haymaker"],"picked":"champ:PreciseThrust","floor":13},{"not_picked":["champ:PreciseThrust","champ:BringItOn"],"picked":"champ:GutPunch","floor":14},{"not_picked":["champ:Shatter","champ:Haymaker"],"picked":"champ:FalseCounter","floor":15}],"player_experience":759312,"relics_obtained":[{"floor":7,"key":"Smiling Mask"},{"floor":9,"key":"Singing Bowl"},{"floor":11,"key":"PreservedInsect"}],"event_choices":[],"is_beta":false,"boss_relics":[],"items_purged_floors":[],"is_endless":false,"potions_floor_spawned":[2,3,11,13,14],"killed_by":"SI_SHIV_ARCHETYPE","ascension_level":1}}