{"host":"vrsxkkch9ccrec7k","time":1612090546,"event":{"mods":["Act Like it!","BaseMod","Bestiary","Better Altar","Better Match","Better Note","Better Sensory Stone","Better Skull","Better Third Choice","Better Vampires","Downfall","Minty Spire (QoL Compilation)","Permanent Neow","Relic Stats","Spicy Shops","StSLib"],"gold_per_floor":[99,112,287,287,300,313,337,370,387,455,486,498,498,498,514,514,514,514],"floor_reached":16,"language":"ENG","playtime":1500,"items_purged":[],"score":168,"play_id":"0a7edac1-93b0-4736-987e-3115480bb3fd","local_time":"20210131055546","is_ascension_mode":true,"campfire_choices":[{"data":"bronze:Replicate","floor":1,"key":"SMITH"},{"floor":13,"key":"REST"}],"circlet_count":0,"master_deck":["AscendersBane","bronze:Strike","bronze:Strike","bronze:Strike","bronze:Strike","bronze:Defend","bronze:Defend","bronze:Defend","bronze:Defend","bronze:Replicate+1","bronze:Goto","bronze:ItsAFeature+1","Doubt","bronze:Spike","bronze:DazingPulse","bronze:Turbo","bronze:BitShift","bronze:Shield","bronze:Allocate","bronze:Overload","bronze:BugBarrage","bronze:Return"],"relics":["bronze:BronzeCore","Dead Branch","bronze:SilverBullet","Oddly Smooth Stone","Ornamental Fan","Peace Pipe"],"acts_visited":["Exordium"],"potions_floor_usage":[11,11,12],"damage_taken":[{"damage":1,"enemies":"2 Louse","floor":2,"turns":3},{"damage":3,"enemies":"2 Louse","floor":4,"turns":5},{"damage":1,"enemies":"Small Slimes","floor":5,"turns":3},{"damage":6,"enemies":"Jaw Worm","floor":6,"turns":4},{"damage":2,"enemies":"Lagavulin","floor":8,"turns":7},{"damage":21,"enemies":"Exordium Thugs","floor":9,"turns":4},{"damage":28,"enemies":"Gremlin Nob","floor":11,"turns":4},{"damage":0,"enemies":"2 Fungi Beasts","floor":12,"turns":4},{"damage":12,"enemies":"Exordium Wildlife","floor":15,"turns":5},{"damage":13,"enemies":"SI_SHIV_ARCHETYPE","floor":16,"turns":7}],"seed_played":"-6308741843092829101","potions_obtained":[{"floor":4,"key":"Energy Potion"},{"floor":5,"key":"Fire Potion"},{"floor":9,"key":"sneckomod:MuddlingPotion"}],"is_trial":false,"path_per_floor":["R","M","?","?","M","M","T","E","M","T","E","M","R","?","M","B"],"character_chosen":"THE_AUTOMATON","items_purchased":[],"campfire_rested":1,"item_purchase_floors":[],"current_hp_per_floor":[63,62,62,59,58,52,52,50,29,29,1,1,19,19,7,0,0,0],"gold":514,"neow_bonus":"ONE_RARE_RELIC","is_daily":false,"chose_seed":false,"campfire_upgraded":1,"win_rate":0.0,"timestamp":1612090546,"path_taken":["R","M","?","?","M","M","T","E","M","?","E","?","R","?","M","BOSS"],"items_purchased_type":[],"build_version":"2020-12-22","purchased_purges":0,"victory":false,"max_hp_per_floor":[63,63,63,63,63,63,63,63,63,63,63,63,63,63,63,63,63,63],"relic_stats":{"Peace Pipe":0,"counters":[10,46],"Ornamental Fan":[32],"Dead Branch":[54],"obtain_stats":[{"Peace Pipe":11,"bronze:BronzeCore":0,"Ornamental Fan":10,"Dead Branch":0,"Oddly Smooth Stone":8,"bronze:SilverBullet":7},{"Peace Pipe":7,"bronze:BronzeCore":0,"Ornamental Fan":6,"Dead Branch":0,"Oddly Smooth Stone":5,"bronze:SilverBullet":4},{"Peace Pipe":30,"bronze:BronzeCore":0,"Ornamental Fan":26,"Dead Branch":0,"Oddly Smooth Stone":22,"bronze:SilverBullet":15}]},"card_choices":[{"not_picked":["bronze:BitShift","bronze:Separator"],"picked":"bronze:ItsAFeature","floor":2},{"not_picked":[],"picked":"bronze:Spike","floor":4},{"not_picked":[],"picked":"bronze:DazingPulse","floor":4},{"not_picked":["bronze:OilSpill","bronze:WildBeam"],"picked":"bronze:Turbo","floor":4},{"not_picked":["bronze:WhirlingStrike","bronze:BuggyMess"],"picked":"bronze:BitShift","floor":5},{"not_picked":["bronze:Invalidate","bronze:Turbo","bronze:Deprecate"],"picked":"SKIP","floor":6},{"not_picked":["bronze:Invalidate","bronze:Turbo","bronze:Deprecate"],"picked":"SKIP","floor":6},{"not_picked":["bronze:Philosophize","bronze:OilSpill"],"picked":"bronze:Shield","floor":8},{"not_picked":["bronze:GetLatest","bronze:Break"],"picked":"bronze:Allocate","floor":9},{"not_picked":["bronze:CloningBeam","bronze:DelayedGuard"],"picked":"bronze:Overload","floor":11},{"not_picked":["bronze:DigitalCarnage","bronze:DelayedGuard"],"picked":"bronze:BugBarrage","floor":12},{"not_picked":["bronze:Deprecate","bronze:HyperBeam"],"picked":"bronze:Return","floor":15}],"player_experience":1844365,"relics_obtained":[{"floor":7,"key":"bronze:SilverBullet"},{"floor":8,"key":"Oddly Smooth Stone"},{"floor":10,"key":"Ornamental Fan"},{"floor":11,"key":"Peace Pipe"}],"event_choices":[{"damage_healed":0,"gold_gain":0,"player_choice":"Grow","damage_taken":0,"max_hp_gain":0,"max_hp_loss":0,"event_name":"Living Wall","floor":14,"gold_loss":0,"cards_upgraded":["bronze:ItsAFeature"]}],"is_beta":false,"boss_relics":[],"items_purged_floors":[],"is_endless":false,"potions_floor_spawned":[4,5,9],"killed_by":"SI_SHIV_ARCHETYPE","ascension_level":10}}