{"host":"m3rs92yjkwi06hli","time":1612113963,"event":{"mods":["Act Like it!","Aspiration","BaseMod","Colored Map","Conspire","Defuse TimeMaze Blight","Downfall","Energized Spire","Hubris","Infinite Spire","Minty Spire (QoL Compilation)","Relic Stats","Replay The Spire","Spicy Shops","StSLib"],"gold_per_floor":[99,110,122,122,134,134,188,215,215,231,242,254,254,85,99,197,197,197,210,225,240,255,5,5,5,25,25,75,105,105,33,50,153,153,153,164,164,164,177,177,177,92,110,144,156,156,191,191,191,191],"floor_reached":48,"language":"ENG","playtime":2922,"items_purged":["sneckomod:Strike","hubris:Gluttony","hubris:Disease"],"score":617,"play_id":"9eeea016-5814-4f6e-b751-e6ec7247a16c","local_time":"20210131112603","is_ascension_mode":true,"campfire_choices":[{"data":"sneckomod:TailWhip","floor":1,"key":"SMITH"},{"data":"sneckomod:DiceBoulder","floor":9,"key":"SMITH"},{"floor":27,"key":"REST"},{"floor":40,"key":"REST"},{"floor":46,"key":"REST"}],"circlet_count":0,"master_deck":["sneckomod:Defend","sneckomod:Defend","sneckomod:Defend","sneckomod:TailWhip+1","sneckomod:SnekBite","sneckomod:Unknown","sneckomod:IronFang","sneckomod:QuickMove","sneckomod:UnknownBlock","sneckomod:UnknownUncommonAttack","sneckomod:DiceBoulder+1","sneckomod:UnknownVulnerable","sneckomod:Unknown2Cost","sneckomod:UnknownUncommonPower","sneckomod:UnknownColorless","sneckomod:UnknownBoss","ReplayTheSpireMod:From All Sides","sneckomod:UnknownBlock","sneckomod:MorePower","sneckomod:UnknownBoss+1","sneckomod:Unknown1Cost+1","sneckomod:UnknownBoss+1","sneckomod:QuickMove+1","sneckomod:UnknownUncommonSkill","sneckomod:UnknownRareSkill","sneckomod:UnknownUncommonAttack","sneckomod:Unknown1Cost","Slimebound:Grow","sneckomod:UnknownRareAttack+1","sneckomod:UnknownColorless+1","Doubt","sneckomod:UnknownBoss+1","sneckomod:SerpentMind","AbeCurse","Envenom","sneckomod:UnknownWeak+1","sneckomod:UnknownStrength+1","sneckomod:UnknownWeak+1","sneckomod:ImprovisedAttack+1","sneckomod:RainOfDice+1","sneckomod:UnknownCommonAttack+1","sneckomod:UnknownX+1","Overencumbered","sneckomod:UnknownStrength+1","sneckomod:Rotation+1","sneckomod:Unknown0Cost+1"],"relics":["sneckomod:SneckoSoul","downfall:ShatteredFragment","Pen Nib","Replay:WaspNest","Pear","energizedSpire:CursedPentagram","Oddly Smooth Stone","TheAbacus","Chameleon Ring","infinitespire:Beetle Shell","hubris:SlimyHat","Abe\u0027s Treasure","hubris:Towel","Strawberry","Happy Flower","infinitespire:EmpoweringShard"],"acts_visited":["Exordium","TheCity","TheBeyond"],"potions_floor_usage":[12,16,16,23,23,23,29,33,45],"damage_taken":[{"damage":0,"enemies":"2 Louse","floor":2,"turns":1},{"damage":0,"enemies":"Cultist","floor":3,"turns":3},{"damage":0,"enemies":"Small Slimes","floor":5,"turns":3},{"damage":24,"enemies":"3 Sentries","floor":8,"turns":6},{"damage":10,"enemies":"conspire:2 RoseBushes","floor":10,"turns":3},{"damage":0,"enemies":"2 Fungi Beasts","floor":11,"turns":2},{"damage":0,"enemies":"Gremlin Gang","floor":12,"turns":4},{"damage":0,"enemies":"downfall:FleeingMerchant","floor":14,"turns":4},{"damage":0,"enemies":"Large Slime","floor":15,"turns":4},{"damage":32,"enemies":"DF_ARCHETYPE_STREAMLINE","floor":16,"turns":8},{"damage":3,"enemies":"Chosen","floor":19,"turns":4},{"damage":0,"enemies":"3 Cultists","floor":20,"turns":6},{"damage":0,"enemies":"Snecko","floor":21,"turns":4},{"damage":7,"enemies":"Chosen and Byrds","floor":22,"turns":6},{"damage":7,"enemies":"downfall:FleeingMerchant","floor":23,"turns":4},{"damage":17,"enemies":"Centurion and Healer","floor":26,"turns":4},{"damage":0,"enemies":"downfall:FleeingMerchant","floor":28,"turns":1},{"damage":4,"enemies":"Gremlin Leader","floor":29,"turns":4},{"damage":15,"enemies":"3 Cultists","floor":32,"turns":4},{"damage":23,"enemies":"WA_ARCHETYPE_CALM","floor":33,"turns":8},{"damage":30,"enemies":"3 Darklings","floor":36,"turns":5},{"damage":25,"enemies":"3 Shapes","floor":39,"turns":3},{"damage":0,"enemies":"Maw","floor":42,"turns":7},{"damage":30,"enemies":"Sphere and 2 Shapes","floor":43,"turns":4},{"damage":50,"enemies":"Nemesis","floor":44,"turns":7},{"damage":0,"enemies":"3 Darklings","floor":45,"turns":1},{"damage":29,"enemies":"Reptomancer","floor":47,"turns":5},{"damage":29,"enemies":"Maw","floor":48,"turns":5}],"seed_played":"-5514383222633142423","potions_obtained":[{"floor":2,"key":"Adrenaline Potion"},{"floor":5,"key":"Fire Potion"},{"floor":10,"key":"Adrenaline Potion"},{"floor":16,"key":"Adrenaline Potion"},{"floor":20,"key":"Adrenaline Potion"},{"floor":21,"key":"LiquidMemories"},{"floor":26,"key":"Slimebound:ThreeZeroPotion"},{"floor":29,"key":"Regen Potion"},{"floor":42,"key":"SmokeBomb"},{"floor":44,"key":"sneckomod:MuddlingPotion"},{"floor":47,"key":"Dexterity Potion"}],"is_trial":false,"path_per_floor":["R","M","M","?","M","?","T","E","R","M","M","M","?","$","M","B",null,"R","M","M","M","M","$","T","?","M","R","$","E","R","$","M","B",null,"R","M","?","?","M","R","T","M","M","E","M","R","E","M"],"character_chosen":"THE_SNECKO","items_purchased":["sneckomod:UnknownUncommonPower","Oddly Smooth Stone","TheAbacus","sneckomod:UnknownUncommonAttack","hubris:SlimyHat"],"campfire_rested":3,"item_purchase_floors":[14,23,23,28,31],"current_hp_per_floor":[90,90,90,90,90,69,69,45,45,35,35,35,45,45,45,13,100,100,97,97,97,90,87,87,67,60,91,91,87,87,87,72,77,105,105,75,75,75,50,81,88,88,58,8,8,41,26,0,0,0],"gold":191,"neow_bonus":"TRANSFORM_CARD","is_daily":false,"chose_seed":false,"campfire_upgraded":2,"win_rate":0.0,"timestamp":1612113963,"path_taken":["R","M","M","?","?","?","T","E","R","M","M","M","?","?","M","BOSS","R","M","?","M","M","$","T","?","M","R","$","E","R","?","M","BOSS","R","M","?","?","M","R","T","M","M","E","M","R","E","M"],"items_purchased_type":["Card","Relic","Relic","Card","Relic"],"build_version":"2020-12-22","purchased_purges":3,"victory":false,"max_hp_per_floor":[90,90,90,90,90,90,90,90,90,90,90,90,100,100,100,100,100,100,100,100,100,100,100,100,105,105,105,105,105,105,105,105,105,105,105,105,105,105,105,105,112,112,112,112,112,112,112,112,112,112],"relic_stats":{"TheAbacus":[12],"Happy Flower":[3],"counters":[28,120],"Pen Nib":[30],"obtain_stats":[{"downfall:ShatteredFragment":6,"Pear":13,"Happy Flower":44,"Oddly Smooth Stone":23,"Pen Nib":7,"Replay:WaspNest":8,"infinitespire:Beetle Shell":29,"hubris:SlimyHat":31,"hubris:Towel":38,"sneckomod:SneckoSoul":0,"energizedSpire:CursedPentagram":17,"TheAbacus":23,"Chameleon Ring":24,"Strawberry":41,"infinitespire:EmpoweringShard":47,"Abe\u0027s Treasure":34},{"downfall:ShatteredFragment":3,"Pear":7,"Happy Flower":25,"Oddly Smooth Stone":15,"Pen Nib":3,"Replay:WaspNest":4,"infinitespire:Beetle Shell":18,"hubris:SlimyHat":18,"hubris:Towel":21,"sneckomod:SneckoSoul":0,"energizedSpire:CursedPentagram":10,"TheAbacus":15,"Chameleon Ring":15,"Strawberry":22,"infinitespire:EmpoweringShard":27,"Abe\u0027s Treasure":20},{"downfall:ShatteredFragment":7,"Pear":22,"Happy Flower":109,"Oddly Smooth Stone":62,"Pen Nib":7,"Replay:WaspNest":13,"infinitespire:Beetle Shell":71,"hubris:SlimyHat":71,"hubris:Towel":88,"sneckomod:SneckoSoul":0,"energizedSpire:CursedPentagram":38,"TheAbacus":62,"Chameleon Ring":62,"Strawberry":91,"infinitespire:EmpoweringShard":115,"Abe\u0027s Treasure":83}]},"card_choices":[{"not_picked":["sneckomod:PureSnecko","sneckomod:RainOfDice"],"picked":"sneckomod:QuickMove","floor":2},{"not_picked":["sneckomod:DefensiveFlair","sneckomod:RainOfDice"],"picked":"sneckomod:UnknownBlock","floor":3},{"not_picked":["sneckomod:Nope","sneckomod:SoulDraw"],"picked":"sneckomod:UnknownUncommonAttack","floor":5},{"not_picked":["sneckomod:SerpentIdol","sneckomod:SoulRoll"],"picked":"sneckomod:DiceBoulder","floor":8},{"not_picked":["sneckomod:TrashToTreasure","sneckomod:SoulRoll"],"picked":"sneckomod:UnknownVulnerable","floor":10},{"not_picked":["sneckomod:GlitteringGambit","sneckomod:UnknownBlock"],"picked":"sneckomod:Unknown2Cost","floor":11},{"not_picked":["sneckomod:MixItUp","sneckomod:SoulCleanse"],"picked":"sneckomod:UnknownWeak","floor":12},{"not_picked":["sneckomod:Unknown1Cost","sneckomod:DefensiveFlair"],"picked":"sneckomod:Cheat","floor":14},{"not_picked":["sneckomod:QuickMove","sneckomod:SoulCleanse"],"picked":"sneckomod:UnknownColorless","floor":15},{"not_picked":["sneckomod:UnknownRarePower","sneckomod:Transmogrify"],"picked":"sneckomod:UnknownBoss","floor":16},{"not_picked":["sneckomod:UnknownClassGREEN","sneckomod:UnknownClassINFINITE_BLACK"],"picked":"sneckomod:Unknown2Cost","floor":19},{"not_picked":["sneckomod:TrashToTreasure","sneckomod:UnknownClassSLIMEBOUND"],"picked":"sneckomod:UnknownBlock","floor":20},{"not_picked":["sneckomod:UnknownClassINFINITE_BLACK+1","sneckomod:Nope"],"picked":"sneckomod:MorePower","floor":21},{"not_picked":["sneckomod:UnknownExhaust+1","sneckomod:Unknown3Cost+1"],"picked":"sneckomod:UnknownBoss+1","floor":22},{"not_picked":["sneckomod:UnknownClassINFINITE_BLACK","sneckomod:Rotation"],"picked":"sneckomod:Unknown1Cost+1","floor":22},{"not_picked":["sneckomod:UnknownDraw+1","sneckomod:UnknownClassGREEN+1"],"picked":"sneckomod:UnknownBoss+1","floor":23},{"not_picked":["sneckomod:UnendingSupply","sneckomod:QuickBite"],"picked":"sneckomod:QuickMove+1","floor":23},{"not_picked":["sneckomod:UnknownClassGREEN+1","sneckomod:UnknownX"],"picked":"sneckomod:UnknownUncommonSkill","floor":26},{"not_picked":["sneckomod:PureSnecko+1","sneckomod:UnknownWeak+1"],"picked":"sneckomod:UnknownRareSkill","floor":28},{"not_picked":["sneckomod:DiceBlock","sneckomod:WideSting"],"picked":"sneckomod:Unknown1Cost","floor":29},{"not_picked":["sneckomod:Unknown3Cost+1","sneckomod:UnknownUncommonAttack+1"],"picked":"sneckomod:UnknownRareAttack+1","floor":32},{"not_picked":["sneckomod:SnakeSap","sneckomod:UnknownCommonAttack"],"picked":"sneckomod:UnknownColorless+1","floor":32},{"not_picked":["sneckomod:UnknownClassSLIMEBOUND+1","sneckomod:UnknownExhaust+1"],"picked":"sneckomod:UnknownBoss+1","floor":33},{"not_picked":["sneckomod:UnlimitedRolls","sneckomod:Restock"],"picked":"sneckomod:SerpentMind","floor":33},{"not_picked":["sneckomod:UnknownClassINFINITE_BLACK+1","sneckomod:UnknownCommonAttack+1"],"picked":"sneckomod:UnknownWeak+1","floor":36},{"not_picked":["sneckomod:QuickMove","sneckomod:DiceBoulder"],"picked":"sneckomod:UnknownStrength+1","floor":36},{"not_picked":["sneckomod:UnknownDraw+1","sneckomod:Unknown0Cost+1"],"picked":"sneckomod:UnknownWeak+1","floor":39},{"not_picked":["sneckomod:UnknownClassSLIMEBOUND+1","sneckomod:UnknownBlock+1"],"picked":"sneckomod:ImprovisedAttack+1","floor":39},{"not_picked":["sneckomod:DiceBlock+1","sneckomod:SoulRoll+1"],"picked":"sneckomod:RainOfDice+1","floor":42},{"not_picked":["sneckomod:MasterEye","sneckomod:WideSting+1"],"picked":"sneckomod:UnknownCommonAttack+1","floor":43},{"not_picked":["sneckomod:Unknown1Cost+1","sneckomod:UnknownCommonAttack+1"],"picked":"sneckomod:UnknownX+1","floor":44},{"not_picked":["sneckomod:SoulDraw","sneckomod:Rotation"],"picked":"sneckomod:UnknownStrength+1","floor":44},{"not_picked":["sneckomod:DiceBlock","sneckomod:Nope"],"picked":"sneckomod:Rotation+1","floor":45},{"not_picked":["sneckomod:UnknownClassINFINITE_BLACK+1","sneckomod:UnknownCommonAttack+1"],"picked":"sneckomod:Unknown0Cost+1","floor":47}],"player_experience":921846,"relics_obtained":[{"floor":7,"key":"Pen Nib"},{"floor":8,"key":"Replay:WaspNest"},{"floor":13,"key":"Pear"},{"floor":24,"key":"Chameleon Ring"},{"floor":29,"key":"infinitespire:Beetle Shell"},{"floor":41,"key":"Strawberry"},{"floor":44,"key":"Happy Flower"},{"floor":47,"key":"infinitespire:EmpoweringShard"}],"event_choices":[{"cards_removed":["sneckomod:Cheat"],"damage_healed":0,"gold_gain":0,"player_choice":"Removed Skill","damage_taken":0,"max_hp_gain":0,"max_hp_loss":0,"event_name":"Falling","floor":37,"gold_loss":0}],"is_beta":false,"boss_relics":[{"not_picked":["Astrolabe","Fusion Hammer"],"picked":"energizedSpire:CursedPentagram"},{"not_picked":["Replay:Bronze Core","conspire:SeveredTorchhead"],"picked":"Abe\u0027s Treasure"}],"items_purged_floors":[14,28,28],"is_endless":false,"potions_floor_spawned":[2,5,10,16,20,21,22,26,29,42,44,47],"killed_by":"Maw","ascension_level":1}}