{"host":"6xsbn6ynqlzwllfm","time":1612076531,"event":{"mods":["2.2 Compatiblity","BaseMod","Bestiary","Colored Map","Colored Powertips","Curses Come First","Highlight Path","Keyboard Shortcuts","Minty Spire (QoL Compilation)","Relic Stats","Slay the Relics Exporter","StSLib","SuperFastMode"],"gold_per_floor":[119,119,119,119,119,119,153,153,180,215,239,279,299,299,299,395,395,413,413,441,459,459,459],"floor_reached":22,"language":"ENG","playtime":342,"items_purged":[],"score":500,"play_id":"cfd6f3d2-66ed-4524-b3c6-d208bd3643bf","local_time":"20210131020211","is_ascension_mode":true,"campfire_choices":[{"data":"Bash","floor":6,"key":"SMITH"},{"data":"Sever Soul","floor":8,"key":"SMITH"},{"data":"Rampage","floor":15,"key":"SMITH"}],"circlet_count":0,"master_deck":["AscendersBane","Strike_R+1","Strike_R","Strike_R","Strike_R","Strike_R+1","Defend_R","Defend_R","Defend_R","Defend_R","Bash+1","Rampage+1","Sever Soul+1","Burning Pact","Offering","Shrug It Off","Reaper","True Grit","Pommel Strike","Flame Barrier"],"relics":["Burning Blood","NeowsBlessing","Centennial Puzzle","Bloody Idol","Lizard Tail","Boot","Blue Candle","MealTicket","Sozu","Red Mask"],"acts_visited":["Exordium","TheCity"],"potions_floor_usage":[7,11],"damage_taken":[{"damage":0,"enemies":"Small Slimes","floor":1,"turns":1},{"damage":0,"enemies":"Gremlin Nob","floor":7,"turns":1},{"damage":0,"enemies":"Lagavulin","floor":10,"turns":3},{"damage":7,"enemies":"Jaw Worm","floor":11,"turns":2},{"damage":32,"enemies":"Gremlin Nob","floor":12,"turns":4},{"damage":0,"enemies":"Cultist","floor":13,"turns":2},{"damage":59,"enemies":"The Guardian","floor":16,"turns":7},{"damage":17,"enemies":"Spheric Guardian","floor":18,"turns":3},{"damage":64,"enemies":"Masked Bandits","floor":20,"turns":5},{"damage":23,"enemies":"2 Thieves","floor":21,"turns":4},{"damage":30,"enemies":"Chosen and Byrds","floor":22,"turns":3}],"seed_played":"-4819322013723240807","potions_obtained":[{"floor":1,"key":"PowerPotion"},{"floor":11,"key":"Fruit Juice"}],"is_trial":false,"path_per_floor":["M","?","?","?","?","R","E","R","T","E","M","E","M","?","R","B",null,"M","?","?","M","M"],"character_chosen":"IRONCLAD","items_purchased":[],"campfire_rested":0,"item_purchase_floors":[],"current_hp_per_floor":[74,74,56,33,33,33,39,39,39,45,49,23,29,53,53,38,64,53,53,16,19,0,0],"gold":459,"neow_bonus":"THREE_ENEMY_KILL","is_daily":false,"chose_seed":false,"campfire_upgraded":3,"win_rate":0.0,"timestamp":1612076531,"path_taken":["M","?","?","?","?","R","E","R","T","E","M","E","M","?","R","BOSS","M","?","?","M","M"],"items_purchased_type":[],"build_version":"2020-12-22","purchased_purges":0,"victory":false,"max_hp_per_floor":[75,75,75,75,68,68,68,68,68,68,73,73,73,73,73,73,73,73,73,73,73,73,73],"relic_stats":{"Sozu":1,"Centennial Puzzle":[21],"Lizard Tail":36,"counters":[11,35],"Bloody Idol":15,"Blue Candle":[0],"MealTicket":0,"Boot":[15],"obtain_stats":[{"Sozu":17,"Centennial Puzzle":3,"Lizard Tail":7,"NeowsBlessing":0,"Golden Idol":5,"Blue Candle":10,"Bloody Idol":19,"MealTicket":12,"Red Mask":20,"Boot":9,"Burning Blood":0},{"Sozu":7,"Centennial Puzzle":1,"Lizard Tail":2,"NeowsBlessing":0,"Golden Idol":1,"Blue Candle":3,"Bloody Idol":8,"MealTicket":5,"Red Mask":9,"Boot":2,"Burning Blood":0},{"Sozu":20,"Centennial Puzzle":1,"Lizard Tail":2,"NeowsBlessing":0,"Golden Idol":1,"Blue Candle":5,"Bloody Idol":23,"MealTicket":11,"Red Mask":28,"Boot":2,"Burning Blood":0}],"Burning Blood":60},"card_choices":[{"not_picked":["Hemokinesis","Iron Wave"],"picked":"Rampage","floor":1},{"not_picked":["Shrug It Off","Rupture"],"picked":"Sever Soul","floor":7},{"not_picked":["Clash","Dropkick"],"picked":"Burning Pact","floor":11},{"not_picked":["Anger","Fire Breathing"],"picked":"Offering","floor":12},{"not_picked":["Warcry","Perfected Strike"],"picked":"Shrug It Off","floor":13},{"not_picked":["Berserk","Limit Break"],"picked":"Reaper","floor":16},{"not_picked":["Cleave","Entrench"],"picked":"True Grit","floor":18},{"not_picked":["Wild Strike","Pummel+1"],"picked":"Pommel Strike","floor":20},{"not_picked":["Evolve","Headbutt"],"picked":"Flame Barrier","floor":21}],"player_experience":1329324,"relics_obtained":[{"floor":7,"key":"Lizard Tail"},{"floor":9,"key":"Boot"},{"floor":10,"key":"Blue Candle"},{"floor":12,"key":"MealTicket"},{"floor":20,"key":"Red Mask"}],"event_choices":[{"damage_healed":0,"gold_gain":0,"player_choice":"Ignored","damage_taken":0,"max_hp_gain":0,"max_hp_loss":0,"event_name":"Liars Game","floor":2,"gold_loss":0},{"damage_healed":0,"gold_gain":0,"player_choice":"Success","damage_taken":18,"relics_obtained":["Centennial Puzzle"],"max_hp_gain":0,"max_hp_loss":0,"event_name":"Scrap Ooze","floor":3,"gold_loss":0},{"damage_healed":0,"gold_gain":0,"player_choice":"Entered Light","damage_taken":23,"max_hp_gain":0,"max_hp_loss":0,"event_name":"Shining Light","floor":4,"gold_loss":0,"cards_upgraded":["Strike_R","Strike_R"]},{"damage_healed":0,"gold_gain":0,"player_choice":"Lose Max HP","damage_taken":0,"relics_obtained":["Golden Idol"],"max_hp_gain":0,"max_hp_loss":7,"event_name":"Golden Idol","floor":5,"gold_loss":0},{"damage_healed":24,"gold_gain":0,"player_choice":"Banana","damage_taken":0,"max_hp_gain":0,"max_hp_loss":0,"event_name":"Big Fish","floor":14,"gold_loss":0},{"damage_healed":0,"gold_gain":0,"player_choice":"Gave Idol","damage_taken":0,"relics_obtained":["Bloody Idol"],"max_hp_gain":0,"max_hp_loss":0,"event_name":"Forgotten Altar","floor":19,"relics_lost":["Golden Idol"],"gold_loss":0},{"damage_healed":0,"gold_gain":0,"player_choice":"Fought Bandits","damage_taken":0,"max_hp_gain":0,"max_hp_loss":0,"event_name":"Masked Bandits","floor":20,"gold_loss":0}],"is_beta":false,"boss_relics":[{"not_picked":["Velvet Choker","Runic Cube"],"picked":"Sozu"}],"items_purged_floors":[],"is_endless":false,"potions_floor_spawned":[1,11,21],"killed_by":"Chosen and Byrds","ascension_level":20}}