{"host":"8p5c6x4qt9411139","time":1612126650,"event":{"mods":["Aspiration","BaseMod","BetterRewards","Friendly Minions","GungeonMod","Hubris","Infinite Spire","Minty Spire (QoL Compilation)","Quick Restart","Relic Stats","Replay The Spire","Shop Mod","StSLib","The Jungle"],"gold_per_floor":[130,169,184,240,277,277,331,331,355,399,466,466,466,459,459,562,562,582,582,582,127,127,127],"floor_reached":22,"language":"ENG","playtime":910,"items_purged":["Defend_G","Defend_G"],"score":263,"play_id":"9606bd4b-9548-4867-9055-627be80b371a","local_time":"20210131125730","is_ascension_mode":false,"campfire_choices":[{"data":"HandOfGreed","floor":6,"key":"SMITH"},{"data":"Midas Touch","floor":8,"key":"SMITH"},{"data":"Envenom","floor":15,"key":"SMITH"}],"circlet_count":0,"master_deck":["Strike_G","Strike_G","Strike_G","Defend_G","Defend_G","Defend_G","Survivor","Neutralize","Crippling Poison","HandOfGreed+1","Midas Touch+1","Finesse","Leg Sweep","Deadly Poison","Backstab","Dash","Terror","Envenom+1","Burst"],"relics":["Ring of the Snake","hubris:PeanutButter","MerchantsRug","Bag of Preparation","aspiration:Lifesprig","DemoMod:GlassGuonStoneRelic","hubris:Icosahedron","hubris:ScarierMask","ClockworkSouvenir","Dead Branch"],"acts_visited":["Exordium","Exordium"],"potions_floor_usage":[7,10,16,22],"damage_taken":[{"damage":0,"enemies":"Jaw Worm","floor":1,"turns":3},{"damage":0,"enemies":"Small Slimes","floor":2,"turns":3},{"damage":0,"enemies":"Cultist","floor":3,"turns":4},{"damage":0,"enemies":"2 Fungi Beasts","floor":4,"turns":5},{"damage":0,"enemies":"Blue Slaver","floor":5,"turns":6},{"damage":17,"enemies":"Gremlin Nob","floor":7,"turns":5},{"damage":0,"enemies":"Lots of Slimes","floor":10,"turns":2},{"damage":0,"enemies":"3 Louse","floor":11,"turns":5},{"damage":0,"enemies":"2 Fungi Beasts","floor":14,"turns":3},{"damage":0,"enemies":"The Guardian","floor":16,"turns":8},{"damage":0,"enemies":"theJungle:GiantWrat","floor":18,"turns":4},{"damage":0,"enemies":"theJungle:5_Spyders","floor":22,"turns":3}],"seed_played":"-637993195607088849","potions_obtained":[{"floor":2,"key":"Energy Potion"},{"floor":3,"key":"Weak Potion"},{"floor":4,"key":"Block Potion"},{"floor":11,"key":"DemoMod:LeadSkinPotion"},{"floor":16,"key":"Fire Potion"},{"floor":18,"key":"Languid Potion"}],"is_trial":false,"path_per_floor":["M","M","M","M","M","R","E","R","T","M","M","?","?","M","R","B",null,"M","?","?","$","M"],"character_chosen":"THE_SILENT","items_purchased":["ReplayTheSpireMod:ShopPack","hubris:PeanutButter","Crippling Poison","MerchantsRug","ClockworkSouvenir","Dead Branch"],"campfire_rested":0,"item_purchase_floors":[0,0,0,0,21,21],"current_hp_per_floor":[50,50,50,50,50,50,33,33,33,33,33,33,33,33,33,33,82,82,77,77,77,77,77],"gold":127,"neow_bonus":"","is_daily":false,"chose_seed":false,"campfire_upgraded":3,"win_rate":0.0,"timestamp":1612126650,"path_taken":["M","M","M","M","M","R","E","R","T","M","M","?","?","?","R","BOSS","M","?","?","$","?"],"items_purchased_type":["Relic","Relic","Card","Relic","Relic","Relic"],"build_version":"2020-12-22","purchased_purges":2,"victory":false,"max_hp_per_floor":[82,82,82,82,82,82,82,82,82,82,82,82,82,82,82,82,82,82,87,87,87,87,87],"relic_stats":{"counters":[12,51],"Dead Branch":[9],"Bag of Preparation":[12],"obtain_stats":[{"MerchantsRug":0,"aspiration:Lifesprig":9,"hubris:Icosahedron":12,"DemoMod:Orange":0,"Dead Branch":21,"hubris:ScarierMask":17,"hubris:PeanutButter":0,"DemoMod:GlassGuonStoneRelic":1,"Bag of Preparation":7,"Ring of the Snake":0,"ReplayTheSpireMod:ShopPack":0,"ClockworkSouvenir":21},{"MerchantsRug":0,"aspiration:Lifesprig":6,"hubris:Icosahedron":8,"DemoMod:Orange":0,"Dead Branch":11,"hubris:ScarierMask":10,"hubris:PeanutButter":0,"DemoMod:GlassGuonStoneRelic":1,"Bag of Preparation":6,"Ring of the Snake":0,"ReplayTheSpireMod:ShopPack":0,"ClockworkSouvenir":11},{"MerchantsRug":0,"aspiration:Lifesprig":26,"hubris:Icosahedron":33,"DemoMod:Orange":0,"Dead Branch":48,"hubris:ScarierMask":44,"hubris:PeanutButter":0,"DemoMod:GlassGuonStoneRelic":3,"Bag of Preparation":26,"Ring of the Snake":0,"ReplayTheSpireMod:ShopPack":0,"ClockworkSouvenir":48}],"Ring of the Snake":[24]},"card_choices":[{"not_picked":["Thinking Ahead","Master of Strategy"],"picked":"HandOfGreed","floor":0},{"not_picked":["Jack Of All Trades","Replay:Sssssssssshield"],"picked":"Midas Touch","floor":0},{"not_picked":["Replay:Sssssssssstrike","Secret Technique"],"picked":"Finesse","floor":0},{"not_picked":["Crippling Poison","Concentrate","Dagger Spray"],"picked":"SKIP","floor":1},{"not_picked":["Underhanded Strike","hubris:Counter","hubris:SlightOfHand"],"picked":"SKIP","floor":2},{"not_picked":["Deflect","Quick Slash"],"picked":"Leg Sweep","floor":3},{"not_picked":["Hidden Blade","Replay:Poison Smokescreen"],"picked":"Deadly Poison","floor":4},{"not_picked":["Finisher","Hidden Blade","ReplayTheSpireMod:Scrap Shanks"],"picked":"SKIP","floor":5},{"not_picked":["Sucker Punch","Storm of Steel"],"picked":"Backstab","floor":7},{"not_picked":["Leg Sweep","Heel Hook"],"picked":"Dash","floor":10},{"not_picked":["Deflect","Hidden Blade"],"picked":"Terror","floor":11},{"not_picked":["Infinite Blades","Dash"],"picked":"Envenom","floor":14},{"not_picked":["Tools of the Trade","Wraith Form v2"],"picked":"Burst","floor":16},{"not_picked":["Deflect","Slice","Infinite Blades"],"picked":"SKIP","floor":18}],"player_experience":410033,"relics_obtained":[{"floor":7,"key":"Bag of Preparation"},{"floor":9,"key":"aspiration:Lifesprig"}],"event_choices":[{"cards_removed":["Strike_G"],"damage_healed":0,"gold_gain":0,"player_choice":"Purged","damage_taken":0,"max_hp_gain":0,"max_hp_loss":0,"event_name":"Purifier","floor":13,"gold_loss":0},{"cards_removed":["Strike_G"],"damage_healed":0,"gold_gain":0,"player_choice":"Offered Basic","damage_taken":0,"max_hp_gain":0,"max_hp_loss":0,"event_name":"Bonfire Elementals","floor":20,"gold_loss":0}],"is_beta":false,"boss_relics":[{"not_picked":["Sozu","Honey Jar"],"picked":"hubris:ScarierMask"}],"items_purged_floors":[0,21],"is_endless":false,"potions_floor_spawned":[2,3,4,11,16,18],"killed_by":"theJungle:5_Spyders","ascension_level":0}}