{"host":"2ica2wc1gg7guzbw","time":1612111148,"event":{"mods":["BaseMod","Colored Map","Minty Spire (QoL Compilation)","Replay The Spire","Shop Mod","StSLib"],"gold_per_floor":[216,231,7,30,44,79,79,116,116,159,176,176,205,222,222,303,330,355,364,386,386,400,400,442,442,442,468,482,0,12,21,21,107,107,134,134,114,141,141,141,176,126,149,149,184,184,184,221,255,302,302,302,302,302,84,118,118],"floor_reached":58,"language":"RUS","playtime":3550,"items_purged":["Writhe","Pain","Clumsy"],"score":2447,"play_id":"35a35341-6ca8-4fc4-8c04-9b9b1d3718f5","local_time":"20210131203908","is_ascension_mode":true,"campfire_choices":[{"floor":7.0,"key":"REST"},{"data":"BattleHymn","floor":12.0,"key":"SMITH"},{"data":"Evaluate","floor":15.0,"key":"SMITH"},{"floor":23.0,"key":"RECALL"},{"data":"Protect","floor":25.0,"key":"SMITH"},{"data":"ClearTheMind","floor":32.0,"key":"SMITH"},{"floor":40.0,"key":"REST"},{"floor":44.0,"key":"REST"},{"floor":51,"key":"REST"},{"floor":54,"key":"REST"}],"circlet_count":0,"master_deck":["AscendersBane","Strike_P","Strike_P","Strike_P","Strike_P","Defend_P","Defend_P","Defend_P","Defend_P","Eruption","Vigilance","Tantrum+1","BattleHymn+1","JustLucky","Evaluate+1","WheelKick","FlurryOfBlows","Evaluate","Devotion+1","Hallucinations","ClearTheMind+1","LikeWater","Evaluate","Protect+1","DevaForm","ThirdEye+1","Adaptation","Study","InnerPeace","DevaForm","Replay:AtTheReady+1","MentalFortress+1","MasterReality"],"relics":["PureWater","Replay:Baseball","ReplayTheSpireMod:Shallot","CeramicFish","Oddly Smooth Stone","Dead Branch","Replay:Ancient Bell","Anchor","Darkstone Periapt","Calipers","Smiling Mask","StrikeDummy","Divine Protection","TeardropLocket","Guide Book","Bag of Marbles","Fusion Hammer","Lantern","Nunchaku","Replay:Purple Gloves","Juzu Bracelet","CaptainsWheel","Replay:Bottled Flurry","Sling","ReplayTheSpireMod:TigerMarble"],"acts_visited":["Exordium","TheCity","TheBeyond","TheEnding"],"potions_floor_usage":[56],"damage_taken":[{"damage":0.0,"enemies":"Cultist","floor":1.0,"turns":2.0},{"damage":0.0,"enemies":"Small Slimes","floor":2.0,"turns":2.0},{"damage":1.0,"enemies":"2 Louse","floor":5.0,"turns":2.0},{"damage":25.0,"enemies":"3 Sentries","floor":6.0,"turns":4.0},{"damage":4.0,"enemies":"Gremlin Nob","floor":8.0,"turns":3.0},{"damage":11.0,"enemies":"Lagavulin","floor":10.0,"turns":5.0},{"damage":2.0,"enemies":"Gremlin Gang","floor":11.0,"turns":4.0},{"damage":0.0,"enemies":"Blue Slaver","floor":13.0,"turns":3.0},{"damage":0.0,"enemies":"2 Fungi Beasts","floor":14.0,"turns":2.0},{"damage":0.0,"enemies":"Slime Boss","floor":16.0,"turns":3.0},{"damage":4.0,"enemies":"Shell Parasite","floor":18.0,"turns":4.0},{"damage":4.0,"enemies":"2 Thieves","floor":20.0,"turns":3.0},{"damage":0.0,"enemies":"Cultist and Chosen","floor":22.0,"turns":4.0},{"damage":0.0,"enemies":"Gremlin Leader","floor":24.0,"turns":4.0},{"damage":8.0,"enemies":"Book of Stabbing","floor":27.0,"turns":5.0},{"damage":7.0,"enemies":"Sentry and Sphere","floor":28.0,"turns":4.0},{"damage":4.0,"enemies":"Centurion and Healer","floor":30.0,"turns":5.0},{"damage":28.0,"enemies":"Automaton","floor":33.0,"turns":9.0},{"damage":1.0,"enemies":"Orb Walker","floor":35.0,"turns":3.0},{"damage":21.0,"enemies":"3 Shapes","floor":38.0,"turns":11.0},{"damage":0.0,"enemies":"Giant Head","floor":41.0,"turns":7.0},{"damage":0.0,"enemies":"R_Hoarder","floor":45.0,"turns":5.0},{"damage":8.0,"enemies":"Nemesis","floor":48.0,"turns":15.0},{"damage":11.0,"enemies":"Mind Bloom Boss Battle","floor":49.0,"turns":6.0},{"damage":53,"enemies":"Time Eater","floor":52,"turns":13},{"damage":48,"enemies":"Shield and Spear","floor":56,"turns":7},{"damage":48,"enemies":"The Heart","floor":57,"turns":9}],"seed_played":"-8285745360116324062","potions_obtained":[{"floor":1.0,"key":"LiquidMemories"},{"floor":14.0,"key":"DuplicationPotion"},{"floor":22.0,"key":"SteroidPotion"},{"floor":27.0,"key":"Adrenaline Potion"},{"floor":33.0,"key":"Milkshake"},{"floor":41.0,"key":"Block Potion"},{"floor":50,"key":"FairyPotion"}],"is_trial":false,"path_per_floor":["M","M","$","T","M","E","R","E","T","E","M","R","M","M","R","B",null,"M","?","M","?","M","R","E","R","T","E","M","$","M","?","R","B",null,"M","?","?","M","?","R","E","$","T","R","E","PTL","PTL","E","?","?","R","B",null,"R","$","E","B",null],"character_chosen":"WATCHER","items_purchased":["Replay:Baseball","PowerPotion","TeardropLocket","Guide Book","Sling"],"campfire_rested":5,"item_purchase_floors":[3,3,29,29,55],"current_hp_per_floor":[61,61,61,61,60,35,55,51,51,40,38,38,38,38,38,38,79,75,75,71,71,71,71,71,71,71,63,56,56,52,58,58,30,77,76,76,76,55,55,81,81,81,81,87,87,87,87,79,68,40,66,13,69,87,87,39,26],"gold":118,"neow_bonus":"HUNDRED_GOLD","is_daily":false,"chose_seed":false,"campfire_upgraded":4,"win_rate":0.0,"timestamp":1612111148,"path_taken":["M","M","?","?","M","E","R","E","T","E","M","R","M","M","R","BOSS","M","?","M","?","M","R","E","R","T","E","?","$","M","?","R","BOSS","M","?","?","?","?","R","E","$","T","R","E","PTL","PTL","E","?","?","R","BOSS","R","$","E","BOSS"],"items_purchased_type":["Relic","Potion","Relic","Relic","Relic"],"build_version":"2020-12-22","purchased_purges":3,"victory":true,"max_hp_per_floor":[68,68,68,68,68,68,68,68,68,68,68,68,68,68,68,68,86,86,86,86,86,86,86,86,86,86,86,86,86,86,92,92,92,92,92,87,87,87,87,87,87,87,87,87,87,87,87,87,87,87,87,87,87,87,87,87,87],"card_choices":[{"not_picked":["Sanctity","SashWhip"],"picked":"Tantrum","floor":1.0},{"not_picked":["Prostrate","Replay:Battleflow"],"picked":"BattleHymn","floor":2.0},{"not_picked":["Replay:ManipulateFuture","ReachHeaven"],"picked":"JustLucky","floor":5.0},{"not_picked":["Consecrate","CutThroughFate"],"picked":"Evaluate","floor":6.0},{"not_picked":["FlyingSleeves","BowlingBash"],"picked":"WheelKick","floor":8.0},{"not_picked":["Swivel","EmptyBody"],"picked":"FlurryOfBlows","floor":10.0},{"not_picked":["Collect","CutThroughFate","Replay:Cycle"],"picked":"SKIP","floor":11.0},{"not_picked":["Fasting2","Crescendo"],"picked":"Evaluate","floor":13.0},{"not_picked":["Replay:AtTheReady","Fasting2","Worship"],"picked":"SKIP","floor":14.0},{"not_picked":["SpiritShield","MasterReality"],"picked":"Devotion","floor":16.0},{"not_picked":["ReplayTheSpireMod:Doomed","Languid"],"picked":"Clumsy","floor":17.0},{"not_picked":["ReplayTheSpireMod:Doomed","Decay"],"picked":"Writhe","floor":17.0},{"not_picked":["AbeCurse","Normality"],"picked":"Hallucinations","floor":17.0},{"not_picked":["ConjureBlade","EmptyBody"],"picked":"ClearTheMind","floor":18.0},{"not_picked":["Replay:AtTheReady","Indignation"],"picked":"Evaluate","floor":20.0},{"not_picked":["Prostrate","SashWhip","Consecrate"],"picked":"SKIP","floor":22.0},{"not_picked":["EmptyBody","CarveReality"],"picked":"Protect","floor":24.0},{"not_picked":["Replay:Anticipation","Evaluate","Vengeance+1"],"picked":"SKIP","floor":27.0},{"not_picked":["Replay:Anticipation","Evaluate","Vengeance+1"],"picked":"SKIP","floor":27.0},{"not_picked":["EmptyBody","Weave","FlurryOfBlows"],"picked":"SKIP","floor":28.0},{"not_picked":["Replay:BluntJabs","Perseverance","Crescendo"],"picked":"SKIP","floor":30.0},{"not_picked":["ConjureBlade","Devotion"],"picked":"DevaForm","floor":33.0},{"not_picked":["FollowUp+1","Wallop"],"picked":"ThirdEye+1","floor":35.0},{"not_picked":["Crescendo","Conclude"],"picked":"Adaptation","floor":38.0},{"not_picked":["Halt","LikeWater"],"picked":"Study","floor":41.0},{"not_picked":["WaveOfTheHand+1","FearNoEvil"],"picked":"InnerPeace","floor":45.0},{"not_picked":["SashWhip+1","CrushJoints"],"picked":"DevaForm","floor":48.0},{"not_picked":["ThirdEye","ClearTheMind"],"picked":"Replay:AtTheReady+1","floor":49.0},{"not_picked":["ThirdEye","FlurryOfBlows"],"picked":"MentalFortress+1","floor":50},{"not_picked":["Replay:BluntJabs","CrushJoints"],"picked":"MasterReality","floor":56}],"player_experience":935413,"relics_obtained":[{"floor":6.0,"key":"ReplayTheSpireMod:Shallot"},{"floor":8.0,"key":"CeramicFish"},{"floor":9.0,"key":"Oddly Smooth Stone"},{"floor":10.0,"key":"Dead Branch"},{"floor":24.0,"key":"Smiling Mask"},{"floor":26.0,"key":"StrikeDummy"},{"floor":27.0,"key":"Divine Protection"},{"floor":41.0,"key":"Lantern"},{"floor":43.0,"key":"Nunchaku"},{"floor":45.0,"key":"Replay:Purple Gloves"},{"floor":48.0,"key":"Juzu Bracelet"},{"floor":49.0,"key":"CaptainsWheel"},{"floor":50,"key":"Replay:Bottled Flurry"},{"floor":56,"key":"ReplayTheSpireMod:TigerMarble"}],"event_choices":[{"damage_healed":0.0,"max_hp_gain":0.0,"max_hp_loss":0.0,"gold_gain":0.0,"event_name":"The Library","player_choice":"Read","floor":19.0,"gold_loss":0.0,"damage_taken":0.0,"cards_obtained":["LikeWater"]},{"damage_healed":0.0,"max_hp_gain":0.0,"max_hp_loss":0.0,"gold_gain":0.0,"event_name":"N\u0027loth","player_choice":"Ignored","floor":21.0,"gold_loss":0.0,"damage_taken":0.0},{"damage_healed":0.0,"max_hp_gain":0.0,"max_hp_loss":5.0,"gold_gain":0.0,"event_name":"Winding Halls","player_choice":"Max HP","floor":36.0,"gold_loss":0.0,"damage_taken":0.0},{"damage_healed":0.0,"max_hp_gain":0.0,"max_hp_loss":0.0,"gold_gain":0.0,"event_name":"The Woman in Blue","player_choice":"Bought 1 Potion","floor":37.0,"gold_loss":0.0,"damage_taken":0.0},{"damage_healed":0.0,"max_hp_gain":0.0,"max_hp_loss":0.0,"gold_gain":0.0,"event_name":"MindBloom","player_choice":"Fight","floor":49.0,"gold_loss":0.0,"damage_taken":0.0}],"is_beta":false,"boss_relics":[{"not_picked":["Velvet Choker","Empty Cage"],"picked":"Replay:Ancient Bell"},{"not_picked":["ReplayTheSpireMod:Lightbulb","ReplayFunnel"],"picked":"Anchor"},{"not_picked":["Pantograph","Molten Egg 2"],"picked":"Darkstone Periapt"},{"not_picked":["StoneCalendar","Gambling Chip"],"picked":"Calipers"},{"not_picked":["ReplayTheSpireMod:DimensionalGlitch","Snecko Eye"],"picked":"Fusion Hammer"}],"items_purged_floors":[29,42,55],"is_endless":false,"potions_floor_spawned":[1,8,13,14,16,22,27,30,33,41,45,48],"ascension_level":16}}