{"host":"Aki","time":1612109860,"event":{"mods":["ATMod(°¢èªMod)","BaseMod","Challenge The Spire","Custom Start","DeckTracker","Minty Spire (QoL Compilation)","Quick Restart","StSLib"],"gold_per_floor":[606,60,176,293,413,413,193,63,181,292,402,402,76,76,188,300,418,536],"floor_reached":19,"language":"ZHS","playtime":1121,"items_purged":["Strike_R","Strike_R","Strike_R","Strike_R"],"score":2690,"play_id":"b90feb96-a954-4f8f-b06e-9e72cad853f3","local_time":"20210201001740","daily_mods":["challengethespire:Bronze Difficulty","challengethespire:Boss Rush","Uncertain Future"],"is_ascension_mode":false,"campfire_choices":[{"data":"Bash","floor":14,"key":"SMITH"}],"circlet_count":0,"master_deck":["Strike_R","Defend_R","Defend_R+1","Defend_R+1","Defend_R","Bash+1","AT_FamilyPortrait+1","Feel No Pain+1","Spot Weakness+1","Power Through+1","Entrench+1","Fire Breathing+1","Rupture+1","AT_ShrugMaster+1","AT_BodySlamDance+1","Warcry+1","Warcry+1","Flex+1","Second Wind+1","Pommel Strike+1","Offering+1","Offering+1","Dark Embrace+1","Burning Pact+1","Evolve+1","AT_BodySlamDance+1","Inflame+1","Feel No Pain+1","Feel No Pain+1"],"relics":["Burning Blood","The Courier","Molten Egg 2","Toxic Egg 2","Frozen Egg 2","AT_ATBox","Bag of Preparation","TheAbacus","Nunchaku","Self Forming Clay","AT_BladeRuinedKing","Coffee Dripper","AT_ChloranthyRing","Bronze Scales","Omamori","War Paint","AT_TrinityForce","Sundial","Akabeko","Toy Ornithopter","Orichalcum","Lantern"],"acts_visited":["Exordium"],"potions_floor_usage":[16,18,18],"damage_taken":[{"damage":0.0,"enemies":"The Guardian","floor":3.0,"turns":10.0},{"damage":2.0,"enemies":"Hexaghost","floor":4.0,"turns":8.0},{"damage":0.0,"enemies":"Slime Boss","floor":5.0,"turns":5.0},{"damage":12,"enemies":"Automaton","floor":9,"turns":2},{"damage":12,"enemies":"Collector","floor":10,"turns":2},{"damage":16,"enemies":"Champ","floor":11,"turns":4},{"damage":16,"enemies":"Time Eater","floor":15,"turns":5},{"damage":14,"enemies":"Donu and Deca","floor":16,"turns":3},{"damage":18,"enemies":"Awakened One","floor":17,"turns":2},{"damage":19,"enemies":"The Heart","floor":18,"turns":5}],"seed_played":"5312021548042225816","potions_obtained":[{"floor":3.0,"key":"Weak Potion"},{"floor":4.0,"key":"DuplicationPotion"},{"floor":11,"key":"Explosive Potion"},{"floor":15,"key":"EssenceOfSteel"}],"is_trial":true,"path_per_floor":["$","$","M","M","M","T","$","$","M","M","M","T","$","R","M","M","M","M",null],"character_chosen":"IRONCLAD","items_purchased":["Bag of Preparation","Feel No Pain+1","Spot Weakness+1","Power Through+1","Entrench+1","TheAbacus","Fire Breathing+1","Rupture+1","AT_ShrugMaster+1","AT_BodySlamDance+1","Warcry+1","Warcry+1","Flex+1","AT_ChloranthyRing","Offering+1","Dark Embrace+1","Sundial"],"campfire_rested":0,"item_purchase_floors":[1,1,1,1,1,2,2,2,2,2,2,2,2,7,8,8,13],"current_hp_per_floor":[80,80,80,80,80,80,80,80,74,68,58,58,58,58,48,40,28,25],"gold":536,"neow_bonus":"","is_daily":false,"chose_seed":false,"campfire_upgraded":1,"win_rate":0.0,"timestamp":1612109860,"path_taken":["$","$","M","M","M","T","$","$","M","M","M","T","$","R","M","M","M","M"],"items_purchased_type":["Relic","Card","Card","Card","Card","Relic","Card","Card","Card","Card","Card","Card","Card","Relic","Card","Card","Relic"],"build_version":"2020-12-18","purchased_purges":4,"victory":true,"max_hp_per_floor":[80,80,80,80,80,80,80,80,80,80,80,80,80,80,80,80,80,80],"card_choices":[],"player_experience":26570,"relics_obtained":[{"floor":3.0,"key":"Nunchaku"},{"floor":4.0,"key":"Self Forming Clay"},{"floor":5.0,"key":"AT_BladeRuinedKing"},{"floor":9,"key":"Bronze Scales"},{"floor":10,"key":"Omamori"},{"floor":11,"key":"War Paint"},{"floor":15,"key":"Akabeko"},{"floor":16,"key":"Toy Ornithopter"},{"floor":17,"key":"Orichalcum"},{"floor":18,"key":"Lantern"}],"event_choices":[],"is_beta":true,"boss_relics":[{"not_picked":["Black Blood","Calling Bell"],"picked":"Coffee Dripper"},{"not_picked":["AT_MortalBlade","Sozu"],"picked":"AT_TrinityForce"}],"items_purged_floors":[1,2,7,13],"is_endless":false,"potions_floor_spawned":[3,4,11,15],"ascension_level":0}}