{"host":"nx6t4q2fc0vdue7l","time":1612085168,"event":{"mods":["2.2 Compatiblity","BaseMod","Minty Spire (QoL Compilation)"],"gold_per_floor":[115,133,143,159,176,205,205,230,230,83,83,113,113,128,128,228,228,242,242,230,242,253,253,253,253],"floor_reached":24,"language":"ENG","playtime":1310,"items_purged":["Strike_B"],"score":231,"play_id":"324eeefb-27c3-4f6e-b06e-6699219960cb","local_time":"20210131102608","is_ascension_mode":true,"campfire_choices":[{"data":"Zap","floor":7,"key":"SMITH"},{"data":"Loop","floor":13,"key":"SMITH"},{"data":"Dualcast","floor":15,"key":"SMITH"},{"data":"White Noise","floor":23,"key":"SMITH"}],"circlet_count":0,"master_deck":["Strike_B","Strike_B","Strike_B","Defend_B","Defend_B","Defend_B","Defend_B","Zap+1","Dualcast+1","Leap","Chill","Heatsinks","Ball Lightning","Loop+1","White Noise+1","Self Repair","Cold Snap","Hologram"],"relics":["Cracked Core","NeowsBlessing","Ice Cream","Pear","InkBottle","Bottled Flame","Inserter","Meat on the Bone"],"acts_visited":["Exordium","TheCity"],"potions_floor_usage":[4,16,16,16,16,20,20,22],"damage_taken":[{"damage":0,"enemies":"Small Slimes","floor":1,"turns":1},{"damage":0,"enemies":"2 Louse","floor":2,"turns":1},{"damage":0,"enemies":"Cultist","floor":3,"turns":1},{"damage":24,"enemies":"Gremlin Gang","floor":4,"turns":7},{"damage":0,"enemies":"Large Slime","floor":5,"turns":5},{"damage":15,"enemies":"3 Sentries","floor":6,"turns":8},{"damage":18,"enemies":"Gremlin Nob","floor":8,"turns":4},{"damage":14,"enemies":"Lagavulin","floor":12,"turns":6},{"damage":0,"enemies":"2 Fungi Beasts","floor":14,"turns":3},{"damage":23,"enemies":"The Guardian","floor":16,"turns":9},{"damage":15,"enemies":"3 Byrds","floor":18,"turns":5},{"damage":9,"enemies":"2 Thieves","floor":20,"turns":4},{"damage":40,"enemies":"Centurion and Healer","floor":21,"turns":8},{"damage":15,"enemies":"Snake Plant","floor":22,"turns":5},{"damage":53,"enemies":"Slavers","floor":24,"turns":6}],"seed_played":"-5111672975730352992","potions_obtained":[{"floor":2,"key":"LiquidMemories"},{"floor":12,"key":"EntropicBrew"},{"floor":14,"key":"ColorlessPotion"},{"floor":18,"key":"Weak Potion"},{"floor":21,"key":"Dexterity Potion"}],"is_trial":false,"path_per_floor":["M","M","M","M","M","E","R","E","T","$","?","E","R","M","R","B",null,"M","?","M","M","M","R","E"],"character_chosen":"DEFECT","items_purchased":["Regen Potion"],"campfire_rested":0,"item_purchase_floors":[10],"current_hp_per_floor":[75,75,75,51,51,36,36,28,28,28,56,42,42,42,42,34,85,70,70,61,40,51,51,0,0],"gold":253,"neow_bonus":"THREE_ENEMY_KILL","is_daily":false,"chose_seed":false,"campfire_upgraded":4,"win_rate":0.0,"timestamp":1612085168,"path_taken":["M","M","M","M","M","E","R","E","T","$","?","E","R","M","R","BOSS","M","?","M","M","?","R","E"],"items_purchased_type":["Potion"],"build_version":"2020-12-22","purchased_purges":1,"victory":false,"max_hp_per_floor":[75,75,75,75,75,75,75,85,85,85,85,85,85,85,85,85,85,85,85,85,85,85,85,85,85],"card_choices":[{"not_picked":["Sweeping Beam","Barrage"],"picked":"Leap","floor":1},{"not_picked":["Go for the Eyes","Redo"],"picked":"Chill","floor":2},{"not_picked":["Chaos","Gash"],"picked":"Heatsinks","floor":3},{"not_picked":["Streamline","Consume"],"picked":"Ball Lightning","floor":4},{"not_picked":["Steam Power","Barrage","Leap"],"picked":"SKIP","floor":5},{"not_picked":["Barrage","Double Energy"],"picked":"Loop","floor":6},{"not_picked":["Compile Driver","Streamline","Stack"],"picked":"SKIP","floor":8},{"not_picked":["Recycle","Barrage","Reboot"],"picked":"SKIP","floor":12},{"not_picked":["Rip and Tear","Reprogram","Go for the Eyes"],"picked":"SKIP","floor":14},{"not_picked":["Static Discharge","Steam+1"],"picked":"White Noise","floor":18},{"not_picked":["Melter","Beam Cell"],"picked":"Self Repair","floor":20},{"not_picked":["Streamline","Steam Power"],"picked":"Cold Snap","floor":21},{"not_picked":["Streamline+1","Compile Driver"],"picked":"Hologram","floor":22}],"player_experience":323318,"relics_obtained":[{"floor":6,"key":"Ice Cream"},{"floor":8,"key":"Pear"},{"floor":9,"key":"InkBottle"},{"floor":12,"key":"Bottled Flame"}],"event_choices":[{"damage_healed":28,"gold_gain":0,"player_choice":"Banana","damage_taken":0,"max_hp_gain":0,"max_hp_loss":0,"event_name":"Big Fish","floor":11,"gold_loss":0},{"damage_healed":0,"gold_gain":0,"player_choice":"Gave Potion","damage_taken":0,"relics_obtained":["Meat on the Bone"],"max_hp_gain":0,"max_hp_loss":0,"event_name":"WeMeetAgain","floor":19,"gold_loss":0}],"is_beta":false,"boss_relics":[{"not_picked":["Philosopher\u0027s Stone","Pandora\u0027s Box"],"picked":"Inserter"}],"items_purged_floors":[10],"is_endless":false,"potions_floor_spawned":[2,12,14,18,21],"killed_by":"Slavers","ascension_level":1}}