{"host":"dcj2yvrgcvh5dl2s","time":1612090684,"event":{"mods":["BaseMod","Bestiary","Better Note","Block Reminder","Colored Powertips","Curses Come First","DeckTracker","Minty Spire (QoL Compilation)","Quick Restart","Rare Cards Sparkle","Relic Stats","StSLib"],"gold_per_floor":[109,109,127,138,152,183,183,210,289,289,299,314,123,134,134,211,211,229,229,243,72,72,72,91,91,91,108,108,108],"floor_reached":28,"language":"ENG","playtime":1204,"items_purged":["Strike_R"],"score":514,"play_id":"56b49b01-0813-458b-b086-260642f7271c","local_time":"20210131205804","is_ascension_mode":true,"campfire_choices":[{"floor":7,"key":"REST"},{"data":"Body Slam","floor":10,"key":"SMITH"},{"floor":15,"key":"REST"},{"floor":23,"key":"REST"},{"data":"Uppercut","floor":25,"key":"SMITH"}],"circlet_count":0,"master_deck":["AscendersBane","Strike_R","Strike_R","Strike_R","Strike_R","Defend_R","Defend_R","Defend_R","Defend_R","Bash","Offering","Flex+1","Heavy Blade","Cleave","Body Slam+1","Pummel","Body Slam","Uppercut+1","Shockwave","Sword Boomerang","Offering","Decay","Body Slam","Double Tap","Metallicize","Shrug It Off"],"relics":["Black Blood","Question Card","Dead Branch","Mummified Hand","Omamori","StrikeDummy"],"acts_visited":["Exordium","TheCity"],"potions_floor_usage":[8,8,16],"damage_taken":[{"damage":18,"enemies":"Jaw Worm","floor":1,"turns":3},{"damage":6,"enemies":"Cultist","floor":3,"turns":1},{"damage":10,"enemies":"Small Slimes","floor":4,"turns":3},{"damage":14,"enemies":"Blue Slaver","floor":5,"turns":2},{"damage":31,"enemies":"3 Sentries","floor":6,"turns":5},{"damage":0,"enemies":"Gremlin Nob","floor":8,"turns":2},{"damage":16,"enemies":"Gremlin Gang","floor":11,"turns":2},{"damage":8,"enemies":"Exordium Thugs","floor":12,"turns":4},{"damage":6,"enemies":"Blue Slaver","floor":14,"turns":1},{"damage":63,"enemies":"Slime Boss","floor":16,"turns":9},{"damage":21,"enemies":"3 Byrds","floor":18,"turns":5},{"damage":34,"enemies":"Spheric Guardian","floor":20,"turns":4},{"damage":14,"enemies":"Cultist and Chosen","floor":24,"turns":3},{"damage":30,"enemies":"Snake Plant","floor":27,"turns":3},{"damage":27,"enemies":"Shelled Parasite and Fungi","floor":28,"turns":1}],"seed_played":"4420399159695284362","potions_obtained":[{"floor":3,"key":"ElixirPotion"},{"floor":4,"key":"FearPotion"},{"floor":6,"key":"ColorlessPotion"},{"floor":11,"key":"Regen Potion"}],"is_trial":false,"path_per_floor":["M","?","M","M","M","E","R","E","T","R","M","M","$","M","R","B",null,"M","?","M","$","?","R","M","R","T","M","M"],"character_chosen":"IRONCLAD","items_purchased":["Uppercut","Shockwave","Omamori"],"campfire_rested":3,"item_purchase_floors":[13,13,21],"current_hp_per_floor":[56,56,56,52,44,19,39,45,45,45,35,33,33,33,53,11,54,45,45,23,23,23,43,41,41,41,23,0,0],"gold":108,"neow_bonus":"THREE_RARE_CARDS","is_daily":false,"chose_seed":false,"campfire_upgraded":2,"win_rate":0.0,"timestamp":1612090684,"path_taken":["M","?","?","M","?","E","R","E","T","R","M","M","$","M","R","BOSS","M","?","M","$","?","R","M","R","T","M","?"],"items_purchased_type":["Card","Card","Relic"],"build_version":"2020-12-22","purchased_purges":1,"victory":false,"max_hp_per_floor":[68,68,68,68,68,68,68,68,68,68,68,68,68,68,68,68,68,68,68,68,68,68,68,68,68,68,68,68,68],"relic_stats":{"counters":[15,48],"Mummified Hand":[6],"Dead Branch":[47],"Black Blood":108,"Question Card":9,"obtain_stats":[{"Mummified Hand":9,"Dead Branch":8,"Black Blood":17,"Omamori":21,"Question Card":6,"StrikeDummy":26,"Burning Blood":0},{"Mummified Hand":6,"Dead Branch":6,"Black Blood":10,"Omamori":12,"Question Card":5,"StrikeDummy":13,"Burning Blood":0},{"Mummified Hand":16,"Dead Branch":16,"Black Blood":32,"Omamori":41,"Question Card":14,"StrikeDummy":44,"Burning Blood":0}]},"card_choices":[{"not_picked":["Reaper","Bludgeon"],"picked":"Offering","floor":0},{"not_picked":["Body Slam","Combust"],"picked":"Flex","floor":1},{"not_picked":["Fire Breathing","Blood for Blood"],"picked":"Heavy Blade","floor":3},{"not_picked":["Rupture","Warcry"],"picked":"Cleave","floor":4},{"not_picked":["Perfected Strike","Anger","Wild Strike"],"picked":"SKIP","floor":5},{"not_picked":["Blood for Blood","Dual Wield","Carnage"],"picked":"SKIP","floor":6},{"not_picked":["Inflame","Barricade","Sentinel"],"picked":"Body Slam","floor":8},{"not_picked":["Heavy Blade","Perfected Strike","Warcry"],"picked":"Pummel","floor":11},{"not_picked":["Headbutt","Clash","Feed"],"picked":"Body Slam","floor":12},{"not_picked":["Rage","Anger","Headbutt"],"picked":"Sword Boomerang","floor":14},{"not_picked":["Brutality","Fiend Fire","Feed"],"picked":"Offering","floor":16},{"not_picked":["Carnage","Armaments","Clothesline","Havoc"],"picked":"SKIP","floor":18},{"not_picked":["Wild Strike","Intimidate","Warcry"],"picked":"Body Slam","floor":20},{"not_picked":["Fiend Fire","Iron Wave","Searing Blow"],"picked":"Metallicize","floor":24},{"not_picked":["Headbutt","Carnage","Havoc"],"picked":"Shrug It Off","floor":27}],"player_experience":2314815,"relics_obtained":[{"floor":6,"key":"Question Card"},{"floor":8,"key":"Dead Branch"},{"floor":9,"key":"Mummified Hand"},{"floor":26,"key":"StrikeDummy"}],"event_choices":[{"damage_healed":0,"gold_gain":0,"player_choice":"Upgraded","damage_taken":0,"max_hp_gain":0,"max_hp_loss":0,"event_name":"Upgrade Shrine","floor":2,"gold_loss":0,"cards_upgraded":["Flex"]},{"damage_healed":0,"gold_gain":0,"player_choice":"Smashed Altar","damage_taken":0,"max_hp_gain":0,"max_hp_loss":0,"event_name":"Forgotten Altar","floor":19,"gold_loss":0,"cards_obtained":["Decay"]},{"damage_healed":0,"gold_gain":0,"player_choice":"3 cards matched","damage_taken":0,"max_hp_gain":0,"max_hp_loss":0,"event_name":"Match and Keep!","floor":22,"gold_loss":0,"cards_obtained":["Shame","Double Tap","Writhe"]}],"is_beta":false,"boss_relics":[{"not_picked":["Empty Cage","Runic Pyramid"],"picked":"Black Blood"}],"items_purged_floors":[13],"is_endless":false,"potions_floor_spawned":[3,4,6,11],"killed_by":"Shelled Parasite and Fungi","ascension_level":20}}