{"host":"g7mkzn6qfoxkk5sz","time":1612133975,"event":{"mods":["BaseMod","Colored Map","Colored Powertips","Downfall","Hermit","Marisa????????","Minty Spire (QoL Compilation)","StSLib","The Animator","The Bug Knight","The Servant 0.9.4"],"gold_per_floor":[99,115,132,57,57,16,39,54,4,4,22,22,22,41,54,54,54,54],"floor_reached":16,"language":"ENG","playtime":535,"items_purged":[],"score":92,"play_id":"68827175-8506-49cf-80ef-21a1bf252d96","local_time":"20210201005935","is_ascension_mode":false,"campfire_choices":[{"floor":1,"key":"RECALL"},{"data":"Slimebound:Split","floor":9,"key":"SMITH"},{"data":"Slimebound:LevelUp","floor":12,"key":"SMITH"}],"circlet_count":0,"master_deck":["Slimebound:Tackle","Slimebound:Defend_Slimebound+1","Slimebound:Defend_Slimebound","Slimebound:Defend_Slimebound","Slimebound:Split+1","Slimebound:CorrosiveSpit","Slimebound:Gluttony+1","Slimebound:SlimeSpikes","Shame","Slimebound:SplitBruiser","Slimebound:Prepare+1","Slimebound:GoopSpray","Slimebound:LevelUp+1","downfall:Malfunctioning","Slimebound:LeechEnergy"],"relics":["Slimebound:AbsorbEndCombat","Slimebound:GreedOozeRelic","Lantern"],"acts_visited":["Exordium"],"potions_floor_usage":[16],"damage_taken":[{"damage":0,"enemies":"Small Slimes","floor":2,"turns":6},{"damage":8,"enemies":"2 Louse","floor":3,"turns":3},{"damage":8,"enemies":"downfall:FleeingMerchant","floor":6,"turns":4},{"damage":0,"enemies":"Cultist","floor":8,"turns":3},{"damage":0,"enemies":"Blue Slaver","floor":11,"turns":3},{"damage":29,"enemies":"Gremlin Gang","floor":14,"turns":4},{"damage":14,"enemies":"Exordium Thugs","floor":15,"turns":3},{"damage":24,"enemies":"IC_STATUS_ARCHETYPE","floor":16,"turns":4}],"seed_played":"-8544996184199028540","potions_obtained":[{"floor":2,"key":"sneckomod:MuddlingPotion"},{"floor":3,"key":"Slimebound:SpawnSlimePotion"},{"floor":8,"key":"Explosive Potion"},{"floor":11,"key":"BlessingOfTheForge"}],"is_trial":false,"path_per_floor":["R","M","M","?","?","$","T","M","R","?","M","R","?","M","M","B"],"character_chosen":"SLIMEBOUND","items_purchased":["Slimebound:Prepare"],"campfire_rested":0,"item_purchase_floors":[6],"current_hp_per_floor":[65,65,57,57,57,53,53,55,55,55,57,57,57,30,18,0,0,0],"gold":54,"neow_bonus":"TRANSFORM_CARD","is_daily":false,"chose_seed":false,"campfire_upgraded":2,"win_rate":0.0,"timestamp":1612133975,"path_taken":["R","M","M","?","?","$","T","?","R","?","?","R","?","M","M","BOSS"],"items_purchased_type":["Card"],"build_version":"2020-12-22","purchased_purges":0,"victory":false,"max_hp_per_floor":[65,65,65,65,65,65,65,65,65,65,65,65,65,65,65,65,65,65],"card_choices":[{"not_picked":["Slimebound:Gluttony","Slimebound:FinishingTackle","Slimebound:GoopTackle"],"picked":"SKIP","floor":2},{"not_picked":["Slimebound:RollThrough","Slimebound:SplitAcid"],"picked":"Slimebound:SlimeSpikes","floor":3},{"not_picked":["Slimebound:RallyTheTroops","Slimebound:Recollect"],"picked":"Slimebound:SplitBruiser","floor":6},{"not_picked":["Slimebound:SplitAcid","Slimebound:MegaLick"],"picked":"Slimebound:GoopSpray","floor":8},{"not_picked":["Slimebound:Gluttony","Slimebound:FormOfPuddle"],"picked":"Slimebound:LevelUp","floor":11},{"not_picked":["Slimebound:SplitLeeching","Slimebound:ComboTackle"],"picked":"Slimebound:LeechEnergy","floor":14},{"not_picked":["Slimebound:SlimeTap","Slimebound:SamplingLick","Slimebound:ItLooksTasty"],"picked":"SKIP","floor":15}],"player_experience":466501,"relics_obtained":[{"floor":7,"key":"Lantern"}],"event_choices":[],"is_beta":false,"boss_relics":[],"items_purged_floors":[],"is_endless":false,"potions_floor_spawned":[2,3,8,11],"killed_by":"IC_STATUS_ARCHETYPE","ascension_level":0}}