{"host":"815dqs41i1y8uxms","time":1612103191,"event":{"mods":["A Penny For Your Troubles","Act Like it!","BaseMod","Dark Map","Elementarium","Fox Events","Minty Spire (QoL Compilation)","Rare Cards Sparkle","Shop Mod","Spire Arcade","StSLib","The Marked"],"gold_per_floor":[17,33,33,53,53,77,77,115,115,139,158,158,182,201,201,329,329,350,371,371,371,45,45,66,66,91,112,112,112,112],"floor_reached":29,"language":"ENG","playtime":1753,"items_purged":[],"score":229,"play_id":"5b66f15e-c92a-4771-9a4b-303a2dda3fd9","local_time":"20210131152631","is_ascension_mode":false,"campfire_choices":[{"floor":12,"key":"REST"},{"floor":15,"key":"REST"},{"data":"theMarked:EternalStudent","floor":23,"key":"SMITH"},{"floor":25,"key":"REST"},{"floor":28,"key":"REST"}],"circlet_count":0,"master_deck":["theMarked:Strike","theMarked:Strike","theMarked:Strike","theMarked:Strike","theMarked:Defend","theMarked:Defend","theMarked:Defend","theMarked:SoldierOfQuellstein","theMarked:Pokerface","theMarked:Friction","theMarked:Opportunist","theMarked:Parkour","theMarked:ContemptForTheProud","theMarked:ChannelForce","theMarked:Indomitable","theMarked:EmpowerWeapon","theMarked:Panic","theMarked:MysticalArsenal","theMarked:Pokerface","theMarked:EternalStudent+1","CurseOfTheBell","theMarked:ResourceFulStrike+1","theMarked:Electrocute+1","Elementarium:FireblessedBlade","Chrysalis","Violence","theMarked:WardOff+1","theMarked:RepellingDischarge+1"],"relics":["theMarked:ArtifactOfAir","Golden Idol","foxEvents:ScarlettsFace","Vajra","Regal Pillow","Tiny Chest","Sundial","CaptainsWheel","MerchantsRug","Matryoshka","Bottled Flame","Anchor"],"acts_visited":["Exordium","Elementarium:Elementarium"],"potions_floor_usage":[8,16,16,29],"damage_taken":[{"damage":0,"enemies":"Small Slimes","floor":1,"turns":3},{"damage":0,"enemies":"2 Louse","floor":2,"turns":2},{"damage":4,"enemies":"Cultist","floor":4,"turns":4},{"damage":14,"enemies":"Blue Slaver","floor":6,"turns":3},{"damage":22,"enemies":"Lagavulin","floor":8,"turns":5},{"damage":9,"enemies":"Gremlin Gang","floor":10,"turns":6},{"damage":0,"enemies":"2 Fungi Beasts","floor":11,"turns":2},{"damage":10,"enemies":"Looter","floor":13,"turns":3},{"damage":13,"enemies":"3 Louse","floor":14,"turns":3},{"damage":42,"enemies":"Hexaghost","floor":16,"turns":9},{"damage":18,"enemies":"Elementarium:2_ELEMENTALS","floor":18,"turns":5},{"damage":3,"enemies":"Elementarium:Cyclone","floor":19,"turns":4},{"damage":13,"enemies":"Elementarium:3_ELEMENTALS","floor":24,"turns":4},{"damage":47,"enemies":"Elementarium:VOID_CORRUPTION_AND_ORB_OF_FIRE","floor":27,"turns":8},{"damage":61,"enemies":"Elementarium:ElementalPortal","floor":29,"turns":10}],"seed_played":"-795586676022961490","potions_obtained":[{"floor":1,"key":"ColorlessPotion"},{"floor":4,"key":"DistilledChaos"},{"floor":10,"key":"Energy Potion"},{"floor":11,"key":"BlessingOfTheForge"},{"floor":16,"key":"BlessingOfTheForge"},{"floor":18,"key":"ColorlessPotion"}],"is_trial":false,"path_per_floor":["M","M","?","M","?","M","?","E","T","M","M","R","M","M","R","B",null,"M","M","?","?","$","R","M","R","T","M","R","E"],"character_chosen":"THE_DEFAULT","items_purchased":["MerchantsRug","Matryoshka"],"campfire_rested":4,"item_purchase_floors":[22,22],"current_hp_per_floor":[70,70,70,66,66,52,52,30,30,21,21,57,47,34,70,28,70,52,49,49,49,49,49,36,70,70,23,59,0,0],"gold":112,"neow_bonus":"TRANSFORM_TWO_CARDS","is_daily":false,"chose_seed":false,"campfire_upgraded":1,"win_rate":0.0,"timestamp":1612103191,"path_taken":["M","M","?","M","?","?","?","E","T","M","?","R","M","?","R","BOSS","M","M","?","?","$","R","M","R","T","M","R","E"],"items_purchased_type":["Relic","Relic"],"build_version":"2020-12-22","purchased_purges":0,"victory":false,"max_hp_per_floor":[70,70,70,70,70,70,70,70,70,70,70,70,70,70,70,70,70,70,70,70,70,70,70,70,70,70,70,70,70,70],"card_choices":[{"not_picked":["theMarked:BanishingStrike","theMarked:ChannelForce"],"picked":"theMarked:Opportunist","floor":1},{"not_picked":["theMarked:WastefulAttack","theMarked:Frustration"],"picked":"theMarked:Parkour","floor":2},{"not_picked":["theMarked:MuscleMemory","theMarked:BanishingWave"],"picked":"theMarked:ContemptForTheProud","floor":4},{"not_picked":["theMarked:HeightenedSenses","theMarked:RepellingDischarge"],"picked":"theMarked:ChannelForce","floor":6},{"not_picked":["theMarked:ChainLightning","theMarked:Abjuration"],"picked":"theMarked:Indomitable","floor":8},{"not_picked":["theMarked:Standoff","theMarked:TwofoldDefense"],"picked":"theMarked:EmpowerWeapon","floor":10},{"not_picked":["theMarked:HeightenedSenses","theMarked:Parry"],"picked":"theMarked:Panic","floor":11},{"not_picked":["theMarked:ResourceFulStrike","theMarked:Frustration"],"picked":"theMarked:MysticalArsenal","floor":13},{"not_picked":["theMarked:SwordAndMagic","theMarked:WastefulAttack"],"picked":"theMarked:Pokerface","floor":14},{"not_picked":["theMarked:Abjuration","theMarked:TurnInvisible"],"picked":"theMarked:EternalStudent","floor":16},{"not_picked":["theMarked:Parkour","theMarked:ContemptForTheProud+1"],"picked":"theMarked:ResourceFulStrike+1","floor":18},{"not_picked":["theMarked:ElectricStrings","theMarked:Determination"],"picked":"theMarked:Electrocute+1","floor":19},{"not_picked":["Enlightenment","Thinking Ahead"],"picked":"Chrysalis","floor":21},{"not_picked":["Dramatic Entrance","Trip"],"picked":"Violence","floor":21},{"not_picked":["theMarked:ChainLightning","theMarked:TakeCover"],"picked":"theMarked:WardOff+1","floor":24},{"not_picked":["theMarked:ContemptForTheProud","theMarked:ResourceFulStrike+1"],"picked":"theMarked:RepellingDischarge+1","floor":27}],"player_experience":3730872,"relics_obtained":[{"floor":8,"key":"Vajra"},{"floor":9,"key":"Regal Pillow"},{"floor":17,"key":"Tiny Chest"},{"floor":17,"key":"Sundial"},{"floor":17,"key":"CaptainsWheel"},{"floor":26,"key":"Bottled Flame"},{"floor":26,"key":"Anchor"}],"event_choices":[{"damage_healed":0,"gold_gain":0,"player_choice":"Take Wound","damage_taken":0,"relics_obtained":["Golden Idol"],"max_hp_gain":0,"max_hp_loss":0,"event_name":"Golden Idol","floor":3,"gold_loss":0,"cards_obtained":["Injury"]},{"damage_healed":0,"gold_gain":0,"player_choice":"Trade","damage_taken":0,"relics_obtained":["foxEvents:ScarlettsFace"],"max_hp_gain":0,"max_hp_loss":0,"event_name":"FaceTrader","floor":5,"gold_loss":0},{"cards_removed":["Injury"],"damage_healed":0,"gold_gain":0,"player_choice":"Removed Curses","damage_taken":0,"max_hp_gain":0,"max_hp_loss":0,"event_name":"Fountain of Cleansing","floor":7,"gold_loss":0},{"damage_healed":0,"gold_gain":0,"player_choice":"Take","damage_taken":0,"max_hp_gain":0,"max_hp_loss":0,"event_name":"Elementarium:BladeSeller","floor":20,"gold_loss":0,"cards_obtained":["Elementarium:FireblessedBlade"]},{"damage_healed":0,"gold_gain":0,"player_choice":"Machinery","damage_taken":0,"max_hp_gain":0,"max_hp_loss":0,"event_name":"Elementarium:IncubationChamber","floor":21,"gold_loss":0}],"is_beta":false,"boss_relics":[{"not_picked":["SlaversCollar","Cursed Key"],"picked":"Calling Bell"}],"items_purged_floors":[],"is_endless":false,"potions_floor_spawned":[1,4,10,11,16,18],"killed_by":"Elementarium:ElementalPortal","ascension_level":0}}