{"host":"88sw61cmk1203zgj","time":1612064538,"event":{"mods":["BaseMod","Minty Spire (QoL Compilation)"],"gold_per_floor":[117,136,147,160,174,174,190,223,235,273,299,311,343,387,399,411,411],"floor_reached":16,"language":"ENG","playtime":1077,"items_purged":[],"score":208,"play_id":"7ed39c6d-e703-4ecd-a089-319e62497d74","local_time":"20210130224218","is_ascension_mode":true,"campfire_choices":[{"data":"Armaments","floor":6.0,"key":"SMITH"},{"data":"Limit Break","floor":12.0,"key":"SMITH"},{"floor":15.0,"key":"REST"}],"circlet_count":0,"master_deck":["AscendersBane","Strike_R","Strike_R","Strike_R","Strike_R","Strike_R","Defend_R","Defend_R+1","Defend_R","Defend_R","Bash+1","Thunderclap","Dropkick","Combust","Cleave","Armaments+1","Spot Weakness","Limit Break+1","Shrug It Off+1","Heavy Blade","Dual Wield"],"relics":["Burning Blood","MawBank","The Courier","Anchor","War Paint"],"acts_visited":["Exordium"],"potions_floor_usage":[16],"damage_taken":[{"damage":1.0,"enemies":"Cultist","floor":1.0,"turns":3.0},{"damage":15.0,"enemies":"Small Slimes","floor":2.0,"turns":3.0},{"damage":2.0,"enemies":"2 Louse","floor":3.0,"turns":3.0},{"damage":5.0,"enemies":"2 Fungi Beasts","floor":4.0,"turns":4.0},{"damage":3.0,"enemies":"Large Slime","floor":5.0,"turns":3.0},{"damage":8.0,"enemies":"Gremlin Gang","floor":7.0,"turns":3.0},{"damage":18.0,"enemies":"3 Sentries","floor":8.0,"turns":6.0},{"damage":30.0,"enemies":"Lagavulin","floor":10.0,"turns":5.0},{"damage":16.0,"enemies":"Exordium Wildlife","floor":11.0,"turns":5.0},{"damage":1.0,"enemies":"Large Slime","floor":13.0,"turns":4.0},{"damage":18.0,"enemies":"Gremlin Nob","floor":14.0,"turns":4.0},{"damage":48,"enemies":"Slime Boss","floor":16,"turns":7}],"seed_played":"-7376717308023404812","potions_obtained":[{"floor":2.0,"key":"Block Potion"},{"floor":3.0,"key":"Strength Potion"},{"floor":7.0,"key":"SteroidPotion"},{"floor":13.0,"key":"Energy Potion"}],"is_trial":false,"path_per_floor":["M","M","M","M","M","R","M","E","T","E","M","R","M","E","R","B"],"character_chosen":"IRONCLAD","items_purchased":[],"campfire_rested":1,"item_purchase_floors":[],"current_hp_per_floor":[77,68,72,73,76,76,74,62,62,38,28,28,33,21,45,0,0],"gold":411,"neow_bonus":"UPGRADE_CARD","is_daily":false,"chose_seed":false,"campfire_upgraded":2,"win_rate":0.0,"timestamp":1612064538,"path_taken":["M","M","M","?","M","R","M","E","T","E","M","R","M","E","R","BOSS"],"items_purchased_type":[],"build_version":"2020-12-22","purchased_purges":0,"victory":false,"max_hp_per_floor":[80,80,80,80,80,80,80,80,80,80,80,80,80,80,80,80,80],"card_choices":[{"not_picked":["True Grit","Spot Weakness"],"picked":"Thunderclap","floor":1.0},{"not_picked":["Warcry","Blood for Blood"],"picked":"Dropkick","floor":2.0},{"not_picked":["Flex","Sword Boomerang"],"picked":"Combust","floor":3.0},{"not_picked":["Clash","Metallicize"],"picked":"Cleave","floor":4.0},{"not_picked":["Body Slam","Anger"],"picked":"Armaments","floor":5.0},{"not_picked":["Shockwave","Iron Wave"],"picked":"Spot Weakness","floor":7.0},{"not_picked":["Blood for Blood","Carnage"],"picked":"Limit Break","floor":8.0},{"not_picked":["Clash","Shockwave","Infernal Blade"],"picked":"SKIP","floor":10.0},{"not_picked":["Whirlwind","Heavy Blade"],"picked":"Shrug It Off","floor":11.0},{"not_picked":["Thunderclap","Cleave"],"picked":"Heavy Blade","floor":13.0},{"not_picked":["Headbutt","Shockwave"],"picked":"Dual Wield","floor":14.0}],"player_experience":1538331,"relics_obtained":[{"floor":8.0,"key":"MawBank"},{"floor":9.0,"key":"The Courier"},{"floor":10.0,"key":"Anchor"},{"floor":14.0,"key":"War Paint"}],"event_choices":[],"is_beta":false,"boss_relics":[],"items_purged_floors":[],"is_endless":false,"potions_floor_spawned":[2,3,7,8,13],"killed_by":"Slime Boss","ascension_level":13}}