{"host":"06e3yyzgn8o619wl","time":1612078399,"event":{"mods":["BaseMod","Block Reminder","Colored Map","Colored Powertips","DeckTracker","Minty Spire (QoL Compilation)","Permanent Neow","Relic Stats","StSLib"],"gold_per_floor":[114,132,152,166,266,293,15,15,83,112,122,166,42,63,63,177,177,199,30,53,27,27,27,67,67,147,189,189,209,254,278,290,412,424,456,468,460,117,146,146,164,182,205,205,217,217,226,301,301,301],"floor_reached":51,"language":"JPN","playtime":4020,"items_purged":["Strike_P","Strike_P","Strike_P","Strike_P"],"score":996,"play_id":"283f46db-7264-4867-abc0-451fae11f7a0","local_time":"20210131163319","is_ascension_mode":true,"campfire_choices":[{"floor":8,"key":"REST"},{"floor":15,"key":"REST"},{"floor":23,"key":"REST"},{"floor":25,"key":"REST"},{"data":"Apotheosis","floor":32,"key":"SMITH"},{"floor":40,"key":"REST"},{"floor":44,"key":"REST"},{"floor":46,"key":"REST"},{"floor":49,"key":"REST"}],"circlet_count":0,"master_deck":["Defend_P","Defend_P","Defend_P","Defend_P","Eruption","Vigilance","EmptyFist","PathToVictory","CutThroughFate","BattleHymn","DeceiveReality","Apotheosis+1","Consecrate","ClearTheMind","CutThroughFate","Wireheading","Establishment","WheelKick","TalkToTheHand","ThirdEye","Wallop","TalkToTheHand","Meditate+1","Ghostly","Ghostly","Ghostly","Ghostly","Ghostly","Scrawl","TalkToTheHand","DeceiveReality","Adaptation+1","Dramatic Entrance"],"relics":["SlaversCollar","Lizard Tail","Membership Card","Ornamental Fan","Tiny Chest","CeramicFish","VioletLotus","Sling","Strawberry","Shuriken","Ancient Tea Set","MawBank","Fusion Hammer","ClockworkSouvenir","Art of War","Juzu Bracelet","MealTicket","Bottled Lightning"],"acts_visited":["Exordium","TheCity","TheBeyond"],"potions_floor_usage":[12,13,20,20,24,27,50],"damage_taken":[{"damage":8,"enemies":"Jaw Worm","floor":1,"turns":6},{"damage":0,"enemies":"Cultist","floor":2,"turns":3},{"damage":0,"enemies":"Small Slimes","floor":3,"turns":4},{"damage":0,"enemies":"2 Fungi Beasts","floor":4,"turns":3},{"damage":27,"enemies":"3 Sentries","floor":6,"turns":8},{"damage":0,"enemies":"Lagavulin","floor":10,"turns":6},{"damage":9,"enemies":"Blue Slaver","floor":11,"turns":5},{"damage":12,"enemies":"Gremlin Nob","floor":12,"turns":3},{"damage":21,"enemies":"Gremlin Gang","floor":14,"turns":3},{"damage":24,"enemies":"Hexaghost","floor":16,"turns":7},{"damage":8,"enemies":"Spheric Guardian","floor":18,"turns":5},{"damage":21,"enemies":"Shell Parasite","floor":20,"turns":5},{"damage":22,"enemies":"Gremlin Leader","floor":24,"turns":6},{"damage":41,"enemies":"Slavers","floor":27,"turns":4},{"damage":24,"enemies":"3 Cultists","floor":29,"turns":4},{"damage":0,"enemies":"Collector","floor":33,"turns":8},{"damage":0,"enemies":"Orb Walker","floor":35,"turns":3},{"damage":1,"enemies":"3 Darklings","floor":39,"turns":6},{"damage":8,"enemies":"Transient","floor":41,"turns":5},{"damage":2,"enemies":"Sphere and 2 Shapes","floor":42,"turns":7},{"damage":16,"enemies":"4 Shapes","floor":45,"turns":6},{"damage":1,"enemies":"Awakened One","floor":50,"turns":12}],"seed_played":"-7179727686539097177","potions_obtained":[{"floor":10,"key":"Strength Potion"},{"floor":11,"key":"Energy Potion"},{"floor":14,"key":"FearPotion"},{"floor":24,"key":"CultistPotion"},{"floor":33,"key":"StancePotion"},{"floor":37,"key":"DuplicationPotion"}],"is_trial":false,"path_per_floor":["M","M","M","M","?","E","$","R","T","E","M","E","$","M","R","B",null,"M","$","M","$","?","R","E","R","T","E","?","M","?","T","R","B",null,"M","?","?","$","M","R","M","M","T","R","M","R","?","T","R","B",null],"character_chosen":"WATCHER","items_purchased":["Membership Card","Apotheosis","Fruit Juice","SpeedPotion","TalkToTheHand","Sling","Block Potion","TalkToTheHand","ClockworkSouvenir","Art of War","Juzu Bracelet","DeceiveReality"],"campfire_rested":8,"item_purchase_floors":[7,7,13,13,19,19,21,38,38,38,38,38],"current_hp_per_floor":[57,57,57,57,57,30,30,51,51,51,42,30,35,14,37,13,61,53,53,32,32,18,42,27,53,53,12,41,17,17,17,17,17,37,37,37,37,37,36,44,36,34,34,44,28,41,41,41,44,43],"gold":301,"neow_bonus":"BOSS_RELIC","is_daily":false,"chose_seed":false,"campfire_upgraded":1,"win_rate":0.0,"timestamp":1612078399,"path_taken":["M","M","M","M","?","E","$","R","T","E","M","E","$","M","R","BOSS","M","$","M","$","?","R","E","R","T","E","?","M","?","?","R","BOSS","M","?","?","$","M","R","M","M","T","R","M","R","?","?","R","BOSS"],"items_purchased_type":["Relic","Card","Potion","Potion","Card","Relic","Potion","Card","Relic","Relic","Relic","Card"],"build_version":"2020-12-22","purchased_purges":4,"victory":true,"max_hp_per_floor":[72,72,72,72,72,72,72,72,72,72,72,72,77,77,77,77,77,77,77,77,77,82,82,89,89,89,89,89,89,44,44,44,44,44,44,44,44,44,44,44,44,44,44,44,44,44,44,44,44,44],"relic_stats":{"Lizard Tail":0,"counters":[22,119],"Ornamental Fan":[128],"Shuriken":[17],"CeramicFish":171,"Tiny Chest":2,"MealTicket":0,"VioletLotus":[14],"Art of War":[5],"Juzu Bracelet":1,"MawBank":84,"obtain_stats":[{"CeramicFish":12,"Juzu Bracelet":38,"Sling":19,"Ancient Tea Set":27,"MawBank":31,"ClockworkSouvenir":38,"SlaversCollar":0,"Lizard Tail":6,"Ornamental Fan":9,"Shuriken":26,"Strawberry":24,"Tiny Chest":10,"MealTicket":43,"VioletLotus":17,"Fusion Hammer":34,"Art of War":38,"Membership Card":7,"Bottled Lightning":48,"PureWater":0},{"CeramicFish":8,"Juzu Bracelet":17,"Sling":11,"Ancient Tea Set":14,"MawBank":15,"ClockworkSouvenir":17,"SlaversCollar":0,"Lizard Tail":5,"Ornamental Fan":5,"Shuriken":13,"Strawberry":13,"Tiny Chest":6,"MealTicket":20,"VioletLotus":10,"Fusion Hammer":16,"Art of War":17,"Membership Card":5,"Bottled Lightning":21,"PureWater":0},{"CeramicFish":38,"Juzu Bracelet":83,"Sling":53,"Ancient Tea Set":68,"MawBank":72,"ClockworkSouvenir":83,"SlaversCollar":0,"Lizard Tail":24,"Ornamental Fan":24,"Shuriken":64,"Strawberry":64,"Tiny Chest":30,"MealTicket":101,"VioletLotus":48,"Fusion Hammer":80,"Art of War":83,"Membership Card":24,"Bottled Lightning":107,"PureWater":0}]},"card_choices":[{"not_picked":["JustLucky","CutThroughFate"],"picked":"EmptyFist","floor":1},{"not_picked":["Sanctity","Protect"],"picked":"PathToVictory","floor":2},{"not_picked":["Swivel","Halt"],"picked":"CutThroughFate","floor":3},{"not_picked":["Sanctity","EmptyBody"],"picked":"BattleHymn","floor":4},{"not_picked":["DevaForm","Crescendo"],"picked":"DeceiveReality","floor":6},{"not_picked":["Halt","PathToVictory"],"picked":"Consecrate","floor":10},{"not_picked":["CutThroughFate","Evaluate"],"picked":"ClearTheMind","floor":11},{"not_picked":["FollowUp","CrushJoints"],"picked":"CutThroughFate","floor":12},{"not_picked":["Perseverance","FlyingSleeves"],"picked":"Wireheading","floor":14},{"not_picked":["Blasphemy","LessonLearned"],"picked":"Establishment","floor":16},{"not_picked":["Consecrate","Crescendo"],"picked":"WheelKick","floor":18},{"not_picked":["Pray+1","Swivel+1"],"picked":"ThirdEye","floor":20},{"not_picked":["PathToVictory","WindmillStrike"],"picked":"Wallop","floor":24},{"not_picked":["BowlingBash","PathToVictory+1"],"picked":"TalkToTheHand","floor":27},{"not_picked":["Consecrate","ThirdEye+1"],"picked":"Meditate+1","floor":29},{"not_picked":["DeusExMachina","DevaForm"],"picked":"Scrawl","floor":33},{"not_picked":["Fasting2+1","CrushJoints","Vengeance+1"],"picked":"SKIP","floor":35},{"not_picked":["BowlingBash+1","Evaluate+1"],"picked":"Adaptation+1","floor":39},{"not_picked":["WreathOfFlame","CarveReality","Sanctity+1"],"picked":"SKIP","floor":41},{"not_picked":["WreathOfFlame","CarveReality","Sanctity+1"],"picked":"SKIP","floor":41},{"not_picked":["EmptyBody","CarveReality","Indignation"],"picked":"SKIP","floor":42},{"not_picked":["LikeWater+1","Study+1","PathToVictory"],"picked":"SKIP","floor":45},{"not_picked":["Enlightenment","Mayhem"],"picked":"Dramatic Entrance","floor":47}],"player_experience":130227,"relics_obtained":[{"floor":6,"key":"Lizard Tail"},{"floor":9,"key":"Ornamental Fan"},{"floor":10,"key":"Tiny Chest"},{"floor":12,"key":"CeramicFish"},{"floor":24,"key":"Strawberry"},{"floor":26,"key":"Shuriken"},{"floor":27,"key":"Ancient Tea Set"},{"floor":31,"key":"MawBank"},{"floor":43,"key":"MealTicket"},{"floor":48,"key":"Bottled Lightning"}],"event_choices":[{"damage_healed":0,"gold_gain":100,"player_choice":"Pray","damage_taken":0,"max_hp_gain":0,"max_hp_loss":0,"event_name":"Golden Shrine","floor":5,"gold_loss":0},{"damage_healed":0,"gold_gain":0,"player_choice":"Shed Blood","damage_taken":19,"max_hp_gain":5,"max_hp_loss":0,"event_name":"Forgotten Altar","floor":22,"gold_loss":0},{"damage_healed":29,"gold_gain":0,"player_choice":"Heal","damage_taken":0,"max_hp_gain":0,"max_hp_loss":0,"event_name":"The Library","floor":28,"gold_loss":0},{"damage_healed":0,"gold_gain":0,"player_choice":"Became a Ghost","damage_taken":0,"max_hp_gain":0,"max_hp_loss":45,"event_name":"Ghosts","floor":30,"gold_loss":0,"cards_obtained":["Ghostly","Ghostly","Ghostly","Ghostly","Ghostly"]},{"damage_healed":0,"gold_gain":0,"player_choice":"Ignored","damage_taken":0,"max_hp_gain":0,"max_hp_loss":0,"event_name":"Mysterious Sphere","floor":36,"gold_loss":0},{"damage_healed":0,"gold_gain":0,"player_choice":"Bought 1 Potion","damage_taken":0,"max_hp_gain":0,"max_hp_loss":0,"event_name":"The Woman in Blue","floor":37,"gold_loss":0},{"damage_healed":0,"gold_gain":0,"player_choice":"Memory 1","damage_taken":0,"max_hp_gain":0,"max_hp_loss":0,"event_name":"SensoryStone","floor":47,"gold_loss":0}],"is_beta":false,"boss_relics":[{"not_picked":["Runic Pyramid","Tiny House"],"picked":"VioletLotus"},{"not_picked":["Astrolabe","Cursed Key"],"picked":"Fusion Hammer"}],"items_purged_floors":[7,13,19,38],"is_endless":false,"potions_floor_spawned":[10,11,14,16,18,24,33,39,42],"ascension_level":6}}