{"host":"g4s2zlagidtu703b","time":1612135291,"event":{"mods":["BaseMod","Colored Map","Colored Powertips","Lobotomy","Minty Spire (QoL Compilation)","StSLib"],"gold_per_floor":[115,126,144,158,169,169,179,207,207,207,234,234,260,273,273,273,273],"floor_reached":16,"language":"ENG","playtime":1554,"items_purged":[],"score":149,"play_id":"966da63f-b4e4-419e-bbef-5a681ee2bb81","local_time":"20210131212131","is_ascension_mode":false,"campfire_choices":[{"data":"Eruption","floor":6,"key":"SMITH"},{"data":"LessonLearned","floor":10,"key":"SMITH"},{"data":"SashWhip","floor":12,"key":"SMITH"},{"data":"Meditate","floor":15,"key":"SMITH"}],"circlet_count":0,"master_deck":["Strike_P","Strike_P","Strike_P","Strike_P","Defend_P","Defend_P+1","Defend_P","Defend_P","Eruption+1","Vigilance","Scorched","Meditate+1","ShyLook","BattleHymn+1","Wellcheers","ThirdEye","BeautyBeast","SashWhip+1","DreamingCurrent","SpiderBud","LessonLearned+1","Indignation+1","OSAHOGD","Wireheading"],"relics":["PureWater","CogitoBucket","FleshIdol","TungstenRod","Dream Catcher","Bottled Tornado","PreservedInsect"],"acts_visited":["Exordium"],"potions_floor_usage":[13,16,16],"damage_taken":[{"damage":0,"enemies":"Cultist","floor":1,"turns":3},{"damage":1,"enemies":"Jaw Worm","floor":2,"turns":2},{"damage":0,"enemies":"2 Louse","floor":3,"turns":2},{"damage":7,"enemies":"Red Slaver","floor":4,"turns":4},{"damage":1,"enemies":"Exordium Thugs","floor":5,"turns":4},{"damage":0,"enemies":"2 Fungi Beasts","floor":7,"turns":2},{"damage":20,"enemies":"3 Sentries","floor":8,"turns":5},{"damage":36,"enemies":"Lagavulin","floor":11,"turns":8},{"damage":0,"enemies":"Gremlin Nob","floor":13,"turns":2},{"damage":7,"enemies":"Blue Slaver","floor":14,"turns":2},{"damage":120,"enemies":"Hexaghost","floor":16,"turns":9}],"seed_played":"4271413773037073043","potions_obtained":[{"floor":2,"key":"AttackPotion"},{"floor":5,"key":"SpeedPotion"},{"floor":8,"key":"AttackPotion"},{"floor":13,"key":"PowerPotion"},{"floor":14,"key":"CultistPotion"}],"is_trial":false,"path_per_floor":["M","M","M","M","M","R","M","E","T","R","E","R","E","M","R","B"],"character_chosen":"WATCHER","items_purchased":[],"campfire_rested":0,"item_purchase_floors":[],"current_hp_per_floor":[72,71,71,67,69,69,72,72,72,72,60,60,66,68,68,0,0],"gold":273,"neow_bonus":"","is_daily":false,"chose_seed":false,"campfire_upgraded":4,"win_rate":0.0,"timestamp":1612135291,"path_taken":["M","M","M","M","M","R","M","E","T","R","E","R","E","M","R","BOSS"],"items_purchased_type":[],"build_version":"2020-12-22","purchased_purges":0,"victory":false,"max_hp_per_floor":[72,72,72,72,72,72,72,72,72,72,72,72,72,72,72,72,72],"card_choices":[{"not_picked":["WallGazer","OSAHOGD"],"picked":"Scorched","floor":1},{"not_picked":["CarveReality","Sanctity"],"picked":"Meditate","floor":1},{"not_picked":["HeroicMonk","WhitesApple"],"picked":"ShyLook","floor":2},{"not_picked":["Fasting2","EmptyBody"],"picked":"BattleHymn","floor":2},{"not_picked":["UniverseFragment","OSAHOGD"],"picked":"Wellcheers","floor":3},{"not_picked":["SpiritShield","Meditate","FlyingSleeves"],"picked":"SKIP","floor":3},{"not_picked":["PathToVictory","FlyingSleeves"],"picked":"ThirdEye","floor":4},{"not_picked":["VoidDream","HappyTeddy"],"picked":"BeautyBeast","floor":5},{"not_picked":["DeceiveReality","FlyingSleeves"],"picked":"SashWhip","floor":5},{"not_picked":["Funeral","FairyFestival"],"picked":"DreamingCurrent","floor":7},{"not_picked":["ReachHeaven","SashWhip","Evaluate"],"picked":"SKIP","floor":7},{"not_picked":["OSAHOGD","MeatLantern"],"picked":"SpiderBud","floor":8},{"not_picked":["BowlingBash","Halt"],"picked":"LessonLearned","floor":8},{"not_picked":["SandsOfTime","EmptyBody"],"picked":"Indignation","floor":11},{"not_picked":["Murderer","BodiesMountain"],"picked":"OSAHOGD","floor":11},{"not_picked":["EmptyBody","Sanctity"],"picked":"Wireheading","floor":13},{"not_picked":["CrushJoints","Halt","FollowUp"],"picked":"SKIP","floor":14}],"player_experience":155224,"relics_obtained":[{"floor":8,"key":"TungstenRod"},{"floor":9,"key":"Dream Catcher"},{"floor":11,"key":"Bottled Tornado"},{"floor":13,"key":"PreservedInsect"}],"event_choices":[],"is_beta":false,"boss_relics":[],"items_purged_floors":[],"is_endless":false,"potions_floor_spawned":[2,5,8,13,14],"killed_by":"Hexaghost","ascension_level":0}}