{"host":"1c17lcvl7acx821p","time":1612091819,"event":{"mods":["AchievementEnabler","BaseMod","Colored Map","Minty Spire (QoL Compilation)","Quick Restart","Relic Sorter","StSLib"],"gold_per_floor":[112,62,81,97,111,143,154,154,154,168,186,186,241,275,275,349,349,364,364,364,65,112,128,128,158,158,171,96,124,24,51,63,154,166,192,249,9,34,34,60,86,86,113,113,127,160,160,193,193,193,193,193,193,44,71,71],"floor_reached":57,"language":"ENG","playtime":3143,"items_purged":["Strike_G","Strike_G"],"score":2220,"play_id":"a385862d-0b42-4a81-88f8-80acdaa7d3b8","local_time":"20210131131659","is_ascension_mode":true,"campfire_choices":[{"data":"Catalyst","floor":8.0,"key":"SMITH"},{"data":"Sucker Punch","floor":12.0,"key":"SMITH"},{"data":"Bane","floor":15.0,"key":"SMITH"},{"floor":24.0,"key":"REST"},{"data":"Caltrops","floor":32.0,"key":"SMITH"},{"data":"Envenom","floor":42.0,"key":"SMITH"},{"data":"Bouncing Flask","floor":44.0,"key":"SMITH"},{"floor":47.0,"key":"RECALL"},{"data":"Caltrops","floor":49.0,"key":"SMITH"},{"data":"Poisoned Stab","floor":50.0,"key":"SMITH"},{"data":"Survivor","floor":53.0,"key":"SMITH"}],"circlet_count":0,"master_deck":["AscendersBane","Defend_G+1","Defend_G","Defend_G+1","Defend_G","Defend_G","Survivor+1","Poisoned Stab+1","Catalyst+1","Poisoned Stab","Bane+1","Poisoned Stab","Bouncing Flask+1","Caltrops+1","Sucker Punch+1","Crippling Poison+1","Malaise+1","Adrenaline+1","Riddle With Holes+1","Malaise+1","Necronomicurse","Catalyst+1","Leg Sweep+1","Backflip+1","Quick Slash","Envenom+1","PiercingWail+1","Blur+1","PiercingWail+1","Caltrops+1","Leg Sweep+1","Caltrops"],"relics":["Velvet Choker","Tiny Chest","Kunai","Pantograph","Toxic Egg 2","Astrolabe","Necronomicon","Anchor","War Paint","Omamori","Bag of Preparation","White Beast Statue","Pen Nib","MawBank","Runic Pyramid","Gambling Chip","Paper Crane","FossilizedHelix","Art of War","Strawberry","Darkstone Periapt","Orichalcum","Medical Kit","Ornamental Fan"],"acts_visited":["Exordium","TheCity","TheBeyond","TheEnding"],"potions_floor_usage":[56],"damage_taken":[{"damage":0.0,"enemies":"Small Slimes","floor":1.0,"turns":4.0},{"damage":4.0,"enemies":"Jaw Worm","floor":3.0,"turns":5.0},{"damage":0.0,"enemies":"2 Louse","floor":4.0,"turns":4.0},{"damage":15.0,"enemies":"Lots of Slimes","floor":5.0,"turns":7.0},{"damage":2.0,"enemies":"Lagavulin","floor":6.0,"turns":6.0},{"damage":11.0,"enemies":"Large Slime","floor":7.0,"turns":7.0},{"damage":2.0,"enemies":"Blue Slaver","floor":10.0,"turns":2.0},{"damage":11.0,"enemies":"Looter","floor":11.0,"turns":2.0},{"damage":14.0,"enemies":"3 Sentries","floor":13.0,"turns":6.0},{"damage":7.0,"enemies":"Gremlin Nob","floor":14.0,"turns":4.0},{"damage":24.0,"enemies":"The Guardian","floor":16.0,"turns":8.0},{"damage":8.0,"enemies":"Shell Parasite","floor":18.0,"turns":2.0},{"damage":3.0,"enemies":"3 Byrds","floor":23.0,"turns":4.0},{"damage":21.0,"enemies":"Book of Stabbing","floor":25.0,"turns":4.0},{"damage":0.0,"enemies":"Centurion and Healer","floor":27.0,"turns":4.0},{"damage":3.0,"enemies":"Slavers","floor":29.0,"turns":4.0},{"damage":13.0,"enemies":"Gremlin Leader","floor":31.0,"turns":5.0},{"damage":18.0,"enemies":"Collector","floor":33.0,"turns":3.0},{"damage":0.0,"enemies":"Orb Walker","floor":35.0,"turns":4.0},{"damage":33.0,"enemies":"2 Orb Walkers","floor":36.0,"turns":7.0},{"damage":0.0,"enemies":"Mind Bloom Boss Battle","floor":38.0,"turns":4.0},{"damage":0.0,"enemies":"Nemesis","floor":41.0,"turns":7.0},{"damage":0.0,"enemies":"3 Shapes","floor":45.0,"turns":6.0},{"damage":0.0,"enemies":"Giant Head","floor":46.0,"turns":6.0},{"damage":4.0,"enemies":"Reptomancer","floor":48.0,"turns":8.0},{"damage":0.0,"enemies":"Donu and Deca","floor":51.0,"turns":11.0},{"damage":0.0,"enemies":"Shield and Spear","floor":55.0,"turns":5.0},{"damage":0,"enemies":"The Heart","floor":56,"turns":5}],"seed_played":"-6245320954890377555","potions_obtained":[{"floor":3.0,"key":"LiquidMemories"},{"floor":5.0,"key":"DistilledChaos"},{"floor":7.0,"key":"Weak Potion"},{"floor":11.0,"key":"AttackPotion"},{"floor":13.0,"key":"Regen Potion"},{"floor":14.0,"key":"Regen Potion"},{"floor":23.0,"key":"Swift Potion"},{"floor":25.0,"key":"DistilledChaos"},{"floor":31.0,"key":"SpeedPotion"},{"floor":33.0,"key":"CultistPotion"},{"floor":48.0,"key":"Strength Potion"},{"floor":55.0,"key":"PowerPotion"}],"is_trial":false,"path_per_floor":["M","?","M","M","M","E","M","R","T","M","M","R","?","E","R","B",null,"M","?","?","$","T","M","R","E","T","M","$","E","$","E","R","B",null,"M","?","$","?","?","T","E","R","T","R","M","E","R","E","R","R","B",null,"R","$","E","B",null],"character_chosen":"THE_SILENT","items_purchased":["Anchor","War Paint","Paper Crane","Medical Kit"],"campfire_rested":1,"item_purchase_floors":[21,21,37,54],"current_hp_per_floor":[63,63,59,59,44,42,31,31,31,29,18,18,4,11,11,12,56,48,32,32,32,32,29,50,41,41,41,41,38,38,25,25,32,61,61,28,28,53,53,53,60,60,60,60,60,60,60,56,56,56,73,73,73,73,73,73],"gold":71,"neow_bonus":"BOSS_RELIC","is_daily":false,"chose_seed":false,"campfire_upgraded":9,"win_rate":0.0,"timestamp":1612091819,"path_taken":["M","?","M","M","M","E","M","R","T","M","M","R","?","E","R","BOSS","M","?","?","$","?","M","R","E","T","M","$","E","$","E","R","BOSS","M","?","$","?","?","?","E","R","T","R","M","E","R","E","R","R","BOSS","R","$","E","BOSS"],"items_purchased_type":["Relic","Relic","Relic","Relic"],"build_version":"2020-12-22","purchased_purges":2,"victory":true,"max_hp_per_floor":[70,70,70,70,70,70,70,70,70,70,70,70,70,70,70,70,70,70,70,70,70,70,70,70,70,70,70,70,70,70,70,70,70,70,70,70,70,70,66,66,73,73,73,73,73,73,73,73,73,73,73,73,73,73,73,73],"card_choices":[{"not_picked":["Dodge and Roll","Deadly Poison"],"picked":"Poisoned Stab","floor":1.0},{"not_picked":["Endless Agony","Escape Plan"],"picked":"Catalyst","floor":3.0},{"not_picked":["PiercingWail","Footwork"],"picked":"Poisoned Stab","floor":4.0},{"not_picked":["Accuracy","Sucker Punch"],"picked":"Bane","floor":5.0},{"not_picked":["Finisher","Masterful Stab"],"picked":"Poisoned Stab","floor":6.0},{"not_picked":["Poisoned Stab","Endless Agony"],"picked":"Bouncing Flask","floor":7.0},{"not_picked":["Deflect","Outmaneuver"],"picked":"Caltrops","floor":10.0},{"not_picked":["All Out Attack","Infinite Blades"],"picked":"Sucker Punch","floor":11.0},{"not_picked":["Setup+1","Phantasmal Killer+1"],"picked":"Crippling Poison+1","floor":14.0},{"not_picked":["Doppelganger+1","Phantasmal Killer+1"],"picked":"Malaise+1","floor":16.0},{"not_picked":["Sucker Punch","Deflect+1","Finisher+1"],"picked":"SKIP","floor":18.0},{"not_picked":["Outmaneuver+1","Dagger Spray"],"picked":"Leg Sweep+1","floor":23.0},{"not_picked":["Sucker Punch","Dagger Spray"],"picked":"Backflip+1","floor":25.0},{"not_picked":["Backstab","Flying Knee"],"picked":"Quick Slash","floor":27.0},{"not_picked":["Blade Dance+1","Flying Knee"],"picked":"Envenom","floor":29.0},{"not_picked":["Bane","Predator"],"picked":"PiercingWail+1","floor":31.0},{"not_picked":["Deadly Poison+1","Crippling Poison+1"],"picked":"Blur+1","floor":35.0},{"not_picked":["Escape Plan+1","Cloak And Dagger+1"],"picked":"PiercingWail+1","floor":36.0},{"not_picked":["Flying Knee+1","Tactician+1"],"picked":"Caltrops","floor":41.0},{"not_picked":["Dodge and Roll+1","Underhanded Strike"],"picked":"Leg Sweep+1","floor":45.0},{"not_picked":["Dodge and Roll+1","Slice","Sucker Punch"],"picked":"SKIP","floor":46.0},{"not_picked":["Quick Slash","Slice+1","Phantasmal Killer+1"],"picked":"SKIP","floor":48.0},{"not_picked":["Terror+1","Dagger Spray"],"picked":"Caltrops","floor":55.0}],"player_experience":247908,"relics_obtained":[{"floor":6.0,"key":"Tiny Chest"},{"floor":9.0,"key":"Kunai"},{"floor":13.0,"key":"Pantograph"},{"floor":14.0,"key":"Toxic Egg 2"},{"floor":19.0,"key":"Necronomicon"},{"floor":22.0,"key":"Omamori"},{"floor":25.0,"key":"Bag of Preparation"},{"floor":26.0,"key":"White Beast Statue"},{"floor":29.0,"key":"Pen Nib"},{"floor":31.0,"key":"MawBank"},{"floor":36.0,"key":"Gambling Chip"},{"floor":38.0,"key":"FossilizedHelix"},{"floor":40.0,"key":"Art of War"},{"floor":41.0,"key":"Strawberry"},{"floor":46.0,"key":"Darkstone Periapt"},{"floor":48.0,"key":"Orichalcum"},{"floor":55.0,"key":"Ornamental Fan"}],"event_choices":[{"cards_removed":["Strike_G"],"damage_healed":0.0,"max_hp_gain":0.0,"max_hp_loss":0.0,"gold_gain":0.0,"event_name":"The Cleric","player_choice":"Card Removal","floor":2.0,"gold_loss":50.0,"damage_taken":0.0},{"damage_healed":0.0,"max_hp_gain":0.0,"max_hp_loss":0.0,"gold_gain":30.0,"event_name":"Dead Adventurer","player_choice":"Searched \u00272\u0027 times","floor":13.0,"gold_loss":0.0,"damage_taken":0.0},{"damage_healed":0.0,"max_hp_gain":0.0,"max_hp_loss":0.0,"gold_gain":0.0,"event_name":"Cursed Tome","player_choice":"Obtained Book","floor":19.0,"gold_loss":0.0,"damage_taken":16.0},{"damage_healed":0.0,"max_hp_gain":0.0,"max_hp_loss":0.0,"gold_gain":0.0,"event_name":"Duplicator","player_choice":"Copied","floor":20.0,"gold_loss":0.0,"damage_taken":0.0,"cards_obtained":["Catalyst"]},{"damage_healed":0.0,"max_hp_gain":0.0,"max_hp_loss":0.0,"gold_gain":0.0,"event_name":"Mysterious Sphere","player_choice":"Fight","floor":36.0,"gold_loss":0.0,"damage_taken":0.0},{"damage_healed":0.0,"max_hp_gain":0.0,"max_hp_loss":0.0,"gold_gain":0.0,"event_name":"MindBloom","player_choice":"Fight","floor":38.0,"gold_loss":0.0,"damage_taken":0.0},{"damage_healed":0.0,"max_hp_gain":0.0,"max_hp_loss":4.0,"gold_gain":0.0,"event_name":"Winding Halls","player_choice":"Max HP","floor":39.0,"gold_loss":0.0,"damage_taken":0.0}],"is_beta":false,"boss_relics":[{"not_picked":["Cursed Key","Tiny House"],"picked":"Astrolabe"},{"not_picked":["SlaversCollar","WristBlade"],"picked":"Runic Pyramid"}],"items_purged_floors":[28,30],"is_endless":false,"potions_floor_spawned":[3,5,7,11,13,14,23,25,27,29,31,33,35,36,38,41,45,46,48,55],"ascension_level":13}}