{"host":"l5zfpd2l2htson6l","time":1612087263,"event":{"mods":["AchievementEnabler","BaseMod","Colored Map","Colored Powertips","Minty Spire (QoL Compilation)","Permanent Neow","Quick Restart","Rare Cards Sparkle","Relic Stats","SuperFastMode"],"gold_per_floor":[215,229,246,246,90,90,50,79,79,79,107,118,138,167,167,245,245,257,257,147,158,168,168,195,214,239,268,268,368,368,386,386,458,458,474,494,494,517,517,544,560,574,574,574,585,68,99,99,99,99,99,99,62,89,89,89],"floor_reached":55,"language":"ENG","playtime":5566,"items_purged":["Strike_R","Armaments"],"score":1418,"play_id":"3d6b17b0-7d61-48e7-b2ab-d6d608bd6883","local_time":"20210131020103","is_ascension_mode":true,"campfire_choices":[{"data":"Hemokinesis","floor":6.0,"key":"SMITH"},{"data":"Fiend Fire","floor":10.0,"key":"SMITH"},{"data":"Pommel Strike","floor":15.0,"key":"SMITH"},{"data":"Offering","floor":23.0,"key":"SMITH"},{"data":"Disarm","floor":28.0,"key":"SMITH"},{"floor":32.0,"key":"REST"},{"floor":44.0,"key":"REST"},{"floor":49.0,"key":"RECALL"},{"data":"Evolve","floor":52.0,"key":"SMITH"}],"circlet_count":0,"master_deck":["AscendersBane","Defend_R","Defend_R","Defend_R","Bash","Metallicize","Disarm+1","Hemokinesis+1","Shockwave+1","Inflame","Fiend Fire+1","Pommel Strike+1","Shrug It Off","Offering+1","True Grit+1","Metallicize+1","Searing Blow+1","Feel No Pain","Flame Barrier+1","Spot Weakness","Headbutt","Heavy Blade","Reaper","Immolate","Metallicize+1","Seeing Red","Second Wind","True Grit","Evolve+1","Entrench","Dark Embrace"],"relics":["Burning Blood","Bird Faced Urn","White Beast Statue","Shuriken","Astrolabe","Ginger","Red Skull","Ornamental Fan","Calipers","StrikeDummy","Snecko Eye","Boot","InkBottle","Paper Frog","Toolbox","Vajra","Bottled Lightning","Kunai"],"acts_visited":["TheCity","TheBeyond","TheEnding"],"potions_floor_usage":[55],"damage_taken":[{"damage":11.0,"enemies":"Small Slimes","floor":1.0,"turns":5.0},{"damage":5.0,"enemies":"Cultist","floor":2.0,"turns":4.0},{"damage":6.0,"enemies":"Jaw Worm","floor":3.0,"turns":4.0},{"damage":28.0,"enemies":"3 Sentries","floor":8.0,"turns":9.0},{"damage":7.0,"enemies":"Lagavulin","floor":11.0,"turns":7.0},{"damage":2.0,"enemies":"2 Fungi Beasts","floor":12.0,"turns":3.0},{"damage":12.0,"enemies":"Gremlin Gang","floor":13.0,"turns":5.0},{"damage":25.0,"enemies":"3 Sentries","floor":14.0,"turns":7.0},{"damage":4.0,"enemies":"Slime Boss","floor":16.0,"turns":11.0},{"damage":10.0,"enemies":"3 Byrds","floor":18.0,"turns":9.0},{"damage":10.0,"enemies":"Chosen","floor":21.0,"turns":5.0},{"damage":23.0,"enemies":"Snecko","floor":22.0,"turns":6.0},{"damage":10.0,"enemies":"Book of Stabbing","floor":24.0,"turns":5.0},{"damage":6.0,"enemies":"Snake Plant","floor":25.0,"turns":1.0},{"damage":38.0,"enemies":"Gremlin Leader","floor":27.0,"turns":7.0},{"damage":6.0,"enemies":"Colosseum Slavers","floor":29.0,"turns":5.0},{"damage":31.0,"enemies":"Colosseum Nobs","floor":29.0,"turns":7.0},{"damage":10.0,"enemies":"Cultist and Chosen","floor":31.0,"turns":10.0},{"damage":67.0,"enemies":"Collector","floor":33.0,"turns":10.0},{"damage":6.0,"enemies":"3 Shapes","floor":35.0,"turns":8.0},{"damage":0.0,"enemies":"Orb Walker","floor":36.0,"turns":4.0},{"damage":77.0,"enemies":"Giant Head","floor":40.0,"turns":9.0},{"damage":6.0,"enemies":"Maw","floor":41.0,"turns":7.0},{"damage":37.0,"enemies":"Transient","floor":42.0,"turns":5.0},{"damage":15.0,"enemies":"3 Darklings","floor":45.0,"turns":6.0},{"damage":14.0,"enemies":"Nemesis","floor":47.0,"turns":5.0},{"damage":96.0,"enemies":"Donu and Deca","floor":50.0,"turns":12.0},{"damage":50.0,"enemies":"Shield and Spear","floor":54.0,"turns":4.0},{"damage":31,"enemies":"The Heart","floor":55,"turns":2}],"seed_played":"6918568404467500276","potions_obtained":[{"floor":2.0,"key":"DistilledChaos"},{"floor":4.0,"key":"LiquidMemories"},{"floor":13.0,"key":"Dexterity Potion"},{"floor":14.0,"key":"SteroidPotion"},{"floor":16.0,"key":"EssenceOfSteel"},{"floor":18.0,"key":"SpeedPotion"},{"floor":22.0,"key":"DistilledChaos"},{"floor":24.0,"key":"Block Potion"},{"floor":29.0,"key":"FearPotion"},{"floor":31.0,"key":"SneckoOil"},{"floor":33.0,"key":"EntropicBrew"},{"floor":40.0,"key":"Block Potion"},{"floor":45.0,"key":"LiquidMemories"},{"floor":54.0,"key":"EssenceOfSteel"}],"is_trial":false,"path_per_floor":["M","M","M","?","$","R","$","E","T","R","E","M","M","E","R","B",null,"M","?","?","M","M","R","E","M","T","E","R","?","?","M","R","B",null,"M","M","?","T","?","E","M","M","T","R","M","$","E","?","R","B",null,"R","$","E","B"],"character_chosen":"IRONCLAD","items_purchased":["Shockwave","Inflame","Toolbox","Vajra","True Grit","Evolve","Dark Embrace"],"campfire_rested":2,"item_purchase_floors":[5,7,46,46,46,46,53],"current_hp_per_floor":[63,64,64,64,64,64,64,42,42,42,43,47,41,24,24,30,64,66,66,66,70,57,57,61,63,63,37,37,22,22,22,44,32,64,75,75,75,75,75,27,48,21,21,43,71,71,75,75,75,17,61,61,61,25,0,0],"gold":89,"neow_bonus":"HUNDRED_GOLD","is_daily":false,"chose_seed":false,"campfire_upgraded":6,"win_rate":0.0,"timestamp":1612087263,"path_taken":["M","M","M","?","$","R","?","E","T","R","E","M","M","E","R","BOSS","M","?","?","?","M","R","E","M","T","E","R","?","?","?","R","BOSS","M","M","?","?","?","E","?","M","T","R","M","$","E","?","R","BOSS","R","$","E","BOSS"],"items_purchased_type":["Card","Card","Relic","Relic","Card","Card","Card"],"build_version":"2020-12-22","purchased_purges":2,"victory":false,"max_hp_per_floor":[75,75,75,75,75,75,75,75,75,75,75,75,75,75,75,75,75,75,75,75,75,75,75,75,75,75,75,75,75,75,75,75,75,75,75,75,75,75,75,75,75,75,75,75,75,75,75,75,75,75,75,75,75,75,75,75],"relic_stats":{"counters":[29,182],"Shuriken":[8],"Ornamental Fan":[24],"Bird Faced Urn":[126],"Astrolabe":["True Grit","Metallicize","Searing Blow"],"Snecko Eye":[125,127,135,117],"Ginger":[25],"Kunai":[0],"Boot":[9],"obtain_stats":[{"Calipers":29,"Astrolabe":17,"Vajra":46,"Ginger":24,"Boot":38,"Burning Blood":0,"White Beast Statue":11,"Shuriken":14,"Ornamental Fan":27,"Bird Faced Urn":8,"Snecko Eye":34,"Toolbox":46,"Bottled Lightning":47,"Kunai":54,"StrikeDummy":29,"Red Skull":26,"InkBottle":40,"Paper Frog":43},{"Calipers":17,"Astrolabe":9,"Vajra":25,"Ginger":13,"Boot":21,"Burning Blood":0,"White Beast Statue":5,"Shuriken":8,"Ornamental Fan":15,"Bird Faced Urn":4,"Snecko Eye":19,"Toolbox":25,"Bottled Lightning":26,"Kunai":28,"StrikeDummy":17,"Red Skull":14,"InkBottle":22,"Paper Frog":24},{"Calipers":100,"Astrolabe":55,"Vajra":159,"Ginger":80,"Boot":132,"Burning Blood":0,"White Beast Statue":29,"Shuriken":44,"Ornamental Fan":88,"Bird Faced Urn":22,"Snecko Eye":120,"Toolbox":159,"Bottled Lightning":164,"Kunai":180,"StrikeDummy":100,"Red Skull":81,"InkBottle":141,"Paper Frog":153}],"Burning Blood":150,"InkBottle":[13]},"card_choices":[{"not_picked":["Thunderclap","Perfected Strike"],"picked":"Metallicize","floor":1.0},{"not_picked":["Iron Wave","Body Slam"],"picked":"Disarm","floor":2.0},{"not_picked":["Rampage","Wild Strike"],"picked":"Hemokinesis","floor":3.0},{"not_picked":["Perfected Strike","Thunderclap"],"picked":"Fiend Fire","floor":8.0},{"not_picked":["Clash","Rage","Cleave"],"picked":"SKIP","floor":11.0},{"not_picked":["Infernal Blade","Wild Strike"],"picked":"Armaments","floor":12.0},{"not_picked":["Heavy Blade","Havoc"],"picked":"Pommel Strike","floor":13.0},{"not_picked":["Iron Wave","Thunderclap"],"picked":"Shrug It Off","floor":14.0},{"not_picked":["Fiend Fire","Brutality"],"picked":"Offering","floor":16.0},{"not_picked":["Dark Embrace","Intimidate"],"picked":"Feel No Pain","floor":18.0},{"not_picked":["Twin Strike","Perfected Strike","Dropkick"],"picked":"SKIP","floor":21.0},{"not_picked":["Sword Boomerang+1","Uppercut"],"picked":"Flame Barrier+1","floor":22.0},{"not_picked":["Pommel Strike","Thunderclap+1"],"picked":"Spot Weakness","floor":24.0},{"not_picked":["Intimidate","Shockwave+1"],"picked":"Headbutt","floor":25.0},{"not_picked":["Clash","Flame Barrier","Inflame"],"picked":"SKIP","floor":27.0},{"not_picked":["Anger","True Grit"],"picked":"Heavy Blade","floor":29.0},{"not_picked":["Burning Pact","Anger"],"picked":"Reaper","floor":31.0},{"not_picked":["Impervious","Feed"],"picked":"Immolate","floor":33.0},{"not_picked":["Clothesline","Iron Wave","Armaments"],"picked":"SKIP","floor":35.0},{"not_picked":["Warcry","Bloodletting+1","Wild Strike"],"picked":"SKIP","floor":36.0},{"not_picked":["Heavy Blade+1","Whirlwind"],"picked":"Metallicize+1","floor":40.0},{"not_picked":["Havoc+1","Twin Strike"],"picked":"Seeing Red","floor":41.0},{"not_picked":["Juggernaut","Clash","Hemokinesis"],"picked":"SKIP","floor":42.0},{"not_picked":["Sever Soul","Shrug It Off+1"],"picked":"Second Wind","floor":45.0},{"not_picked":["Havoc+1","Sword Boomerang"],"picked":"Entrench","floor":47.0},{"not_picked":["Pommel Strike","Armaments","Cleave+1"],"picked":"SKIP","floor":54.0}],"player_experience":792726,"relics_obtained":[{"floor":8.0,"key":"Bird Faced Urn"},{"floor":11.0,"key":"White Beast Statue"},{"floor":14.0,"key":"Shuriken"},{"floor":24.0,"key":"Ginger"},{"floor":26.0,"key":"Red Skull"},{"floor":27.0,"key":"Ornamental Fan"},{"floor":29.0,"key":"Calipers"},{"floor":29.0,"key":"StrikeDummy"},{"floor":38.0,"key":"Boot"},{"floor":40.0,"key":"InkBottle"},{"floor":43.0,"key":"Paper Frog"},{"floor":47.0,"key":"Bottled Lightning"},{"floor":54.0,"key":"Kunai"}],"event_choices":[{"damage_healed":0.0,"max_hp_gain":0.0,"max_hp_loss":0.0,"gold_gain":0.0,"event_name":"Lab","player_choice":"Got Potions","floor":4.0,"gold_loss":0.0,"damage_taken":0.0},{"damage_healed":0.0,"max_hp_gain":0.0,"max_hp_loss":0.0,"gold_gain":0.0,"event_name":"The Mausoleum","player_choice":"Ignored","floor":19.0,"gold_loss":0.0,"damage_taken":0.0},{"cards_removed":["Strike_R"],"damage_healed":0.0,"max_hp_gain":0.0,"max_hp_loss":0.0,"gold_gain":0.0,"event_name":"Designer","player_choice":"Upgrade and Remove","floor":20.0,"gold_loss":110.0,"damage_taken":0.0,"cards_upgraded":["Shockwave"]},{"damage_healed":0.0,"max_hp_gain":0.0,"max_hp_loss":0.0,"gold_gain":0.0,"event_name":"Colosseum","player_choice":"Fight","floor":29.0,"gold_loss":0.0,"damage_taken":0.0},{"damage_healed":0.0,"max_hp_gain":0.0,"max_hp_loss":0.0,"gold_gain":0.0,"event_name":"Colosseum","player_choice":"Fought Nobs","floor":29.0,"gold_loss":0.0,"damage_taken":0.0},{"damage_healed":0.0,"max_hp_gain":0.0,"max_hp_loss":0.0,"gold_gain":0.0,"event_name":"Vampires","player_choice":"Ignored","floor":30.0,"gold_loss":0.0,"damage_taken":0.0},{"cards_removed":["Defend_R"],"damage_healed":0.0,"max_hp_gain":0.0,"max_hp_loss":0.0,"gold_gain":0.0,"event_name":"Falling","player_choice":"Removed Skill","floor":37.0,"gold_loss":0.0,"damage_taken":0.0},{"damage_healed":0.0,"max_hp_gain":0.0,"max_hp_loss":0.0,"gold_gain":0.0,"event_name":"SecretPortal","player_choice":"Ignored","floor":39.0,"gold_loss":0.0,"damage_taken":0.0},{"damage_healed":0.0,"max_hp_gain":0.0,"max_hp_loss":0.0,"gold_gain":0.0,"event_name":"SensoryStone","player_choice":"Memory 1","floor":48.0,"gold_loss":0.0,"damage_taken":0.0}],"is_beta":false,"boss_relics":[{"not_picked":["Empty Cage","Tiny House"],"picked":"Astrolabe"},{"not_picked":["Coffee Dripper","Busted Crown"],"picked":"Snecko Eye"}],"items_purged_floors":[5,46],"is_endless":false,"potions_floor_spawned":[2,12,13,14,16,18,21,22,24,25,27,29,29,31,33,35,36,40,41,42,45,47,54],"killed_by":"The Heart","ascension_level":15}}