{"host":"o4rzrhgcrsb15v7q","time":1612105240,"event":{"mods":["AchievementEnabler","BaseMod","Minty Spire (QoL Compilation)","Permanent Neow"],"gold_per_floor":[117,67,67,67,87,119,138,138,209,227,0,15,15,49,49,123,123,133,133,153,153,168,168,199,45,72,82,82,112,132,148,148,222,222,240,240,256,196,207,207,82,115,162,191,191,209,219,237,237,237],"floor_reached":51,"language":"ENG","playtime":11154,"items_purged":["Defend_P","Defend_P"],"score":1375,"play_id":"efcf7b4f-f311-45f6-8d15-57b005866ba1","local_time":"20210131070040","is_ascension_mode":true,"campfire_choices":[{"data":"Eruption","floor":8.0,"key":"SMITH"},{"floor":13.0,"key":"REST"},{"data":"CrushJoints","floor":15.0,"key":"SMITH"},{"data":"Blasphemy","floor":23.0,"key":"SMITH"},{"floor":28.0,"key":"REST"},{"data":"Vigilance","floor":32.0,"key":"SMITH"},{"floor":40.0,"key":"REST"},{"floor":45,"key":"REST"},{"floor":49,"key":"REST"}],"circlet_count":0,"master_deck":["AscendersBane","Defend_P","Eruption+1","Vigilance+1","Swift Strike","CrushJoints+1","JustLucky","LikeWater","EmptyFist","Vengeance","Halt","FlyingSleeves","Blasphemy+1","EmptyMind","Consecrate","Scrawl","Halt","LikeWater","ThirdEye","Protect","BattleHymn","Establishment","WheelKick","Apotheosis","Weave","WindmillStrike","FollowUp+1","Vault","SandsOfTime","Wallop","InnerPeace"],"relics":["HolyWater","White Beast Statue","Ancient Tea Set","Pantograph","Potion Belt","Ice Cream","Tiny Chest","Nunchaku","Blood Vial","SacredBark","Blue Candle","Orichalcum","Regal Pillow"],"acts_visited":[],"potions_floor_usage":[44,47,48,50,50,50],"damage_taken":[{"damage":7.0,"enemies":"Small Slimes","floor":1.0,"turns":4.0},{"damage":2.0,"enemies":"Jaw Worm","floor":5.0,"turns":4.0},{"damage":28.0,"enemies":"3 Sentries","floor":6.0,"turns":9.0},{"damage":0.0,"enemies":"2 Louse","floor":7.0,"turns":3.0},{"damage":3.0,"enemies":"2 Fungi Beasts","floor":10.0,"turns":3.0},{"damage":13.0,"enemies":"3 Louse","floor":12.0,"turns":2.0},{"damage":0.0,"enemies":"Gremlin Nob","floor":14.0,"turns":3.0},{"damage":27.0,"enemies":"The Guardian","floor":16.0,"turns":11.0},{"damage":10.0,"enemies":"3 Byrds","floor":18.0,"turns":5.0},{"damage":0.0,"enemies":"Spheric Guardian","floor":20.0,"turns":1.0},{"damage":0.0,"enemies":"Snecko","floor":22.0,"turns":3.0},{"damage":9.0,"enemies":"Book of Stabbing","floor":24.0,"turns":4.0},{"damage":13.0,"enemies":"Cultist and Chosen","floor":27.0,"turns":7.0},{"damage":0.0,"enemies":"Gremlin Leader","floor":29.0,"turns":6.0},{"damage":7.0,"enemies":"Centurion and Healer","floor":30.0,"turns":5.0},{"damage":0.0,"enemies":"3 Cultists","floor":31.0,"turns":4.0},{"damage":10.0,"enemies":"Champ","floor":33.0,"turns":10.0},{"damage":4.0,"enemies":"3 Shapes","floor":35.0,"turns":4.0},{"damage":15.0,"enemies":"3 Darklings","floor":37.0,"turns":4.0},{"damage":26.0,"enemies":"4 Shapes","floor":39.0,"turns":3.0},{"damage":0,"enemies":"Giant Head","floor":42,"turns":5},{"damage":9,"enemies":"Reptomancer","floor":44,"turns":3},{"damage":12,"enemies":"Sphere and 2 Shapes","floor":46,"turns":4},{"damage":25,"enemies":"Writhing Mass","floor":47,"turns":4},{"damage":13,"enemies":"4 Shapes","floor":48,"turns":4},{"damage":6,"enemies":"Time Eater","floor":50,"turns":7}],"seed_played":"7393427087404392032","potions_obtained":[{"floor":5.0,"key":"LiquidBronze"},{"floor":6.0,"key":"SteroidPotion"},{"floor":7.0,"key":"Weak Potion"},{"floor":12.0,"key":"EntropicBrew"},{"floor":14.0,"key":"Fruit Juice"},{"floor":16.0,"key":"AttackPotion"},{"floor":18.0,"key":"GamblersBrew"},{"floor":20.0,"key":"FearPotion"},{"floor":22.0,"key":"Ancient Potion"},{"floor":27.0,"key":"ColorlessPotion"},{"floor":29.0,"key":"LiquidMemories"},{"floor":30.0,"key":"ColorlessPotion"},{"floor":31.0,"key":"Strength Potion"},{"floor":33.0,"key":"BlessingOfTheForge"},{"floor":37.0,"key":"BlessingOfTheForge"},{"floor":39.0,"key":"ColorlessPotion"},{"floor":44,"key":"DistilledChaos"},{"floor":47,"key":"Block Potion"},{"floor":48,"key":"SpeedPotion"}],"is_trial":false,"path_per_floor":["M","?","?","T","M","E","M","R","T","M","$","M","R","E","R","B",null,"M","?","M","?","M","R","E","$","T","M","R","E","M","M","R","B",null,"M","?","M","?","M","R","$","E","T","E","R","M","M","M","R","B",null],"character_chosen":"WATCHER","items_purchased":["Potion Belt","ThirdEye","EssenceOfSteel","Fire Potion"],"campfire_rested":5,"item_purchase_floors":[11,25,41,41],"current_hp_per_floor":[54,54,54,54,52,24,24,24,24,21,21,8,28,28,28,26,58,48,48,53,53,53,53,44,44,44,31,52,52,47,49,49,63,71,69,64,51,51,27,48,48,50,50,43,73,61,38,27,63,67],"gold":237,"neow_bonus":"RANDOM_COLORLESS","is_daily":false,"chose_seed":false,"campfire_upgraded":4,"win_rate":0.0,"timestamp":1612105240,"path_taken":["M","?","?","?","M","E","M","R","T","M","$","M","R","E","R","BOSS","M","?","M","?","M","R","E","$","T","M","R","E","M","M","R","BOSS","M","?","M","?","M","R","$","E","T","E","R","M","?","M","R","BOSS"],"items_purchased_type":["Relic","Card","Potion","Potion"],"build_version":"2020-12-22","purchased_purges":2,"victory":true,"max_hp_per_floor":[68,68,68,68,68,68,68,68,68,68,68,68,68,68,68,68,68,68,68,73,73,73,73,73,73,73,73,73,73,73,73,73,73,73,73,73,73,73,73,73,73,73,73,73,73,73,73,73,73,73],"card_choices":[{"not_picked":["Purity","Mind Blast"],"picked":"Swift Strike","floor":0.0},{"not_picked":["Crescendo","WindmillStrike"],"picked":"CrushJoints","floor":1.0},{"not_picked":["WindmillStrike","EmptyBody"],"picked":"JustLucky","floor":5.0},{"not_picked":["CarveReality","EmptyMind"],"picked":"LikeWater","floor":6.0},{"not_picked":["BowlingBash","Sanctity"],"picked":"EmptyFist","floor":7.0},{"not_picked":["BowlingBash","SashWhip"],"picked":"Vengeance","floor":10.0},{"not_picked":["Nirvana","MentalFortress"],"picked":"Halt","floor":12.0},{"not_picked":["ClearTheMind","Pray"],"picked":"FlyingSleeves","floor":14.0},{"not_picked":["LessonLearned","Omniscience"],"picked":"Blasphemy","floor":16.0},{"not_picked":["Weave","Prostrate"],"picked":"EmptyMind","floor":18.0},{"not_picked":["WaveOfTheHand","CutThroughFate"],"picked":"Halt","floor":20.0},{"not_picked":["Prostrate","Weave"],"picked":"LikeWater","floor":22.0},{"not_picked":["Halt","Prostrate","BowlingBash"],"picked":"SKIP","floor":24.0},{"not_picked":["Omniscience","FlyingSleeves","SashWhip"],"picked":"SKIP","floor":27.0},{"not_picked":["CrushJoints","Omniscience"],"picked":"Protect","floor":29.0},{"not_picked":["FlyingSleeves","ThirdEye"],"picked":"BattleHymn","floor":30.0},{"not_picked":["PathToVictory","Evaluate","Adaptation"],"picked":"SKIP","floor":31.0},{"not_picked":["DeusExMachina","SpiritShield"],"picked":"Establishment","floor":33.0},{"not_picked":["Evaluate","Halt+1"],"picked":"WheelKick","floor":35.0},{"not_picked":["Madness","Enlightenment"],"picked":"Apotheosis","floor":36.0},{"not_picked":["FlyingSleeves","BowlingBash","JustLucky"],"picked":"SKIP","floor":37.0},{"not_picked":["FollowUp","Crescendo","BowlingBash"],"picked":"SKIP","floor":39.0},{"not_picked":["Halt","Pray"],"picked":"FollowUp+1","floor":42},{"not_picked":["Crescendo+1","Pray"],"picked":"Vault","floor":44},{"not_picked":["WindmillStrike+1","Indignation+1"],"picked":"SandsOfTime","floor":46},{"not_picked":["Crescendo","EmptyBody+1"],"picked":"Wallop","floor":47},{"not_picked":["Halt","Pray"],"picked":"InnerPeace","floor":48}],"player_experience":1868936,"relics_obtained":[{"floor":4.0,"key":"White Beast Statue"},{"floor":6.0,"key":"Ancient Tea Set"},{"floor":9.0,"key":"Pantograph"},{"floor":14.0,"key":"Ice Cream"},{"floor":24.0,"key":"Tiny Chest"},{"floor":26.0,"key":"Nunchaku"},{"floor":29.0,"key":"Blood Vial"},{"floor":42,"key":"Blue Candle"},{"floor":43,"key":"Orichalcum"},{"floor":44,"key":"Regal Pillow"}],"event_choices":[{"cards_removed":["Strike_P"],"damage_healed":0.0,"max_hp_gain":0.0,"max_hp_loss":0.0,"gold_gain":0.0,"event_name":"The Cleric","player_choice":"Card Removal","floor":2.0,"gold_loss":50.0,"damage_taken":0.0},{"damage_healed":0.0,"max_hp_gain":0.0,"max_hp_loss":0.0,"gold_gain":0.0,"event_name":"Liars Game","player_choice":"Ignored","floor":3.0,"gold_loss":0.0,"damage_taken":0.0},{"damage_healed":0.0,"max_hp_gain":0.0,"max_hp_loss":0.0,"gold_gain":0.0,"cards_transformed":["Strike_P","Strike_P"],"event_name":"Drug Dealer","player_choice":"Became Test Subject","floor":19.0,"gold_loss":0.0,"damage_taken":0.0,"cards_obtained":["Consecrate","Scrawl"]},{"damage_healed":0.0,"max_hp_gain":0.0,"max_hp_loss":0.0,"gold_gain":0.0,"event_name":"Vampires","player_choice":"Ignored","floor":21.0,"gold_loss":0.0,"damage_taken":0.0},{"damage_healed":0.0,"max_hp_gain":0.0,"max_hp_loss":0.0,"gold_gain":0.0,"event_name":"SensoryStone","player_choice":"Memory 2","floor":36.0,"gold_loss":0.0,"damage_taken":5.0},{"damage_healed":0.0,"max_hp_gain":0.0,"max_hp_loss":0.0,"gold_gain":0.0,"cards_transformed":["Strike_P","Defend_P"],"event_name":"Designer","player_choice":"Transformed Cards","floor":38.0,"gold_loss":60.0,"damage_taken":0.0,"cards_obtained":["Weave","WindmillStrike"]}],"is_beta":false,"boss_relics":[{"not_picked":["Velvet Choker","Empty Cage"],"picked":"HolyWater"},{"not_picked":["Sozu","Runic Dome"],"picked":"SacredBark"}],"items_purged_floors":[11,25],"is_endless":false,"potions_floor_spawned":[5,6,7,10,12,14,16,18,20,22,24,27,29,30,31,33,35,37,39,42,44,46,47,48],"ascension_level":14}}