{"host":"mb4cisebr17g8vuz","time":1612133736,"event":{"mods":["AchievementEnabler","BaseMod","Colored Map","Colored Powertips","Minty Spire (QoL Compilation)","SuperFastMode","everything is the same but u backflip on backflip"],"gold_per_floor":[119,139,157,169,3,30,40,40,40,69,69,81,81,95,95,172,172,183,10,25,36,36,36],"floor_reached":22,"language":"KOR","playtime":761,"items_purged":[],"score":361,"play_id":"f58872b7-24ca-4116-9c15-1bae25da0d31","local_time":"20210131175536","is_ascension_mode":true,"campfire_choices":[{"floor":8.0,"key":"REST"},{"floor":11.0,"key":"REST"},{"data":"Demon Form","floor":13,"key":"SMITH"},{"data":"Blood for Blood","floor":15,"key":"SMITH"}],"circlet_count":0,"master_deck":["AscendersBane","Strike_R","Strike_R","Strike_R","Strike_R","Strike_R","Defend_R","Defend_R","Defend_R","Defend_R","Bash","Pommel Strike","Shrug It Off","Dropkick","Demon Form+1","Pommel Strike","Cleave","Blood for Blood+1","Rage","Carnage","Reaper","Reaper"],"relics":["Burning Blood","HandDrill","Art of War","Du-Vu Doll","Odd Mushroom","Snecko Eye"],"acts_visited":["Exordium","TheCity"],"potions_floor_usage":[22],"damage_taken":[{"damage":4.0,"enemies":"Small Slimes","floor":1.0,"turns":5.0},{"damage":10.0,"enemies":"2 Louse","floor":2.0,"turns":3.0},{"damage":2.0,"enemies":"Cultist","floor":3.0,"turns":4.0},{"damage":4.0,"enemies":"3 Louse","floor":4.0,"turns":5.0},{"damage":32.0,"enemies":"Gremlin Nob","floor":6.0,"turns":4.0},{"damage":24.0,"enemies":"Lots of Slimes","floor":7.0,"turns":6.0},{"damage":31.0,"enemies":"The Mushroom Lair","floor":10.0,"turns":4.0},{"damage":14,"enemies":"Large Slime","floor":12,"turns":6},{"damage":16,"enemies":"Blue Slaver","floor":14,"turns":3},{"damage":20,"enemies":"Hexaghost","floor":16,"turns":7},{"damage":16,"enemies":"Shell Parasite","floor":18,"turns":3},{"damage":16,"enemies":"3 Byrds","floor":20,"turns":4},{"damage":47,"enemies":"Snecko","floor":21,"turns":7},{"damage":48,"enemies":"Centurion and Healer","floor":22,"turns":9}],"seed_played":"-4877328788735565647","potions_obtained":[{"floor":1.0,"key":"Strength Potion"},{"floor":4.0,"key":"GamblersBrew"},{"floor":10.0,"key":"DistilledChaos"},{"floor":12,"key":"ElixirPotion"},{"floor":20,"key":"LiquidBronze"}],"is_trial":false,"path_per_floor":["M","M","M","M","$","E","M","R","T","?","R","M","R","M","R","B",null,"M","$","M","M","M"],"character_chosen":"IRONCLAD","items_purchased":["HandDrill","Reaper"],"campfire_rested":2,"item_purchase_floors":[5,19],"current_hp_per_floor":[66,62,66,68,68,42,24,50,50,25,51,43,43,33,33,19,72,62,62,64,38,0,0],"gold":36,"neow_bonus":"TWENTY_PERCENT_HP_BONUS","is_daily":false,"chose_seed":false,"campfire_upgraded":2,"win_rate":0.0,"timestamp":1612133736,"path_taken":["M","M","M","M","$","E","M","R","T","?","R","M","R","M","R","BOSS","M","$","M","M","M"],"items_purchased_type":["Relic","Card"],"build_version":"2020-12-22","purchased_purges":0,"victory":false,"max_hp_per_floor":[89,89,89,89,89,89,89,89,89,89,89,89,89,89,89,89,89,89,89,89,89,89,89],"card_choices":[{"not_picked":["Shockwave","Headbutt"],"picked":"Pommel Strike","floor":1.0},{"not_picked":["Armaments","Second Wind"],"picked":"Shrug It Off","floor":2.0},{"not_picked":["Clash","Anger"],"picked":"Dropkick","floor":3.0},{"not_picked":["Headbutt","Rampage"],"picked":"Demon Form","floor":4.0},{"not_picked":["Shockwave","Bloodletting"],"picked":"Pommel Strike","floor":6.0},{"not_picked":["Twin Strike","Clash"],"picked":"Cleave","floor":7.0},{"not_picked":["Havoc","Combust"],"picked":"Blood for Blood","floor":10.0},{"not_picked":["Double Tap","Armaments"],"picked":"Rage","floor":12},{"not_picked":["Wild Strike","Fire Breathing"],"picked":"Carnage","floor":14},{"not_picked":["Fiend Fire","Immolate"],"picked":"Reaper","floor":16},{"not_picked":["Anger","Warcry","Pommel Strike"],"picked":"SKIP","floor":18},{"not_picked":["Armaments","Twin Strike","True Grit"],"picked":"SKIP","floor":20},{"not_picked":["Feel No Pain","Rupture+1","Metallicize"],"picked":"SKIP","floor":21}],"player_experience":249302,"relics_obtained":[{"floor":6.0,"key":"Art of War"},{"floor":9.0,"key":"Du-Vu Doll"},{"floor":10.0,"key":"Odd Mushroom"}],"event_choices":[{"damage_healed":0.0,"max_hp_gain":0.0,"max_hp_loss":0.0,"gold_gain":0.0,"event_name":"Mushrooms","player_choice":"Fought Mushrooms","floor":10.0,"gold_loss":0.0,"damage_taken":0.0}],"is_beta":false,"boss_relics":[{"not_picked":["Coffee Dripper","Black Star"],"picked":"Snecko Eye"}],"items_purged_floors":[],"is_endless":false,"potions_floor_spawned":[1,4,10,12,20],"killed_by":"Centurion and Healer","ascension_level":18}}