{"host":"5n1fl7z5i1vf7jan","time":1612085012,"event":{"mods":["BaseMod","Minty Spire (QoL Compilation)","Quick Restart","Relic Stats"],"gold_per_floor":[410,410,425,435,27,27,58,58,58,74,6,31,31,47,47,121,121,132,142,160,178,178,178,93,93,93],"floor_reached":25,"language":"ENG","playtime":918,"items_purged":[],"score":373,"play_id":"28fe456f-0cf5-430a-a3d7-606711790417","local_time":"20210131012332","is_ascension_mode":true,"campfire_choices":[{"floor":6.0,"key":"DIG"},{"floor":8.0,"key":"DIG"},{"floor":13.0,"key":"DIG"},{"floor":15.0,"key":"DIG"},{"data":"TalkToTheHand","floor":23,"key":"SMITH"}],"circlet_count":0,"master_deck":["AscendersBane","Strike_P","Defend_P","Defend_P","Defend_P","Defend_P","Eruption","Vigilance","FlurryOfBlows","Consecrate","WheelKick","TalkToTheHand+1","EmptyFist","Wish","BowlingBash","CutThroughFate","Ragnarok","Vault+1","InnerPeace+1","Brilliance+1","Protect","FollowUp","Protect","Crescendo","Tantrum"],"relics":["PureWater","Old Coin","Shovel","Meat on the Bone","Art of War","Orichalcum","HornCleat","Peace Pipe","Matryoshka","Prayer Wheel","Astrolabe","Bronze Scales"],"acts_visited":["Exordium","TheCity"],"potions_floor_usage":[16,20],"damage_taken":[{"damage":0.0,"enemies":"Jaw Worm","floor":1.0,"turns":3.0},{"damage":6.0,"enemies":"Cultist","floor":3.0,"turns":4.0},{"damage":0.0,"enemies":"2 Louse","floor":4.0,"turns":2.0},{"damage":16.0,"enemies":"Gremlin Nob","floor":7.0,"turns":3.0},{"damage":6.0,"enemies":"Looter","floor":10.0,"turns":2.0},{"damage":12.0,"enemies":"Lagavulin","floor":12.0,"turns":10.0},{"damage":4.0,"enemies":"2 Fungi Beasts","floor":14.0,"turns":3.0},{"damage":8,"enemies":"Slime Boss","floor":16,"turns":5},{"damage":0,"enemies":"Chosen","floor":18,"turns":6},{"damage":0,"enemies":"3 Byrds","floor":19,"turns":7},{"damage":16,"enemies":"Shelled Parasite and Fungi","floor":20,"turns":7},{"damage":12,"enemies":"Snake Plant","floor":21,"turns":5},{"damage":51,"enemies":"Gremlin Leader","floor":25,"turns":3}],"seed_played":"-4154575865038718305","potions_obtained":[{"floor":7.0,"key":"CultistPotion"},{"floor":10.0,"key":"Weak Potion"},{"floor":18,"key":"SpeedPotion"},{"floor":19,"key":"AttackPotion"}],"is_trial":false,"path_per_floor":["M","?","M","M","$","R","E","R","T","M","$","E","R","M","R","B",null,"M","M","M","M","?","R","?","E"],"character_chosen":"WATCHER","items_purchased":["Shovel","WheelKick","FearPotion","Wish"],"campfire_rested":0,"item_purchase_floors":[5,5,5,11],"current_hp_per_floor":[61,61,55,55,55,55,39,39,39,33,33,33,33,41,41,33,55,55,55,39,39,39,39,39,0,0],"gold":93,"neow_bonus":"ONE_RARE_RELIC","is_daily":false,"chose_seed":false,"campfire_upgraded":1,"win_rate":0.0,"timestamp":1612085012,"path_taken":["M","?","M","M","$","R","E","R","T","M","?","E","R","M","R","BOSS","M","M","M","M","?","R","?","E"],"items_purchased_type":["Relic","Card","Potion","Card"],"build_version":"2020-12-22","purchased_purges":0,"victory":false,"max_hp_per_floor":[62,62,62,62,62,62,62,62,62,62,62,62,62,62,62,62,62,62,62,62,62,62,62,62,62,62],"relic_stats":{"Peace Pipe":0,"Shovel":4,"counters":[13,60],"Astrolabe":["Vault","InnerPeace","Brilliance"],"Bronze Scales":[6],"Prayer Wheel":4,"Art of War":[1],"Orichalcum":[54],"obtain_stats":[{"Peace Pipe":12,"Shovel":5,"HornCleat":9,"Matryoshka":13,"Astrolabe":17,"Bronze Scales":24,"Prayer Wheel":15,"Art of War":7,"PureWater":0,"Orichalcum":8,"Old Coin":0,"Meat on the Bone":6},{"Peace Pipe":6,"Shovel":3,"HornCleat":4,"Matryoshka":6,"Astrolabe":8,"Bronze Scales":12,"Prayer Wheel":7,"Art of War":4,"PureWater":0,"Orichalcum":4,"Old Coin":0,"Meat on the Bone":3},{"Peace Pipe":24,"Shovel":9,"HornCleat":12,"Matryoshka":24,"Astrolabe":32,"Bronze Scales":57,"Prayer Wheel":27,"Art of War":12,"PureWater":0,"Orichalcum":12,"Old Coin":0,"Meat on the Bone":9}],"Meat on the Bone":36},"card_choices":[{"not_picked":["Prostrate","SashWhip"],"picked":"FlurryOfBlows","floor":1.0},{"not_picked":["Crescendo","EmptyFist"],"picked":"Consecrate","floor":3.0},{"not_picked":["EmptyFist","EmptyBody","Evaluate"],"picked":"SKIP","floor":4.0},{"not_picked":["ReachHeaven","Meditate"],"picked":"TalkToTheHand","floor":7.0},{"not_picked":["JustLucky","Consecrate"],"picked":"EmptyFist","floor":10.0},{"not_picked":["Devotion","BattleHymn"],"picked":"BowlingBash","floor":12.0},{"not_picked":["EmptyBody","Evaluate"],"picked":"CutThroughFate","floor":14.0},{"not_picked":["Judgement","Alpha"],"picked":"Ragnarok","floor":16},{"not_picked":["FlyingSleeves","ReachHeaven"],"picked":"Protect","floor":18},{"not_picked":["Prostrate","Wireheading","SignatureMove+1"],"picked":"SKIP","floor":18},{"not_picked":["Consecrate","InnerPeace"],"picked":"FollowUp","floor":19},{"not_picked":["Prostrate","Collect","JustLucky"],"picked":"SKIP","floor":19},{"not_picked":["CrushJoints","FollowUp"],"picked":"Protect","floor":20},{"not_picked":["CutThroughFate","ForeignInfluence","SashWhip"],"picked":"SKIP","floor":20},{"not_picked":["ClearTheMind","SashWhip"],"picked":"Crescendo","floor":21},{"not_picked":["Ragnarok","JustLucky","EmptyBody+1"],"picked":"SKIP","floor":21}],"player_experience":288884,"relics_obtained":[{"floor":6.0,"key":"Meat on the Bone"},{"floor":7.0,"key":"Art of War"},{"floor":8.0,"key":"Orichalcum"},{"floor":9.0,"key":"HornCleat"},{"floor":12.0,"key":"Peace Pipe"},{"floor":13.0,"key":"Matryoshka"},{"floor":15.0,"key":"Prayer Wheel"}],"event_choices":[{"damage_healed":0.0,"max_hp_gain":0.0,"max_hp_loss":0.0,"gold_gain":0.0,"event_name":"Match and Keep!","player_choice":"0 cards matched","floor":2.0,"gold_loss":0.0,"damage_taken":0.0,"cards_obtained":[]},{"damage_healed":0,"gold_gain":0,"player_choice":"Read","damage_taken":0,"max_hp_gain":0,"max_hp_loss":0,"event_name":"The Library","floor":22,"gold_loss":0,"cards_obtained":["Tantrum"]},{"damage_healed":0,"gold_gain":0,"player_choice":"Obtained Relic","damage_taken":0,"relics_obtained":["Bronze Scales"],"max_hp_gain":0,"max_hp_loss":0,"event_name":"Addict","floor":24,"gold_loss":85}],"is_beta":false,"boss_relics":[{"not_picked":["Coffee Dripper","SacredBark"],"picked":"Astrolabe"}],"items_purged_floors":[],"is_endless":false,"potions_floor_spawned":[7,10,18,19],"killed_by":"Gremlin Leader","ascension_level":15}}