{"host":"8abfg9qscoja4hwf","time":1612130347,"event":{"mods":["AchievementEnabler","BaseMod","Colored Powertips","Googly Eyes","Highlight Path","Minty Spire (QoL Compilation)","Quick Restart","Relic Stats","Slay-I","slay the spire mod where everything is the same but ironclad has a cowboy hat"],"gold_per_floor":[110,110,47,64,139,171,171,203,203,203,219,293,293,306,306,403,403,419,429,429,448,75,105,105,136,162,162,193,193,193,293,293,392,392,412,124,176,1,1,1,19,19,19,48,48,62,88,49,49,49,49,49,14,48,48],"floor_reached":56,"language":"ENG","playtime":4309,"items_purged":["Regret"],"score":1550,"play_id":"8911d62e-6af2-4d9a-9696-b39568b018d9","local_time":"20210131215907","is_ascension_mode":true,"campfire_choices":[{"floor":7,"key":"REST"},{"floor":10,"key":"REST"},{"floor":15,"key":"RECALL"},{"floor":24,"key":"REST"},{"floor":27,"key":"REST"},{"floor":29,"key":"REST"},{"floor":32,"key":"REST"},{"floor":40,"key":"REST"},{"data":"Impervious","floor":42,"key":"SMITH"},{"data":"Exhume","floor":45,"key":"SMITH"},{"floor":49,"key":"REST"},{"data":"Body Slam","floor":52,"key":"SMITH"}],"circlet_count":0,"master_deck":["Strike_R","Strike_R","Strike_R","Strike_R","Strike_R","Defend_R","Defend_R","Defend_R","Defend_R","Bash","Sword Boomerang","Shrug It Off","Spot Weakness","Flame Barrier","Combust+1","Barricade+1","Impervious+1","Anger","Writhe","Bloodletting","Clash+1","Second Wind","Shrug It Off","Exhume+1","Sword Boomerang","Evolve+1","Violence","Iron Wave+1","Body Slam+1","Fire Breathing+1","Fire Breathing+1","Feel No Pain+1","Body Slam"],"relics":["Burning Blood","Ornamental Fan","Incense Burner","Charon\u0027s Ashes","Frozen Egg 2","White Beast Statue","PreservedInsect","Busted Crown","Kunai","Potion Belt","Strange Spoon","Vajra","Shuriken","Anchor","Dead Branch","Calipers","Singing Bowl","Runic Pyramid","Magic Flower","Unceasing Top","Ancient Tea Set","Bottled Flame","Art of War"],"acts_visited":["Exordium","TheCity","TheBeyond","TheEnding"],"potions_floor_usage":[8,16,23,25,28,33,37,37,54,54,55,55],"damage_taken":[{"damage":0,"enemies":"Small Slimes","floor":1,"turns":3},{"damage":13,"enemies":"Jaw Worm","floor":4,"turns":4},{"damage":47,"enemies":"3 Sentries","floor":6,"turns":13},{"damage":40,"enemies":"Lagavulin","floor":8,"turns":7},{"damage":1,"enemies":"Cultist","floor":11,"turns":3},{"damage":5,"enemies":"Large Slime","floor":14,"turns":4},{"damage":45,"enemies":"The Guardian","floor":16,"turns":9},{"damage":27,"enemies":"Spheric Guardian","floor":18,"turns":6},{"damage":18,"enemies":"Chosen","floor":19,"turns":5},{"damage":16,"enemies":"Shelled Parasite and Fungi","floor":21,"turns":5},{"damage":3,"enemies":"Book of Stabbing","floor":23,"turns":4},{"damage":18,"enemies":"Slavers","floor":25,"turns":5},{"damage":42,"enemies":"Gremlin Leader","floor":28,"turns":5},{"damage":5,"enemies":"Colosseum Slavers","floor":31,"turns":4},{"damage":10,"enemies":"Colosseum Nobs","floor":31,"turns":4},{"damage":12,"enemies":"Automaton","floor":33,"turns":11},{"damage":18,"enemies":"3 Darklings","floor":35,"turns":5},{"damage":40,"enemies":"2 Orb Walkers","floor":37,"turns":5},{"damage":12,"enemies":"3 Shapes","floor":41,"turns":5},{"damage":6,"enemies":"Nemesis","floor":44,"turns":7},{"damage":0,"enemies":"Jaw Worm Horde","floor":46,"turns":7},{"damage":45,"enemies":"Giant Head","floor":47,"turns":9},{"damage":49,"enemies":"Awakened One","floor":50,"turns":14},{"damage":82,"enemies":"Shield and Spear","floor":54,"turns":8},{"damage":91,"enemies":"The Heart","floor":55,"turns":11}],"seed_played":"-6485378013305915678","potions_obtained":[{"floor":1,"key":"Regen Potion"},{"floor":11,"key":"PowerPotion"},{"floor":14,"key":"Ancient Potion"},{"floor":16,"key":"Swift Potion"},{"floor":18,"key":"Explosive Potion"},{"floor":19,"key":"BloodPotion"},{"floor":23,"key":"ColorlessPotion"},{"floor":25,"key":"AttackPotion"},{"floor":28,"key":"LiquidMemories"},{"floor":31,"key":"ElixirPotion"},{"floor":33,"key":"DuplicationPotion"},{"floor":35,"key":"Explosive Potion"},{"floor":37,"key":"CultistPotion"},{"floor":44,"key":"Energy Potion"},{"floor":46,"key":"BloodPotion"},{"floor":54,"key":"Fire Potion"}],"is_trial":false,"path_per_floor":["M","?","?","M","?","E","R","E","T","R","M","T","?","M","R","B",null,"M","M","?","M","$","E","R","E","T","R","E","R","?","?","R","B",null,"M","$","?","$","?","R","M","R","T","E","R","M","E","$","R","B",null,"R","$","E","B",null],"character_chosen":"IRONCLAD","items_purchased":["Potion Belt","Strange Spoon","Magic Flower","FairyPotion","Evolve+1","Fire Breathing+1","Feel No Pain+1"],"campfire_rested":8,"item_purchase_floors":[22,22,36,38,38,48,53],"current_hp_per_floor":[88,88,88,81,70,29,55,36,36,62,67,67,67,68,68,29,73,52,40,40,30,30,33,59,47,47,73,37,63,63,60,86,80,86,76,76,45,45,45,72,69,69,69,74,74,83,47,47,74,34,78,78,78,32,30],"gold":48,"neow_bonus":"TEN_PERCENT_HP_BONUS","is_daily":false,"chose_seed":false,"campfire_upgraded":3,"win_rate":0.0,"timestamp":1612130347,"path_taken":["M","?","?","?","?","E","R","E","T","R","M","?","?","M","R","BOSS","M","M","?","M","$","E","R","E","T","R","E","R","?","?","R","BOSS","M","$","?","$","?","R","M","R","T","E","R","M","E","?","R","BOSS","R","$","E","BOSS"],"items_purchased_type":["Relic","Relic","Relic","Potion","Card","Card","Card"],"build_version":"2020-12-22","purchased_purges":1,"victory":true,"max_hp_per_floor":[88,88,88,88,88,88,88,88,88,88,88,88,88,88,88,88,88,88,88,88,88,88,88,88,88,88,88,88,88,88,88,88,88,88,90,90,90,90,90,90,90,90,90,92,92,92,92,92,92,92,92,92,92,92,92],"relic_stats":{"Singing Bowl":4,"counters":[25,163],"Dead Branch":[84],"Magic Flower":[56],"Charon\u0027s Ashes":[298],"PreservedInsect":403,"Burning Blood":168,"Strange Spoon":[18],"Busted Crown":32,"Ornamental Fan":[196],"Shuriken":[35],"Art of War":[2],"Kunai":[41],"obtain_stats":[{"Potion Belt":22,"Calipers":31,"Singing Bowl":31,"Dead Branch":28,"Vajra":23,"Magic Flower":36,"Charon\u0027s Ashes":8,"PreservedInsect":13,"Incense Burner":6,"Frozen Egg 2":9,"Ancient Tea Set":44,"Burning Blood":0,"White Beast Statue":12,"Strange Spoon":22,"Anchor":26,"Bottled Flame":47,"Busted Crown":17,"Ornamental Fan":3,"Shuriken":25,"Art of War":54,"Kunai":20,"Unceasing Top":37,"Runic Pyramid":34},{"Potion Belt":10,"Calipers":15,"Singing Bowl":15,"Dead Branch":13,"Vajra":11,"Magic Flower":17,"Charon\u0027s Ashes":4,"PreservedInsect":5,"Incense Burner":3,"Frozen Egg 2":4,"Ancient Tea Set":20,"Burning Blood":0,"White Beast Statue":5,"Strange Spoon":10,"Anchor":12,"Bottled Flame":22,"Busted Crown":7,"Ornamental Fan":1,"Shuriken":12,"Art of War":24,"Kunai":9,"Unceasing Top":18,"Runic Pyramid":16},{"Potion Belt":59,"Calipers":81,"Singing Bowl":81,"Dead Branch":73,"Vajra":63,"Magic Flower":97,"Charon\u0027s Ashes":27,"PreservedInsect":30,"Incense Burner":20,"Frozen Egg 2":27,"Ancient Tea Set":114,"Burning Blood":0,"White Beast Statue":30,"Strange Spoon":59,"Anchor":68,"Bottled Flame":130,"Busted Crown":43,"Ornamental Fan":3,"Shuriken":68,"Art of War":152,"Kunai":54,"Unceasing Top":102,"Runic Pyramid":92}],"Unceasing Top":[2]},"card_choices":[{"not_picked":["Power Through","Uppercut"],"picked":"Sword Boomerang","floor":1},{"not_picked":["Heavy Blade","Pommel Strike"],"picked":"Shrug It Off","floor":4},{"not_picked":["Metallicize","Headbutt"],"picked":"Spot Weakness","floor":6},{"not_picked":["Pommel Strike","Havoc"],"picked":"Flame Barrier","floor":8},{"not_picked":["Havoc","True Grit"],"picked":"Combust+1","floor":11},{"not_picked":["Disarm","Pommel Strike"],"picked":"Barricade+1","floor":14},{"not_picked":["Double Tap","Feed"],"picked":"Impervious","floor":16},{"not_picked":[],"picked":"Anger","floor":18},{"not_picked":["Anger"],"picked":"SKIP","floor":19},{"not_picked":["True Grit"],"picked":"SKIP","floor":21},{"not_picked":[],"picked":"Bloodletting","floor":23},{"not_picked":[],"picked":"Clash+1","floor":25},{"not_picked":[],"picked":"Second Wind","floor":28},{"not_picked":[],"picked":"Shrug It Off","floor":31},{"not_picked":[],"picked":"Exhume","floor":33},{"not_picked":["Headbutt"],"picked":"Singing Bowl","floor":35},{"not_picked":[],"picked":"Sword Boomerang","floor":37},{"not_picked":[],"picked":"Violence","floor":39},{"not_picked":[],"picked":"Iron Wave+1","floor":41},{"not_picked":["Warcry"],"picked":"Singing Bowl","floor":44},{"not_picked":[],"picked":"Body Slam","floor":46},{"not_picked":[],"picked":"Fire Breathing+1","floor":47},{"not_picked":[],"picked":"Body Slam","floor":54}],"player_experience":366446,"relics_obtained":[{"floor":6,"key":"Incense Burner"},{"floor":8,"key":"Charon\u0027s Ashes"},{"floor":9,"key":"Frozen Egg 2"},{"floor":12,"key":"White Beast Statue"},{"floor":23,"key":"Vajra"},{"floor":25,"key":"Shuriken"},{"floor":26,"key":"Anchor"},{"floor":28,"key":"Dead Branch"},{"floor":31,"key":"Calipers"},{"floor":31,"key":"Singing Bowl"},{"floor":37,"key":"Unceasing Top"},{"floor":44,"key":"Ancient Tea Set"},{"floor":47,"key":"Bottled Flame"},{"floor":54,"key":"Art of War"}],"event_choices":[{"damage_healed":0,"gold_gain":0,"player_choice":"Leave","damage_taken":0,"max_hp_gain":0,"max_hp_loss":0,"event_name":"The Cleric","floor":2,"gold_loss":0},{"damage_healed":0,"gold_gain":0,"player_choice":"Paid Gold","damage_taken":0,"relics_obtained":["Ornamental Fan"],"max_hp_gain":0,"max_hp_loss":0,"event_name":"WeMeetAgain","floor":3,"gold_loss":63},{"damage_healed":0,"gold_gain":75,"player_choice":"Gather Gold","damage_taken":11,"max_hp_gain":0,"max_hp_loss":0,"event_name":"World of Goop","floor":5,"gold_loss":0},{"damage_healed":0,"gold_gain":0,"player_choice":"Box","damage_taken":0,"relics_obtained":["PreservedInsect"],"max_hp_gain":0,"max_hp_loss":0,"event_name":"Big Fish","floor":13,"gold_loss":0,"cards_obtained":["Regret"]},{"damage_healed":0,"gold_gain":0,"player_choice":"Opened","damage_taken":0,"relics_obtained":["Kunai"],"max_hp_gain":0,"max_hp_loss":0,"event_name":"The Mausoleum","floor":20,"gold_loss":0,"cards_obtained":["Writhe"]},{"damage_healed":0,"gold_gain":0,"player_choice":"Ignored","damage_taken":0,"max_hp_gain":0,"max_hp_loss":0,"event_name":"Ghosts","floor":30,"gold_loss":0},{"damage_healed":0,"gold_gain":0,"player_choice":"Fight","damage_taken":0,"max_hp_gain":0,"max_hp_loss":0,"event_name":"Colosseum","floor":31,"gold_loss":0},{"damage_healed":0,"gold_gain":0,"player_choice":"Fought Nobs","damage_taken":0,"max_hp_gain":0,"max_hp_loss":0,"event_name":"Colosseum","floor":31,"gold_loss":0},{"damage_healed":0,"gold_gain":0,"player_choice":"Fight","damage_taken":0,"max_hp_gain":0,"max_hp_loss":0,"event_name":"Mysterious Sphere","floor":37,"gold_loss":0},{"damage_healed":0,"gold_gain":0,"player_choice":"Memory 1","damage_taken":0,"max_hp_gain":0,"max_hp_loss":0,"event_name":"SensoryStone","floor":39,"gold_loss":0}],"is_beta":false,"boss_relics":[{"not_picked":["Astrolabe","Velvet Choker"],"picked":"Busted Crown"},{"not_picked":["Coffee Dripper","Sozu"],"picked":"Runic Pyramid"}],"items_purged_floors":[22],"is_endless":false,"potions_floor_spawned":[1,11,14,16,18,19,21,23,25,28,31,31,33,35,37,41,44,46,47,54],"ascension_level":5}}