{"host":"mb4cisebr17g8vuz","time":1612124822,"event":{"mods":["AchievementEnabler","BaseMod","Colored Map","Colored Powertips","Minty Spire (QoL Compilation)","SuperFastMode","everything is the same but u backflip on backflip"],"gold_per_floor":[109,119,119,131,198,198,198],"floor_reached":6,"language":"KOR","playtime":188,"items_purged":[],"score":72,"play_id":"536c55f7-67a1-4ef8-bdaf-dcbc3ddff376","local_time":"20210131152702","is_ascension_mode":true,"campfire_choices":[],"circlet_count":0,"master_deck":["AscendersBane","Strike_R","Strike_R","Strike_R","Strike_R","Strike_R","Defend_R","Defend_R","Defend_R","Defend_R","Bash","Pommel Strike","Perfected Strike","Uppercut"],"relics":["Burning Blood","SsserpentHead"],"acts_visited":["Exordium"],"potions_floor_usage":[5,6],"damage_taken":[{"damage":8,"enemies":"Small Slimes","floor":1,"turns":4},{"damage":12,"enemies":"Cultist","floor":2,"turns":4},{"damage":9,"enemies":"Jaw Worm","floor":4,"turns":3},{"damage":41,"enemies":"Gremlin Gang","floor":5,"turns":6},{"damage":40,"enemies":"Lagavulin","floor":6,"turns":5}],"seed_played":"1647868225465036829","potions_obtained":[{"floor":2,"key":"DuplicationPotion"},{"floor":4,"key":"SpeedPotion"},{"floor":5,"key":"Block Potion"}],"is_trial":false,"path_per_floor":["M","M","?","M","M","E"],"character_chosen":"IRONCLAD","items_purchased":[],"campfire_rested":0,"item_purchase_floors":[],"current_hp_per_floor":[73,67,67,64,29,0,0],"gold":198,"neow_bonus":"TEN_PERCENT_HP_BONUS","is_daily":false,"chose_seed":false,"campfire_upgraded":0,"win_rate":0.0,"timestamp":1612124822,"path_taken":["M","M","?","M","?","E"],"items_purchased_type":[],"build_version":"2020-12-22","purchased_purges":0,"victory":false,"max_hp_per_floor":[82,82,82,82,82,82,82],"card_choices":[{"not_picked":["Sword Boomerang","Shrug It Off"],"picked":"Pommel Strike","floor":1},{"not_picked":["Pommel Strike","Barricade"],"picked":"Perfected Strike","floor":2},{"not_picked":["Warcry","Dark Embrace","Hemokinesis"],"picked":"SKIP","floor":4},{"not_picked":["Clash","Sentinel"],"picked":"Uppercut","floor":5}],"player_experience":242412,"relics_obtained":[],"event_choices":[{"damage_healed":0,"gold_gain":0,"player_choice":"Trade","damage_taken":0,"relics_obtained":["SsserpentHead"],"max_hp_gain":0,"max_hp_loss":0,"event_name":"FaceTrader","floor":3,"gold_loss":0}],"is_beta":false,"boss_relics":[],"items_purged_floors":[],"is_endless":false,"potions_floor_spawned":[2,4,5],"killed_by":"Lagavulin","ascension_level":18}}