{"host":"rolltorest","time":1612060984,"event":{"mods":["BaseMod","Gremlin Mod","Jorbs\u0027s Wanderer Trilogy","Koishi","Minty Spire (QoL Compilation)","Relic Stats","Robot Space Explorer","Slay the Relics Exporter","StSLib","The Servant 0.9.4"],"gold_per_floor":[114,63,83,27,39,72,101,101,101,101,31,43,77,142,142,221,221,241,241,257,277,277,277,277,277],"floor_reached":24,"language":"ENG","playtime":618,"items_purged":[],"score":433,"play_id":"f4545ecc-4210-4326-875f-4331aa4a80aa","local_time":"20210130184304","is_ascension_mode":true,"campfire_choices":[{"data":"ShatteredReality","floor":8,"key":"SMITH"},{"data":"Spin","floor":10,"key":"SMITH"},{"data":"Alleviate","floor":15,"key":"SMITH"},{"floor":23,"key":"REST"}],"circlet_count":0,"master_deck":["AscendersBane","Defend_S","Defend_S","Defend_S","Defend_S","KidneyShot","Exchange","Dramatic Entrance","Defy","Spin+1","Starlight","TimeWarp","ShatteredReality+1","Spin","Alleviate+1","TimeWarp","PendulumOfEternity","Embodiment","BottledTime","Parasite","Luminosity","Replace","Starlight","Bite","Bite","Bite","Bite","Bite"],"relics":["Uniform","Du-Vu Doll","Odd Mushroom","StrikeDummy","Art of War","Cursed Key"],"acts_visited":["Exordium","TheCity"],"potions_floor_usage":[6,13,16,16,24],"damage_taken":[{"damage":0,"enemies":"Cultist","floor":1,"turns":4},{"damage":4,"enemies":"Jaw Worm","floor":3,"turns":3},{"damage":0,"enemies":"Small Slimes","floor":5,"turns":2},{"damage":32,"enemies":"Lagavulin","floor":6,"turns":7},{"damage":0,"enemies":"The Mushroom Lair","floor":7,"turns":1},{"damage":0,"enemies":"2 Fungi Beasts","floor":12,"turns":2},{"damage":3,"enemies":"Gremlin Nob","floor":13,"turns":3},{"damage":37,"enemies":"The Guardian","floor":16,"turns":14},{"damage":19,"enemies":"2 Thieves","floor":18,"turns":3},{"damage":2,"enemies":"Spheric Guardian","floor":20,"turns":3},{"damage":21,"enemies":"Snecko","floor":21,"turns":5},{"damage":14,"enemies":"Book of Stabbing","floor":24,"turns":2}],"seed_played":"-6929719100360064254","potions_obtained":[{"floor":1,"key":"Strength Potion"},{"floor":7,"key":"Swift Potion"},{"floor":12,"key":"Regen Potion"},{"floor":13,"key":"Regen Potion"},{"floor":18,"key":"GamblersBrew"},{"floor":21,"key":"Swift Potion"}],"is_trial":false,"path_per_floor":["M","$","M","$","M","E","?","R","T","R","?","M","E","?","R","B",null,"M","?","M","M","?","R","E"],"character_chosen":"THE_SERVANT","items_purchased":["Spin","TimeWarp"],"campfire_rested":1,"item_purchase_floors":[2,4],"current_hp_per_floor":[54,54,50,50,50,18,18,18,18,18,18,18,24,24,24,2,46,27,27,25,4,4,16,4,4],"gold":277,"neow_bonus":"RANDOM_COLORLESS","is_daily":false,"chose_seed":false,"campfire_upgraded":3,"win_rate":0.0,"timestamp":1612060984,"path_taken":["M","?","M","$","M","E","?","R","T","R","?","M","E","?","R","BOSS","M","?","M","?","?","R","E"],"items_purchased_type":["Card","Card"],"build_version":"2020-12-18","purchased_purges":0,"victory":false,"max_hp_per_floor":[60,60,60,60,60,60,60,60,60,60,60,60,60,60,60,60,60,60,60,60,60,42,42,42,42],"relic_stats":{"counters":[12,49],"Art of War":[4],"Cursed Key":0,"obtain_stats":[{"Du-Vu Doll":6,"Uniform":0,"Art of War":13,"Odd Mushroom":7,"StrikeDummy":9,"Cursed Key":17},{"Du-Vu Doll":4,"Uniform":0,"Art of War":7,"Odd Mushroom":5,"StrikeDummy":5,"Cursed Key":8},{"Du-Vu Doll":16,"Uniform":0,"Art of War":22,"Odd Mushroom":17,"StrikeDummy":17,"Cursed Key":36}]},"card_choices":[{"not_picked":["Panacea","PanicButton"],"picked":"Dramatic Entrance","floor":0},{"not_picked":["MoonPhase","SpecialFormula"],"picked":"Defy","floor":1},{"not_picked":["Contraction","Spin"],"picked":"Starlight","floor":3},{"not_picked":["ShiftingGears","Manipulate"],"picked":"ShatteredReality","floor":5},{"not_picked":["Shuttle","Foresight"],"picked":"Spin","floor":6},{"not_picked":["Potential","ReturningBlade"],"picked":"Alleviate","floor":7},{"not_picked":["Defy","Unruled"],"picked":"TimeWarp","floor":12},{"not_picked":["DualDimension","Defy"],"picked":"PendulumOfEternity","floor":13},{"not_picked":["PendulumOfEternity","Dilation"],"picked":"Embodiment","floor":16},{"not_picked":["ShatteredReality+1","BestPractice"],"picked":"BottledTime","floor":18},{"not_picked":["Revamp+1","RealityMarble"],"picked":"Replace","floor":20},{"not_picked":["Replace","Spin"],"picked":"Starlight","floor":21}],"player_experience":2356211,"relics_obtained":[{"floor":6,"key":"Du-Vu Doll"},{"floor":7,"key":"Odd Mushroom"},{"floor":9,"key":"StrikeDummy"},{"floor":13,"key":"Art of War"}],"event_choices":[{"damage_healed":0,"gold_gain":0,"player_choice":"Fought Mushrooms","damage_taken":0,"max_hp_gain":0,"max_hp_loss":0,"event_name":"Mushrooms","floor":7,"gold_loss":0},{"damage_healed":0,"gold_gain":0,"player_choice":"Left Gold","damage_taken":0,"max_hp_gain":0,"max_hp_loss":0,"event_name":"World of Goop","floor":11,"gold_loss":70},{"damage_healed":0,"gold_gain":65,"player_choice":"Gained Gold","damage_taken":0,"max_hp_gain":0,"max_hp_loss":0,"event_name":"Golden Wing","floor":14,"gold_loss":0},{"damage_healed":0,"gold_gain":0,"player_choice":"2 cards matched","damage_taken":0,"max_hp_gain":0,"max_hp_loss":0,"event_name":"Match and Keep!","floor":19,"gold_loss":0,"cards_obtained":["Parasite","Luminosity"]},{"damage_healed":0,"gold_gain":0,"player_choice":"Became a vampire","damage_taken":0,"max_hp_gain":0,"max_hp_loss":18,"event_name":"Vampires","floor":22,"gold_loss":0,"cards_obtained":["Bite","Bite","Bite","Bite","Bite"]}],"is_beta":true,"boss_relics":[{"not_picked":["Fusion Hammer","Tiny House"],"picked":"Cursed Key"}],"items_purged_floors":[],"is_endless":false,"potions_floor_spawned":[1,7,12,13,18,21],"killed_by":"Book of Stabbing","ascension_level":20}}