{"host":"67d7yvf7wgk1klfn","time":1612052773,"event":{"mods":["Aspiration","BaseMod","Colored Powertips","Conspire","Dark Map","Downfall","Energized Spire","Hubris","Infinite Spire","Minty Spire (QoL Compilation)","Relic Stats","Reliquary","Replay The Spire","Smile Girya","Spire Arcade","StS++","StSLib","ojb\u0027s Info Mod"],"gold_per_floor":[112,124,86,86,105,138,138,154,154,188,188,188,201,213,213,316,316,335,335,335,351,378,378,378],"floor_reached":23,"language":"ENG","playtime":1767,"items_purged":[],"score":226,"play_id":"5a15bd41-7810-4a89-917b-50b37c3dae4b","local_time":"20210130192613","is_ascension_mode":false,"campfire_choices":[{"data":"Bash","floor":7,"key":"SMITH"},{"data":"Seeing Red","floor":12,"key":"SMITH"},{"data":"Strike_R","floor":15,"key":"PURGE"}],"circlet_count":0,"master_deck":["Strike_R+1","Strike_R","Strike_R+1","Defend_R","Defend_R","Defend_R","Defend_R","Bash+1","Anger","Flame Barrier","Seeing Red+1","Pommel Strike","Thunderclap","ReplayTheSpireMod:Limb From Limb","Fiend Fire","conspire:HitWhereItHurts","conspire:Purge","Exhume","StSpp:Betrayal","Eclipse","Berserk","Bludgeon","Barricade","Limit Break","StSpp:BladeOfBlood","Demonic Infusion","Reaper","Corruption","Juggernaut","Demon Form","Hemogenesis","StSpp:Turnabout","StSpp:IntoTheAbyss","hubris:StunningStrike","Immolate","Replay:Many Hands","Feed","Brutality","Impervious","Offering","Double Tap","infinitespire:FutureSight","Bloodletting+1"],"relics":["Ring of Chaos","Simple Rune","reliquary:RedPaperclip","StSpp:CrystalBall","Ancient Tea Set","Pet Ghost"],"acts_visited":["Exordium","TheCity"],"potions_floor_usage":[16],"damage_taken":[{"damage":0,"enemies":"conspire:RoseBush","floor":1,"turns":4},{"damage":0,"enemies":"Small Slimes","floor":2,"turns":3},{"damage":6,"enemies":"Cultist","floor":5,"turns":3},{"damage":4,"enemies":"Replay:BlueRogue","floor":6,"turns":9},{"damage":4,"enemies":"Exordium Thugs","floor":8,"turns":5},{"damage":13,"enemies":"Gremlin Nob","floor":10,"turns":3},{"damage":6,"enemies":"Large Slime","floor":13,"turns":3},{"damage":0,"enemies":"3 Louse","floor":14,"turns":3},{"damage":4,"enemies":"Slime Boss","floor":16,"turns":8},{"damage":5,"enemies":"3 Byrds","floor":18,"turns":4},{"damage":29,"enemies":"Shell Parasite","floor":21,"turns":5},{"damage":67,"enemies":"conspire:SneckoGhost","floor":23,"turns":7}],"seed_played":"-2476882470141908572","potions_obtained":[{"floor":8,"key":"bronze:BurnAndBuffPotion"},{"floor":10,"key":"ColorlessPotion"},{"floor":13,"key":"Milkshake"},{"floor":21,"key":"Energy Potion"}],"is_trial":false,"path_per_floor":["M","M","$","?","M","E","R","M","T","E","?","R","M","M","R","B",null,"M","?","AVR","M","T","E"],"character_chosen":"IRONCLAD","items_purchased":["Seeing Red"],"campfire_rested":0,"item_purchase_floors":[3],"current_hp_per_floor":[80,80,80,85,79,75,75,71,71,58,51,51,45,45,45,41,85,80,85,85,56,56,0,0],"gold":378,"neow_bonus":"BOSS_RELIC","is_daily":false,"chose_seed":false,"campfire_upgraded":2,"win_rate":0.0,"timestamp":1612052773,"path_taken":["M","M","$","?","M","E","R","M","T","E","?","R","M","M","R","BOSS","M","?","AVR","?","?","E"],"items_purchased_type":["Card"],"build_version":"2020-12-22","purchased_purges":0,"victory":false,"max_hp_per_floor":[80,80,80,85,85,85,85,85,85,85,85,85,85,85,85,85,85,85,85,85,85,85,85,85],"relic_stats":{"counters":[12,57],"obtain_stats":[{"Lantern":10,"reliquary:RedPaperclip":17,"infinitespire:Bottled Soul":9,"Simple Rune":6,"Ring of Chaos":0,"Ancient Tea Set":20,"Burning Blood":0,"Pet Ghost":22,"StSpp:CrystalBall":20},{"Lantern":6,"reliquary:RedPaperclip":9,"infinitespire:Bottled Soul":5,"Simple Rune":4,"Ring of Chaos":0,"Ancient Tea Set":10,"Burning Blood":0,"Pet Ghost":11,"StSpp:CrystalBall":10},{"Lantern":27,"reliquary:RedPaperclip":41,"infinitespire:Bottled Soul":24,"Simple Rune":19,"Ring of Chaos":0,"Ancient Tea Set":45,"Burning Blood":0,"Pet Ghost":50,"StSpp:CrystalBall":45}]},"card_choices":[{"not_picked":["True Grit","Shrug It Off"],"picked":"Anger","floor":1},{"not_picked":["hubris:ReadiedAction","Anger"],"picked":"Flame Barrier","floor":2},{"not_picked":["Flex","Clothesline"],"picked":"Pommel Strike","floor":5},{"not_picked":["Metallicize","Brutality"],"picked":"Thunderclap","floor":6},{"not_picked":["StSpp:TheBiggerTheyAre","Shrug It Off"],"picked":"ReplayTheSpireMod:Limb From Limb","floor":8},{"not_picked":["ReplayTheSpireMod:Strike From Hell","Run Through","Body Slam"],"picked":"SKIP","floor":10},{"not_picked":["Cleave","hubris:ReadiedAction","ReplayTheSpireMod:Strike From Hell"],"picked":"SKIP","floor":13},{"not_picked":["Uppercut","Sword Boomerang","StSpp:Turnabout"],"picked":"SKIP","floor":14},{"not_picked":["Uppercut","Sword Boomerang","StSpp:Turnabout"],"picked":"SKIP","floor":14},{"not_picked":["Sword Boomerang+1","hubris:ReadiedAction+1","Pummel+1"],"picked":"SKIP","floor":18},{"not_picked":["Twin Strike+1","Uppercut"],"picked":"Bloodletting+1","floor":21}],"player_experience":657032,"relics_obtained":[{"floor":6,"key":"Simple Rune"},{"floor":9,"key":"infinitespire:Bottled Soul"},{"floor":10,"key":"Lantern"},{"floor":22,"key":"Pet Ghost"}],"event_choices":[{"damage_healed":0,"gold_gain":0,"player_choice":"Donut","damage_taken":0,"max_hp_gain":5,"max_hp_loss":0,"event_name":"Big Fish","floor":4,"gold_loss":0},{"cards_removed":["Strike_R"],"damage_healed":0,"gold_gain":0,"player_choice":"Card Removal","damage_taken":7,"max_hp_gain":0,"max_hp_loss":0,"event_name":"Golden Wing","floor":11,"gold_loss":0},{"damage_healed":5,"gold_gain":0,"player_choice":"Full Heal","damage_taken":0,"max_hp_gain":0,"max_hp_loss":0,"event_name":"Wheel of Change","floor":19,"gold_loss":0}],"is_beta":false,"boss_relics":[{"not_picked":["energizedSpire:NeverEndingSparkler","Empty Cage"],"picked":"reliquary:RedPaperclip"}],"items_purged_floors":[],"is_endless":false,"potions_floor_spawned":[8,10,13,21],"killed_by":"conspire:SneckoGhost","ascension_level":0}}