{"host":"q6r63elxu27obe7v","time":1612073210,"event":{"mods":["2.2 Compatiblity","AchievementEnabler","BaseMod","CapriCore","DeckTracker","Keyboard Shortcuts","Minty Spire (QoL Compilation)","Permanent Neow","Quick Restart","StSLib","SuperFastMode","¡¼?Úª?ø«¡½REMEMod"],"gold_per_floor":[118,130,31,41,53,53,78,78,123,158,177,177,188,188,188,283,283,297,310,91,101,0,0,28,28,78,98,133,84,84,183,183,183,183],"floor_reached":33,"language":"KOR","playtime":1762,"items_purged":["Strike_B"],"score":336,"play_id":"c8dca87b-dcf9-4bf7-81de-fd55f53c3c00","local_time":"20210131150650","is_ascension_mode":true,"campfire_choices":[{"floor":6,"key":"RECALL"},{"floor":8,"key":"REST"},{"data":"White Noise","floor":12,"key":"SMITH"},{"data":"Redo","floor":15,"key":"SMITH"},{"data":"Zap","floor":23,"key":"SMITH"},{"data":"Electrodynamics","floor":25,"key":"SMITH"},{"data":"White Noise","floor":32,"key":"SMITH"}],"circlet_count":0,"master_deck":["Strike_B","Strike_B","Defend_B+1","Defend_B","Defend_B","Zap+1","Dualcast","Redo+1","Redo","Turbo+1","Doom and Gloom","Consume","White Noise+1","Ball Lightning","Electrodynamics+1","Steam","Hologram","White Noise+1","White Noise","Ball Lightning"],"relics":["Cracked Core","REME_ComplimentaryCards","Mummified Hand","PreservedInsect","REME_HandOfSuture","Coffee Dripper","Strange Spoon","Omamori","War Paint"],"acts_visited":["Exordium","TheCity"],"potions_floor_usage":[16,16,19,24,28],"damage_taken":[{"damage":1,"enemies":"Jaw Worm","floor":1,"turns":3},{"damage":0,"enemies":"Small Slimes","floor":2,"turns":2},{"damage":0,"enemies":"Cultist","floor":4,"turns":3},{"damage":1,"enemies":"3 Louse","floor":5,"turns":3},{"damage":34,"enemies":"Gremlin Nob","floor":7,"turns":4},{"damage":31,"enemies":"Lagavulin","floor":10,"turns":7},{"damage":0,"enemies":"Gremlin Gang","floor":11,"turns":2},{"damage":0,"enemies":"Lots of Slimes","floor":13,"turns":2},{"damage":8,"enemies":"Hexaghost","floor":16,"turns":5},{"damage":5,"enemies":"3 Byrds","floor":18,"turns":3},{"damage":3,"enemies":"Shell Parasite","floor":19,"turns":2},{"damage":19,"enemies":"Sentry and Sphere","floor":21,"turns":3},{"damage":13,"enemies":"Gremlin Leader","floor":24,"turns":3},{"damage":0,"enemies":"Chosen and Byrds","floor":27,"turns":3},{"damage":0,"enemies":"Book of Stabbing","floor":28,"turns":4},{"damage":90,"enemies":"Automaton","floor":33,"turns":6}],"seed_played":"2941719605714916068","potions_obtained":[{"floor":2,"key":"SkillPotion"},{"floor":5,"key":"Energy Potion"},{"floor":7,"key":"Weak Potion"},{"floor":11,"key":"ColorlessPotion"},{"floor":16,"key":"SneckoOil"},{"floor":21,"key":"Explosive Potion"}],"is_trial":false,"path_per_floor":["M","M","$","M","M","R","E","R","T","E","M","R","M","?","R","B",null,"M","M","$","M","?","R","E","R","T","M","E","$","?","?","R","B"],"character_chosen":"DEFECT","items_purchased":["Turbo","Doom and Gloom","Strange Spoon","Ball Lightning"],"campfire_rested":1,"item_purchase_floors":[3,3,20,29],"current_hp_per_floor":[67,67,67,67,66,66,32,52,52,21,21,21,21,43,43,35,68,63,60,60,41,41,41,28,28,28,28,28,28,50,50,50,0,0],"gold":183,"neow_bonus":"REMOVE_TWO","is_daily":false,"chose_seed":false,"campfire_upgraded":5,"win_rate":0.0,"timestamp":1612073210,"path_taken":["M","M","$","M","M","R","E","R","T","E","M","R","M","?","R","BOSS","M","M","$","M","?","R","E","R","T","M","E","$","?","?","R","BOSS"],"items_purchased_type":["Card","Card","Relic","Card"],"build_version":"2020-12-22","purchased_purges":1,"victory":false,"max_hp_per_floor":[68,68,68,68,68,68,68,68,68,68,68,68,68,68,68,68,68,68,68,68,68,68,68,68,68,68,68,68,68,68,68,68,68,68],"card_choices":[{"not_picked":["Stack","FTL"],"picked":"Redo","floor":1},{"not_picked":["Self Repair","Barrage"],"picked":"Redo","floor":2},{"not_picked":["Conserve Battery","Redo"],"picked":"Consume","floor":4},{"not_picked":["Skim","REME_DataAnalysis","Streamline"],"picked":"SKIP","floor":5},{"not_picked":["Reprogram","Force Field","Stack"],"picked":"SKIP","floor":7},{"not_picked":["Ball Lightning","Beam Cell"],"picked":"White Noise","floor":10},{"not_picked":["Steam","Turbo","Go for the Eyes"],"picked":"SKIP","floor":11},{"not_picked":["Auto Shields","Conserve Battery"],"picked":"Ball Lightning","floor":13},{"not_picked":["Rainbow","Hyperbeam"],"picked":"Electrodynamics","floor":16},{"not_picked":["Reinforced Body","Stack","Auto Shields"],"picked":"SKIP","floor":18},{"not_picked":["Consume","Streamline+1"],"picked":"Steam","floor":19},{"not_picked":["Go for the Eyes","REME_DataAnalysis"],"picked":"Hologram","floor":21},{"not_picked":["Streamline","Hyperbeam"],"picked":"White Noise","floor":24},{"not_picked":["Loop","Hologram+1","Conserve Battery+1"],"picked":"SKIP","floor":27},{"not_picked":["Rebound","Hello World+1"],"picked":"White Noise","floor":28}],"player_experience":63138,"relics_obtained":[{"floor":7,"key":"Mummified Hand"},{"floor":9,"key":"PreservedInsect"},{"floor":10,"key":"REME_HandOfSuture"},{"floor":24,"key":"Omamori"},{"floor":28,"key":"War Paint"}],"event_choices":[{"damage_healed":22,"gold_gain":0,"player_choice":"Banana","damage_taken":0,"max_hp_gain":0,"max_hp_loss":0,"event_name":"Big Fish","floor":14,"gold_loss":0},{"damage_healed":0,"gold_gain":0,"player_choice":"Paid Fearfully","damage_taken":0,"max_hp_gain":0,"max_hp_loss":0,"event_name":"Masked Bandits","floor":22,"gold_loss":101},{"damage_healed":22,"gold_gain":0,"player_choice":"Heal","damage_taken":0,"max_hp_gain":0,"max_hp_loss":0,"event_name":"The Library","floor":30,"gold_loss":0},{"damage_healed":0,"gold_gain":99,"player_choice":"Stole From Cult","damage_taken":0,"max_hp_gain":0,"max_hp_loss":0,"event_name":"Nest","floor":31,"gold_loss":0}],"is_beta":false,"boss_relics":[{"not_picked":["SlaversCollar","Calling Bell"],"picked":"Coffee Dripper"}],"items_purged_floors":[20],"is_endless":false,"potions_floor_spawned":[2,5,7,11,13,16,21],"killed_by":"Automaton","ascension_level":1}}