{"host":"soyfmymeou4emntr","time":1612065559,"event":{"mods":["BaseMod","BetterRewards","Minty Spire (QoL Compilation)","Relic Sorter","Relic Stats","StSLib"],"gold_per_floor":[116,127,127,140,140,140,160,192,239,239,249,266,266,277,277,355,355,373,373,373,373,383,383,383,383],"floor_reached":24,"language":"ENG","playtime":1637,"items_purged":[],"score":400,"play_id":"9aa70d88-ba6a-4b95-a82f-c2070f4805b2","local_time":"20210130205919","is_ascension_mode":true,"campfire_choices":[{"floor":6,"key":"REST"},{"floor":10,"key":"REST"},{"floor":13,"key":"REST"},{"floor":15,"key":"REST"},{"floor":23,"key":"REST"}],"circlet_count":0,"master_deck":["AscendersBane","Strike_B+1","Strike_B+1","Defend_B","Zap","Dualcast","Beam Cell","Chaos+1","Coolheaded","Cold Snap","Echo Form","Conserve Battery","Lockon+1","Cold Snap+1","Meteor Strike+1","Glacier+1","Storm+1","Electrodynamics+1","Sweeping Beam+1","RitualDagger+1","Rebound+1","Consume","Redo+1"],"relics":["SacredBark","Molten Egg 2","Happy Flower","Astrolabe"],"acts_visited":["Exordium","TheCity"],"potions_floor_usage":[8,12,14,16,20],"damage_taken":[{"damage":14,"enemies":"Jaw Worm","floor":1,"turns":5},{"damage":14,"enemies":"Small Slimes","floor":2,"turns":4},{"damage":7,"enemies":"Cultist","floor":4,"turns":4},{"damage":21,"enemies":"Exordium Thugs","floor":7,"turns":5},{"damage":5,"enemies":"Lagavulin","floor":8,"turns":6},{"damage":11,"enemies":"Looter","floor":11,"turns":4},{"damage":5,"enemies":"Lots of Slimes","floor":12,"turns":5},{"damage":5,"enemies":"Red Slaver","floor":14,"turns":3},{"damage":14,"enemies":"Slime Boss","floor":16,"turns":5},{"damage":2,"enemies":"Chosen","floor":18,"turns":5},{"damage":0,"enemies":"3 Byrds","floor":20,"turns":2},{"damage":25,"enemies":"Sentry and Sphere","floor":22,"turns":7},{"damage":55,"enemies":"Book of Stabbing","floor":24,"turns":5}],"seed_played":"1014311941098819845","potions_obtained":[{"floor":1,"key":"PowerPotion"},{"floor":8,"key":"FocusPotion"},{"floor":11,"key":"BlessingOfTheForge"},{"floor":12,"key":"Dexterity Potion"},{"floor":18,"key":"SmokeBomb"}],"is_trial":false,"path_per_floor":["M","M","?","M","?","R","M","E","T","R","M","M","R","M","R","B",null,"M","?","M","?","M","R","E"],"character_chosen":"DEFECT","items_purchased":[],"campfire_rested":5,"item_purchase_floors":[],"current_hp_per_floor":[50,36,15,8,8,29,8,3,3,24,13,8,29,24,45,31,61,59,53,53,53,28,49,0,0],"gold":383,"neow_bonus":"BOSS_RELIC","is_daily":false,"chose_seed":false,"campfire_upgraded":0,"win_rate":0.0,"timestamp":1612065559,"path_taken":["M","M","?","M","?","R","?","E","T","R","M","M","R","M","R","BOSS","M","?","M","?","M","R","E"],"items_purchased_type":[],"build_version":"2020-12-22","purchased_purges":0,"victory":false,"max_hp_per_floor":[71,71,71,71,71,71,71,71,71,71,71,71,71,71,71,71,71,71,71,71,71,71,71,71,71],"relic_stats":{"Happy Flower":[12],"counters":[13,60],"Astrolabe":["Glacier","Storm","Electrodynamics"],"obtain_stats":[{"Happy Flower":9,"SacredBark":0,"Astrolabe":17,"Molten Egg 2":8,"Cracked Core":0},{"Happy Flower":5,"SacredBark":0,"Astrolabe":9,"Molten Egg 2":5,"Cracked Core":0},{"Happy Flower":24,"SacredBark":0,"Astrolabe":41,"Molten Egg 2":24,"Cracked Core":0}]},"card_choices":[{"not_picked":["Fusion","Compile Driver"],"picked":"Beam Cell","floor":1},{"not_picked":["Hello World","Double Energy"],"picked":"Chaos","floor":2},{"not_picked":["Go for the Eyes","Steam"],"picked":"Coolheaded","floor":4},{"not_picked":["Skim","Streamline"],"picked":"Cold Snap","floor":7},{"not_picked":["Gash+1","Go for the Eyes+1"],"picked":"Echo Form","floor":8},{"not_picked":["Hello World","Rebound+1"],"picked":"Conserve Battery","floor":11},{"not_picked":["Leap","Rebound+1"],"picked":"Lockon+1","floor":12},{"not_picked":["Rip and Tear+1","Scrape+1"],"picked":"Cold Snap+1","floor":14},{"not_picked":["All For One+1","Echo Form"],"picked":"Meteor Strike+1","floor":16},{"not_picked":["Streamline+1","Barrage+1"],"picked":"Sweeping Beam+1","floor":18},{"not_picked":["Leap","Ball Lightning+1"],"picked":"Redo+1","floor":22}],"player_experience":2944131,"relics_obtained":[{"floor":8,"key":"Molten Egg 2"},{"floor":9,"key":"Happy Flower"}],"event_choices":[{"damage_healed":0,"gold_gain":0,"player_choice":"Entered Light","damage_taken":21,"max_hp_gain":0,"max_hp_loss":0,"event_name":"Shining Light","floor":3,"gold_loss":0,"cards_upgraded":["Strike_B","Strike_B"]},{"damage_healed":0,"gold_gain":0,"player_choice":"Upgraded","damage_taken":0,"max_hp_gain":0,"max_hp_loss":0,"event_name":"Upgrade Shrine","floor":5,"gold_loss":0,"cards_upgraded":["Chaos"]},{"damage_healed":0,"gold_gain":0,"player_choice":"Joined the Cult","damage_taken":6,"max_hp_gain":0,"max_hp_loss":0,"event_name":"Nest","floor":19,"gold_loss":0,"cards_obtained":["RitualDagger"]},{"damage_healed":0,"gold_gain":0,"cards_transformed":["Defend_B","Defend_B"],"player_choice":"Became Test Subject","damage_taken":0,"max_hp_gain":0,"max_hp_loss":0,"event_name":"Drug Dealer","floor":21,"gold_loss":0,"cards_obtained":["Rebound","Consume"]}],"is_beta":false,"boss_relics":[{"not_picked":["Empty Cage","Tiny House"],"picked":"Astrolabe"}],"items_purged_floors":[],"is_endless":false,"potions_floor_spawned":[1,8,11,12,18,20],"killed_by":"Book of Stabbing","ascension_level":20}}