{"host":"hka8b3f4pkvnp4ei","time":1612076066,"event":{"mods":["BaseMod","Minty Spire (QoL Compilation)","Quick Restart","Replay The Spire","StSLib"],"gold_per_floor":[113,113,113,133,133,159,159,174,174,194,223,223,223,254,254,355,355,371,176,176,196,212,241,241,258,258,42,62,96,96,125,125,230,330,344,362,239,345,240,267,177,177,204,233,233,264,276,309,421,433,445,457,275,305,305],"floor_reached":56,"language":"ZHS","playtime":3358,"items_purged":["Strike_B","Streamline+1"],"score":1652,"play_id":"50c46486-41d5-415b-bab9-a7c8173d8eae","local_time":"20210131145426","is_ascension_mode":true,"campfire_choices":[{"data":"Dualcast","floor":7.0,"key":"SMITH"},{"data":"Coolheaded","floor":13.0,"key":"SMITH"},{"data":"Coolheaded","floor":15.0,"key":"SMITH"},{"data":"Recycle","floor":24.0,"key":"SMITH"},{"data":"Streamline","floor":30.0,"key":"SMITH"},{"floor":32.0,"key":"RECALL"},{"data":"Panic Button","floor":42.0,"key":"SMITH"},{"data":"Defend_B","floor":52.0,"key":"PURGE"}],"circlet_count":0,"master_deck":["Defend_B+1","Defend_B","Defend_B","Zap+1","Dualcast+1","Panic Button+1","BootSequence","Coolheaded+1","Coolheaded+1","Electrodynamics+1","Recycle+1","Seek+1","Gash+1","Machine Learning","Double Energy+1","Turbo+1"],"relics":["Cracked Core","NeowsBlessing","Replay:Accelerometer","Divine Protection","Thread and Needle","Calipers","Omamori","Replay:Grab Bag","Philosopher\u0027s Stone","Coffee Dripper","Inserter","Membership Card","Eternal Feather","Geode","Ice Cream","Guide Book","Replay:Mystery Machine","Toxic Egg 2","Replay:Wanted Poster","Prayer Wheel","TheAbacus","ReplayTheSpireMod:Lightbulb","Replay:Multitool","Cables","MawBank","ClockworkSouvenir","Bronze Scales","HornCleat"],"acts_visited":["Exordium","TheCity","TheBeyond","TheEnding"],"potions_floor_usage":[55,55,55,55,55,55],"damage_taken":[{"damage":0.0,"enemies":"2 Louse","floor":1.0,"turns":1.0},{"damage":0.0,"enemies":"Jaw Worm","floor":4.0,"turns":1.0},{"damage":0.0,"enemies":"3 Sentries","floor":6.0,"turns":1.0},{"damage":0.0,"enemies":"Small Slimes","floor":8.0,"turns":3.0},{"damage":0.0,"enemies":"Exordium Thugs","floor":10.0,"turns":5.0},{"damage":10.0,"enemies":"Gremlin Nob","floor":11.0,"turns":3.0},{"damage":0.0,"enemies":"3 Sentries","floor":14.0,"turns":7.0},{"damage":10.0,"enemies":"Hexaghost","floor":16.0,"turns":13.0},{"damage":0.0,"enemies":"Spheric Guardian","floor":18.0,"turns":3.0},{"damage":0.0,"enemies":"Shell Parasite","floor":21.0,"turns":5.0},{"damage":32.0,"enemies":"Shelled Parasite and Fungi","floor":22.0,"turns":6.0},{"damage":15.0,"enemies":"Book of Stabbing","floor":23.0,"turns":8.0},{"damage":1.0,"enemies":"Snake Plant","floor":25.0,"turns":5.0},{"damage":0.0,"enemies":"3 Cultists","floor":28.0,"turns":3.0},{"damage":16.0,"enemies":"Gremlin Leader","floor":29.0,"turns":7.0},{"damage":0.0,"enemies":"Book of Stabbing","floor":31.0,"turns":5.0},{"damage":6.0,"enemies":"Pondfish","floor":33.0,"turns":11.0},{"damage":8.0,"enemies":"Orb Walker","floor":35.0,"turns":3.0},{"damage":0.0,"enemies":"3 Shapes","floor":36.0,"turns":2.0},{"damage":0.0,"enemies":"Giant Head","floor":44.0,"turns":4.0},{"damage":6.0,"enemies":"R_Hoarder","floor":46.0,"turns":7.0},{"damage":0.0,"enemies":"3 Darklings","floor":47.0,"turns":4.0},{"damage":0.0,"enemies":"Reptomancer","floor":48.0,"turns":5.0},{"damage":0.0,"enemies":"Replay:Hell Engine","floor":50.0,"turns":6.0},{"damage":27,"enemies":"Shield and Spear","floor":54,"turns":4},{"damage":0,"enemies":"The Heart","floor":55,"turns":7}],"seed_played":"-4721819905046605671","potions_obtained":[{"floor":1.0,"key":"Adrenaline Potion"},{"floor":14.0,"key":"SteroidPotion"},{"floor":25.0,"key":"PotionOfCapacity"},{"floor":28.0,"key":"FearPotion"},{"floor":33.0,"key":"FearPotion"},{"floor":35.0,"key":"DistilledChaos"},{"floor":45.0,"key":"Flashbang"},{"floor":47.0,"key":"LiquidMemories"}],"is_trial":false,"path_per_floor":["M","?","?","M","?","E","R","M","T","M","E","?","R","E","R","B",null,"M","$","?","M","M","E","R","M","T","$","M","E","R","E","R","B",null,"M","M","$","?","$","T","?","R","T","E","R","E","M","E","R","B",null,"R","$","E","B",null],"character_chosen":"DEFECT","items_purchased":["Membership Card","Ice Cream","Guide Book","TheAbacus","EntropicBrew","ReplayTheSpireMod:Lightbulb","ClockworkSouvenir","Bronze Scales"],"campfire_rested":0,"item_purchase_floors":[19,27,27,37,37,39,53,53],"current_hp_per_floor":[75,68,53,53,58,58,58,58,58,58,48,23,23,23,23,13,80,80,80,80,80,48,33,42,41,41,41,41,25,34,34,43,37,80,72,72,72,52,52,52,52,61,61,61,70,64,64,64,73,73,80,80,80,53,53],"gold":305,"neow_bonus":"THREE_ENEMY_KILL","is_daily":false,"chose_seed":false,"campfire_upgraded":6,"win_rate":0.0,"timestamp":1612076066,"path_taken":["M","?","?","?","?","E","R","M","T","M","E","?","R","E","R","BOSS","M","$","?","M","M","E","R","M","T","$","M","E","R","E","R","BOSS","M","M","$","?","$","?","?","R","T","E","R","E","M","E","R","BOSS","R","$","E","BOSS"],"items_purchased_type":["Relic","Relic","Relic","Relic","Potion","Relic","Relic","Relic"],"build_version":"2020-12-22","purchased_purges":2,"victory":true,"max_hp_per_floor":[75,75,75,75,80,80,80,80,80,80,80,80,80,80,80,80,80,80,80,80,80,80,80,80,80,80,80,80,80,80,80,80,80,80,80,80,80,80,80,80,80,80,80,80,80,80,80,80,80,80,80,80,80,80,80],"card_choices":[{"not_picked":["ReplayTheSpireMod:Reroute Power","Stack"],"picked":"Panic Button","floor":1.0},{"not_picked":["Turbo","Barrage"],"picked":"Streamline","floor":4.0},{"not_picked":["FIFO Queue","ReplayRNGCard"],"picked":"BootSequence","floor":6.0},{"not_picked":["BasicCrystalCard","Barrage"],"picked":"Coolheaded","floor":8.0},{"not_picked":["BasicCrystalCard","Sweeping Beam","Compile Driver"],"picked":"SKIP","floor":10.0},{"not_picked":["ReplayGash","Turbo","Redo"],"picked":"SKIP","floor":11.0},{"not_picked":["Machine Learning","Ball Lightning"],"picked":"Coolheaded","floor":14.0},{"not_picked":["ReplayRNGCard","Thunder Strike"],"picked":"Electrodynamics","floor":16.0},{"not_picked":["ReplayGash","Steam","ReplaySolidLightProjector"],"picked":"SKIP","floor":18.0},{"not_picked":["Self Repair","Capacitor"],"picked":"Recycle","floor":21.0},{"not_picked":["Hologram","Aggregate","Steam Power"],"picked":"SKIP","floor":22.0},{"not_picked":["Conserve Battery","ReplaySort"],"picked":"Seek","floor":23.0},{"not_picked":["Streamline","Compile Driver","Reinforced Body+1"],"picked":"SKIP","floor":25.0},{"not_picked":["Ball Lightning","Panic Button+1"],"picked":"Gash","floor":28.0},{"not_picked":["Rainbow","Rebound","Stack"],"picked":"SKIP","floor":29.0},{"not_picked":["Steam+1","BootSequence+1","ReplayGash"],"picked":"SKIP","floor":31.0},{"not_picked":["Rainbow+1","Multi-Cast+1"],"picked":"ReplayTheSpireMod:Fabricate Wheel+1","floor":33.0},{"not_picked":["Hologram+1","ReplayTheSpireMod:System Scan+1"],"picked":"Double Energy+1","floor":35.0},{"not_picked":["Steam Power+1","Streamline+1","Sweeping Beam+1"],"picked":"SKIP","floor":35.0},{"not_picked":["ReplaySort+1","Panic Button+1","Beam Cell+1"],"picked":"SKIP","floor":36.0},{"not_picked":["Crystallizer","Cold Snap+1","Leap+1"],"picked":"SKIP","floor":36.0},{"not_picked":["Aggregate+1","Hello World"],"picked":"Turbo+1","floor":38.0},{"not_picked":["ReplayTheSpireMod:GoodbyeWorld","Static Discharge","Force Field+1"],"picked":"SKIP","floor":44.0},{"not_picked":["Stack+1","ReplayTheSpireMod:GoodbyeWorld","Hello World+1"],"picked":"SKIP","floor":46.0},{"not_picked":["Fusion+1","Coolheaded+1","BasicCrystalCard+1"],"picked":"SKIP","floor":47.0},{"not_picked":["Sweeping Beam+1","Steam+1","Compile Driver"],"picked":"SKIP","floor":47.0},{"not_picked":["Hello World","Fusion+1","Reinforced Body+1"],"picked":"SKIP","floor":48.0},{"not_picked":["FTL","Machine Learning","FIFO Queue"],"picked":"SKIP","floor":54}],"player_experience":1067155,"relics_obtained":[{"floor":6.0,"key":"Replay:Accelerometer"},{"floor":9.0,"key":"Divine Protection"},{"floor":11.0,"key":"Thread and Needle"},{"floor":14.0,"key":"Omamori"},{"floor":23.0,"key":"Eternal Feather"},{"floor":26.0,"key":"Geode"},{"floor":29.0,"key":"Replay:Mystery Machine"},{"floor":31.0,"key":"Toxic Egg 2"},{"floor":44.0,"key":"Replay:Multitool"},{"floor":46.0,"key":"Cables"},{"floor":48.0,"key":"MawBank"},{"floor":54,"key":"HornCleat"}],"event_choices":[{"cards_removed":["Strike_B"],"damage_healed":0.0,"max_hp_gain":0.0,"max_hp_loss":0.0,"gold_gain":0.0,"event_name":"Golden Wing","player_choice":"Card Removal","floor":2.0,"gold_loss":0.0,"damage_taken":7.0},{"damage_healed":0.0,"max_hp_gain":0.0,"max_hp_loss":0.0,"gold_gain":0.0,"event_name":"Shining Light","player_choice":"Entered Light","floor":3.0,"gold_loss":0.0,"damage_taken":15.0,"cards_upgraded":["Zap","Defend_B"]},{"damage_healed":0.0,"max_hp_gain":5.0,"max_hp_loss":0.0,"gold_gain":0.0,"event_name":"Big Fish","player_choice":"Donut","floor":5.0,"gold_loss":0.0,"damage_taken":0.0},{"damage_healed":0.0,"max_hp_gain":0.0,"max_hp_loss":0.0,"gold_gain":0.0,"event_name":"Scrap Ooze","player_choice":"Success","floor":12.0,"gold_loss":0.0,"damage_taken":25.0,"relics_obtained":["Calipers"]},{"cards_removed":["Strike_B"],"damage_healed":0.0,"max_hp_gain":0.0,"max_hp_loss":0.0,"gold_gain":0.0,"event_name":"Purifier","player_choice":"Purged","floor":20.0,"gold_loss":0.0,"damage_taken":0.0},{"cards_removed":["Strike_B"],"damage_healed":0.0,"max_hp_gain":0.0,"max_hp_loss":0.0,"gold_gain":0.0,"event_name":"Designer","player_choice":"Upgrade and Remove","floor":41.0,"gold_loss":90.0,"damage_taken":0.0,"cards_upgraded":["Gash"]},{"damage_healed":0.0,"max_hp_gain":0.0,"max_hp_loss":0.0,"gold_gain":100.0,"event_name":"Golden Shrine","player_choice":"Pray","floor":49.0,"gold_loss":0.0,"damage_taken":0.0}],"is_beta":false,"boss_relics":[{"not_picked":["Cursed Key","ChewingGum"],"picked":"Replay:Grab Bag"},{"not_picked":["SlaversCollar","Fusion Hammer"],"picked":"Philosopher\u0027s Stone"},{"not_picked":["Busted Crown","Velvet Choker"],"picked":"Coffee Dripper"},{"not_picked":["Snecko Eye","Ring of Chaos"],"picked":"Inserter"},{"not_picked":["ReplayTheSpireMod:DimensionalGlitch","SacredBark"],"picked":"Replay:Wanted Poster"}],"items_purged_floors":[19,53],"is_endless":false,"potions_floor_spawned":[1,14,25,28,29,33,35,47,54],"ascension_level":2}}