{"host":"r53pw7z744tg3fxg","time":1612118413,"event":{"mods":["AchievementEnabler","BaseMod","Colored Map","Colored Powertips","Highlight Path","Minty Spire (QoL Compilation)","Quick Restart","Transform Curses"],"gold_per_floor":[118,134,153,171,171,171,203,203,226,245,261,261,281,297,297,369,369,379,379,406,321,41,41,41],"floor_reached":23,"language":"ENG","playtime":739,"items_purged":[],"score":462,"play_id":"7c083808-22bb-4968-91c1-664c92ed1209","local_time":"20210131114013","is_ascension_mode":true,"campfire_choices":[{"floor":6,"key":"REST"},{"data":"Eruption","floor":8,"key":"SMITH"},{"data":"BattleHymn","floor":12,"key":"SMITH"},{"floor":15,"key":"REST"}],"circlet_count":0,"master_deck":["AscendersBane","Strike_P","Strike_P+1","Strike_P","Defend_P","Defend_P","Defend_P","Eruption+1","Vigilance+1","BattleHymn+1","BowlingBash","Prostrate","PathToVictory","Evaluate","FearNoEvil","LessonLearned+1","FlurryOfBlows","MasterReality","FollowUp+1","MentalFortress+1","Prostrate+1","ReachHeaven+1","CarveReality","Discovery"],"relics":["PureWater","Blood Vial","Dream Catcher","Toy Ornithopter","Astrolabe","Red Mask","Strawberry","Whetstone"],"acts_visited":["Exordium","TheCity"],"potions_floor_usage":[7,16,20,20],"damage_taken":[{"damage":11,"enemies":"Small Slimes","floor":1,"turns":3},{"damage":0,"enemies":"Jaw Worm","floor":2,"turns":4},{"damage":2,"enemies":"2 Louse","floor":3,"turns":3},{"damage":11,"enemies":"Red Slaver","floor":4,"turns":5},{"damage":8,"enemies":"Gremlin Nob","floor":7,"turns":3},{"damage":9,"enemies":"3 Louse","floor":10,"turns":4},{"damage":0,"enemies":"Large Slime","floor":11,"turns":4},{"damage":6,"enemies":"2 Fungi Beasts","floor":13,"turns":6},{"damage":9,"enemies":"3 Louse","floor":14,"turns":3},{"damage":0,"enemies":"Slime Boss","floor":16,"turns":5},{"damage":20,"enemies":"Spheric Guardian","floor":18,"turns":4},{"damage":56,"enemies":"Masked Bandits","floor":20,"turns":6},{"damage":16,"enemies":"3 Byrds","floor":23,"turns":3}],"seed_played":"-851801936021482585","potions_obtained":[{"floor":1,"key":"Ancient Potion"},{"floor":3,"key":"Energy Potion"},{"floor":10,"key":"EssenceOfSteel"},{"floor":14,"key":"DuplicationPotion"},{"floor":18,"key":"FearPotion"}],"is_trial":false,"path_per_floor":["M","M","M","M","?","R","E","R","T","M","M","R","M","M","R","B",null,"M","?","?","?","$","M"],"character_chosen":"WATCHER","items_purchased":["Whetstone","Discovery"],"campfire_rested":2,"item_purchase_floors":[22,22],"current_hp_per_floor":[52,54,54,45,45,65,59,59,59,52,54,54,50,43,63,68,68,48,48,4,11,11,0,0],"gold":41,"neow_bonus":"RANDOM_COMMON_RELIC","is_daily":false,"chose_seed":false,"campfire_upgraded":2,"win_rate":0.0,"timestamp":1612118413,"path_taken":["M","M","M","M","?","R","E","R","T","M","M","R","M","M","R","BOSS","M","?","?","?","$","?"],"items_purchased_type":["Relic","Card"],"build_version":"2020-12-22","purchased_purges":0,"victory":false,"max_hp_per_floor":[68,68,68,68,68,68,68,68,68,68,68,68,68,68,68,68,68,68,68,68,75,75,75,75],"card_choices":[{"not_picked":["CarveReality","TalkToTheHand"],"picked":"BattleHymn","floor":1},{"not_picked":["Protect","ClearTheMind"],"picked":"BowlingBash","floor":2},{"not_picked":["ThirdEye","Fasting2"],"picked":"Prostrate","floor":3},{"not_picked":["Tantrum","JustLucky"],"picked":"PathToVictory","floor":4},{"not_picked":["Worship","BowlingBash"],"picked":"Evaluate","floor":7},{"not_picked":["Prostrate","Indignation"],"picked":"FearNoEvil","floor":10},{"not_picked":["FearNoEvil","BowlingBash"],"picked":"LessonLearned","floor":11},{"not_picked":["Crescendo","WreathOfFlame","BowlingBash"],"picked":"SKIP","floor":13},{"not_picked":["EmptyFist","ClearTheMind"],"picked":"FlurryOfBlows","floor":14},{"not_picked":["Evaluate","SignatureMove"],"picked":"FlurryOfBlows","floor":15},{"not_picked":["Alpha","Vault"],"picked":"MasterReality","floor":16},{"not_picked":["ThirdEye","CrushJoints","Collect"],"picked":"SKIP","floor":18},{"not_picked":["FlurryOfBlows","PathToVictory"],"picked":"CarveReality","floor":20}],"player_experience":1404433,"relics_obtained":[{"floor":7,"key":"Dream Catcher"},{"floor":9,"key":"Toy Ornithopter"},{"floor":20,"key":"Red Mask"}],"event_choices":[{"damage_healed":0,"gold_gain":0,"player_choice":"Ignored","damage_taken":0,"max_hp_gain":0,"max_hp_loss":0,"event_name":"Liars Game","floor":5,"gold_loss":0},{"damage_healed":0,"gold_gain":0,"player_choice":"Read","damage_taken":0,"max_hp_gain":0,"max_hp_loss":0,"event_name":"The Library","floor":19,"gold_loss":0,"cards_obtained":["ReachHeaven"]},{"damage_healed":0,"gold_gain":0,"player_choice":"Fought Bandits","damage_taken":0,"max_hp_gain":0,"max_hp_loss":0,"event_name":"Masked Bandits","floor":20,"gold_loss":0},{"damage_healed":0,"gold_gain":0,"player_choice":"Obtained Relic","damage_taken":0,"relics_obtained":["Strawberry"],"max_hp_gain":0,"max_hp_loss":0,"event_name":"Addict","floor":21,"gold_loss":85}],"is_beta":false,"boss_relics":[{"not_picked":["Fusion Hammer","Tiny House"],"picked":"Astrolabe"}],"items_purged_floors":[],"is_endless":false,"potions_floor_spawned":[1,3,10,14,18],"killed_by":"3 Byrds","ascension_level":18}}