{"host":"pcbz64t4k17ey4z1","time":1612129216,"event":{"mods":["2.2 Compatiblity","AchievementEnabler","Act Like it!","Aspiration","BaseMod","Beaked The Cultist","Better Match","Better Third Choice","BetterRewards","Card Forge","Colored Map","Colored Powertips","Conspire","Disable Question Mark Monsters","Fireblade Mod","Friendly Minions","Gensokyo","GifTheSpireLib","Glutton Mod","Googly Eyes","Gremlin Mod","Hermit","Hubris","Infinite Spire","Koishi","Marisa????????","Minty Spire (QoL Compilation)","Permanent Neow","Potionbrewer","Quick Restart","Random Character Button","Rare Cards Sparkle","Relic Filter","Replay The Spire","Robot Space Explorer","Shade Mod","Shop Mod","Spicy Shops","StSLib","Stuff the Spire","SuperFastMode","The Cursed","The Druid","The Gatherer","The Hierophant","The IronCluck","The Jungle","The Marked","The Runesmith","Virulent Crown","Waifu the Spire","Wandering Minibosses"],"gold_per_floor":[111,129,142,142,158,192,210,227,227,254,268,299,317,3,3,105,105,120,120,120],"floor_reached":19,"language":"ENG","playtime":1962,"items_purged":[],"score":333,"play_id":"aa701d5c-21a7-45ed-9612-b4b53f1312c1","local_time":"20210131214016","is_ascension_mode":true,"campfire_choices":[{"floor":15,"key":"REST"}],"circlet_count":0,"master_deck":["Glutton:Strike+1","Glutton:Defend+1","Glutton:Defend+1","Glutton:Defend+1","Glutton:Fever","Glutton:FeverVisions","Glutton:Feed","Glutton:Dispepsia","Glutton:LashOut+1","Glutton:Demolish","Glutton:Bite","Glutton:Fever","Glutton:Treat","Glutton:Reminisce+1","Glutton:Clot","Glutton:Clot","Glutton:Nostalgia","Glutton:Thrombosis"],"relics":["Glutton:EternalHunger","Hammer of Thor","Seething Fire","Anvil of the Gods","infinitespire:ShieldingShard","Happy Flower","aspiration:Lifesprig","conspire:Dentures","Glutton:LuckySock","Black Star"],"acts_visited":["Exordium","TheCity"],"potions_floor_usage":[10,10,11,18],"damage_taken":[{"damage":4.0,"enemies":"Jaw Worm","floor":1.0,"turns":4.0},{"damage":8.0,"enemies":"2 Louse","floor":2.0,"turns":3.0},{"damage":8.0,"enemies":"Cultist","floor":3.0,"turns":3.0},{"damage":19.0,"enemies":"Exordium Thugs","floor":5.0,"turns":7.0},{"damage":22.0,"enemies":"3 Sentries","floor":6.0,"turns":8.0},{"damage":17.0,"enemies":"Looter","floor":7.0,"turns":3.0},{"damage":0,"enemies":"Gremlin Gang","floor":8,"turns":1},{"damage":7,"enemies":"Gremlin Nob","floor":10,"turns":3},{"damage":6,"enemies":"3 Louse","floor":11,"turns":2},{"damage":27,"enemies":"Lagavulin","floor":12,"turns":8},{"damage":14,"enemies":"2 Fungi Beasts","floor":13,"turns":4},{"damage":48,"enemies":"The Guardian","floor":16,"turns":10},{"damage":163,"enemies":"Chosen","floor":18,"turns":7},{"damage":45,"enemies":"Spheric Guardian","floor":19,"turns":3}],"seed_played":"-5318594624898207135","potions_obtained":[{"floor":3.0,"key":"CultistPotion"},{"floor":5.0,"key":"Explosive Potion"},{"floor":8,"key":"SpeedPotion"},{"floor":10,"key":"Block Potion"},{"floor":16,"key":"Fire Potion"}],"is_trial":false,"path_per_floor":["M","M","M","?","M","E","M","M","T","E","M","E","M","$","R","B",null,"M","M"],"character_chosen":"GLUTTON","items_purchased":["Glutton:LuckySock","Glutton:Clot"],"campfire_rested":1,"item_purchase_floors":[14,14],"current_hp_per_floor":[116,114,112,117,107,94,83,83,83,84,92,96,101,101,146,123,149,10,0,0],"gold":120,"neow_bonus":"TEN_PERCENT_HP_BONUS","is_daily":false,"chose_seed":false,"campfire_upgraded":0,"win_rate":0.0,"timestamp":1612129216,"path_taken":["M","M","M","?","M","E","M","M","T","E","M","E","M","$","R","BOSS","M","M"],"items_purchased_type":["Relic","Card"],"build_version":"2020-12-22","purchased_purges":0,"victory":false,"max_hp_per_floor":[132,132,132,137,140,143,143,143,143,143,143,148,153,153,153,157,157,160,164,164],"card_choices":[{"not_picked":["Glutton:Borborygmi","Glutton:PainMeditation"],"picked":"Glutton:Fever","floor":1.0},{"not_picked":["Glutton:Demolish","Glutton:Thrombosis"],"picked":"Glutton:FeverVisions","floor":2.0},{"not_picked":["Glutton:GuardStance","Glutton:Salivate"],"picked":"Glutton:Feed","floor":3.0},{"not_picked":["Glutton:Rest","Glutton:PainMeditation"],"picked":"Glutton:Dispepsia","floor":5.0},{"not_picked":["Glutton:Yearn","Glutton:Loot"],"picked":"Glutton:LashOut","floor":6.0},{"not_picked":["Glutton:Tantrum","Glutton:Brace"],"picked":"Glutton:Demolish","floor":7},{"not_picked":["Glutton:Regurgitate","Glutton:Torment"],"picked":"Glutton:Bite","floor":8},{"not_picked":["Glutton:Misery","Glutton:Hemophilia"],"picked":"Glutton:Fever","floor":10},{"not_picked":["Glutton:KneeJerk","Glutton:Borborygmi"],"picked":"Glutton:Treat","floor":11},{"not_picked":["Glutton:Loot","Glutton:Bite"],"picked":"Glutton:Reminisce","floor":12},{"not_picked":["Glutton:Throb","Glutton:Delusion"],"picked":"Glutton:Clot","floor":13},{"not_picked":["Glutton:Hemophilia","Glutton:Treasure"],"picked":"Glutton:Nostalgia","floor":16},{"not_picked":["Glutton:Bite+1","Glutton:Salivate+1"],"picked":"Glutton:Thrombosis","floor":18}],"player_experience":3393060,"relics_obtained":[{"floor":6.0,"key":"infinitespire:ShieldingShard"},{"floor":9,"key":"Happy Flower"},{"floor":10,"key":"aspiration:Lifesprig"},{"floor":12,"key":"conspire:Dentures"}],"event_choices":[{"damage_healed":0.0,"max_hp_gain":5.0,"max_hp_loss":0.0,"gold_gain":0.0,"event_name":"Big Fish","player_choice":"Donut","floor":4.0,"gold_loss":0.0,"damage_taken":0.0}],"is_beta":false,"boss_relics":[{"not_picked":["StuffTheSpire:Kangaroo","beaked:SacredDeck"],"picked":"Black Star"}],"items_purged_floors":[],"is_endless":false,"potions_floor_spawned":[3,5,8,10,16],"killed_by":"Spheric Guardian","ascension_level":6}}