{"host":"lnrxyx1mebyhalma","time":1612066651,"event":{"mods":["2.2 Compatiblity","BaseMod","Block Reminder","Colored Powertips","Minty Spire (QoL Compilation)","Rare Cards Sparkle","Smile Girya","Weighted Paths"],"gold_per_floor":[115,115,19,36,36,36,64,82,108,139,139,139,153,29,29,133,133,143,156,156,156,170,170,170],"floor_reached":23,"language":"PTB","playtime":925,"items_purged":["Strike_B"],"score":209,"play_id":"82072f3c-f10f-4f06-8303-a56ad67b6757","local_time":"20210131021731","is_ascension_mode":true,"campfire_choices":[{"data":"White Noise","floor":6,"key":"SMITH"},{"floor":12,"key":"REST"},{"floor":15,"key":"REST"}],"circlet_count":0,"master_deck":["Strike_B","Strike_B","Strike_B","Defend_B","Defend_B","Zap+1","Dualcast","White Noise+1","Defragment","Beam Cell","Heatsinks","Rainbow","Capacitor","Reprogram","Sweeping Beam","Doom and Gloom","Leap","Hyperbeam","Force Field+1","Tempest","Machine Learning"],"relics":["Cracked Core","Toy Ornithopter","Juzu Bracelet","Centennial Puzzle","Gambling Chip","Cursed Key","Enchiridion"],"acts_visited":["Exordium","TheCity"],"potions_floor_usage":[7,7,16,22,22],"damage_taken":[{"damage":0,"enemies":"Small Slimes","floor":1,"turns":2},{"damage":1,"enemies":"Cultist","floor":4,"turns":3},{"damage":26,"enemies":"Lagavulin","floor":7,"turns":5},{"damage":7,"enemies":"2 Louse","floor":8,"turns":2},{"damage":40,"enemies":"Gremlin Nob","floor":10,"turns":4},{"damage":19,"enemies":"Blue Slaver","floor":13,"turns":4},{"damage":28,"enemies":"Slime Boss","floor":16,"turns":7},{"damage":11,"enemies":"Spheric Guardian","floor":18,"turns":4},{"damage":18,"enemies":"Shell Parasite","floor":19,"turns":3},{"damage":1,"enemies":"Snake Plant","floor":22,"turns":3},{"damage":26,"enemies":"Gremlin Leader","floor":23,"turns":3}],"seed_played":"-1418383070295371199","potions_obtained":[{"floor":1,"key":"PowerPotion"},{"floor":4,"key":"AttackPotion"},{"floor":8,"key":"Swift Potion"},{"floor":18,"key":"FocusPotion"},{"floor":19,"key":"EssenceOfSteel"}],"is_trial":false,"path_per_floor":["M","?","$","M","?","R","E","M","T","E","?","R","M","$","R","B",null,"M","M","?","?","M","E"],"character_chosen":"DEFECT","items_purchased":["Defragment","Beam Cell","Leap"],"campfire_rested":2,"item_purchase_floors":[3,3,14],"current_hp_per_floor":[75,75,75,74,67,67,51,44,44,4,4,26,7,7,29,6,75,64,46,30,16,25,0,0],"gold":170,"neow_bonus":"UPGRADE_CARD","is_daily":false,"chose_seed":false,"campfire_upgraded":1,"win_rate":0.0,"timestamp":1612066651,"path_taken":["M","?","?","M","?","R","E","M","T","E","?","R","M","?","R","BOSS","M","M","?","?","M","E"],"items_purchased_type":["Card","Card","Card"],"build_version":"2020-12-22","purchased_purges":1,"victory":false,"max_hp_per_floor":[75,75,75,75,75,75,75,75,75,75,75,75,75,75,75,75,75,75,75,75,80,80,80,80],"card_choices":[{"not_picked":["Undo","Stack"],"picked":"White Noise","floor":1},{"not_picked":["Go for the Eyes","Compile Driver"],"picked":"Heatsinks","floor":4},{"not_picked":["Coolheaded","Reinforced Body"],"picked":"Rainbow","floor":7},{"not_picked":["Loop","Beam Cell"],"picked":"Capacitor","floor":8},{"not_picked":["Streamline","Cold Snap"],"picked":"Reprogram","floor":10},{"not_picked":["Steam","Hologram"],"picked":"Doom and Gloom","floor":13},{"not_picked":["All For One","Reboot"],"picked":"Hyperbeam","floor":16},{"not_picked":["Cold Snap","Gash+1"],"picked":"Force Field+1","floor":18},{"not_picked":["Go for the Eyes","Conserve Battery"],"picked":"Tempest","floor":19},{"not_picked":["Compile Driver","Go for the Eyes"],"picked":"Machine Learning","floor":22}],"player_experience":90504,"relics_obtained":[{"floor":2,"key":"Toy Ornithopter"},{"floor":7,"key":"Juzu Bracelet"},{"floor":9,"key":"Centennial Puzzle"},{"floor":10,"key":"Gambling Chip"},{"floor":20,"key":"Enchiridion"}],"event_choices":[{"damage_healed":0,"gold_gain":0,"player_choice":"Relic","damage_taken":0,"max_hp_gain":0,"max_hp_loss":0,"event_name":"Wheel of Change","floor":2,"gold_loss":0},{"cards_removed":["Defend_B"],"damage_healed":0,"gold_gain":0,"player_choice":"Card Removal","damage_taken":7,"max_hp_gain":0,"max_hp_loss":0,"event_name":"Golden Wing","floor":5,"gold_loss":0},{"damage_healed":0,"gold_gain":0,"cards_transformed":["Defend_B"],"player_choice":"Transformed","damage_taken":0,"max_hp_gain":0,"max_hp_loss":0,"event_name":"Transmorgrifier","floor":11,"gold_loss":0,"cards_obtained":["Sweeping Beam"]},{"damage_healed":0,"gold_gain":0,"player_choice":"Obtained Book","damage_taken":16,"max_hp_gain":0,"max_hp_loss":0,"event_name":"Cursed Tome","floor":20,"gold_loss":0},{"damage_healed":0,"gold_gain":0,"player_choice":"Shed Blood","damage_taken":19,"max_hp_gain":5,"max_hp_loss":0,"event_name":"Forgotten Altar","floor":21,"gold_loss":0}],"is_beta":false,"boss_relics":[{"not_picked":["Coffee Dripper","Calling Bell"],"picked":"Cursed Key"}],"items_purged_floors":[14],"is_endless":false,"potions_floor_spawned":[1,4,8,18,19],"killed_by":"Gremlin Leader","ascension_level":1}}