{"host":"yx5rao87132cy5xq","time":1612136403,"event":{"mods":["2.2 Compatiblity","AchievementEnabler","BaseMod","Bestiary","Colored Map","Colored Powertips","Minty Spire (QoL Compilation)","Quick Restart","Relic Stats","Slay-I","SuperFastMode"],"gold_per_floor":[116,128,148,168,187,187,187,187],"floor_reached":7,"language":"ENG","playtime":2786,"items_purged":[],"score":81,"play_id":"e4a1452b-60e5-4b63-92ee-0f8f1bc29d85","local_time":"20210201004003","is_ascension_mode":true,"campfire_choices":[{"data":"Iron Wave","floor":6,"key":"SMITH"}],"circlet_count":0,"master_deck":["AscendersBane","Strike_R","Strike_R","Strike_R","Strike_R","Strike_R","Defend_R","Defend_R","Defend_R","Defend_R","Bash","Feed","Reckless Charge","Warcry","Iron Wave+1","Cleave","Metallicize"],"relics":["Burning Blood"],"acts_visited":["Exordium"],"potions_floor_usage":[],"damage_taken":[{"damage":10,"enemies":"Cultist","floor":1,"turns":4},{"damage":0,"enemies":"Small Slimes","floor":2,"turns":2},{"damage":9,"enemies":"Jaw Worm","floor":3,"turns":3},{"damage":16,"enemies":"Gremlin Gang","floor":4,"turns":7},{"damage":40,"enemies":"Large Slime","floor":5,"turns":7},{"damage":29,"enemies":"Lagavulin","floor":7,"turns":7}],"seed_played":"-6058959339690574482","potions_obtained":[{"floor":3,"key":"Swift Potion"}],"is_trial":false,"path_per_floor":["M","M","M","M","M","R","E"],"character_chosen":"IRONCLAD","items_purchased":[],"campfire_rested":0,"item_purchase_floors":[],"current_hp_per_floor":[64,70,70,63,32,32,3,3],"gold":187,"neow_bonus":"ONE_RANDOM_RARE_CARD","is_daily":false,"chose_seed":false,"campfire_upgraded":1,"win_rate":0.0,"timestamp":1612136403,"path_taken":["M","M","M","M","M","R","E"],"items_purchased_type":[],"build_version":"2020-12-22","purchased_purges":0,"victory":false,"max_hp_per_floor":[75,75,78,81,84,84,84,84],"relic_stats":{"counters":[6,30],"obtain_stats":[{"Burning Blood":0},{"Burning Blood":0},{"Burning Blood":0}],"Burning Blood":30},"card_choices":[{"not_picked":["Warcry","Clothesline"],"picked":"Reckless Charge","floor":1},{"not_picked":["Havoc","Searing Blow"],"picked":"Warcry","floor":2},{"not_picked":["Havoc","Pommel Strike"],"picked":"Iron Wave","floor":3},{"not_picked":["Dropkick","Headbutt"],"picked":"Cleave","floor":4},{"not_picked":["Clash","Headbutt"],"picked":"Metallicize","floor":5}],"player_experience":954168,"relics_obtained":[],"event_choices":[],"is_beta":false,"boss_relics":[],"items_purged_floors":[],"is_endless":false,"potions_floor_spawned":[3],"killed_by":"Lagavulin","ascension_level":16}}