{"host":"m3rs92yjkwi06hli","time":1612054476,"event":{"mods":["Act Like it!","Aspiration","BaseMod","Colored Map","Conspire","Defuse TimeMaze Blight","Downfall","Energized Spire","Hubris","Infinite Spire","Minty Spire (QoL Compilation)","Relic Stats","Replay The Spire","Spicy Shops","StSLib"],"gold_per_floor":[99,111,125,2,102,136,162,187,204,204,216,216,239,273,287,287,287,287],"floor_reached":16,"language":"ENG","playtime":2362,"items_purged":[],"score":126,"play_id":"c4d9e2e9-f9de-4da9-bef0-6405a49649ab","local_time":"20210130185436","is_ascension_mode":true,"campfire_choices":[{"data":"Slimebound:Split","floor":1,"key":"SMITH"},{"floor":12,"key":"REST"}],"circlet_count":0,"master_deck":["Slimebound:Strike_Slimebound","Slimebound:Strike_Slimebound","Slimebound:Tackle","Slimebound:Defend_Slimebound","Slimebound:Defend_Slimebound","Slimebound:Defend_Slimebound","Slimebound:Defend_Slimebound","Slimebound:Split+1","Slimebound:CorrosiveSpit","Slimebound:BestDefense","Slimebound:FinishingTackle","Slimebound:RollThrough","Slimebound:OozeBath","Slimebound:DisruptingSlam","Slimebound:FinishingTackle","Slimebound:Grow","Slimebound:LivingWall","Slimebound:GoopSpray","Slimebound:RejuvenatingLick"],"relics":["Slimebound:AbsorbEndCombat","conspire:TopHat","ReplayTheSpireMod:TigerMarble","PreservedInsect","downfall:BrokenWingStatue","Bag of Marbles","Replay:Rubber Ducky"],"acts_visited":["Exordium"],"potions_floor_usage":[],"damage_taken":[{"damage":3,"enemies":"Cultist","floor":2,"turns":4},{"damage":4,"enemies":"Small Slimes","floor":3,"turns":4},{"damage":16,"enemies":"downfall:FleeingMerchant","floor":4,"turns":4},{"damage":17,"enemies":"Lagavulin","floor":6,"turns":5},{"damage":40,"enemies":"Gremlin Nob","floor":8,"turns":4},{"damage":0,"enemies":"2 Louse","floor":9,"turns":4},{"damage":14,"enemies":"Large Slime","floor":11,"turns":5},{"damage":24,"enemies":"3 Sentries","floor":14,"turns":5},{"damage":0,"enemies":"Blue Slaver","floor":15,"turns":6},{"damage":29,"enemies":"DF_ARCHETYPE_STREAMLINE","floor":16,"turns":9}],"seed_played":"-2030007702708502921","potions_obtained":[{"floor":6,"key":"GamblersBrew"},{"floor":8,"key":"hexamod:SoulburnPotion"},{"floor":11,"key":"Explosive Potion"}],"is_trial":false,"path_per_floor":["R","M","M","$","?","E","T","E","M","?","M","R","T","E","M","B"],"character_chosen":"SLIMEBOUND","items_purchased":["Slimebound:DisruptingSlam"],"campfire_rested":1,"item_purchase_floors":[4],"current_hp_per_floor":[65,65,65,53,53,42,42,11,11,11,5,24,24,8,14,0,0,0],"gold":287,"neow_bonus":"TRANSFORM_CARD","is_daily":false,"chose_seed":false,"campfire_upgraded":1,"win_rate":0.0,"timestamp":1612054476,"path_taken":["R","M","M","?","?","E","T","E","M","?","M","R","?","E","M","BOSS"],"items_purchased_type":["Card"],"build_version":"2020-12-22","purchased_purges":0,"victory":false,"max_hp_per_floor":[65,65,65,65,65,65,65,65,65,65,65,65,65,65,65,65,65,65],"relic_stats":{"counters":[10,48],"PreservedInsect":32,"obtain_stats":[{"downfall:BrokenWingStatue":10,"PreservedInsect":8,"Slimebound:AbsorbEndCombat":0,"ReplayTheSpireMod:TigerMarble":7,"Bag of Marbles":13,"conspire:TopHat":6,"Replay:Rubber Ducky":14},{"downfall:BrokenWingStatue":6,"PreservedInsect":5,"Slimebound:AbsorbEndCombat":0,"ReplayTheSpireMod:TigerMarble":4,"Bag of Marbles":7,"conspire:TopHat":4,"Replay:Rubber Ducky":8},{"downfall:BrokenWingStatue":24,"PreservedInsect":21,"Slimebound:AbsorbEndCombat":0,"ReplayTheSpireMod:TigerMarble":17,"Bag of Marbles":29,"conspire:TopHat":17,"Replay:Rubber Ducky":33}]},"card_choices":[{"not_picked":["Slimebound:HauntingLick","Slimebound:LeadByExample"],"picked":"Slimebound:FinishingTackle","floor":2},{"not_picked":["Slimebound:ItLooksTasty","Slimebound:SplitMire"],"picked":"Slimebound:RollThrough","floor":3},{"not_picked":["Slimebound:LeechEnergy","Slimebound:SamplingLick"],"picked":"Slimebound:OozeBath","floor":4},{"not_picked":["Slimebound:SplitLeeching","Slimebound:Schlurp"],"picked":"Slimebound:FinishingTackle","floor":6},{"not_picked":["Slimebound:LeechingTouch","Slimebound:Prepare"],"picked":"Slimebound:Grow","floor":8},{"not_picked":["Slimebound:LeadByExample","Slimebound:Chomp"],"picked":"Slimebound:LivingWall","floor":9},{"not_picked":["Slimebound:Chomp","Slimebound:ServeAndProtect"],"picked":"Slimebound:GoopSpray","floor":11},{"not_picked":["Slimebound:LeechEnergy","Slimebound:Recollect","Slimebound:LeechingTouch"],"picked":"SKIP","floor":14},{"not_picked":["Slimebound:ItLooksTasty","Slimebound:BestDefense"],"picked":"Slimebound:RejuvenatingLick","floor":15}],"player_experience":919484,"relics_obtained":[{"floor":6,"key":"conspire:TopHat"},{"floor":7,"key":"ReplayTheSpireMod:TigerMarble"},{"floor":8,"key":"PreservedInsect"},{"floor":13,"key":"Bag of Marbles"},{"floor":14,"key":"Replay:Rubber Ducky"}],"event_choices":[],"is_beta":false,"boss_relics":[],"items_purged_floors":[],"is_endless":false,"potions_floor_spawned":[6,8,11],"killed_by":"DF_ARCHETYPE_STREAMLINE","ascension_level":1}}