{"host":"2tgyrzvaa7l04o2e","time":1612116611,"event":{"mods":["BaseMod","Highlight Path","Minty Spire (QoL Compilation)","Permanent Neow","Relic Stats"],"gold_per_floor":[16,32,50,68,243,243,262,262,285,93,120,130,130,163,163,163,163],"floor_reached":16,"language":"ENG","playtime":541,"items_purged":["Doubt"],"score":179,"play_id":"492cb960-edd0-4419-9147-56e432254206","local_time":"20210131191011","is_ascension_mode":true,"campfire_choices":[{"data":"Magnetism","floor":6,"key":"SMITH"},{"data":"Clothesline","floor":8,"key":"SMITH"},{"data":"Body Slam","floor":13,"key":"SMITH"},{"data":"Inflame","floor":15,"key":"SMITH"}],"circlet_count":0,"master_deck":["AscendersBane","Strike_R","Strike_R","Strike_R","Strike_R","Strike_R","Defend_R","Defend_R","Defend_R","Defend_R","Bash","Magnetism+1","Headbutt","Clothesline+1","Ghostly Armor","Shrug It Off","Cleave","Inflame+1","Impervious","Body Slam+1"],"relics":["Burning Blood","Bag of Preparation","Art of War","Smiling Mask"],"acts_visited":["Exordium"],"potions_floor_usage":[3,11],"damage_taken":[{"damage":20,"enemies":"Small Slimes","floor":1,"turns":5},{"damage":7,"enemies":"Jaw Worm","floor":2,"turns":3},{"damage":3,"enemies":"2 Louse","floor":3,"turns":2},{"damage":18,"enemies":"Red Slaver","floor":4,"turns":5},{"damage":4,"enemies":"Exordium Wildlife","floor":7,"turns":4},{"damage":18,"enemies":"3 Sentries","floor":11,"turns":8},{"damage":18,"enemies":"Gremlin Gang","floor":12,"turns":4},{"damage":32,"enemies":"Gremlin Nob","floor":14,"turns":4},{"damage":33,"enemies":"Slime Boss","floor":16,"turns":3}],"seed_played":"-4677703591498662855","potions_obtained":[{"floor":1,"key":"FairyPotion"},{"floor":2,"key":"SteroidPotion"},{"floor":7,"key":"EssenceOfSteel"}],"is_trial":false,"path_per_floor":["M","M","M","M","?","R","M","R","T","$","E","M","R","E","R","B"],"character_chosen":"IRONCLAD","items_purchased":["Cleave","Inflame"],"campfire_rested":0,"item_purchase_floors":[10,10],"current_hp_per_floor":[58,57,60,48,48,48,50,50,50,50,38,26,26,30,30,0,0],"gold":163,"neow_bonus":"RANDOM_COLORLESS_2","is_daily":false,"chose_seed":false,"campfire_upgraded":4,"win_rate":0.0,"timestamp":1612116611,"path_taken":["M","M","M","M","?","R","M","R","T","$","E","M","R","E","R","BOSS"],"items_purchased_type":["Card","Card"],"build_version":"2020-12-22","purchased_purges":1,"victory":false,"max_hp_per_floor":[80,80,80,80,80,80,80,80,80,80,80,80,80,80,80,80,80],"relic_stats":{"counters":[9,38],"Bag of Preparation":[8],"Art of War":[0],"Smiling Mask":0,"obtain_stats":[{"Bag of Preparation":9,"Art of War":11,"Smiling Mask":14,"Burning Blood":0},{"Bag of Preparation":5,"Art of War":6,"Smiling Mask":8,"Burning Blood":0},{"Bag of Preparation":19,"Art of War":27,"Smiling Mask":35,"Burning Blood":0}],"Burning Blood":48},"card_choices":[{"not_picked":["Transmutation","Mayhem"],"picked":"Magnetism","floor":0},{"not_picked":["Entrench","Flex"],"picked":"Headbutt","floor":1},{"not_picked":["Sword Boomerang","Body Slam"],"picked":"Clothesline","floor":2},{"not_picked":["Warcry","Seeing Red"],"picked":"Ghostly Armor","floor":3},{"not_picked":["True Grit","Metallicize"],"picked":"Shrug It Off","floor":4},{"not_picked":["Thunderclap","Sword Boomerang","Twin Strike"],"picked":"SKIP","floor":7},{"not_picked":["Body Slam","Infernal Blade"],"picked":"Impervious","floor":11},{"not_picked":["Shrug It Off","Wild Strike"],"picked":"Body Slam","floor":12},{"not_picked":["Berserk","Infernal Blade","Twin Strike"],"picked":"SKIP","floor":14}],"player_experience":687896,"relics_obtained":[{"floor":9,"key":"Bag of Preparation"},{"floor":11,"key":"Art of War"},{"floor":14,"key":"Smiling Mask"}],"event_choices":[{"damage_healed":0,"gold_gain":175,"player_choice":"AGREE","damage_taken":0,"max_hp_gain":0,"max_hp_loss":0,"event_name":"Liars Game","floor":5,"gold_loss":0,"cards_obtained":["Doubt"]}],"is_beta":false,"boss_relics":[],"items_purged_floors":[10],"is_endless":false,"potions_floor_spawned":[1,2,7],"killed_by":"Slime Boss","ascension_level":12}}