{"host":"6xsbn6ynqlzwllfm","time":1612070001,"event":{"mods":["2.2 Compatiblity","BaseMod","Bestiary","Colored Map","Colored Powertips","Curses Come First","Highlight Path","Keyboard Shortcuts","Minty Spire (QoL Compilation)","Relic Stats","Slay the Relics Exporter","StSLib","SuperFastMode"],"gold_per_floor":[117,117,129,129,149,149,177,177,229,263,263,289,306,333,333,419,419,441,112,122,22,45,72,84,110,122,163,184,251,263,313,325,439,451,490,173,207,236,88,97,137,188,197,237,237,75,109,120,120,120,120],"floor_reached":50,"language":"ENG","playtime":1617,"items_purged":["Strike_P","Strike_P","Strike_P+1"],"score":1351,"play_id":"52b611a4-7bdd-45f4-81db-004b2c27e134","local_time":"20210131001321","is_ascension_mode":true,"campfire_choices":[{"data":"ReachHeaven","floor":6.0,"key":"SMITH"},{"data":"CrushJoints","floor":8.0,"key":"SMITH"},{"data":"LessonLearned","floor":11.0,"key":"SMITH"},{"data":"BowlingBash","floor":15.0,"key":"SMITH"},{"floor":24.0,"key":"REST"},{"floor":28.0,"key":"REST"},{"floor":30.0,"key":"REST"},{"floor":32.0,"key":"REST"},{"floor":40.0,"key":"REST"},{"floor":49,"key":"RECALL"}],"circlet_count":0,"master_deck":["AscendersBane","Defend_P+1","Defend_P+1","Defend_P+1","Defend_P+1","Eruption+1","Vigilance","EmptyFist+1","BowlingBash+1","ForeignInfluence+1","ReachHeaven+1","CrushJoints+1","LessonLearned+1","Omniscience+1","ThirdEye+1","WheelKick+1","Wallop+1","Hyperbeam","HandOfGreed","Barricade+1","Burning Pact","HandOfGreed+1","Parasite","Omniscience+1","Burst+1","Clumsy","Doppelganger","Undo+1"],"relics":["PureWater","Happy Flower","Dream Catcher","CeramicFish","Art of War","Regal Pillow","Sozu","PrismaticShard","MawBank","Vajra","Bag of Preparation","TeardropLocket","Cursed Key","DollysMirror","Akabeko","Torii","OrangePellets","Peace Pipe"],"acts_visited":["Exordium","TheCity","TheBeyond"],"potions_floor_usage":[],"damage_taken":[{"damage":0.0,"enemies":"Jaw Worm","floor":1.0,"turns":4.0},{"damage":0.0,"enemies":"Cultist","floor":3.0,"turns":2.0},{"damage":0.0,"enemies":"2 Louse","floor":5.0,"turns":2.0},{"damage":5.0,"enemies":"3 Sentries","floor":7.0,"turns":3.0},{"damage":0.0,"enemies":"Lagavulin","floor":10.0,"turns":4.0},{"damage":5.0,"enemies":"3 Sentries","floor":12.0,"turns":3.0},{"damage":6.0,"enemies":"Looter","floor":13.0,"turns":3.0},{"damage":0.0,"enemies":"Lagavulin","floor":14.0,"turns":4.0},{"damage":53.0,"enemies":"The Guardian","floor":16.0,"turns":12.0},{"damage":11.0,"enemies":"2 Thieves","floor":18.0,"turns":2.0},{"damage":8.0,"enemies":"Shell Parasite","floor":20.0,"turns":3.0},{"damage":6.0,"enemies":"Snake Plant","floor":22.0,"turns":3.0},{"damage":22.0,"enemies":"Book of Stabbing","floor":23.0,"turns":4.0},{"damage":22.0,"enemies":"Snecko","floor":25.0,"turns":6.0},{"damage":0.0,"enemies":"Gremlin Leader","floor":27.0,"turns":3.0},{"damage":8.0,"enemies":"Slavers","floor":29.0,"turns":8.0},{"damage":20.0,"enemies":"Shelled Parasite and Fungi","floor":31.0,"turns":3.0},{"damage":40.0,"enemies":"Collector","floor":33.0,"turns":6.0},{"damage":0.0,"enemies":"Orb Walker","floor":35.0,"turns":2.0},{"damage":0.0,"enemies":"3 Darklings","floor":37.0,"turns":3.0},{"damage":5.0,"enemies":"Writhing Mass","floor":38.0,"turns":6.0},{"damage":1.0,"enemies":"Reptomancer","floor":41.0,"turns":5.0},{"damage":0,"enemies":"4 Shapes","floor":42,"turns":6},{"damage":1,"enemies":"Nemesis","floor":44,"turns":3},{"damage":15,"enemies":"Mind Bloom Boss Battle","floor":47,"turns":3},{"damage":9,"enemies":"Jaw Worm Horde","floor":48,"turns":3},{"damage":68,"enemies":"Time Eater","floor":50,"turns":5}],"seed_played":"-2540129953310206998","potions_obtained":[{"floor":3.0,"key":"ColorlessPotion"},{"floor":5.0,"key":"BottledMiracle"},{"floor":12.0,"key":"Regen Potion"},{"floor":13.0,"key":"Explosive Potion"}],"is_trial":false,"path_per_floor":["M","?","M","?","M","R","E","R","T","E","R","E","M","E","R","B",null,"M","$","M","$","M","E","R","M","T","E","R","E","R","M","R","B",null,"M","$","M","M","$","R","E","M","T","E","?","$","?","M","R","B"],"character_chosen":"WATCHER","items_purchased":["PrismaticShard","WheelKick","Wallop","HandOfGreed","DollysMirror","OrangePellets"],"campfire_rested":5,"item_purchase_floors":[19,19,19,36,39,46],"current_hp_per_floor":[67,67,67,67,67,67,62,62,62,62,62,57,51,63,63,10,58,47,47,39,39,33,11,48,26,26,26,63,55,74,54,74,34,64,64,64,64,59,59,74,73,73,73,72,72,72,57,48,48,0,0],"gold":120,"neow_bonus":"TEN_PERCENT_HP_BONUS","is_daily":false,"chose_seed":false,"campfire_upgraded":4,"win_rate":0.0,"timestamp":1612070001,"path_taken":["M","?","?","?","M","R","E","R","T","E","R","E","M","E","R","BOSS","M","$","M","$","M","E","R","M","T","E","R","E","R","M","R","BOSS","M","$","M","M","$","R","E","M","T","E","?","$","?","M","R","BOSS"],"items_purchased_type":["Relic","Card","Card","Card","Relic","Relic"],"build_version":"2020-12-22","purchased_purges":3,"victory":false,"max_hp_per_floor":[74,74,74,74,74,74,74,74,74,74,74,74,74,74,74,74,74,74,74,74,74,74,74,74,74,74,74,74,74,74,74,74,74,74,74,74,74,74,74,74,74,74,74,74,74,74,74,74,74,74,74],"relic_stats":{"Regal Pillow":30,"Happy Flower":[33],"Torii":3,"counters":[27,111],"CeramicFish":153,"Bag of Preparation":[24],"MawBank":156,"Cursed Key":1,"Sozu":7,"Peace Pipe":0,"OrangePellets":[0],"Dream Catcher":5,"Art of War":[18],"obtain_stats":[{"Regal Pillow":14,"Happy Flower":7,"Torii":44,"CeramicFish":10,"Vajra":26,"Bag of Preparation":27,"TeardropLocket":29,"PrismaticShard":19,"MawBank":23,"Cursed Key":34,"Akabeko":41,"Sozu":17,"Peace Pipe":47,"OrangePellets":46,"Dream Catcher":9,"DollysMirror":39,"Art of War":12,"PureWater":0},{"Regal Pillow":8,"Happy Flower":4,"Torii":24,"CeramicFish":5,"Vajra":14,"Bag of Preparation":15,"TeardropLocket":16,"PrismaticShard":10,"MawBank":13,"Cursed Key":18,"Akabeko":22,"Sozu":9,"Peace Pipe":25,"OrangePellets":24,"Dream Catcher":4,"DollysMirror":21,"Art of War":6,"PureWater":0},{"Regal Pillow":25,"Happy Flower":11,"Torii":100,"CeramicFish":15,"Vajra":55,"Bag of Preparation":58,"TeardropLocket":66,"PrismaticShard":39,"MawBank":49,"Cursed Key":75,"Akabeko":91,"Sozu":37,"Peace Pipe":103,"OrangePellets":100,"Dream Catcher":11,"DollysMirror":86,"Art of War":18,"PureWater":0}]},"card_choices":[{"not_picked":["Nirvana","Crescendo"],"picked":"EmptyFist","floor":1.0},{"not_picked":["CutThroughFate","ReachHeaven"],"picked":"BowlingBash","floor":3.0},{"not_picked":["Swivel","FlurryOfBlows"],"picked":"ReachHeaven","floor":5.0},{"not_picked":["Crescendo","Perseverance"],"picked":"CrushJoints","floor":7.0},{"not_picked":["Weave","Swivel"],"picked":"LessonLearned","floor":10.0},{"not_picked":["Tantrum","BowlingBash","Weave"],"picked":"SKIP","floor":14.0},{"not_picked":["MasterReality","Establishment"],"picked":"Omniscience","floor":16.0},{"not_picked":["MentalFortress","Vengeance"],"picked":"ThirdEye+1","floor":18.0},{"not_picked":["Pommel Strike","Armaments+1"],"picked":"Hyperbeam","floor":22.0},{"not_picked":["Steam","Turbo","Second Wind"],"picked":"SKIP","floor":23.0},{"not_picked":["Prostrate+1","WheelKick"],"picked":"HandOfGreed","floor":28.0},{"not_picked":["BowlingBash","Flex","Slice"],"picked":"SKIP","floor":31.0},{"not_picked":["Corruption","Machine Learning"],"picked":"Barricade","floor":33.0},{"not_picked":["Deflect","CrushJoints"],"picked":"Burning Pact","floor":35.0},{"not_picked":["Body Slam","Crescendo","Acrobatics"],"picked":"SKIP","floor":38.0},{"not_picked":["Disarm+1","PiercingWail"],"picked":"Wraith Form v2","floor":40.0},{"not_picked":["Bane","Cold Snap+1"],"picked":"Burst","floor":41.0},{"not_picked":["Armaments","Sword Boomerang"],"picked":"Doppelganger","floor":44},{"not_picked":["Protect","Dagger Spray"],"picked":"Undo+1","floor":47}],"player_experience":1322386,"relics_obtained":[{"floor":7.0,"key":"Happy Flower"},{"floor":9.0,"key":"Dream Catcher"},{"floor":10.0,"key":"CeramicFish"},{"floor":12.0,"key":"Art of War"},{"floor":14.0,"key":"Regal Pillow"},{"floor":23.0,"key":"MawBank"},{"floor":26.0,"key":"Vajra"},{"floor":27.0,"key":"Bag of Preparation"},{"floor":29.0,"key":"TeardropLocket"},{"floor":41.0,"key":"Akabeko"},{"floor":44,"key":"Torii"},{"floor":47,"key":"Peace Pipe"}],"event_choices":[{"damage_healed":0.0,"max_hp_gain":0.0,"max_hp_loss":0.0,"gold_gain":0.0,"event_name":"Upgrade Shrine","player_choice":"Upgraded","floor":2.0,"gold_loss":0.0,"damage_taken":0.0,"cards_upgraded":["EmptyFist"]},{"damage_healed":0.0,"max_hp_gain":0.0,"max_hp_loss":0.0,"gold_gain":0.0,"cards_transformed":["Strike_P"],"event_name":"Living Wall","player_choice":"Change","floor":4.0,"gold_loss":0.0,"damage_taken":0.0,"cards_obtained":["ForeignInfluence"]},{"cards_removed":["Wraith Form v2"],"damage_healed":0,"gold_gain":0,"player_choice":"Removed Power","damage_taken":0,"max_hp_gain":0,"max_hp_loss":0,"event_name":"Falling","floor":45,"gold_loss":0},{"damage_healed":0,"gold_gain":0,"player_choice":"Fight","damage_taken":0,"max_hp_gain":0,"max_hp_loss":0,"event_name":"MindBloom","floor":47,"gold_loss":0}],"is_beta":false,"boss_relics":[{"not_picked":["VioletLotus","Empty Cage"],"picked":"Sozu"},{"not_picked":["Snecko Eye","Runic Dome"],"picked":"Cursed Key"}],"items_purged_floors":[19,21,36],"is_endless":false,"potions_floor_spawned":[3,5,12,13,23,27,31,37,41,42,48],"killed_by":"Time Eater","ascension_level":20}}