{"host":"rk1e5mmpnpniq13w","time":1612124682,"event":{"mods":["BaseMod","Colored Powertips","Hubris","Minty Spire (QoL Compilation)","Replay The Spire","StSLib","The Bug Knight"],"gold_per_floor":[117,117,192,211,228,228,255,288,314,325,28,44,60,60,60],"floor_reached":14,"language":"ENG","playtime":551,"items_purged":["Strike_B"],"score":106,"play_id":"ae184804-1a25-4376-aba3-1848507d9917","local_time":"20210131152442","is_ascension_mode":true,"campfire_choices":[{"data":"ReplayGash","floor":6,"key":"SMITH"}],"circlet_count":0,"master_deck":["Strike_B+1","Strike_B","Strike_B","Defend_B","Defend_B","Defend_B","Defend_B","Zap+1","Dualcast","Hyperbeam","Melter","ReplayGash+1","White Noise","ReplaySolidLightProjector","Undo","Scrape","BootSequence","Rebound"],"relics":["Cracked Core","Odd Mushroom","Replay:Antivirus Software","Geode","DataDisk"],"acts_visited":["Exordium"],"potions_floor_usage":[8],"damage_taken":[{"damage":0,"enemies":"2 Louse","floor":1,"turns":1},{"damage":3,"enemies":"Small Slimes","floor":4,"turns":3},{"damage":7,"enemies":"Jaw Worm","floor":5,"turns":2},{"damage":0,"enemies":"The Mushroom Lair","floor":7,"turns":2},{"damage":18,"enemies":"Lagavulin","floor":8,"turns":7},{"damage":0,"enemies":"2 Fungi Beasts","floor":10,"turns":2},{"damage":6,"enemies":"Looter","floor":12,"turns":2},{"damage":3,"enemies":"Large Slime","floor":13,"turns":3},{"damage":26,"enemies":"Replay:BlueRogue","floor":14,"turns":3}],"seed_played":"-7841353185340731568","potions_obtained":[{"floor":1,"key":"Explosive Potion"},{"floor":5,"key":"SteroidPotion"},{"floor":8,"key":"Fire Potion"},{"floor":13,"key":"Fire Potion"}],"is_trial":false,"path_per_floor":["M","?","?","M","M","R","?","E","T","M","$","M","M","E"],"character_chosen":"DEFECT","items_purchased":["DataDisk","Scrape"],"campfire_rested":0,"item_purchase_floors":[11,11],"current_hp_per_floor":[75,60,49,46,39,39,39,21,21,21,21,15,12,0,0],"gold":60,"neow_bonus":"ONE_RANDOM_RARE_CARD","is_daily":false,"chose_seed":false,"campfire_upgraded":1,"win_rate":0.0,"timestamp":1612124682,"path_taken":["M","?","?","?","M","R","?","E","T","M","$","M","M","E"],"items_purchased_type":["Relic","Card"],"build_version":"2020-12-22","purchased_purges":1,"victory":false,"max_hp_per_floor":[75,75,75,75,75,75,75,75,75,75,75,75,75,75,75],"card_choices":[{"not_picked":["Gash","Skim"],"picked":"Melter","floor":1},{"not_picked":["Darkness","Beam Cell"],"picked":"ReplayGash","floor":4},{"not_picked":["Hologram","Chaos"],"picked":"White Noise","floor":5},{"not_picked":["Leap","Panic Button"],"picked":"ReplaySolidLightProjector","floor":7},{"not_picked":["Sunder","Turbo","Genetic Algorithm"],"picked":"SKIP","floor":8},{"not_picked":["Melter","BasicCrystalCard"],"picked":"Undo","floor":10},{"not_picked":["hubris:Ukulele","Beam Cell"],"picked":"BootSequence","floor":12},{"not_picked":["Panic Button","Hyperbeam"],"picked":"Rebound","floor":13}],"player_experience":401769,"relics_obtained":[{"floor":7,"key":"Odd Mushroom"},{"floor":8,"key":"Replay:Antivirus Software"},{"floor":9,"key":"Geode"}],"event_choices":[{"damage_healed":0,"gold_gain":0,"player_choice":"Entered Light","damage_taken":15,"max_hp_gain":0,"max_hp_loss":0,"event_name":"Shining Light","floor":2,"gold_loss":0,"cards_upgraded":["Strike_B","Zap"]},{"damage_healed":0,"gold_gain":75,"player_choice":"Gather Gold","damage_taken":11,"max_hp_gain":0,"max_hp_loss":0,"event_name":"World of Goop","floor":3,"gold_loss":0},{"damage_healed":0,"gold_gain":0,"player_choice":"Fought Mushrooms","damage_taken":0,"max_hp_gain":0,"max_hp_loss":0,"event_name":"Mushrooms","floor":7,"gold_loss":0}],"is_beta":false,"boss_relics":[],"items_purged_floors":[11],"is_endless":false,"potions_floor_spawned":[1,5,8,13],"killed_by":"Replay:BlueRogue","ascension_level":3}}