{"host":"rk1e5mmpnpniq13w","time":1612122611,"event":{"mods":["BaseMod","Colored Powertips","Hubris","Minty Spire (QoL Compilation)","Replay The Spire","StSLib","The Bug Knight"],"gold_per_floor":[112,179,199,199,213,213,238,238,307,307,40,40,61,89,89,194,194,213,227,227,244,244,244],"floor_reached":22,"language":"ENG","playtime":1709,"items_purged":["Strike_R"],"score":250,"play_id":"0c9f1575-7674-40e1-befa-01add005d62e","local_time":"20210131145011","is_ascension_mode":true,"campfire_choices":[{"data":"ReplayTheSpireMod:LeadingStrike","floor":6,"key":"SMITH"},{"floor":8,"key":"REST"},{"data":"Entrench","floor":10,"key":"SMITH"},{"floor":15,"key":"REST"}],"circlet_count":0,"master_deck":["Strike_R","Defend_R","Defend_R","Defend_R","Defend_R","Bash","Cleave","Entrench+1","Pommel Strike","ReplayTheSpireMod:LeadingStrike+1","ReplayTheSpireMod:Limb From Limb","Limit Break","Clothesline","Juggernaut","Heavy Blade","Pummel","Dropkick+1"],"relics":["Burning Blood","hubris:BottledRain","hubris:Spice","Replay:Bottled Steam","The Courier","hubris:Metronome","Odd Mushroom","ReplayTheSpireMod:Lightbulb","Replay:Grab Bag","Coffee Dripper","Sozu","Replay:Drink Me"],"acts_visited":["Exordium","TheCity"],"potions_floor_usage":[16,16],"damage_taken":[{"damage":7,"enemies":"Jaw Worm","floor":1,"turns":5},{"damage":7,"enemies":"Small Slimes","floor":3,"turns":4},{"damage":1,"enemies":"Cultist","floor":5,"turns":3},{"damage":58,"enemies":"Gremlin Nob","floor":7,"turns":5},{"damage":11,"enemies":"The Mushroom Lair","floor":13,"turns":3},{"damage":10,"enemies":"3 Sentries","floor":14,"turns":6},{"damage":38,"enemies":"Fading Forest","floor":16,"turns":11},{"damage":0,"enemies":"Spheric Guardian","floor":18,"turns":2},{"damage":0,"enemies":"Chosen","floor":19,"turns":3},{"damage":24,"enemies":"Snake Plant","floor":21,"turns":2},{"damage":5,"enemies":"Centurion and Healer","floor":22,"turns":2}],"seed_played":"-3340889949996280279","potions_obtained":[{"floor":2,"key":"Regen Potion"},{"floor":14,"key":"Fire Potion"},{"floor":16,"key":"Block Potion"}],"is_trial":false,"path_per_floor":["M","?","M","?","M","R","E","R","T","R","$","?","?","E","R","B",null,"M","M","?","M","M"],"character_chosen":"IRONCLAD","items_purchased":["hubris:Metronome"],"campfire_rested":2,"item_purchase_floors":[11],"current_hp_per_floor":[79,57,56,61,66,66,14,42,42,42,42,42,37,33,61,52,67,72,72,66,48,43,43],"gold":244,"neow_bonus":"TEN_PERCENT_HP_BONUS","is_daily":false,"chose_seed":false,"campfire_upgraded":2,"win_rate":0.0,"timestamp":1612122611,"path_taken":["M","?","M","?","M","R","E","R","T","R","$","?","?","E","R","BOSS","M","M","?","M","M"],"items_purchased_type":["Relic"],"build_version":"2020-12-22","purchased_purges":1,"victory":false,"max_hp_per_floor":[88,88,88,96,96,96,96,96,96,96,96,96,96,96,96,96,72,72,72,72,72,72,72],"card_choices":[{"not_picked":["Twin Strike","Run Through"],"picked":"Cleave","floor":1},{"not_picked":["Body Slam","Clash"],"picked":"Entrench","floor":2},{"not_picked":["Headbutt","Fire Breathing"],"picked":"Pommel Strike","floor":3},{"not_picked":["ReplayTheSpireMod:Limb From Limb","Massacre"],"picked":"ReplayTheSpireMod:LeadingStrike","floor":5},{"not_picked":["Pommel Strike","Havoc"],"picked":"ReplayTheSpireMod:Limb From Limb","floor":7},{"not_picked":["Clash","Wild Strike"],"picked":"Limit Break","floor":13},{"not_picked":["ReplayTheSpireMod:Muscle Training","Armaments"],"picked":"Clothesline","floor":14},{"not_picked":["Eclipse","hubris:StunningStrike"],"picked":"Juggernaut","floor":16},{"not_picked":["Rupture","Warcry"],"picked":"Heavy Blade","floor":18},{"not_picked":["Clash","Clothesline"],"picked":"Pummel","floor":19},{"not_picked":["Power Through","True Grit"],"picked":"Dropkick+1","floor":21}],"player_experience":398568,"relics_obtained":[{"floor":2,"key":"hubris:BottledRain"},{"floor":7,"key":"Replay:Bottled Steam"},{"floor":9,"key":"The Courier"},{"floor":13,"key":"Odd Mushroom"},{"floor":14,"key":"ReplayTheSpireMod:Lightbulb"}],"event_choices":[{"damage_healed":0,"gold_gain":0,"player_choice":"Success","damage_taken":3,"relics_obtained":["hubris:Spice"],"max_hp_gain":0,"max_hp_loss":0,"event_name":"Scrap Ooze","floor":4,"gold_loss":0},{"damage_healed":0,"gold_gain":0,"player_choice":"Ignored","damage_taken":0,"max_hp_gain":0,"max_hp_loss":0,"event_name":"Liars Game","floor":12,"gold_loss":0},{"damage_healed":0,"gold_gain":0,"player_choice":"Fought Mushrooms","damage_taken":0,"max_hp_gain":0,"max_hp_loss":0,"event_name":"Mushrooms","floor":13,"gold_loss":0},{"damage_healed":0,"gold_gain":0,"player_choice":"","damage_taken":6,"max_hp_gain":0,"max_hp_loss":0,"event_name":"Knowing Skull","floor":20,"potions_obtained":[],"gold_loss":0,"cards_obtained":[]}],"is_beta":false,"boss_relics":[{"not_picked":["ChewingGum","Honey Jar"],"picked":"Replay:Grab Bag"},{"not_picked":["Philosopher\u0027s Stone","Electric Blood"],"picked":"Coffee Dripper"},{"not_picked":["ReplayTheSpireMod:Onyx Gauntlets","hubris:VirtuousBlindfold"],"picked":"Sozu"},{"not_picked":["Snecko Eye","Kintsugi"],"picked":"Replay:Drink Me"}],"items_purged_floors":[11],"is_endless":false,"potions_floor_spawned":[14,16,21],"killed_by":"Centurion and Healer","ascension_level":6}}