{"host":"u7t6gtnp6lus9at9","time":1612131174,"event":{"mods":["AchievementEnabler","Act Like it!","BaseMod","Card Forge","Colored Map","Colored Powertips","Custom Start","Downfall","Minty Spire (QoL Compilation)","Practice Mode","Replay The Spire","Shop Mod","StSLib"],"gold_per_floor":[117,132,182,195,215,215,246,259,339,339,407,529,236,280,280,411,411,424,474,497,547,561,595,611,652,675,695,709,775,775,811,893,1036,1048,1079,1141,781,831,845,885,989,1030,1030,1065,760,780,780,805,805,805,805,805,333,372,372],"floor_reached":56,"language":"ENG","playtime":3550,"items_purged":[],"score":1943,"play_id":"a455e814-2281-48a2-930a-21e12e6284a9","local_time":"20210131201254","is_ascension_mode":true,"campfire_choices":[{"floor":6.0,"key":"RECALL"},{"data":"1","floor":10.0,"key":"LIFT"},{"data":"2","floor":15.0,"key":"LIFT"},{"data":"3","floor":30.0,"key":"LIFT"}],"circlet_count":0,"master_deck":["A Thousand Cuts+1","Accuracy+1","After Image+1","Blade Dance+1","Cloak And Dagger+1","Hidden Blade+1","Infinite Blades+1","Prepared+1","ReplayTheSpireMod:Scrap Shanks+1","ReplayTheSpireMod:Shiv Toss+1","Storm of Steel+1","Tactician+1","Tools of the Trade+1"],"relics":["Ring of the Snake","Hammer of Thor","Seething Fire","Anvil of the Gods","NeowsBlessing","Mummified Hand","Ornamental Fan","Kunai","Shuriken","Nunchaku","Pen Nib","WristBlade","Golden Idol","MealTicket","Happy Flower","Tiny Chest","Sundial","Membership Card","Ninja Scroll","SsserpentHead","Girya","Pantograph","Replay:Multitool","PrismaticShard","Happy Flower","Boot","Coffee Dripper","MutagenicStrength","Bird Faced Urn","Lizard Tail","MealTicket","MawBank","SacredBark","Replay:WaspNest","Bottled Tornado","Turnip","Ring of Hypnosis","ReplayTheSpireMod:Ring of Collecting","ReplayTheSpireMod:TigerMarble","Potion Belt","Blood Vial","Black Blood","Black Blood","Black Star","Burning Blood","Replay:PocketPolymizer","Onion Ring","Ring of Fury","Letter Opener","Gremlin Food","Orichalcum","Omamori","Toy Ornithopter","Guide Book","Basket Of Snakes","Mercury Hourglass","Lee\u0027s Waffle","The Specimen","Bronze Scales"],"acts_visited":["Exordium","TheCity","TheBeyond","TheEnding"],"potions_floor_usage":[50,55,55,55,55],"damage_taken":[{"damage":0.0,"enemies":"Small Slimes","floor":1.0,"turns":1.0},{"damage":0.0,"enemies":"Jaw Worm","floor":4.0,"turns":1.0},{"damage":0.0,"enemies":"Cultist","floor":5.0,"turns":1.0},{"damage":0.0,"enemies":"Lagavulin","floor":7.0,"turns":2.0},{"damage":0.0,"enemies":"3 Louse","floor":8.0,"turns":1.0},{"damage":0.0,"enemies":"Blue Slaver","floor":11.0,"turns":1.0},{"damage":0.0,"enemies":"Gremlin Nob","floor":14.0,"turns":1.0},{"damage":0.0,"enemies":"Slime Boss","floor":16.0,"turns":1.0},{"damage":18.0,"enemies":"2 Thieves","floor":18.0,"turns":2.0},{"damage":0.0,"enemies":"3 Byrds","floor":20.0,"turns":1.0},{"damage":0.0,"enemies":"Shelled Parasite and Fungi","floor":22.0,"turns":1.0},{"damage":7.0,"enemies":"Book of Stabbing","floor":23.0,"turns":3.0},{"damage":0.0,"enemies":"Cultist and Chosen","floor":24.0,"turns":1.0},{"damage":0.0,"enemies":"Gremlin Leader","floor":25.0,"turns":2.0},{"damage":0.0,"enemies":"Snake Plant","floor":27.0,"turns":2.0},{"damage":0.0,"enemies":"Centurion and Healer","floor":28.0,"turns":1.0},{"damage":0.0,"enemies":"Snecko","floor":29.0,"turns":1.0},{"damage":0.0,"enemies":"Book of Stabbing","floor":31.0,"turns":2.0},{"damage":0.0,"enemies":"Pondfish","floor":33.0,"turns":2.0},{"damage":0.0,"enemies":"3 Shapes","floor":35.0,"turns":1.0},{"damage":0.0,"enemies":"3 Darklings","floor":39.0,"turns":2.0},{"damage":7.0,"enemies":"R_Hoarder","floor":40.0,"turns":4.0},{"damage":0.0,"enemies":"Giant Head","floor":42.0,"turns":2.0},{"damage":0.0,"enemies":"R_Hoarder","floor":44.0,"turns":2.0},{"damage":0.0,"enemies":"Jaw Worm Horde","floor":46.0,"turns":1.0},{"damage":0.0,"enemies":"Transient","floor":48.0,"turns":2.0},{"damage":0,"enemies":"Donu and Deca","floor":50,"turns":2},{"damage":15,"enemies":"Shield and Spear","floor":54,"turns":3},{"damage":34,"enemies":"The Heart","floor":55,"turns":3}],"seed_played":"5858350464193134285","potions_obtained":[{"floor":1.0,"key":"BlessingOfTheForge"},{"floor":8.0,"key":"Dexterity Potion"},{"floor":11.0,"key":"Slimebound:ThreeZeroPotion"},{"floor":18.0,"key":"LiquidBronze"},{"floor":23.0,"key":"Elixir"},{"floor":25.0,"key":"Dexterity Potion"},{"floor":28.0,"key":"Swift Potion"},{"floor":40.0,"key":"Adrenaline Potion"},{"floor":44.0,"key":"FairyPotion"},{"floor":47.0,"key":"AttackPotion"},{"floor":48.0,"key":"LiquidBronze"},{"floor":52,"key":"SmokeBomb"},{"floor":52,"key":"CultistPotion"},{"floor":54,"key":"BlessingOfTheForge"}],"is_trial":false,"path_per_floor":["M","?","?","M","M","R","E","M","T","R","M","T","$","E","R","B",null,"M","?","M","?","M","E","M","E","T","M","M","M","R","E","R","B",null,"M","T","$","?","M","E","R","E","T","E","$","M","R","M","R","B",null,"R","$","E","B",null],"character_chosen":"THE_SILENT","items_purchased":["Replay:Multitool","PrismaticShard","Happy Flower","Bottled Tornado","Turnip","Toxic Potion","Reflective Coating","sneckomod:MuddlingPotion","Omamori","Toy Ornithopter","Guide Book","SpeedPotion","SkillPotion","BlessingOfTheForge","Basket Of Snakes","Mercury Hourglass","Lee\u0027s Waffle","FairyPotion","Block Potion","EssenceOfSteel"],"campfire_rested":0,"item_purchase_floors":[13,13,13,37,37,37,37,37,45,45,45,45,45,45,53,53,53,53,53,53],"current_hp_per_floor":[70,70,70,70,70,70,70,70,70,70,70,70,70,70,70,70,70,52,52,52,46,46,39,49,61,61,70,70,70,70,70,70,70,70,70,70,70,70,70,65,37,70,70,70,70,70,70,70,60,70,70,70,77,77,76],"gold":372,"neow_bonus":"THREE_ENEMY_KILL","is_daily":false,"chose_seed":false,"campfire_upgraded":0,"win_rate":0.0,"timestamp":1612131174,"path_taken":["M","?","?","M","M","R","E","M","T","R","?","?","$","E","R","BOSS","M","?","M","?","M","E","M","E","T","M","M","?","R","E","R","BOSS","M","?","$","?","M","E","R","E","T","E","$","M","R","M","R","BOSS","R","$","E","BOSS"],"items_purchased_type":["Relic","Relic","Relic","Relic","Relic","Potion","Potion","Potion","Relic","Relic","Relic","Potion","Potion","Potion","Relic","Relic","Relic","Potion","Potion","Potion"],"build_version":"2020-12-22","purchased_purges":0,"victory":true,"max_hp_per_floor":[70,70,70,70,70,70,70,70,70,70,70,70,70,70,70,70,70,70,70,70,70,70,70,70,70,70,70,70,70,70,70,70,70,70,70,70,70,70,70,70,70,70,70,70,70,70,70,70,70,70,70,70,77,77,77],"card_choices":[{"not_picked":["Distraction","Catalyst","PiercingWail"],"picked":"SKIP","floor":1.0},{"not_picked":["Flying Knee","Flechettes","Prepared"],"picked":"SKIP","floor":4.0},{"not_picked":["Outmaneuver","Blade Dance","PiercingWail"],"picked":"SKIP","floor":5.0},{"not_picked":["Predator","Backflip","Underhanded Strike"],"picked":"SKIP","floor":7.0},{"not_picked":["Poisoned Stab","Blade Dance","Fluid Movement"],"picked":"SKIP","floor":8.0},{"not_picked":["Terror","Cloak And Dagger","Dagger Throw"],"picked":"SKIP","floor":11.0},{"not_picked":["bronze:Assembly","Hyperbeam","hexamod:ChargedBarrage"],"picked":"SKIP","floor":14.0},{"not_picked":["sneckomod:Unknown2Cost+1","bronze:DelayedSlice","sneckomod:UnknownClassGUARDIAN"],"picked":"SKIP","floor":18.0},{"not_picked":["champ:CrownThrow","Outmaneuver+1","Flash of Steel"],"picked":"SKIP","floor":20.0},{"not_picked":["Barrage","Sucker Punch","EmptyFist"],"picked":"SKIP","floor":22.0},{"not_picked":["champ:SetATrap","bronze:Iterate+1","Slimebound:PressTheAttack+1"],"picked":"SKIP","floor":23.0},{"not_picked":["Double Energy","Guardian:VentSteam","sneckomod:Nope"],"picked":"SKIP","floor":24.0},{"not_picked":["expansioncontent:QuickStudy","Go for the Eyes","hexamod:GhostShield"],"picked":"SKIP","floor":25.0},{"not_picked":["Beam Cell","sneckomod:UnknownClassBLUE","Guardian:Incinerate"],"picked":"SKIP","floor":27.0},{"not_picked":["Anger+1","Slimebound:SplitAcid","Guardian:Gem_Yellow"],"picked":"SKIP","floor":28.0},{"not_picked":["Slimebound:SpikyOuterGoop","sneckomod:SoulRoll","champ:ShieldWall"],"picked":"SKIP","floor":29.0},{"not_picked":["bronze:FollowUp","Turbo+1","Warcry"],"picked":"SKIP","floor":31.0},{"not_picked":["Conserve Battery","Nirvana+1","Bloodletting"],"picked":"SKIP","floor":35.0},{"not_picked":["bronze:BronzeArmor+1","Body Slam+1","Perfected Strike"],"picked":"SKIP","floor":39.0},{"not_picked":["Guardian:Suspension","Blizzard+1","sneckomod:QuickMove+1"],"picked":"SKIP","floor":40.0},{"not_picked":["Blade Dance","bronze:Deprecate","Undo"],"picked":"SKIP","floor":42.0},{"not_picked":["champ:DeathBlow+1","champ:StanceDance+1","ReplayTheSpireMod:Exploit Weakness"],"picked":"SKIP","floor":44.0},{"not_picked":["hexamod:ThermalTransfer+1","Hidden Blade+1","bronze:Shell+1"],"picked":"SKIP","floor":46.0},{"not_picked":["ReplayTheSpireMod:Necrogeddon","Slimebound:GoopSpray","Deadly Poison"],"picked":"SKIP","floor":48.0},{"not_picked":["Reprogram","Infinite Blades+1","sneckomod:UnknownClassGUARDIAN"],"picked":"SKIP","floor":54}],"player_experience":199088,"relics_obtained":[{"floor":7.0,"key":"Girya"},{"floor":12.0,"key":"Pantograph"},{"floor":14.0,"key":"Boot"},{"floor":23.0,"key":"Bird Faced Urn"},{"floor":25.0,"key":"Lizard Tail"},{"floor":26.0,"key":"MealTicket"},{"floor":31.0,"key":"MawBank"},{"floor":36.0,"key":"Replay:WaspNest"},{"floor":38.0,"key":"Ring of Hypnosis"},{"floor":38.0,"key":"ReplayTheSpireMod:Ring of Collecting"},{"floor":40.0,"key":"ReplayTheSpireMod:TigerMarble"},{"floor":41.0,"key":"Potion Belt"},{"floor":42.0,"key":"Replay:PocketPolymizer"},{"floor":42.0,"key":"Onion Ring"},{"floor":43.0,"key":"Ring of Fury"},{"floor":43.0,"key":"Letter Opener"},{"floor":44.0,"key":"Gremlin Food"},{"floor":44.0,"key":"Orichalcum"},{"floor":54,"key":"The Specimen"},{"floor":54,"key":"Bronze Scales"}],"event_choices":[{"damage_healed":17.0,"max_hp_gain":0.0,"max_hp_loss":0.0,"gold_gain":0.0,"event_name":"The Cleric","player_choice":"Healed","floor":2.0,"gold_loss":35.0,"damage_taken":0.0},{"damage_healed":0.0,"max_hp_gain":0.0,"max_hp_loss":0.0,"gold_gain":0.0,"event_name":"Match and Keep!","player_choice":"0 cards matched","floor":3.0,"gold_loss":0.0,"damage_taken":0.0,"cards_obtained":[]},{"damage_healed":0.0,"max_hp_gain":0.0,"max_hp_loss":0.0,"gold_gain":0.0,"event_name":"Drug Dealer","player_choice":"Inject Mutagens","floor":19.0,"gold_loss":0.0,"damage_taken":0.0,"relics_obtained":["MutagenicStrength"]},{"damage_healed":0.0,"max_hp_gain":0.0,"max_hp_loss":0.0,"gold_gain":0.0,"event_name":"Knowing Skull","player_choice":"","floor":21.0,"potions_obtained":[],"gold_loss":0.0,"damage_taken":6.0,"cards_obtained":[]},{"damage_healed":0.0,"max_hp_gain":0.0,"max_hp_loss":0.0,"gold_gain":0.0,"event_name":"SensoryStone","player_choice":"Memory 3","floor":49.0,"gold_loss":0.0,"damage_taken":10.0}],"is_beta":false,"boss_relics":[{"not_picked":["Honey Jar","Busted Crown"],"picked":"Coffee Dripper"},{"not_picked":["ChewingGum","Snecko Scales"],"picked":"SacredBark"}],"items_purged_floors":[],"is_endless":false,"potions_floor_spawned":[1,8,11,18,23,25,28,40,44,48,54],"ascension_level":2}}