{"host":"b2j09bgckbzjrujr","time":1640951237,"event":{"mods":["AchievementEnabler","Aspiration","BaseMod","BetterRewards","Colored Map","Colored Powertips","Conspire","Friendly Minions","Infinite Spire","Marisa£®ÏF”Í°°ƒß¿Ì…≥£©","Minty Spire (QoL Compilation)","Quick Restart","Rare Cards Sparkle","Reimu£®≤©¿ˆ¡È√Œ£©","Remilia£®¿Ÿ√◊¿Ú—«£©","Replay The Spire","Shop Mod","StSLib","SuperFastMode","TestMod","The Cursed","The Jungle","The Servant 0.9.4","Waifu the Spire","Youmu£®ªÍ∆«—˝√Œ£©","Yuyuko"],"gold_per_floor":[109,109,129,129,54,88,88,104,158,11,81,81,111,122,122,217,217,231,244,280,280,298,327,341,367,393,393,393,411,156,169,169,271,271,282,297,297,697,713,741,741,774,797,836,288,288,312,312,312,321,321],"floor_reached":50,"language":"ZHS","playtime":1531,"items_purged":["Strike_R","Gluttony_TH","Pain","Strike_R","Defend_R"],"score":982,"play_id":"540df97f-47b7-40f4-92c8-60c7353ed790","local_time":"20211231194717","is_ascension_mode":true,"campfire_choices":[{"data":"Bash","floor":7,"key":"SMITH"},{"floor":12,"key":"RECALL"},{"floor":15,"key":"DIG"},{"floor":28,"key":"REST"},{"floor":41,"key":"REST"},{"data":"Defend_R","floor":49,"key":"SMITH"}],"circlet_count":0,"master_deck":["Strike_R","Strike_R","Strike_R","Defend_R+1","Defend_R","Defend_R","Bash+1","Languid","Pot Of Greed","Pot Of Greed","infinitespire:FutureSight","testmod-LifeRuler","infinitespire:Fortify"],"relics":["Burning Blood","testmod-GiftOfSatan","NeowsBlessing","Ring of Fury","ReplayTheSpireMod:Ring of Exchange","ReplayTheSpireMod:Spearhead","Oddly Smooth Stone","King of Hearts","testmod-Laevatain","infinitespire:Beetle Shell","conspire:TreasureMap","Grinning Jar","StoneCalendar","aspiration:HatOfInfinitePower","infinitespire:Joker Card","aspiration:FrozenJewel","MerchantsRug","testmod-Prudence","aspiration:TomeofQuesting","testmod-Acrobat","ReplayTheSpireMod:Lightbulb","Replay:Mystery Machine","Red Skull","infinitespire:Lucky Rock","Another Sword"],"acts_visited":["Exordium","TheCity","TheBeyond"],"potions_floor_usage":[6,13,16,23,25,25,33,33,39,40,42,45,45,50,50,50],"damage_taken":[{"damage":0.0,"enemies":"2 Louse","floor":1.0,"turns":1.0},{"damage":0.0,"enemies":"Cultist","floor":3.0,"turns":1.0},{"damage":0,"enemies":"3 Sentries","floor":6,"turns":2},{"damage":4,"enemies":"Jaw Worm","floor":8,"turns":3},{"damage":16,"enemies":"Gremlin Nob","floor":13,"turns":3},{"damage":0,"enemies":"Exordium Wildlife","floor":14,"turns":1},{"damage":49,"enemies":"Hexaghost","floor":16,"turns":5},{"damage":12,"enemies":"Chosen","floor":18,"turns":3},{"damage":2,"enemies":"2 Thieves","floor":19,"turns":1},{"damage":52,"enemies":"conspire:MimicChest","floor":20,"turns":5},{"damage":51,"enemies":"Cultist and Chosen","floor":22,"turns":5},{"damage":6,"enemies":"Gremlin Leader","floor":23,"turns":4},{"damage":12,"enemies":"Snecko","floor":24,"turns":4},{"damage":53,"enemies":"Nightmare","floor":25,"turns":5},{"damage":16,"enemies":"Chosen and Byrds","floor":29,"turns":3},{"damage":22,"enemies":"Snake Plant","floor":31,"turns":2},{"damage":75,"enemies":"Champ","floor":33,"turns":7},{"damage":16,"enemies":"Orb Walker","floor":35,"turns":3},{"damage":19,"enemies":"3 Darklings","floor":36,"turns":4},{"damage":74,"enemies":"Writhing Mass","floor":39,"turns":5},{"damage":40,"enemies":"Giant Head","floor":40,"turns":6},{"damage":10,"enemies":"R_Hoarder","floor":42,"turns":5},{"damage":44,"enemies":"Giant Head","floor":44,"turns":6},{"damage":37,"enemies":"Jaw Worm Horde","floor":47,"turns":3},{"damage":92,"enemies":"conspire:OrnateMirror","floor":50,"turns":4}],"seed_played":"-7825139038531096213","potions_obtained":[{"floor":6,"key":"Fruit Juice"},{"floor":8,"key":"Elixir"},{"floor":13,"key":"testmod-SpacePotion"},{"floor":22,"key":"Fire Potion"},{"floor":23,"key":"infinitespire:BlackPotion"},{"floor":24,"key":"LifebloodPotion"},{"floor":25,"key":"Swift Potion"},{"floor":31,"key":"Adrenaline Potion"},{"floor":35,"key":"ZuzhouPotion:ReiMu"},{"floor":39,"key":"Energy Potion"},{"floor":40,"key":"Milkshake"},{"floor":47,"key":"SpeedPotion"}],"is_trial":false,"path_per_floor":["M","?","M","?","$","E","R","M","T","$","T","R","E","M","R_BF","B",null,"M","M","?","AVR","M","E","M","NM","T","?","R","M","$","M","R_BF","B",null,"M","M","?","?","M","E","R","E","T","E","$","?","M","AVR","R","B"],"character_chosen":"IRONCLAD","items_purchased":["King of Hearts","MerchantsRug","Red Skull","infinitespire:Lucky Rock","EntropicBrew","LiquidBronze"],"campfire_rested":2,"item_purchase_floors":[10,30,45,45,45,45],"current_hp_per_floor":[78,78,80,80,80,85,85,85,85,85,85,85,75,81,81,53,77,79,83,55,55,28,44,68,21,21,21,49,65,65,61,61,94,102,100,92,92,92,24,23,54,87,87,61,82,82,69,69,69,0,0],"gold":321,"neow_bonus":"THREE_ENEMY_KILL","is_daily":false,"chose_seed":false,"campfire_upgraded":2,"win_rate":0.0,"timestamp":1640951237,"path_taken":["M","?","?","?","$","E","R","M","T","?","?","R","E","M","R_BF","BOSS","M","M","?","AVR","?","E","M","NM","T","?","R","?","?","?","R_BF","BOSS","M","M","?","?","M","E","R","E","T","E","$","?","M","AVR","R","BOSS"],"items_purchased_type":["Relic","Relic","Relic","Relic","Potion","Potion"],"build_version":"2020-12-22","purchased_purges":5,"victory":false,"max_hp_per_floor":[80,80,80,80,80,85,85,85,85,85,85,85,85,85,85,85,85,85,85,90,90,90,90,95,95,95,95,95,100,100,105,105,105,105,105,105,105,105,105,105,105,105,105,105,105,105,105,105,105,105,105],"card_choices":[{"not_picked":["Replay:Undeath\u0027s Touch","True Grit","Twin Strike"],"picked":"SKIP","floor":1.0},{"not_picked":["Replay:Undeath\u0027s Touch","True Grit","Twin Strike"],"picked":"SKIP","floor":1.0},{"not_picked":["Run Through","Perfected Strike","ReplayReversal"],"picked":"SKIP","floor":3.0},{"not_picked":["Clothesline","Burning Pact","Sentinel"],"picked":"SKIP","floor":6},{"not_picked":["Entrench","Iron Wave","ReplayReversal"],"picked":"SKIP","floor":8},{"not_picked":["Combust","Carnage","Ghostly Armor"],"picked":"SKIP","floor":13},{"not_picked":["Pommel Strike","Shockwave","Iron Wave"],"picked":"SKIP","floor":14},{"not_picked":["Replay:Undeath\u0027s Touch+1","Infernal Blade","Run Through"],"picked":"SKIP","floor":18},{"not_picked":["Havoc","Body Slam","Perfected Strike"],"picked":"SKIP","floor":19},{"not_picked":["Shrug It Off+1","Clothesline+1","Perfected Strike"],"picked":"SKIP","floor":22},{"not_picked":["Replay:Undeath\u0027s Touch+1","Twin Strike","Sword Boomerang"],"picked":"SKIP","floor":23},{"not_picked":["Spot Weakness","Warcry","Hemokinesis+1"],"picked":"SKIP","floor":24},{"not_picked":["Infernal Blade","infinitespire:OneForAll","Replay:Undeath\u0027s Touch+1"],"picked":"SKIP","floor":25},{"not_picked":["Infernal Blade","infinitespire:OneForAll","Replay:Undeath\u0027s Touch+1"],"picked":"SKIP","floor":25},{"not_picked":["Iron Wave+1","Disarm+1","Pummel"],"picked":"SKIP","floor":29},{"not_picked":["True Grit","Warcry","Thunderclap"],"picked":"SKIP","floor":31},{"not_picked":["Anger","ReplayTheSpireMod:Strike From Hell","Havoc+1"],"picked":"SKIP","floor":35},{"not_picked":["Second Wind+1","Perfected Strike","Armaments+1"],"picked":"SKIP","floor":36},{"not_picked":["Wild Strike+1","Shrug It Off","Anger+1"],"picked":"SKIP","floor":39},{"not_picked":["Fire Breathing+1","Offering","Perfected Strike"],"picked":"SKIP","floor":40},{"not_picked":["Twin Strike+1","Anger+1","Fire Breathing"],"picked":"SKIP","floor":42},{"not_picked":["Run Through+1","Carnage+1","Shrug It Off+1"],"picked":"SKIP","floor":44},{"not_picked":["testmod-PainDetonator","testmod-EternalityOfKhronos"],"picked":"testmod-LifeRuler","floor":46},{"not_picked":["True Grit+1","Anger","Warcry"],"picked":"SKIP","floor":47}],"player_experience":63171,"relics_obtained":[{"floor":4.0,"key":"Ring of Fury"},{"floor":4.0,"key":"ReplayTheSpireMod:Ring of Exchange"},{"floor":6,"key":"ReplayTheSpireMod:Spearhead"},{"floor":9,"key":"Oddly Smooth Stone"},{"floor":13,"key":"testmod-Laevatain"},{"floor":15,"key":"infinitespire:Beetle Shell"},{"floor":20,"key":"Grinning Jar"},{"floor":23,"key":"aspiration:HatOfInfinitePower"},{"floor":25,"key":"infinitespire:Joker Card"},{"floor":26,"key":"aspiration:FrozenJewel"},{"floor":40,"key":"aspiration:TomeofQuesting"},{"floor":42,"key":"testmod-Acrobat"},{"floor":43,"key":"ReplayTheSpireMod:Lightbulb"},{"floor":44,"key":"Replay:Mystery Machine"}],"event_choices":[{"damage_healed":0.0,"max_hp_gain":0.0,"max_hp_loss":0.0,"gold_gain":0.0,"event_name":"Transmorgrifier","player_choice":"Ignored","floor":2.0,"gold_loss":0.0,"damage_taken":0.0},{"damage_healed":0,"gold_gain":0,"player_choice":"0 cards matched","damage_taken":0,"max_hp_gain":0,"max_hp_loss":0,"event_name":"Match and Keep!","floor":27,"gold_loss":0,"cards_obtained":[]},{"damage_healed":0,"gold_gain":0,"player_choice":"Ignored","damage_taken":0,"max_hp_gain":0,"max_hp_loss":0,"event_name":"Transmorgrifier","floor":32,"gold_loss":0},{"damage_healed":0,"gold_gain":0,"player_choice":"Ignored","damage_taken":0,"max_hp_gain":0,"max_hp_loss":0,"event_name":"Tomb of Lord Red Mask","floor":37,"gold_loss":0},{"damage_healed":0,"gold_gain":400,"player_choice":"Sell","damage_taken":0,"max_hp_gain":0,"max_hp_loss":0,"event_name":"∂˜¬ÂÀπµƒ≈Ã◊”","floor":38,"relics_lost":["testmod-TestBox"],"gold_loss":0},{"damage_healed":0,"gold_gain":0,"player_choice":"Memory 1","damage_taken":0,"max_hp_gain":0,"max_hp_loss":0,"event_name":"SensoryStone","floor":46,"gold_loss":0}],"is_beta":false,"boss_relics":[{"not_picked":["Empty Cage","Replay:Lucky Slots"],"picked":"conspire:TreasureMap"},{"not_picked":["Cauldron","Strange Spoon"],"picked":"testmod-Prudence"}],"items_purged_floors":[5,21,30,45,48],"is_endless":true,"potions_floor_spawned":[6,8,13,22,23,24,25,31,35,39,40,47],"killed_by":"conspire:OrnateMirror","ascension_level":7}}