{"host":"88sw61cmk1203zgj","time":1612073494,"event":{"mods":["BaseMod","Minty Spire (QoL Compilation)"],"gold_per_floor":[116,116,130,150,165,495,239,273,299,299,317,282,316,329,329,406,406,426,295,310,310,92,92,92,105,105,105,123,123,153,20,20,93,93,106,123,123,123,35,35,62,62,86,86,113,113,23,56,56,56,56,56,20,45,45,45],"floor_reached":55,"language":"ENG","playtime":3506,"items_purged":["Strike_G","Strike_G","Writhe","Strike_G","Strike_G+1"],"score":1492,"play_id":"a47924b6-baa9-43a2-8127-674e7edf410b","local_time":"20210131011134","is_ascension_mode":true,"campfire_choices":[{"floor":10.0,"key":"REST"},{"data":"Footwork","floor":15.0,"key":"SMITH"},{"data":"Footwork","floor":24.0,"key":"SMITH"},{"data":"Bouncing Flask","floor":27.0,"key":"SMITH"},{"floor":32.0,"key":"REST"},{"floor":40.0,"key":"RECALL"},{"data":"Sadistic Nature","floor":46,"key":"SMITH"},{"data":"PiercingWail","floor":49,"key":"SMITH"},{"floor":52,"key":"REST"}],"circlet_count":0,"master_deck":["AscendersBane","Defend_G+1","Defend_G+1","Defend_G+1","Defend_G+1","Defend_G+1","Survivor+1","Neutralize+1","Dagger Throw+1","Underhanded Strike+1","Dash+1","PiercingWail+1","Footwork+1","Bouncing Flask+1","Footwork+1","Noxious Fumes+1","Malaise+1","Adrenaline+1","Calculated Gamble+1","Master of Strategy+1","Deadly Poison+1","Backflip+1","Footwork+1","Noxious Fumes+1","Footwork+1","Leg Sweep+1","Noxious Fumes+1","Acrobatics+1","Deadly Poison+1","Sadistic Nature+1","PiercingWail+1","Crippling Poison","After Image"],"relics":["Ring of the Snake","Old Coin","Membership Card","Bronze Scales","Bag of Preparation","Juzu Bracelet","SlaversCollar","Bag of Marbles","Molten Egg 2","NlothsMask","War Paint","Runic Dome","Mark of the Bloom","Oddly Smooth Stone","Tough Bandages","Snake Skull","Potion Belt","Letter Opener"],"acts_visited":["Exordium","TheCity","TheBeyond","TheEnding"],"potions_floor_usage":[54,55],"damage_taken":[{"damage":0.0,"enemies":"2 Louse","floor":1.0,"turns":4.0},{"damage":0.0,"enemies":"Cultist","floor":3.0,"turns":3.0},{"damage":0.0,"enemies":"Jaw Worm","floor":4.0,"turns":3.0},{"damage":0.0,"enemies":"Large Slime","floor":5.0,"turns":6.0},{"damage":20.0,"enemies":"Gremlin Nob","floor":6.0,"turns":4.0},{"damage":20.0,"enemies":"3 Sentries","floor":8.0,"turns":9.0},{"damage":2.0,"enemies":"Exordium Wildlife","floor":11.0,"turns":4.0},{"damage":8.0,"enemies":"Gremlin Nob","floor":13.0,"turns":4.0},{"damage":2.0,"enemies":"Exordium Thugs","floor":14.0,"turns":4.0},{"damage":28.0,"enemies":"The Guardian","floor":16.0,"turns":10.0},{"damage":0.0,"enemies":"Shell Parasite","floor":18.0,"turns":8.0},{"damage":1.0,"enemies":"Chosen","floor":20.0,"turns":6.0},{"damage":6.0,"enemies":"Centurion and Healer","floor":25.0,"turns":10.0},{"damage":26.0,"enemies":"3 Cultists","floor":28.0,"turns":5.0},{"damage":0.0,"enemies":"Book of Stabbing","floor":30.0,"turns":5.0},{"damage":0.0,"enemies":"Champ","floor":33.0,"turns":13.0},{"damage":0.0,"enemies":"Orb Walker","floor":35.0,"turns":5.0},{"damage":0.0,"enemies":"3 Shapes","floor":36.0,"turns":7.0},{"damage":3.0,"enemies":"Giant Head","floor":41.0,"turns":10.0},{"damage":0,"enemies":"Reptomancer","floor":45,"turns":5},{"damage":0,"enemies":"Nemesis","floor":48,"turns":7},{"damage":11,"enemies":"Time Eater","floor":50,"turns":11},{"damage":38,"enemies":"Shield and Spear","floor":54,"turns":7},{"damage":43,"enemies":"The Heart","floor":55,"turns":2}],"seed_played":"8303913367209432494","potions_obtained":[{"floor":3.0,"key":"Energy Potion"},{"floor":6.0,"key":"Fire Potion"},{"floor":8.0,"key":"GamblersBrew"},{"floor":30.0,"key":"Block Potion"},{"floor":35.0,"key":"LiquidMemories"},{"floor":54,"key":"Regen Potion"}],"is_trial":false,"path_per_floor":["M","?","M","M","M","E","$","E","T","R","M","?","E","M","R","B",null,"M","$","M","?","$","?","R","M","T","R","M","?","E","$","R","B",null,"M","M","?","?","$","R","E","?","T","?","E","R","$","E","R","B",null,"R","$","E","B"],"character_chosen":"THE_SILENT","items_purchased":["Membership Card","Bouncing Flask","Footwork","Master of Strategy","Molten Egg 2","Backflip","Leg Sweep","Noxious Fumes","Snake Skull","PiercingWail","Crippling Poison"],"campfire_rested":3,"item_purchase_floors":[7,7,7,19,22,22,31,31,47,47,53],"current_hp_per_floor":[63,63,63,63,63,43,43,23,23,44,42,42,34,32,32,4,54,54,54,53,53,53,53,53,47,47,47,21,21,21,21,42,42,63,63,63,63,63,63,63,60,60,60,60,60,60,60,60,60,49,49,49,49,11,0,0],"gold":45,"neow_bonus":"UPGRADE_CARD","is_daily":false,"chose_seed":false,"campfire_upgraded":5,"win_rate":0.0,"timestamp":1612073494,"path_taken":["M","?","M","M","?","E","$","E","T","R","M","?","E","M","R","BOSS","M","$","M","?","$","?","R","M","T","R","M","?","E","?","R","BOSS","M","M","?","?","?","R","E","?","T","?","E","R","?","E","R","BOSS","R","$","E","BOSS"],"items_purchased_type":["Relic","Card","Card","Card","Relic","Card","Card","Card","Relic","Card","Card"],"build_version":"2020-12-22","purchased_purges":5,"victory":false,"max_hp_per_floor":[70,70,70,70,70,70,70,70,70,70,70,70,70,70,70,70,70,70,70,70,70,70,70,70,70,70,70,70,70,70,70,70,70,70,70,70,70,70,70,70,70,70,70,70,70,70,70,70,70,70,70,70,70,70,70,70],"card_choices":[{"not_picked":["Outmaneuver","Blade Dance"],"picked":"Dagger Throw","floor":1.0},{"not_picked":["Choke","Flechettes"],"picked":"Underhanded Strike","floor":3.0},{"not_picked":["Dodge and Roll","Well Laid Plans"],"picked":"Dash","floor":4.0},{"not_picked":["Cloak And Dagger","Endless Agony"],"picked":"PiercingWail","floor":5.0},{"not_picked":["Deadly Poison","Accuracy"],"picked":"Footwork","floor":6.0},{"not_picked":["Blade Dance","Dagger Throw","Endless Agony"],"picked":"SKIP","floor":8.0},{"not_picked":["Backflip","Tactician"],"picked":"Noxious Fumes","floor":11.0},{"not_picked":["Heel Hook","Skewer"],"picked":"Malaise","floor":13.0},{"not_picked":["Backflip","Choke","Finisher"],"picked":"SKIP","floor":14.0},{"not_picked":["Envenom","Storm of Steel"],"picked":"Adrenaline","floor":16.0},{"not_picked":["Acrobatics","Bane"],"picked":"Calculated Gamble","floor":18.0},{"not_picked":["Quick Slash","Masterful Stab"],"picked":"Deadly Poison","floor":20.0},{"not_picked":["Poisoned Stab+1","Dagger Throw+1"],"picked":"Footwork+1","floor":25.0},{"not_picked":["Prepared","Distraction"],"picked":"Noxious Fumes","floor":28.0},{"not_picked":["Predator+1","Backflip"],"picked":"Footwork+1","floor":30.0},{"not_picked":["Heel Hook+1","Cloak And Dagger","Poisoned Stab+1"],"picked":"SKIP","floor":35.0},{"not_picked":["Tactician","Deflect"],"picked":"Acrobatics+1","floor":36.0},{"not_picked":["Heel Hook+1","Outmaneuver"],"picked":"Deadly Poison+1","floor":41.0},{"not_picked":["Purity","Jack Of All Trades"],"picked":"Sadistic Nature","floor":42.0},{"not_picked":["Expertise","A Thousand Cuts","Poisoned Stab+1"],"picked":"SKIP","floor":45},{"not_picked":["Bane+1","Night Terror","Blade Dance"],"picked":"SKIP","floor":48},{"not_picked":["Poisoned Stab+1","Deadly Poison"],"picked":"After Image","floor":54}],"player_experience":1544421,"relics_obtained":[{"floor":6.0,"key":"Old Coin"},{"floor":8.0,"key":"Bronze Scales"},{"floor":9.0,"key":"Bag of Preparation"},{"floor":13.0,"key":"Juzu Bracelet"},{"floor":30.0,"key":"War Paint"},{"floor":41.0,"key":"Oddly Smooth Stone"},{"floor":45,"key":"Tough Bandages"},{"floor":48,"key":"Potion Belt"},{"floor":54,"key":"Letter Opener"}],"event_choices":[{"damage_healed":0.0,"max_hp_gain":0.0,"max_hp_loss":0.0,"gold_gain":0.0,"event_name":"Accursed Blacksmith","player_choice":"Forge","floor":2.0,"gold_loss":0.0,"damage_taken":0.0,"cards_upgraded":["Dagger Throw"]},{"damage_healed":0.0,"max_hp_gain":0.0,"max_hp_loss":0.0,"gold_gain":0.0,"event_name":"World of Goop","player_choice":"Left Gold","floor":12.0,"gold_loss":35.0,"damage_taken":0.0},{"damage_healed":0.0,"max_hp_gain":0.0,"max_hp_loss":0.0,"gold_gain":0.0,"event_name":"The Mausoleum","player_choice":"Opened","floor":21.0,"gold_loss":0.0,"damage_taken":0.0,"relics_obtained":["Bag of Marbles"],"cards_obtained":["Writhe"]},{"damage_healed":0.0,"max_hp_gain":0.0,"max_hp_loss":0.0,"gold_gain":0.0,"event_name":"FaceTrader","player_choice":"Trade","floor":23.0,"gold_loss":0.0,"damage_taken":0.0,"relics_obtained":["NlothsMask"]},{"cards_removed":["Strike_G"],"damage_healed":0.0,"max_hp_gain":0.0,"max_hp_loss":0.0,"gold_gain":0.0,"event_name":"Bonfire Elementals","player_choice":"Offered Basic","floor":29.0,"gold_loss":0.0,"damage_taken":0.0},{"damage_healed":0.0,"max_hp_gain":0.0,"max_hp_loss":0.0,"gold_gain":0.0,"event_name":"Mysterious Sphere","player_choice":"Ignored","floor":37.0,"gold_loss":0.0,"damage_taken":0.0},{"damage_healed":0.0,"max_hp_gain":0.0,"max_hp_loss":0.0,"gold_gain":0.0,"event_name":"MindBloom","player_choice":"Upgrade","floor":38.0,"gold_loss":0.0,"damage_taken":0.0,"cards_upgraded":["Strike_G","Defend_G","Defend_G","Defend_G","Survivor","Underhanded Strike","Dash","PiercingWail","Noxious Fumes","Malaise","Adrenaline","Calculated Gamble","Master of Strategy","Deadly Poison","Backflip","Noxious Fumes","Leg Sweep","Noxious Fumes"],"relics_obtained":["Mark of the Bloom"]},{"damage_healed":0.0,"max_hp_gain":0.0,"max_hp_loss":0.0,"gold_gain":0.0,"event_name":"SensoryStone","player_choice":"Memory 1","floor":42.0,"gold_loss":0.0,"damage_taken":0.0},{"damage_healed":0.0,"max_hp_gain":0.0,"max_hp_loss":0.0,"gold_gain":0.0,"event_name":"The Woman in Blue","player_choice":"Bought 0 Potions","floor":44.0,"gold_loss":0.0,"damage_taken":0.0}],"is_beta":false,"boss_relics":[{"not_picked":["Coffee Dripper","HoveringKite"],"picked":"SlaversCollar"},{"not_picked":["Snecko Eye","Pandora\u0027s Box"],"picked":"Runic Dome"}],"items_purged_floors":[7,19,22,31,39],"is_endless":false,"potions_floor_spawned":[3,6,8,13,30,35,45,54],"killed_by":"The Heart","ascension_level":13}}