{"host":"yqw1zpryoutrnocq","time":1612063080,"event":{"mods":["2.2 Compatiblity","AchievementEnabler","BaseMod","Colored Map","Custom Start","DeckTracker","Minty Spire (QoL Compilation)","StSLib","SuperFastMode"],"gold_per_floor":[16,31,46,64,81,116,116,136,136,136,136],"floor_reached":10,"language":"KOR","playtime":349,"items_purged":[],"score":94,"play_id":"20668867-52dd-454f-a279-d787c0d1299b","local_time":"20210130211800","is_ascension_mode":true,"campfire_choices":[{"data":"Noxious Fumes","floor":7,"key":"SMITH"}],"circlet_count":0,"master_deck":["Strike_G","Strike_G","Strike_G","Defend_G","Defend_G","Defend_G","Defend_G","Defend_G","Survivor","Neutralize","Deadly Poison","Masterful Stab","Backflip","Quick Slash","Prepared","Noxious Fumes+1","Deflect"],"relics":["Ring of the Snake","Lizard Tail","Kunai"],"acts_visited":["Exordium"],"potions_floor_usage":[4,5,6],"damage_taken":[{"damage":8,"enemies":"Jaw Worm","floor":1,"turns":7},{"damage":11,"enemies":"Small Slimes","floor":2,"turns":4},{"damage":0,"enemies":"2 Louse","floor":3,"turns":2},{"damage":0,"enemies":"Blue Slaver","floor":4,"turns":4},{"damage":3,"enemies":"Large Slime","floor":5,"turns":6},{"damage":34,"enemies":"Lagavulin","floor":6,"turns":9},{"damage":11,"enemies":"3 Louse","floor":8,"turns":4},{"damage":31,"enemies":"3 Sentries","floor":10,"turns":6}],"seed_played":"3457773711844567612","potions_obtained":[{"floor":1,"key":"Energy Potion"},{"floor":3,"key":"LiquidMemories"},{"floor":5,"key":"Block Potion"}],"is_trial":false,"path_per_floor":["M","M","M","M","M","E","R","M","T","E"],"character_chosen":"THE_SILENT","items_purchased":[],"campfire_rested":0,"item_purchase_floors":[],"current_hp_per_floor":[55,44,44,44,41,7,7,31,31,0,0],"gold":136,"neow_bonus":"REMOVE_TWO","is_daily":false,"chose_seed":false,"campfire_upgraded":1,"win_rate":0.0,"timestamp":1612063080,"path_taken":["M","M","M","M","M","E","R","M","T","E"],"items_purchased_type":[],"build_version":"2020-12-22","purchased_purges":0,"victory":false,"max_hp_per_floor":[70,70,70,70,70,70,70,70,70,70,70],"card_choices":[{"not_picked":["Dagger Throw","Bane"],"picked":"Deadly Poison","floor":1},{"not_picked":["Underhanded Strike","Sucker Punch"],"picked":"Masterful Stab","floor":2},{"not_picked":["Infinite Blades","Concentrate"],"picked":"Backflip","floor":3},{"not_picked":["Bane","Prepared"],"picked":"Quick Slash","floor":4},{"not_picked":["Accuracy","Flying Knee"],"picked":"Prepared","floor":5},{"not_picked":["Dagger Spray","Escape Plan"],"picked":"Noxious Fumes","floor":6},{"not_picked":["Underhanded Strike","Quick Slash"],"picked":"Deflect","floor":8}],"player_experience":246712,"relics_obtained":[{"floor":6,"key":"Lizard Tail"},{"floor":9,"key":"Kunai"}],"event_choices":[],"is_beta":false,"boss_relics":[],"items_purged_floors":[],"is_endless":false,"potions_floor_spawned":[1,3,5],"killed_by":"3 Sentries","ascension_level":6}}