{"host":"d2y4rmbezebiv8aj","time":1612056935,"event":{"mods":["AchievementEnabler","BaseMod","Bestiary","BetterRewards","Colored Map","Colored Powertips","Custom Start","Highlight Path","Minty Spire (QoL Compilation)","Quick Restart","Rare Cards Sparkle","Relic Sorter","Relic Stats","Shop Mod","Slay-I","StSLib","SuperFastMode"],"gold_per_floor":[119,135,135,149,11,39,39,39,39,39,53,53,29,39,39,135,135,151,151,165,12,31,31,31,31],"floor_reached":24,"language":"DEU","playtime":714,"items_purged":[],"score":319,"play_id":"1e7fc0c0-2a1e-4fe5-bea4-f378d7729b6d","local_time":"20210131023535","is_ascension_mode":true,"campfire_choices":[{"data":"Flying Knee","floor":7,"key":"SMITH"},{"floor":10,"key":"REST"},{"data":"Accuracy","floor":15,"key":"SMITH"},{"floor":23,"key":"REST"}],"circlet_count":0,"master_deck":["AscendersBane","Strike_G","Strike_G","Strike_G","Defend_G+1","Defend_G","Defend_G+1","Defend_G","Defend_G","Survivor","Neutralize","Accuracy","All Out Attack","Dagger Spray","Blade Dance","Accuracy+1","Flying Knee+1","Leg Sweep","Backflip","Parasite","Outmaneuver","Slice","Storm of Steel","Accuracy","Accuracy","Backflip","Deflect"],"relics":["Ring of the Snake","NeowsBlessing","Gambling Chip","Sundial","Black Star","MealTicket"],"acts_visited":["Exordium","TheCity"],"potions_floor_usage":[6,18,24],"damage_taken":[{"damage":0.0,"enemies":"Jaw Worm","floor":1.0,"turns":1.0},{"damage":0.0,"enemies":"Cultist","floor":2.0,"turns":1.0},{"damage":0.0,"enemies":"Small Slimes","floor":4.0,"turns":1.0},{"damage":33,"enemies":"Lagavulin","floor":6,"turns":8},{"damage":0,"enemies":"2 Fungi Beasts","floor":11,"turns":3},{"damage":2,"enemies":"Blue Slaver","floor":14,"turns":6},{"damage":37,"enemies":"The Guardian","floor":16,"turns":16},{"damage":2,"enemies":"3 Byrds","floor":18,"turns":6},{"damage":29,"enemies":"Chosen","floor":20,"turns":7},{"damage":18,"enemies":"Sentry and Sphere","floor":22,"turns":5},{"damage":33,"enemies":"Shelled Parasite and Fungi","floor":24,"turns":4}],"seed_played":"-7134502073459596757","potions_obtained":[{"floor":1.0,"key":"Dexterity Potion"},{"floor":2.0,"key":"SkillPotion"},{"floor":6,"key":"LiquidMemories"},{"floor":14,"key":"PowerPotion"},{"floor":22,"key":"LiquidMemories"}],"is_trial":false,"path_per_floor":["M","M","?","M","$","E","R","?","T","R","M","?","$","M","R","B",null,"M","?","M","$","M","R","M"],"character_chosen":"THE_SILENT","items_purchased":["Blade Dance","Accuracy","Flying Knee","Outmaneuver","MealTicket"],"campfire_rested":2,"item_purchase_floors":[5,5,5,13,21],"current_hp_per_floor":[63,63,63,63,63,30,30,16,16,37,37,54,54,52,52,15,56,54,54,25,25,7,28,0,0],"gold":31,"neow_bonus":"THREE_ENEMY_KILL","is_daily":false,"chose_seed":false,"campfire_upgraded":2,"win_rate":0.0,"timestamp":1612056935,"path_taken":["M","M","?","M","?","E","R","?","T","R","M","?","$","M","R","BOSS","M","?","M","?","M","R","M"],"items_purchased_type":["Card","Card","Card","Card","Relic"],"build_version":"2020-12-22","purchased_purges":0,"victory":false,"max_hp_per_floor":[70,70,70,70,70,70,70,70,70,70,70,70,70,70,70,70,70,70,70,70,70,70,70,70,70],"relic_stats":{"counters":[11,58],"Sundial":[6],"Gambling Chip":[21],"MealTicket":0,"Black Star":0,"obtain_stats":[{"NeowsBlessing":0,"Sundial":9,"Gambling Chip":6,"MealTicket":21,"Black Star":17,"Ring of the Snake":0},{"NeowsBlessing":0,"Sundial":4,"Gambling Chip":4,"MealTicket":9,"Black Star":7,"Ring of the Snake":0},{"NeowsBlessing":0,"Sundial":11,"Gambling Chip":11,"MealTicket":49,"Black Star":36,"Ring of the Snake":0}],"Ring of the Snake":[22]},"card_choices":[{"not_picked":["Concentrate","Deadly Poison"],"picked":"Accuracy","floor":1.0},{"not_picked":["PiercingWail","Quick Slash"],"picked":"All Out Attack","floor":2.0},{"not_picked":["Expertise","Sucker Punch"],"picked":"Dagger Spray","floor":4.0},{"not_picked":["Escape Plan","Flechettes"],"picked":"Leg Sweep","floor":6},{"not_picked":["Choke","Dodge and Roll"],"picked":"Backflip","floor":11},{"not_picked":["Bane","Backflip"],"picked":"Slice","floor":14},{"not_picked":["Wraith Form v2","Glass Knife"],"picked":"Storm of Steel","floor":16},{"not_picked":["Flechettes","Dodge and Roll"],"picked":"Accuracy","floor":18},{"not_picked":["Quick Slash","Reflex+1"],"picked":"Backflip","floor":20},{"not_picked":["Masterful Stab","Caltrops"],"picked":"Deflect","floor":22}],"player_experience":388687,"relics_obtained":[{"floor":6,"key":"Gambling Chip"},{"floor":9,"key":"Sundial"}],"event_choices":[{"cards_removed":["Strike_G"],"damage_healed":0.0,"max_hp_gain":0.0,"max_hp_loss":0.0,"gold_gain":0.0,"event_name":"Bonfire Elementals","player_choice":"Offered Basic","floor":3.0,"gold_loss":0.0,"damage_taken":0.0},{"damage_healed":0,"gold_gain":0,"player_choice":"Entered Light","damage_taken":14,"max_hp_gain":0,"max_hp_loss":0,"event_name":"Shining Light","floor":8,"gold_loss":0,"cards_upgraded":["Defend_G","Defend_G"]},{"damage_healed":17,"gold_gain":0,"player_choice":"Healed and dodged fight","damage_taken":0,"max_hp_gain":0,"max_hp_loss":0,"event_name":"Mushrooms","floor":12,"gold_loss":0,"cards_obtained":["Parasite"]},{"damage_healed":0,"gold_gain":0,"cards_transformed":["Strike_G"],"player_choice":"Transformed","damage_taken":0,"max_hp_gain":0,"max_hp_loss":0,"event_name":"Transmorgrifier","floor":19,"gold_loss":0,"cards_obtained":["Accuracy"]}],"is_beta":false,"boss_relics":[{"not_picked":["Sozu","Runic Dome"],"picked":"Black Star"}],"items_purged_floors":[],"is_endless":false,"potions_floor_spawned":[1,2,6,14,16,22],"killed_by":"Shelled Parasite and Fungi","ascension_level":10}}