{"host":"ek3xvuouaw6vk9if","time":1612071947,"event":{"mods":["BaseMod","BetterRewards","Downfall","Minty Spire (QoL Compilation)","Permanent Neow","Quick Restart","Relic Stats","Replay The Spire","Robot Space Explorer","Spire Arcade","StSLib","The Marked"],"gold_per_floor":[110,122,136,153,153,153,185,74,100,100,114,124,124,139,139,238,238,256,272,187,187,4,4,4,24,24,24,24,24],"floor_reached":28,"language":"ENG","playtime":4641,"items_purged":["theMarked:Strike"],"score":220,"play_id":"a90fa984-5ca3-4b92-b4ed-d7eedfe84a8e","local_time":"20210131004547","is_ascension_mode":false,"campfire_choices":[{"data":"theMarked:Aftermath","floor":6,"key":"SMITH"},{"data":"theMarked:ComboAttacks","floor":10,"key":"SMITH"},{"data":"theMarked:StartUp","floor":13,"key":"SMITH"},{"data":"theMarked:MysticalArsenal","floor":15,"key":"SMITH"},{"data":"theMarked:BindingBlade","floor":23,"key":"SMITH"}],"circlet_count":0,"master_deck":["theMarked:Strike","theMarked:Strike","theMarked:Strike","theMarked:Strike","theMarked:Defend","theMarked:Defend","theMarked:Defend","theMarked:Defend","theMarked:SoldierOfQuellstein","theMarked:Electrocute","theMarked:ComboAttacks+1","theMarked:ParalyzingBlade","theMarked:Aftermath+1","theMarked:StartUp+1","theMarked:MysticalArsenal+1","theMarked:ChainLightning","theMarked:BindingBlade+1","AbeCurse","theMarked:EnhanceMovement","theMarked:PowerFlow+1","theMarked:AttractMetal"],"relics":["theMarked:ArtifactOfAir","Replay:Wax Seal","Toy Ornithopter","Replay:Baseball","Abe\u0027s Treasure","Omamori","Membership Card","Bag of Marbles"],"acts_visited":["Exordium","TheCity"],"potions_floor_usage":[25,28],"damage_taken":[{"damage":2,"enemies":"Small Slimes","floor":1,"turns":4},{"damage":1,"enemies":"Cultist","floor":2,"turns":3},{"damage":0,"enemies":"2 Louse","floor":3,"turns":3},{"damage":7,"enemies":"Looter","floor":4,"turns":4},{"damage":9,"enemies":"Replay:BlueRogue","floor":7,"turns":6},{"damage":7,"enemies":"Blue Slaver","floor":11,"turns":4},{"damage":0,"enemies":"Exordium Wildlife","floor":12,"turns":3},{"damage":0,"enemies":"3 Louse","floor":14,"turns":2},{"damage":34,"enemies":"Slime Boss","floor":16,"turns":12},{"damage":12,"enemies":"3 Byrds","floor":18,"turns":5},{"damage":13,"enemies":"Chosen","floor":19,"turns":6},{"damage":30,"enemies":"Shelled Parasite and Fungi","floor":25,"turns":4},{"damage":13,"enemies":"Chosen and Byrds","floor":28,"turns":4}],"seed_played":"6057166125035158655","potions_obtained":[{"floor":2,"key":"Guardian:BlockOnCardUsePotion"},{"floor":3,"key":"SkillPotion"},{"floor":5,"key":"bronze:BurnAndBuffPotion"},{"floor":7,"key":"theMarked:ChargePotion"}],"is_trial":false,"path_per_floor":["M","M","M","M","?","R","E","$","T","R","M","M","R","M","R","B",null,"M","M","?","?","$","R","$","M","T","$","M"],"character_chosen":"THE_DEFAULT","items_purchased":["theMarked:MysticalArsenal","Membership Card","theMarked:PowerFlow+1"],"campfire_rested":0,"item_purchase_floors":[8,22,22],"current_hp_per_floor":[68,67,67,60,60,60,51,51,51,51,44,44,44,44,44,10,70,58,45,45,32,32,32,32,7,7,7,0,0],"gold":24,"neow_bonus":"RANDOM_COMMON_RELIC","is_daily":false,"chose_seed":false,"campfire_upgraded":5,"win_rate":0.0,"timestamp":1612071947,"path_taken":["M","M","M","M","?","R","E","$","T","R","M","M","R","M","R","BOSS","M","?","?","?","$","R","?","M","T","?","M"],"items_purchased_type":["Card","Relic","Card"],"build_version":"2020-12-22","purchased_purges":1,"victory":false,"max_hp_per_floor":[70,70,70,70,70,70,70,70,70,70,70,70,70,70,70,70,70,70,70,70,75,75,75,75,75,75,75,75,75],"relic_stats":{"counters":[13,60],"obtain_stats":[{"theMarked:ArtifactOfAir":0,"Replay:Baseball":9,"Omamori":20,"Bag of Marbles":26,"Membership Card":22,"Replay:Wax Seal":0,"Toy Ornithopter":7,"Abe\u0027s Treasure":17},{"theMarked:ArtifactOfAir":0,"Replay:Baseball":5,"Omamori":11,"Bag of Marbles":12,"Membership Card":11,"Replay:Wax Seal":0,"Toy Ornithopter":5,"Abe\u0027s Treasure":9},{"theMarked:ArtifactOfAir":0,"Replay:Baseball":20,"Omamori":52,"Bag of Marbles":56,"Membership Card":52,"Replay:Wax Seal":0,"Toy Ornithopter":20,"Abe\u0027s Treasure":41}],"Toy Ornithopter":10},"card_choices":[{"not_picked":["theMarked:HeightenedSenses","theMarked:WastefulAttack"],"picked":"theMarked:Electrocute","floor":1},{"not_picked":["theMarked:WastefulAttack","theMarked:EmpowerWeapon"],"picked":"theMarked:ComboAttacks","floor":2},{"not_picked":["theMarked:Memento","theMarked:Frustration"],"picked":"theMarked:ParalyzingBlade","floor":3},{"not_picked":["theMarked:TwofoldDefense","theMarked:Generate"],"picked":"theMarked:Aftermath","floor":4},{"not_picked":["theMarked:HeightenedSenses","theMarked:SwordAndMagic"],"picked":"theMarked:StartUp","floor":7},{"not_picked":["theMarked:TakeCover","theMarked:Standoff","theMarked:Memento"],"picked":"SKIP","floor":11},{"not_picked":["theMarked:EmpowerWeapon","theMarked:Standoff"],"picked":"theMarked:ChainLightning","floor":12},{"not_picked":["theMarked:Opportunist","theMarked:BanishingStrike","theMarked:ParalyzingBlade"],"picked":"SKIP","floor":14},{"not_picked":["theMarked:UnarmedFury","theMarked:ThrowWeapon"],"picked":"theMarked:BindingBlade","floor":16},{"not_picked":["theMarked:Improvise","theMarked:SwordAndMagic"],"picked":"theMarked:EnhanceMovement","floor":18},{"not_picked":["theMarked:Memento","theMarked:Frustration","theMarked:ElectricStrings"],"picked":"SKIP","floor":19},{"not_picked":["theMarked:Indomitable+1","theMarked:LightningStrikesTwice"],"picked":"theMarked:AttractMetal","floor":25}],"player_experience":744419,"relics_obtained":[{"floor":7,"key":"Toy Ornithopter"},{"floor":9,"key":"Replay:Baseball"},{"floor":26,"key":"Bag of Marbles"}],"event_choices":[{"damage_healed":0,"gold_gain":0,"player_choice":"Got Potions","damage_taken":0,"max_hp_gain":0,"max_hp_loss":0,"event_name":"Lab","floor":5,"gold_loss":0},{"damage_healed":0,"gold_gain":0,"player_choice":"Obtained Relic","damage_taken":0,"relics_obtained":["Omamori"],"max_hp_gain":0,"max_hp_loss":0,"event_name":"Addict","floor":20,"gold_loss":85},{"damage_healed":0,"gold_gain":0,"player_choice":"Shed Blood","damage_taken":18,"max_hp_gain":5,"max_hp_loss":0,"event_name":"Forgotten Altar","floor":21,"gold_loss":0}],"is_beta":false,"boss_relics":[{"not_picked":["Ring of Chaos","Snecko Heart"],"picked":"Abe\u0027s Treasure"}],"items_purged_floors":[8],"is_endless":false,"potions_floor_spawned":[2,3,7,12,14,19],"killed_by":"Chosen and Byrds","ascension_level":0}}