{"host":"v6p2g6darcbso1ds","time":1612055552,"event":{"mods":["BaseMod","Colored Powertips","Downfall","Hermit","Minty Spire (QoL Compilation)","Replay The Spire","StSLib","The Cursed"],"gold_per_floor":[111,111,124,140,156,175,175,208,232,259,259,274,6,17,17,113,113,129,129,129,129,145,145,170,170,193,209,209,209,244,259,259,354,354,371,390,390,102,134,160,160,177,177,177,202,202,221,231,231,231],"floor_reached":51,"language":"ENG","playtime":6382,"items_purged":[],"score":781,"play_id":"46db87a7-df33-414b-a12e-5a603f692470","local_time":"20210130181232","is_ascension_mode":false,"campfire_choices":[{"data":"hermit:Quickdraw","floor":7,"key":"SMITH"},{"floor":11,"key":"REST"},{"floor":15,"key":"REST"},{"floor":23,"key":"REST"},{"floor":25,"key":"REST"},{"floor":29,"key":"REST"},{"floor":32,"key":"REST"},{"floor":41,"key":"REST"},{"floor":44,"key":"REST"},{"floor":49,"key":"REST"}],"circlet_count":0,"master_deck":["hermit:Strike_Hermit","hermit:Strike_Hermit","hermit:Strike_Hermit","hermit:Strike_Hermit","hermit:Defend_Hermit","hermit:Defend_Hermit","hermit:Defend_Hermit","hermit:Defend_Hermit","hermit:Snapshot+1","hermit:Covet","hermit:Grudge","hermit:Dive","hermit:Quickdraw+1","hermit:LowProfile","hermit:Deadeye","hermit:PistolWhip","hermit:FlashPowder","hermit:Feint","hermit:Shortfuse","hermit:HighNoon","hermit:Quickdraw","RitualDagger","hermit:Determination+1","hermit:LowProfile+1","hermit:HoleUp","hermit:FlashPowder","hermit:DeadOrAlive","hermit:HighNoon","hermit:FlashPowder+1","hermit:HighCaliber","hermit:Roulette+1","hermit:SprayPray+1","hermit:Manifest","hermit:Manifest+1","hermit:Desperado","Madness","Madness","hermit:Combo","hermit:LowProfile"],"relics":["hermit:Momento","Pantograph","Bag of Preparation","Pet Ghost","Bag of Marbles","Replay:Ringing Soul","Fusion Hammer","Enchiridion","Potion Belt","Toy Ornithopter","Incense Burner","hermit:BartenderGlass","Chameleon Ring","Pen Nib","TungstenRod"],"acts_visited":["Exordium","TheCity","TheBeyond"],"potions_floor_usage":[16,16,24,24,24,33,40,40,40,40,48,48,48,50],"damage_taken":[{"damage":1,"enemies":"2 Louse","floor":1,"turns":2},{"damage":0,"enemies":"Cultist","floor":3,"turns":3},{"damage":3,"enemies":"Jaw Worm","floor":4,"turns":3},{"damage":5,"enemies":"Looter","floor":5,"turns":3},{"damage":0,"enemies":"2 Fungi Beasts","floor":6,"turns":3},{"damage":9,"enemies":"Replay:BlueRogue","floor":8,"turns":8},{"damage":28,"enemies":"Gremlin Nob","floor":10,"turns":4},{"damage":2,"enemies":"Exordium Thugs","floor":12,"turns":3},{"damage":0,"enemies":"Gremlin Gang","floor":14,"turns":5},{"damage":47,"enemies":"The Guardian","floor":16,"turns":15},{"damage":12,"enemies":"Spheric Guardian","floor":18,"turns":7},{"damage":0,"enemies":"Shell Parasite","floor":22,"turns":5},{"damage":40,"enemies":"Book of Stabbing","floor":24,"turns":9},{"damage":0,"enemies":"Chosen and Byrds","floor":27,"turns":6},{"damage":0,"enemies":"Replay:Snechameleon","floor":30,"turns":4},{"damage":8,"enemies":"Shelled Parasite and Fungi","floor":31,"turns":6},{"damage":70,"enemies":"Champ","floor":33,"turns":15},{"damage":20,"enemies":"3 Darklings","floor":35,"turns":11},{"damage":6,"enemies":"Orb Walker","floor":36,"turns":5},{"damage":31,"enemies":"Sphere and 2 Shapes","floor":39,"turns":9},{"damage":23,"enemies":"Reptomancer","floor":40,"turns":10},{"damage":29,"enemies":"Spire Growth","floor":42,"turns":5},{"damage":26,"enemies":"Jaw Worm Horde","floor":45,"turns":8},{"damage":15,"enemies":"Sphere and 2 Shapes","floor":47,"turns":10},{"damage":28,"enemies":"Maw","floor":48,"turns":9},{"damage":49,"enemies":"Awakened One","floor":50,"turns":20}],"seed_played":"-7934175373982736840","potions_obtained":[{"floor":5,"key":"SteroidPotion"},{"floor":10,"key":"SkillPotion"},{"floor":16,"key":"FearPotion"},{"floor":21,"key":"Adrenaline Potion"},{"floor":21,"key":"CultistPotion"},{"floor":27,"key":"Explosive Potion"},{"floor":30,"key":"Elixir"},{"floor":36,"key":"sneckomod:MuddlingPotion"},{"floor":42,"key":"champ:CounterPotion"},{"floor":47,"key":"Elixir"}],"is_trial":false,"path_per_floor":["M","?","M","M","M","M","R","E","T","E","R","M","$","M","R","B",null,"M","?","?","?","M","R","E","R","T","M","$","R","E","M","R","B",null,"M","M","?","$","M","E","R","M","T","R","M","?","M","M","R","B",null],"character_chosen":"HERMIT","items_purchased":["Replay:Ringing Soul","hermit:Feint","Chameleon Ring","hermit:Roulette+1"],"campfire_rested":9,"item_purchase_floors":[13,13,38,38],"current_hp_per_floor":[74,74,74,71,66,66,66,57,57,29,51,49,52,55,79,37,84,75,72,56,56,59,86,49,77,77,80,80,99,102,97,105,43,108,91,88,88,91,63,63,99,73,73,110,87,75,63,53,94,75],"gold":231,"neow_bonus":"UPGRADE_CARD","is_daily":false,"chose_seed":false,"campfire_upgraded":1,"win_rate":0.0,"timestamp":1612055552,"path_taken":["M","?","M","M","?","M","R","E","T","E","R","M","$","M","R","BOSS","M","?","?","?","M","R","E","R","T","?","$","R","E","M","R","BOSS","M","M","?","$","?","E","R","M","T","R","M","?","M","M","R","BOSS"],"items_purchased_type":["Relic","Card","Relic","Card"],"build_version":"2020-12-22","purchased_purges":0,"victory":true,"max_hp_per_floor":[75,75,75,75,75,75,75,75,75,75,75,75,78,81,81,84,84,87,90,90,90,93,93,96,96,96,99,99,99,102,105,105,108,108,111,114,114,117,120,123,123,126,126,126,129,132,135,138,138,138],"card_choices":[{"not_picked":["hermit:Coalescence","hermit:Spite"],"picked":"hermit:TrackingShot","floor":1},{"not_picked":["hermit:Roulette","hermit:CalledShot"],"picked":"hermit:Grudge","floor":3},{"not_picked":["hermit:WideOpen","hermit:Reprieve"],"picked":"hermit:Dive","floor":4},{"not_picked":["hermit:LowProfile","hermit:Manifest"],"picked":"hermit:Quickdraw","floor":5},{"not_picked":["hermit:Roulette","hermit:HeroicBravado"],"picked":"hermit:LowProfile","floor":6},{"not_picked":["hermit:NoHoldsBarred","hermit:Vantage"],"picked":"hermit:Deadeye","floor":8},{"not_picked":["hermit:SprayPray","hermit:GhostlyPresence"],"picked":"hermit:PistolWhip","floor":10},{"not_picked":["hermit:Coalescence","hermit:TrackingShot"],"picked":"hermit:FlashPowder","floor":12},{"not_picked":["hermit:FullyLoaded","hermit:Vantage"],"picked":"hermit:Shortfuse","floor":14},{"not_picked":["hermit:Roughhouse","hermit:FromBeyond"],"picked":"hermit:HighNoon","floor":16},{"not_picked":["hermit:WideOpen","hermit:Coalescence"],"picked":"hermit:Quickdraw","floor":18},{"not_picked":["hermit:SprayPray","hermit:LowProfile"],"picked":"hermit:Determination+1","floor":22},{"not_picked":["hermit:ItchyTrigger","hermit:Ricochet"],"picked":"hermit:LowProfile+1","floor":24},{"not_picked":["hermit:ItchyTrigger","hermit:LoneWolf+1"],"picked":"hermit:HoleUp","floor":27},{"not_picked":["hermit:DeadMansHand","hermit:CursedWeapon"],"picked":"hermit:FlashPowder","floor":30},{"not_picked":["hermit:Dive","hermit:Midnight"],"picked":"hermit:DeadOrAlive","floor":31},{"not_picked":["hermit:RoundhouseKick","hermit:EternalForm"],"picked":"hermit:HighNoon","floor":33},{"not_picked":["hermit:CursedWeapon","hermit:ItchyTrigger"],"picked":"hermit:FlashPowder+1","floor":35},{"not_picked":["hermit:Cheat","hermit:Virtue+1"],"picked":"hermit:HighCaliber","floor":36},{"not_picked":["hermit:Snipe+1","hermit:Virtue"],"picked":"hermit:SprayPray+1","floor":39},{"not_picked":["hermit:FinalCanter","hermit:EternalForm"],"picked":"hermit:Manifest","floor":40},{"not_picked":["hermit:Misfire+1","hermit:CalledShot+1"],"picked":"hermit:Manifest+1","floor":42},{"not_picked":["hermit:Dive","hermit:HoleUp"],"picked":"hermit:Desperado","floor":45},{"not_picked":["hermit:HighNoon","hermit:Coalescence+1"],"picked":"hermit:Combo","floor":47},{"not_picked":["hermit:HoleUp","hermit:Manifest"],"picked":"hermit:LowProfile","floor":48}],"player_experience":127347,"relics_obtained":[{"floor":8,"key":"Bag of Preparation"},{"floor":9,"key":"Pet Ghost"},{"floor":10,"key":"Bag of Marbles"},{"floor":20,"key":"Enchiridion"},{"floor":24,"key":"Potion Belt"},{"floor":26,"key":"Toy Ornithopter"},{"floor":30,"key":"Incense Burner"},{"floor":40,"key":"Pen Nib"},{"floor":43,"key":"TungstenRod"}],"event_choices":[{"cards_removed":["hermit:TrackingShot"],"damage_healed":0,"gold_gain":0,"player_choice":"Gave Card","damage_taken":0,"relics_obtained":["Pantograph"],"max_hp_gain":0,"max_hp_loss":0,"event_name":"WeMeetAgain","floor":2,"gold_loss":0},{"damage_healed":0,"gold_gain":0,"player_choice":"Joined the Cult","damage_taken":6,"max_hp_gain":0,"max_hp_loss":0,"event_name":"Nest","floor":19,"gold_loss":0,"cards_obtained":["RitualDagger"]},{"damage_healed":0,"gold_gain":0,"player_choice":"Obtained Book","damage_taken":16,"max_hp_gain":0,"max_hp_loss":0,"event_name":"Cursed Tome","floor":20,"gold_loss":0},{"damage_healed":0,"gold_gain":0,"player_choice":"Got Potions","damage_taken":0,"max_hp_gain":0,"max_hp_loss":0,"event_name":"Lab","floor":21,"gold_loss":0},{"damage_healed":0,"gold_gain":0,"player_choice":"Bought 0 Potions","damage_taken":0,"max_hp_gain":0,"max_hp_loss":0,"event_name":"The Woman in Blue","floor":37,"gold_loss":0},{"damage_healed":0,"gold_gain":0,"player_choice":"Embrace Madness","damage_taken":16,"max_hp_gain":0,"max_hp_loss":0,"event_name":"Winding Halls","floor":46,"gold_loss":0,"cards_obtained":["Madness","Madness"]}],"is_beta":false,"boss_relics":[{"not_picked":["Replay:Bronze Core","Runic Dome"],"picked":"Fusion Hammer"},{"not_picked":["Snecko Eye","Busted Crown"],"picked":"hermit:BartenderGlass"}],"items_purged_floors":[],"is_endless":false,"potions_floor_spawned":[5,10,16,22,27,30,36,42,47],"ascension_level":0}}