{"host":"ziko4uwynam20dv9","time":1612060904,"event":{"mods":["Aspiration","BaseMod","BetterRewards","Downfall","Hubris","Infinite Spire","Minty Spire (QoL Compilation)","Remilia??????","Replay The Spire","Shop Mod","StSLib","The Animator","The Jungle"],"gold_per_floor":[99,99,99,111,123,23,23,23,23],"floor_reached":8,"language":"FRA","playtime":286,"items_purged":[],"score":74,"play_id":"4568c402-b1fa-4b54-82b4-a30ab19c9e05","local_time":"20210131034144","is_ascension_mode":true,"campfire_choices":[{"floor":1,"key":"RECALL"},{"data":"animator:Sonic","floor":6,"key":"SMITH"}],"circlet_count":0,"master_deck":["AscendersBane","animator:Strike_Konosuba","animator:Defend_Konosuba","animator:Strike","animator:Strike","animator:Strike","animator:Defend","animator:Defend","animator:Defend","animator:Kazuma","animator:Aqua","animator:Tatsumaki","animator:Sonic+1","animator:LizardPriest","animator:HighElfArcher"],"relics":["animator:LivingPicture","animator:TheMissingPiece","downfall:HeartsMalice","downfall:HeartBlessingRed","infinitespire:EmpoweringShard"],"acts_visited":["Exordium"],"potions_floor_usage":[8],"damage_taken":[{"damage":0,"enemies":"2 Louse","floor":2,"turns":1},{"damage":0,"enemies":"Small Slimes","floor":3,"turns":1},{"damage":0,"enemies":"Jaw Worm","floor":4,"turns":1},{"damage":0,"enemies":"3 Louse","floor":5,"turns":7},{"damage":70,"enemies":"Gremlin Nob","floor":8,"turns":5}],"seed_played":"5070689722888999375","potions_obtained":[{"floor":5,"key":"Venom Potion"}],"is_trial":false,"path_per_floor":["R","M","M","M","M","R","T","E"],"character_chosen":"THE_ANIMATOR","items_purchased":[],"campfire_rested":0,"item_purchase_floors":[],"current_hp_per_floor":[54,54,54,54,57,57,57,0,0],"gold":23,"neow_bonus":"THREE_ENEMY_KILL","is_daily":false,"chose_seed":false,"campfire_upgraded":1,"win_rate":0.0,"timestamp":1612060904,"path_taken":["R","M","M","M","M","R","T","E"],"items_purchased_type":[],"build_version":"2020-12-22","purchased_purges":0,"victory":false,"max_hp_per_floor":[60,60,60,60,61,61,61,61,61],"card_choices":[{"not_picked":["animator:Hitei","animator:Illya"],"picked":"animator:Tatsumaki","floor":2},{"not_picked":["animator:Mitsurugi","animator:Ain"],"picked":"animator:Sonic","floor":3},{"not_picked":["animator:Alexander","animator:Laby"],"picked":"animator:LizardPriest","floor":4},{"not_picked":["animator:LizardPriest","animator:Priestess"],"picked":"animator:HighElfArcher","floor":5}],"player_experience":967062,"relics_obtained":[{"floor":7,"key":"infinitespire:EmpoweringShard"}],"event_choices":[],"is_beta":false,"boss_relics":[],"items_purged_floors":[],"is_endless":false,"potions_floor_spawned":[5],"killed_by":"Gremlin Nob","ascension_level":15}}