{"host":"52ffv6k934cb8aj3","time":1612086481,"event":{"mods":["AchievementEnabler","BaseMod","Bestiary","Colored Map","Colored Powertips","DeckTracker","Highlight Path","Keyboard Shortcuts","Minty Spire (QoL Compilation)","Rare Cards Sparkle","Relic Sorter"],"gold_per_floor":[118,118,135,146,163,163,196,214,214,260,274,274,285,298,298,298,298],"floor_reached":16,"language":"ENG","playtime":581,"items_purged":[],"score":111,"play_id":"62a2488d-ba53-45f5-ae8c-60830811a5a1","local_time":"20210131034801","is_ascension_mode":true,"campfire_choices":[{"data":"Secret Technique","floor":6,"key":"SMITH"},{"floor":12,"key":"REST"},{"floor":15,"key":"REST"}],"circlet_count":0,"master_deck":["Strike_P","Strike_P","Strike_P","Strike_P","Defend_P","Defend_P","Defend_P","Defend_P","Eruption","Vigilance","Secret Technique+1","Crescendo","Bandage Up","MentalFortress","Wallop","WindmillStrike","Wallop","Halt"],"relics":["PureWater","Regal Pillow","Bottled Tornado","Tiny Chest"],"acts_visited":["Exordium"],"potions_floor_usage":[7,16,16],"damage_taken":[{"damage":0,"enemies":"Jaw Worm","floor":1,"turns":6},{"damage":7,"enemies":"Cultist","floor":3,"turns":3},{"damage":3,"enemies":"2 Louse","floor":4,"turns":2},{"damage":1,"enemies":"Large Slime","floor":5,"turns":6},{"damage":64,"enemies":"Gremlin Nob","floor":7,"turns":7},{"damage":8,"enemies":"Exordium Wildlife","floor":8,"turns":3},{"damage":0,"enemies":"Exordium Thugs","floor":11,"turns":4},{"damage":28,"enemies":"Lots of Slimes","floor":13,"turns":6},{"damage":2,"enemies":"Blue Slaver","floor":14,"turns":4},{"damage":65,"enemies":"Hexaghost","floor":16,"turns":10}],"seed_played":"-6089704720423954833","potions_obtained":[{"floor":5,"key":"Regen Potion"},{"floor":8,"key":"ColorlessPotion"},{"floor":14,"key":"AttackPotion"}],"is_trial":false,"path_per_floor":["M","?","M","M","M","R","E","M","T","T","M","R","M","M","R","B"],"character_chosen":"WATCHER","items_purchased":[],"campfire_rested":2,"item_purchase_floors":[],"current_hp_per_floor":[65,65,62,63,64,64,13,5,5,5,9,43,19,21,55,0,0],"gold":298,"neow_bonus":"RANDOM_COLORLESS_2","is_daily":false,"chose_seed":false,"campfire_upgraded":1,"win_rate":0.0,"timestamp":1612086481,"path_taken":["M","?","M","?","M","R","E","M","T","?","?","R","M","M","R","BOSS"],"items_purchased_type":[],"build_version":"2020-12-22","purchased_purges":0,"victory":false,"max_hp_per_floor":[65,65,65,65,65,65,65,65,65,65,65,65,65,65,65,65,65],"card_choices":[{"not_picked":["Metamorphosis","Sadistic Nature"],"picked":"Secret Technique","floor":0},{"not_picked":["BowlingBash","WindmillStrike"],"picked":"Crescendo","floor":1},{"not_picked":["Study","InnerPeace"],"picked":"MentalFortress","floor":3},{"not_picked":["EmptyFist","Weave"],"picked":"Wallop","floor":4},{"not_picked":["SandsOfTime","InnerPeace"],"picked":"WindmillStrike","floor":5},{"not_picked":["Crescendo","EmptyBody"],"picked":"Wallop","floor":7},{"not_picked":["Collect","Scrawl"],"picked":"Halt","floor":8},{"not_picked":["BowlingBash","FollowUp","FlyingSleeves"],"picked":"SKIP","floor":11},{"not_picked":["Worship","CutThroughFate","Perseverance"],"picked":"SKIP","floor":13},{"not_picked":["Crescendo","ThirdEye","PathToVictory"],"picked":"SKIP","floor":14}],"player_experience":601638,"relics_obtained":[{"floor":7,"key":"Regal Pillow"},{"floor":9,"key":"Bottled Tornado"},{"floor":10,"key":"Tiny Chest"}],"event_choices":[{"damage_healed":0,"gold_gain":0,"player_choice":"1 cards matched","damage_taken":0,"max_hp_gain":0,"max_hp_loss":0,"event_name":"Match and Keep!","floor":2,"gold_loss":0,"cards_obtained":["Bandage Up"]}],"is_beta":false,"boss_relics":[],"items_purged_floors":[],"is_endless":false,"potions_floor_spawned":[5,8,14],"killed_by":"Hexaghost","ascension_level":1}}