{"host":"7jl348xfsxr8glry","time":1612096640,"event":{"mods":["AchievementEnabler","BaseMod","Colored Map","Minty Spire (QoL Compilation)","Random Character Button","Unceasing Turn Reminder"],"gold_per_floor":[119,119,132,148,166,166,201,213,213,213,228,245,245,17,17,120,120,132,132,149,162,5,34,34,54,54,54,54],"floor_reached":27,"language":"ENG","playtime":1151,"items_purged":[],"score":273,"play_id":"8b4a88dc-72b2-4486-8933-0575a1f2cf6f","local_time":"20210131233720","is_ascension_mode":true,"campfire_choices":[{"data":"Poisoned Stab","floor":6,"key":"SMITH"},{"floor":10,"key":"REST"},{"floor":15,"key":"REST"},{"floor":24,"key":"REST"}],"circlet_count":0,"master_deck":["Strike_G+1","Strike_G+1","Strike_G+1","Strike_G+1","Strike_G+1","Defend_G+1","Defend_G+1","Defend_G+1","Defend_G+1","Defend_G+1","Survivor","Neutralize","Poisoned Stab+1","Quick Slash","Catalyst","Bane","Bane","Dodge and Roll","Deadly Poison","Bouncing Flask","Corpse Explosion","CurseOfTheBell","Blur+1","Deadly Poison","Footwork"],"relics":["Ring of the Snake","Snake Skull","Happy Flower","Letter Opener","Membership Card","Calling Bell","Bag of Marbles","StrikeDummy","Calipers","Juzu Bracelet","Strange Spoon","Blood Vial","Question Card"],"acts_visited":["Exordium","TheCity"],"potions_floor_usage":[27],"damage_taken":[{"damage":1,"enemies":"Jaw Worm","floor":1,"turns":6},{"damage":1,"enemies":"Cultist","floor":3,"turns":4},{"damage":2,"enemies":"Small Slimes","floor":4,"turns":4},{"damage":5,"enemies":"Red Slaver","floor":5,"turns":4},{"damage":42,"enemies":"3 Sentries","floor":7,"turns":13},{"damage":0,"enemies":"Looter","floor":8,"turns":3},{"damage":0,"enemies":"2 Fungi Beasts","floor":11,"turns":3},{"damage":1,"enemies":"Gremlin Gang","floor":12,"turns":8},{"damage":39,"enemies":"Slime Boss","floor":16,"turns":8},{"damage":2,"enemies":"Chosen","floor":18,"turns":4},{"damage":4,"enemies":"Shell Parasite","floor":20,"turns":4},{"damage":13,"enemies":"Centurion and Healer","floor":21,"turns":4},{"damage":39,"enemies":"Book of Stabbing","floor":23,"turns":6},{"damage":32,"enemies":"Shelled Parasite and Fungi","floor":25,"turns":4},{"damage":8,"enemies":"Snake Plant","floor":27,"turns":3}],"seed_played":"-1899911045019160784","potions_obtained":[{"floor":4,"key":"LiquidBronze"},{"floor":8,"key":"EssenceOfSteel"},{"floor":16,"key":"SkillPotion"}],"is_trial":false,"path_per_floor":["M","?","M","M","M","R","E","M","T","R","M","M","T","$","R","B",null,"M","?","M","M","$","E","R","M","T","M"],"character_chosen":"THE_SILENT","items_purchased":["Deadly Poison","Bouncing Flask","Membership Card","Juzu Bracelet","Strange Spoon"],"campfire_rested":3,"item_purchase_floors":[14,14,14,22,22],"current_hp_per_floor":[69,69,68,66,61,61,19,19,19,40,40,39,39,39,60,21,70,68,68,64,51,51,12,33,3,3,0,0],"gold":54,"neow_bonus":"RANDOM_COMMON_RELIC","is_daily":false,"chose_seed":false,"campfire_upgraded":1,"win_rate":0.0,"timestamp":1612096640,"path_taken":["M","?","?","M","M","R","E","M","T","R","M","M","?","$","R","BOSS","M","?","M","M","$","E","R","M","T","M"],"items_purchased_type":["Card","Card","Relic","Relic","Relic"],"build_version":"2020-12-22","purchased_purges":0,"victory":false,"max_hp_per_floor":[70,70,70,70,70,70,70,70,70,70,70,70,70,70,70,70,70,70,70,70,70,70,70,70,70,70,70,70],"card_choices":[{"not_picked":["Blade Dance","Slice"],"picked":"Poisoned Stab","floor":1},{"not_picked":["Blade Dance","A Thousand Cuts"],"picked":"Quick Slash","floor":3},{"not_picked":["Prepared","Sucker Punch"],"picked":"Catalyst","floor":4},{"not_picked":["Deflect","PiercingWail","Well Laid Plans"],"picked":"SKIP","floor":5},{"not_picked":["Dagger Spray","Quick Slash"],"picked":"Bane","floor":7},{"not_picked":["Dagger Throw","Deflect"],"picked":"Bane","floor":8},{"not_picked":["Blade Dance","Prepared"],"picked":"Dodge and Roll","floor":11},{"not_picked":["Dagger Throw","Infinite Blades","Underhanded Strike"],"picked":"SKIP","floor":12},{"not_picked":["Malaise","Wraith Form v2"],"picked":"Corpse Explosion","floor":16},{"not_picked":["Eviscerate+1","Caltrops"],"picked":"Blur+1","floor":18},{"not_picked":["Calculated Gamble","Dagger Throw","Tactician"],"picked":"SKIP","floor":20},{"not_picked":["Sucker Punch","Masterful Stab"],"picked":"Deadly Poison","floor":21},{"not_picked":["Outmaneuver","Burst"],"picked":"Footwork","floor":23},{"not_picked":["Predator+1","Blade Dance","Masterful Stab"],"picked":"SKIP","floor":25}],"player_experience":176126,"relics_obtained":[{"floor":7,"key":"Happy Flower"},{"floor":13,"key":"Letter Opener"},{"floor":17,"key":"Bag of Marbles"},{"floor":17,"key":"StrikeDummy"},{"floor":17,"key":"Calipers"},{"floor":23,"key":"Blood Vial"},{"floor":26,"key":"Question Card"}],"event_choices":[{"damage_healed":0,"gold_gain":0,"player_choice":"Bought 0 Potions","damage_taken":0,"max_hp_gain":0,"max_hp_loss":0,"event_name":"The Woman in Blue","floor":2,"gold_loss":0},{"damage_healed":0,"gold_gain":0,"player_choice":"Simplicity","damage_taken":0,"max_hp_gain":0,"max_hp_loss":0,"event_name":"Back to Basics","floor":19,"gold_loss":0,"cards_upgraded":["Strike_G","Strike_G","Strike_G","Strike_G","Strike_G","Defend_G","Defend_G","Defend_G","Defend_G","Defend_G"]}],"is_beta":false,"boss_relics":[{"not_picked":["Cursed Key","SlaversCollar"],"picked":"Calling Bell"}],"items_purged_floors":[],"is_endless":false,"potions_floor_spawned":[4,8,16,20,23,25],"killed_by":"Snake Plant","ascension_level":3}}