{"host":"8dhn6p16jorj0i1s","time":1612120665,"event":{"mods":["AchievementEnabler","BaseMod","Colored Map","DeckTracker","Highlight Path","Minty Spire (QoL Compilation)","Permanent Neow","Quick Restart"],"gold_per_floor":[114,114,189,212,225,266,266,305,331,331,381,402,58,72,72,198,198,213,237,251,264,60,98,143,199,235,290,338,385,420,484,496,631,643,679,705,731,253,277,317,361,394,417,466,314,357,357,397,397,397],"floor_reached":51,"language":"ENG","playtime":3720,"items_purged":["Injury","Strike_R","Strike_R"],"score":1647,"play_id":"598cdc60-d350-4088-b08e-38bb312ed839","local_time":"20210131201745","daily_mods":["Vintage","Heirloom","Flight","DeadlyEvents","Elite Swarm"],"is_ascension_mode":true,"campfire_choices":[{"floor":7,"key":"REST"},{"data":"Bash","floor":10,"key":"SMITH"},{"data":"Shockwave","floor":15,"key":"SMITH"},{"data":"Corruption","floor":32,"key":"SMITH"},{"data":"Double Tap","floor":47,"key":"SMITH"},{"data":"Limit Break","floor":49,"key":"SMITH"}],"circlet_count":0,"master_deck":["Defend_R","Defend_R","Defend_R","Defend_R+1","Bash+1","Reaper","Bludgeon","Shockwave+1","Seeing Red","Corruption+1","Barricade+1","Disarm+1","Warcry+1","Heavy Blade","Double Tap+1","Limit Break+1","Impervious","Reaper","Immolate","Double Tap+1","Offering","Berserk","Offering","Fiend Fire","Brutality"],"relics":["Burning Blood","Turnip","Nunchaku","Golden Idol","Anchor","Magic Flower","Letter Opener","Ancient Tea Set","Akabeko","Omamori","Incense Burner","Brimstone","Centennial Puzzle","Astrolabe","Bag of Marbles","Torii","Blue Candle","PreservedInsect","Strange Spoon","MawBank","Bronze Scales","Bag of Preparation","War Paint","StoneCalendar","CeramicFish","Tiny Chest","Mercury Hourglass","Smiling Mask","SlaversCollar","Dream Catcher","Sundial","Regal Pillow","Pen Nib","Potion Belt","Meat on the Bone","Ice Cream","Shovel","Vajra","Lantern","Girya","Blood Vial","Art of War"],"acts_visited":["Exordium","TheCity","TheBeyond"],"potions_floor_usage":[6,8,16,21,23,27,33,42],"damage_taken":[{"damage":4,"enemies":"Jaw Worm","floor":1,"turns":6},{"damage":7,"enemies":"2 Louse","floor":4,"turns":3},{"damage":14,"enemies":"Small Slimes","floor":5,"turns":4},{"damage":52,"enemies":"Lagavulin","floor":6,"turns":8},{"damage":48,"enemies":"Gremlin Nob","floor":8,"turns":5},{"damage":7,"enemies":"3 Louse","floor":12,"turns":3},{"damage":0,"enemies":"Looter","floor":14,"turns":1},{"damage":0,"enemies":"Slime Boss","floor":16,"turns":4},{"damage":8,"enemies":"Spheric Guardian","floor":18,"turns":3},{"damage":0,"enemies":"Chosen","floor":19,"turns":4},{"damage":12,"enemies":"Shelled Parasite and Fungi","floor":20,"turns":5},{"damage":0,"enemies":"Chosen and Byrds","floor":21,"turns":4},{"damage":21,"enemies":"Slavers","floor":23,"turns":3},{"damage":0,"enemies":"Gremlin Leader","floor":24,"turns":3},{"damage":7,"enemies":"Book of Stabbing","floor":25,"turns":3},{"damage":19,"enemies":"Gremlin Leader","floor":27,"turns":3},{"damage":0,"enemies":"Slavers","floor":28,"turns":4},{"damage":12,"enemies":"Gremlin Leader","floor":29,"turns":4},{"damage":1,"enemies":"Sentry and Sphere","floor":30,"turns":3},{"damage":7,"enemies":"Slavers","floor":31,"turns":4},{"damage":50,"enemies":"Automaton","floor":33,"turns":6},{"damage":1,"enemies":"Orb Walker","floor":35,"turns":2},{"damage":0,"enemies":"3 Darklings","floor":36,"turns":1},{"damage":16,"enemies":"Writhing Mass","floor":37,"turns":3},{"damage":4,"enemies":"4 Shapes","floor":39,"turns":3},{"damage":1,"enemies":"Giant Head","floor":40,"turns":5},{"damage":6,"enemies":"Reptomancer","floor":41,"turns":1},{"damage":6,"enemies":"Giant Head","floor":42,"turns":2},{"damage":12,"enemies":"Nemesis","floor":44,"turns":3},{"damage":18,"enemies":"Giant Head","floor":46,"turns":3},{"damage":31,"enemies":"Nemesis","floor":48,"turns":5},{"damage":44,"enemies":"Time Eater","floor":50,"turns":5}],"seed_played":"1159120709480206554","potions_obtained":[{"floor":1,"key":"FearPotion"},{"floor":6,"key":"Strength Potion"},{"floor":12,"key":"SneckoOil"},{"floor":14,"key":"ElixirPotion"},{"floor":19,"key":"Swift Potion"},{"floor":20,"key":"AttackPotion"},{"floor":21,"key":"Weak Potion"},{"floor":24,"key":"Ancient Potion"},{"floor":27,"key":"SpeedPotion"},{"floor":31,"key":"Ancient Potion"},{"floor":33,"key":"PowerPotion"},{"floor":41,"key":"Swift Potion"},{"floor":42,"key":"Dexterity Potion"},{"floor":48,"key":"ColorlessPotion"}],"is_trial":true,"path_per_floor":["M","?","?","M","M","E","R","E","T","R","T","M","$","M","R","B",null,"M","M","M","M","$","E","E","E","T","E","E","E","M","E","R","B",null,"M","M","M","$","M","E","E","E","T","E","$","E","R","E","R","B",null],"character_chosen":"IRONCLAD","items_purchased":["Brimstone","Shockwave","Seeing Red","Strange Spoon","Heavy Blade","Pen Nib","Double Tap","Potion Belt","FairyPotion"],"campfire_rested":1,"item_purchase_floors":[13,13,13,22,22,38,38,38,45],"current_hp_per_floor":[74,74,63,62,54,11,35,10,10,10,10,24,24,33,33,42,71,72,80,79,80,80,80,80,80,80,74,80,77,80,80,80,65,76,80,80,73,73,80,80,80,80,80,77,77,80,80,65,65,80],"gold":397,"neow_bonus":"","is_daily":false,"chose_seed":false,"campfire_upgraded":5,"win_rate":0.0,"timestamp":1612120665,"path_taken":["M","?","?","M","M","E","R","E","T","R","?","M","$","M","R","BOSS","M","M","M","M","$","E","E","E","T","E","E","E","M","E","R","BOSS","M","?","M","$","M","E","E","E","T","E","$","E","R","E","R","BOSS"],"items_purchased_type":["Relic","Card","Card","Relic","Card","Relic","Card","Relic","Potion"],"build_version":"2020-12-22","purchased_purges":3,"victory":true,"max_hp_per_floor":[80,80,80,80,80,80,80,80,80,80,80,80,80,80,80,80,80,80,80,80,80,80,80,80,80,80,80,80,80,80,80,80,80,80,80,80,80,80,80,80,80,80,80,80,80,80,80,80,80,80],"card_choices":[{"not_picked":["Juggernaut","Impervious"],"picked":"Reaper","floor":6},{"not_picked":["Corruption","Brutality"],"picked":"Bludgeon","floor":8},{"not_picked":["Immolate","Barricade"],"picked":"Corruption","floor":16},{"not_picked":["Demon Form","Berserk"],"picked":"Double Tap","floor":23},{"not_picked":["Impervious","Bludgeon"],"picked":"Limit Break","floor":24},{"not_picked":["Offering","Limit Break"],"picked":"Impervious","floor":25},{"not_picked":["Immolate","Juggernaut"],"picked":"Reaper","floor":27},{"not_picked":["Juggernaut","Bludgeon","Corruption"],"picked":"SKIP","floor":28},{"not_picked":["Corruption","Bludgeon","Reaper"],"picked":"SKIP","floor":29},{"not_picked":["Juggernaut","Fiend Fire"],"picked":"Immolate","floor":31},{"not_picked":["Immolate","Corruption"],"picked":"Offering","floor":40},{"not_picked":["Fiend Fire","Juggernaut"],"picked":"Berserk","floor":41},{"not_picked":["Double Tap","Barricade","Reaper"],"picked":"SKIP","floor":42},{"not_picked":["Immolate","Berserk"],"picked":"Offering","floor":44},{"not_picked":["Bludgeon","Reaper"],"picked":"Fiend Fire","floor":46},{"not_picked":["Bludgeon","Impervious"],"picked":"Brutality","floor":48}],"player_experience":516348,"relics_obtained":[{"floor":1,"key":"Nunchaku"},{"floor":4,"key":"Anchor"},{"floor":5,"key":"Magic Flower"},{"floor":6,"key":"Letter Opener"},{"floor":8,"key":"Ancient Tea Set"},{"floor":9,"key":"Akabeko"},{"floor":11,"key":"Omamori"},{"floor":12,"key":"Incense Burner"},{"floor":14,"key":"Centennial Puzzle"},{"floor":18,"key":"Bag of Marbles"},{"floor":19,"key":"Torii"},{"floor":20,"key":"Blue Candle"},{"floor":21,"key":"PreservedInsect"},{"floor":23,"key":"MawBank"},{"floor":24,"key":"Bronze Scales"},{"floor":25,"key":"Bag of Preparation"},{"floor":26,"key":"War Paint"},{"floor":27,"key":"StoneCalendar"},{"floor":28,"key":"CeramicFish"},{"floor":29,"key":"Tiny Chest"},{"floor":30,"key":"Mercury Hourglass"},{"floor":31,"key":"Smiling Mask"},{"floor":35,"key":"Dream Catcher"},{"floor":36,"key":"Sundial"},{"floor":37,"key":"Regal Pillow"},{"floor":39,"key":"Meat on the Bone"},{"floor":40,"key":"Ice Cream"},{"floor":41,"key":"Shovel"},{"floor":42,"key":"Vajra"},{"floor":43,"key":"Lantern"},{"floor":44,"key":"Girya"},{"floor":46,"key":"Blood Vial"},{"floor":48,"key":"Art of War"}],"event_choices":[{"damage_healed":0,"gold_gain":0,"player_choice":"Take Wound","damage_taken":0,"relics_obtained":["Golden Idol"],"max_hp_gain":0,"max_hp_loss":0,"event_name":"Golden Idol","floor":2,"gold_loss":0,"cards_obtained":["Injury"]},{"damage_healed":0,"gold_gain":75,"player_choice":"Gather Gold","damage_taken":11,"max_hp_gain":0,"max_hp_loss":0,"event_name":"World of Goop","floor":3,"gold_loss":0}],"is_beta":false,"boss_relics":[{"not_picked":["Fusion Hammer","Ectoplasm"],"picked":"Astrolabe"},{"not_picked":["Cursed Key","Calling Bell"],"picked":"SlaversCollar"}],"items_purged_floors":[13,38,45],"is_endless":false,"potions_floor_spawned":[1,6,12,14,19,20,21,24,27,31,33,35,41,42,48],"ascension_level":8}}