{"host":"6xsbn6ynqlzwllfm","time":1612115292,"event":{"mods":["2.2 Compatiblity","BaseMod","Bestiary","Colored Map","Colored Powertips","Curses Come First","Highlight Path","Keyboard Shortcuts","Minty Spire (QoL Compilation)","Relic Stats","Slay the Relics Exporter","StSLib","SuperFastMode"],"gold_per_floor":[119,135,153,171,171,198,219,219,219],"floor_reached":8,"language":"ENG","playtime":205,"items_purged":[],"score":116,"play_id":"c5737881-79e1-40ab-a093-c3a22f8c5226","local_time":"20210131124812","is_ascension_mode":true,"campfire_choices":[],"circlet_count":0,"master_deck":["AscendersBane","Strike_P","Strike_P","Strike_P","Strike_P","Defend_P","Defend_P","Defend_P","Defend_P","Eruption","Vigilance","SignatureMove","CrushJoints","FearNoEvil+1","Meditate","SandsOfTime"],"relics":["PureWater","NeowsBlessing","Tiny Chest","Odd Mushroom"],"acts_visited":["Exordium"],"potions_floor_usage":[6,7,7],"damage_taken":[{"damage":0,"enemies":"Cultist","floor":1,"turns":1},{"damage":0,"enemies":"2 Louse","floor":2,"turns":1},{"damage":0,"enemies":"Small Slimes","floor":3,"turns":1},{"damage":9,"enemies":"2 Fungi Beasts","floor":4,"turns":5},{"damage":11,"enemies":"Gremlin Nob","floor":6,"turns":3},{"damage":24,"enemies":"The Mushroom Lair","floor":7,"turns":5},{"damage":13,"enemies":"3 Sentries","floor":8,"turns":3}],"seed_played":"5158965908606871704","potions_obtained":[{"floor":1,"key":"Strength Potion"},{"floor":4,"key":"ColorlessPotion"},{"floor":6,"key":"BottledMiracle"}],"is_trial":false,"path_per_floor":["M","M","M","M","?","E","?","E"],"character_chosen":"WATCHER","items_purchased":[],"campfire_rested":0,"item_purchase_floors":[],"current_hp_per_floor":[61,61,61,52,52,41,17,4,4],"gold":219,"neow_bonus":"THREE_ENEMY_KILL","is_daily":false,"chose_seed":false,"campfire_upgraded":0,"win_rate":0.0,"timestamp":1612115292,"path_taken":["M","M","?","?","?","E","?","E"],"items_purchased_type":[],"build_version":"2020-12-22","purchased_purges":0,"victory":false,"max_hp_per_floor":[68,68,68,68,68,68,68,68,68],"relic_stats":{"counters":[7,19],"Tiny Chest":0,"obtain_stats":[{"NeowsBlessing":0,"Tiny Chest":6,"PureWater":0,"Odd Mushroom":7},{"NeowsBlessing":0,"Tiny Chest":5,"PureWater":0,"Odd Mushroom":6},{"NeowsBlessing":0,"Tiny Chest":11,"PureWater":0,"Odd Mushroom":16}]},"card_choices":[{"not_picked":["InnerPeace","PathToVictory"],"picked":"SignatureMove","floor":1},{"not_picked":["Indignation","WindmillStrike"],"picked":"CrushJoints","floor":3},{"not_picked":["FlyingSleeves","Meditate"],"picked":"FearNoEvil","floor":4},{"not_picked":["Consecrate","Protect"],"picked":"Meditate","floor":6},{"not_picked":["InnerPeace","WindmillStrike"],"picked":"SandsOfTime","floor":7}],"player_experience":1360951,"relics_obtained":[{"floor":6,"key":"Tiny Chest"},{"floor":7,"key":"Odd Mushroom"}],"event_choices":[{"damage_healed":0,"gold_gain":0,"player_choice":"Grow","damage_taken":0,"max_hp_gain":0,"max_hp_loss":0,"event_name":"Living Wall","floor":5,"gold_loss":0,"cards_upgraded":["FearNoEvil"]},{"damage_healed":0,"gold_gain":0,"player_choice":"Fought Mushrooms","damage_taken":0,"max_hp_gain":0,"max_hp_loss":0,"event_name":"Mushrooms","floor":7,"gold_loss":0}],"is_beta":false,"boss_relics":[],"items_purged_floors":[],"is_endless":false,"potions_floor_spawned":[1,4,6],"killed_by":"3 Sentries","ascension_level":20}}