{"host":"gfmw02tnhhvp9jba","time":1612081023,"event":{"mods":["AchievementEnabler","BaseMod","Colored Map","Conspire","Downfall","Highlight Path","Minty Spire (QoL Compilation)","Replay The Spire","StSLib"],"gold_per_floor":[119,119,44,54,7,33,33,33,33,49,49,68,20,48,48,146,146,161,161,178,189,241,241,270,270,341,353,353,353,353],"floor_reached":29,"language":"ENG","playtime":902,"items_purged":["Strike_P"],"score":276,"play_id":"482c375c-af19-4a1c-88ff-38c9c86c6df9","local_time":"20210131091703","is_ascension_mode":false,"campfire_choices":[{"data":"BattleHymn","floor":7,"key":"SMITH"},{"data":"Eruption","floor":11,"key":"SMITH"},{"floor":23,"key":"REST"}],"circlet_count":0,"master_deck":["Strike_P","Strike_P","Defend_P","Defend_P","Defend_P","Eruption+1","Vigilance","BattleHymn+1","FlyingSleeves","Crescendo","Protect","Devotion","Crescendo","Establishment","InnerPeace","FollowUp","Decay"],"relics":["PureWater","NeowsBlessing","HornCleat","conspire:GlowingRock","Bronze Scales","Sundial","conspire:RunicOctahedron","Blue Doll","Art of War","Mercury Hourglass"],"acts_visited":["Exordium","TheCity"],"potions_floor_usage":[18,18,27],"damage_taken":[{"damage":0,"enemies":"Jaw Worm","floor":1,"turns":1},{"damage":0,"enemies":"Cultist","floor":4,"turns":1},{"damage":0,"enemies":"Gremlin Nob","floor":6,"turns":1},{"damage":0,"enemies":"conspire:RoseBush","floor":10,"turns":3},{"damage":13,"enemies":"Exordium Thugs","floor":12,"turns":3},{"damage":1,"enemies":"Replay:BlueRogue","floor":14,"turns":4},{"damage":17,"enemies":"The Guardian","floor":16,"turns":9},{"damage":12,"enemies":"2 Thieves","floor":18,"turns":3},{"damage":31,"enemies":"conspire:FuzzyDice","floor":20,"turns":4},{"damage":13,"enemies":"Snake Plant","floor":21,"turns":4},{"damage":29,"enemies":"conspire:Head Lice","floor":24,"turns":4},{"damage":7,"enemies":"Shelled Parasite and Fungi","floor":27,"turns":4},{"damage":2,"enemies":"Slavers","floor":29,"turns":1}],"seed_played":"3274648657088683421","potions_obtained":[{"floor":1,"key":"SkillPotion"},{"floor":6,"key":"Swift Potion"},{"floor":8,"key":"Dexterity Potion"},{"floor":8,"key":"SteroidPotion"},{"floor":16,"key":"Adrenaline Potion"},{"floor":24,"key":"FearPotion"}],"is_trial":false,"path_per_floor":["M","?","$","M","$","E","R","?","T","M","R","M","$","E","R_BF","B",null,"M","?","M","M","T","R","E","?","T","M","?","E"],"character_chosen":"WATCHER","items_purchased":["FlyingSleeves","Protect"],"campfire_rested":1,"item_purchase_floors":[5,13],"current_hp_per_floor":[72,72,72,72,72,72,72,72,72,72,72,59,59,58,58,41,72,60,60,29,16,16,37,8,8,8,1,1,0,0],"gold":353,"neow_bonus":"THREE_ENEMY_KILL","is_daily":false,"chose_seed":false,"campfire_upgraded":2,"win_rate":0.0,"timestamp":1612081023,"path_taken":["M","?","?","?","?","E","R","?","T","M","R","M","$","E","R_BF","BOSS","M","?","?","M","?","R","E","?","T","M","?","E"],"items_purchased_type":["Card","Card"],"build_version":"2020-12-22","purchased_purges":1,"victory":false,"max_hp_per_floor":[72,72,72,72,72,72,72,72,72,72,72,72,72,72,72,72,72,72,72,72,72,72,72,72,72,72,72,72,72,72],"card_choices":[{"not_picked":["Replay:Anticipation","Protect"],"picked":"BattleHymn","floor":1},{"not_picked":["Halt","Replay:Anticipation","Replay:AtTheReady"],"picked":"SKIP","floor":4},{"not_picked":["FollowUp","TalkToTheHand","EmptyMind"],"picked":"SKIP","floor":6},{"not_picked":["BowlingBash","TalkToTheHand","FlyingSleeves"],"picked":"SKIP","floor":10},{"not_picked":["EmptyMind","Halt"],"picked":"Crescendo","floor":12},{"not_picked":["Prostrate","MentalFortress"],"picked":"Devotion","floor":14},{"not_picked":["Alpha","ConjureBlade"],"picked":"Establishment","floor":16},{"not_picked":["CrushJoints","Replay:ManipulateFuture","Prostrate"],"picked":"SKIP","floor":18},{"not_picked":["EmptyFist","Evaluate","Brilliance"],"picked":"SKIP","floor":20},{"not_picked":["EmptyBody+1","Nirvana","WindmillStrike"],"picked":"SKIP","floor":21},{"not_picked":["Halt","Replay:BluntJabs"],"picked":"InnerPeace","floor":24},{"not_picked":["Evaluate","Consecrate"],"picked":"FollowUp","floor":27}],"player_experience":109213,"relics_obtained":[{"floor":6,"key":"conspire:GlowingRock"},{"floor":9,"key":"Bronze Scales"},{"floor":14,"key":"Sundial"},{"floor":22,"key":"Blue Doll"},{"floor":24,"key":"Art of War"},{"floor":26,"key":"Mercury Hourglass"}],"event_choices":[{"damage_healed":0,"gold_gain":0,"player_choice":"Gave Potion","damage_taken":0,"relics_obtained":["HornCleat"],"max_hp_gain":0,"max_hp_loss":0,"event_name":"WeMeetAgain","floor":2,"gold_loss":0},{"damage_healed":0,"gold_gain":0,"player_choice":"Got Potions","damage_taken":0,"max_hp_gain":0,"max_hp_loss":0,"event_name":"Lab","floor":8,"gold_loss":0},{"cards_removed":["Defend_P"],"damage_healed":0,"gold_gain":0,"player_choice":"Purged","damage_taken":0,"max_hp_gain":0,"max_hp_loss":0,"event_name":"Purifier","floor":19,"gold_loss":0},{"damage_healed":0,"gold_gain":0,"player_choice":"Smashed Altar","damage_taken":0,"max_hp_gain":0,"max_hp_loss":0,"event_name":"Forgotten Altar","floor":28,"gold_loss":0,"cards_obtained":["Decay"]}],"is_beta":false,"boss_relics":[{"not_picked":["Ring of Chaos","Replay:Bronze Core"],"picked":"conspire:RunicOctahedron"}],"items_purged_floors":[3],"is_endless":false,"potions_floor_spawned":[1,6,16,24],"killed_by":"Slavers","ascension_level":0}}