{"host":"sav7uxregyirlf69","time":1612057501,"event":{"mods":["AchievementEnabler","BaseMod","Colored Map","DeckTracker","Keyboard Shortcuts","Minty Spire (QoL Compilation)","READ ME - Guardian Mod","StSLib","SuperFastMode"],"gold_per_floor":[215,175,186,13,13,47,58,58,82,101,101,128,142,67,67,139,139,159,111,11,11,11,11,22,41,41,41,68,68,68],"floor_reached":29,"language":"KOR","playtime":478,"items_purged":["Strike_G","Strike_G"],"score":506,"play_id":"8fdf785c-eef3-4dde-8d00-b40f1469d61b","local_time":"20210131104501","is_ascension_mode":true,"campfire_choices":[{"floor":11,"key":"REST"},{"data":"Neutralize","floor":15,"key":"SMITH"},{"floor":23,"key":"REST"}],"circlet_count":0,"master_deck":["AscendersBane","Strike_G+1","Strike_G+1","Strike_G+1","Defend_G+1","Defend_G+1","Defend_G+1","Defend_G+1","Defend_G+1","Survivor","Neutralize+1","Dagger Spray+1","Backstab","Deadly Poison+1","Caltrops","Tactician","Burst","Venomology","Bouncing Flask","Pain","Well Laid Plans"],"relics":["Ring of the Snake","Anchor","Oddly Smooth Stone","Orichalcum","Toy Ornithopter","Cursed Key","Akabeko"],"acts_visited":["Exordium","TheCity"],"potions_floor_usage":[6,6,13,16,16,16,18,19,24,24,28],"damage_taken":[{"damage":0,"enemies":"Cultist","floor":1,"turns":4},{"damage":14,"enemies":"Jaw Worm","floor":3,"turns":6},{"damage":19,"enemies":"Gremlin Nob","floor":6,"turns":4},{"damage":0,"enemies":"Small Slimes","floor":7,"turns":1},{"damage":0,"enemies":"Exordium Wildlife","floor":10,"turns":3},{"damage":12,"enemies":"Lagavulin","floor":12,"turns":7},{"damage":0,"enemies":"Exordium Thugs","floor":13,"turns":3},{"damage":12,"enemies":"Hexaghost","floor":16,"turns":10},{"damage":18,"enemies":"Chosen","floor":18,"turns":7},{"damage":19,"enemies":"2 Thieves","floor":19,"turns":5},{"damage":10,"enemies":"Snake Plant","floor":24,"turns":3},{"damage":24,"enemies":"Snecko","floor":25,"turns":5},{"damage":45,"enemies":"Book of Stabbing","floor":28,"turns":6},{"damage":0,"enemies":"Chosen and Byrds","floor":29,"turns":3}],"seed_played":"-3761574778437588027","potions_obtained":[{"floor":2,"key":"CunningPotion"},{"floor":2,"key":"EssenceOfSteel"},{"floor":10,"key":"Explosive Potion"},{"floor":12,"key":"EntropicBrew"},{"floor":13,"key":"Strength Potion"},{"floor":21,"key":"FairyPotion"},{"floor":25,"key":"Explosive Potion"}],"is_trial":false,"path_per_floor":["M","?","M","$","?","E","M","?","T","M","R","E","M","$","R","B",null,"M","M","$","?","$","R","M","M","T","?","E","M"],"character_chosen":"THE_SILENT","items_purchased":["Anchor"],"campfire_rested":2,"item_purchase_floors":[4],"current_hp_per_floor":[59,59,45,45,45,26,26,6,6,6,25,13,18,18,18,21,55,42,28,28,28,28,47,47,23,23,23,4,4,4],"gold":68,"neow_bonus":"HUNDRED_GOLD","is_daily":false,"chose_seed":false,"campfire_upgraded":1,"win_rate":0.0,"timestamp":1612057501,"path_taken":["M","?","?","$","?","E","?","?","T","M","R","E","M","?","R","BOSS","M","M","$","?","?","R","M","?","T","?","E","M"],"items_purchased_type":["Relic"],"build_version":"2020-12-22","purchased_purges":2,"victory":false,"max_hp_per_floor":[66,66,66,66,66,66,66,66,66,66,66,66,66,66,66,66,66,66,66,66,66,66,66,66,66,66,66,66,66,66],"card_choices":[{"not_picked":["Underhanded Strike","Acrobatics"],"picked":"Dagger Spray","floor":1},{"not_picked":["Poisoned Stab","Cloak And Dagger"],"picked":"Backstab","floor":3},{"not_picked":["Choke","Acrobatics"],"picked":"Deadly Poison","floor":6},{"not_picked":["PiercingWail","Leg Sweep"],"picked":"Caltrops","floor":7},{"not_picked":["Choke","Bane"],"picked":"Tactician","floor":10},{"not_picked":["Distraction","Underhanded Strike","Sucker Punch"],"picked":"SKIP","floor":12},{"not_picked":["Dodge and Roll","Underhanded Strike"],"picked":"Burst","floor":13},{"not_picked":["Night Terror","Unload"],"picked":"Venomology","floor":16},{"not_picked":["Outmaneuver","All Out Attack","Bane"],"picked":"SKIP","floor":18},{"not_picked":["Slice","Crippling Poison"],"picked":"Bouncing Flask","floor":19},{"not_picked":["Deadly Poison","Flying Knee","Infinite Blades+1"],"picked":"SKIP","floor":24},{"not_picked":["Endless Agony","Eviscerate","Heel Hook"],"picked":"SKIP","floor":25},{"not_picked":["Die Die Die","Escape Plan"],"picked":"Well Laid Plans","floor":28}],"player_experience":1441721,"relics_obtained":[{"floor":6,"key":"Oddly Smooth Stone"},{"floor":9,"key":"Orichalcum"},{"floor":12,"key":"Toy Ornithopter"},{"floor":28,"key":"Akabeko"}],"event_choices":[{"damage_healed":0,"gold_gain":0,"player_choice":"Bought 3 Potions","damage_taken":0,"max_hp_gain":0,"max_hp_loss":0,"event_name":"The Woman in Blue","floor":2,"gold_loss":0},{"damage_healed":0,"gold_gain":0,"player_choice":"Upgraded","damage_taken":0,"max_hp_gain":0,"max_hp_loss":0,"event_name":"Upgrade Shrine","floor":5,"gold_loss":0,"cards_upgraded":["Dagger Spray"]},{"damage_healed":0,"gold_gain":0,"player_choice":"Entered Light","damage_taken":20,"max_hp_gain":0,"max_hp_loss":0,"event_name":"Shining Light","floor":8,"gold_loss":0,"cards_upgraded":["Defend_G","Deadly Poison"]},{"damage_healed":0,"gold_gain":0,"player_choice":"Got Potions","damage_taken":0,"max_hp_gain":0,"max_hp_loss":0,"event_name":"Lab","floor":21,"gold_loss":0},{"damage_healed":0,"gold_gain":0,"player_choice":"Simplicity","damage_taken":0,"max_hp_gain":0,"max_hp_loss":0,"event_name":"Back to Basics","floor":27,"gold_loss":0,"cards_upgraded":["Strike_G","Strike_G","Strike_G","Defend_G","Defend_G","Defend_G","Defend_G"]}],"is_beta":false,"boss_relics":[{"not_picked":["HoveringKite","Sozu"],"picked":"Cursed Key"}],"items_purged_floors":[14,20],"is_endless":false,"potions_floor_spawned":[3,10,12,13,25],"killed_by":"Chosen and Byrds","ascension_level":20}}