{"host":"exhp4inpfmbngj23","time":1612098399,"event":{"mods":["Abigail Mod","BaseMod","Beaked The Cultist","Downfall","Friendly Minions","Kiyohime????","Koishi","Minty Spire (QoL Compilation)","StSLib","The Alterego"],"gold_per_floor":[99,113,213,213,213,213,290,196,213,229,243,243,143,128,145,246,246,246,264,277,294,294,294,294,494,504,516,534,546,446,472,492,492,492,492],"floor_reached":33,"language":"ENG","playtime":2183,"items_purged":[],"score":299,"play_id":"35e75848-1803-4a6f-b681-1aaac4624683","local_time":"20210131050639","is_ascension_mode":true,"campfire_choices":[{"floor":1,"key":"RECALL"},{"data":"Slimebound:SplitBruiser","floor":13,"key":"SMITH"},{"data":"Slimebound:PrepareCrush","floor":18,"key":"SMITH"},{"data":"J.A.X.","floor":30,"key":"SMITH"}],"circlet_count":0,"master_deck":["Slimebound:Strike_Slimebound","Slimebound:Strike_Slimebound","Slimebound:Strike_Slimebound","Slimebound:Tackle","Slimebound:Defend_Slimebound","Slimebound:Defend_Slimebound+1","Slimebound:Defend_Slimebound+1","Slimebound:Defend_Slimebound","Slimebound:Split","Slimebound:CorrosiveSpit","Slimebound:SplitLeeching+1","downfall:Malfunctioning","Slimebound:SplitLeeching+1","Slimebound:FirmFortitude+1","Slimebound:LeadByExample","Slimebound:Schlurp","Slimebound:MegaLick","Slimebound:SplitBruiser+1","Slimebound:RollThrough","Slimebound:GoopSpray","Slimebound:PrepareCrush+1","Slimebound:HauntingLick","Slimebound:SamplingLick","J.A.X.+1","Slimebound:RollThrough","Slimebound:GrowthPunch","Slimebound:SplitMire+1","Slimebound:SlimeBarrage"],"relics":["Slimebound:AbsorbEndCombat","Slimebound:MaxSlimesRelic","Mercury Hourglass","downfall:HeartBlessingRed","Busted Crown","downfall:HeartBlessingBlue","beaked:ShinyBauble"],"acts_visited":["Exordium","TheCity"],"potions_floor_usage":[31,31,33],"damage_taken":[{"damage":1,"enemies":"Jaw Worm","floor":2,"turns":5},{"damage":0,"enemies":"downfall:FleeingMerchant","floor":8,"turns":4},{"damage":0,"enemies":"Small Slimes","floor":9,"turns":2},{"damage":0,"enemies":"Cultist","floor":10,"turns":2},{"damage":0,"enemies":"Large Slime","floor":11,"turns":4},{"damage":0,"enemies":"downfall:FleeingMerchant","floor":14,"turns":4},{"damage":10,"enemies":"Exordium Thugs","floor":15,"turns":3},{"damage":20,"enemies":"DF_ARCHETYPE_STREAMLINE","floor":16,"turns":8},{"damage":4,"enemies":"Spheric Guardian","floor":19,"turns":3},{"damage":0,"enemies":"Chosen","floor":20,"turns":4},{"damage":0,"enemies":"3 Cultists","floor":21,"turns":4},{"damage":7,"enemies":"Cultist and Chosen","floor":26,"turns":4},{"damage":16,"enemies":"Snake Plant","floor":27,"turns":4},{"damage":3,"enemies":"3 Cultists","floor":28,"turns":4},{"damage":0,"enemies":"Centurion and Healer","floor":29,"turns":5},{"damage":37,"enemies":"Slavers","floor":31,"turns":5},{"damage":16,"enemies":"Snecko","floor":32,"turns":5},{"damage":34,"enemies":"IC_MUSHROOM_ARCHETYPE","floor":33,"turns":4}],"seed_played":"-6521619670817691637","potions_obtained":[{"floor":9,"key":"CultistPotion"},{"floor":10,"key":"Dexterity Potion"},{"floor":16,"key":"Slimebound:ThreeZeroPotion"},{"floor":27,"key":"Energy Potion"},{"floor":28,"key":"Swift Potion"}],"is_trial":false,"path_per_floor":["R","M","?","?","T","?","T","$","M","M","M","?","R","$","M","B",null,"R","M","M","M","?","?","T","?","M","M","M","M","R","E","M","B"],"character_chosen":"SLIMEBOUND","items_purchased":["Slimebound:LeadByExample"],"campfire_rested":0,"item_purchase_floors":[8],"current_hp_per_floor":[71,71,71,71,71,71,71,71,71,71,71,71,71,71,63,45,71,71,67,69,69,69,69,69,69,64,52,57,61,71,38,24,0,0,0],"gold":492,"neow_bonus":"TEN_PERCENT_HP_BONUS","is_daily":false,"chose_seed":false,"campfire_upgraded":3,"win_rate":0.0,"timestamp":1612098399,"path_taken":["R","M","?","?","?","?","T","$","M","M","?","?","R","?","M","BOSS","R","M","M","M","?","?","T","?","?","M","M","M","R","E","M","BOSS"],"items_purchased_type":["Card"],"build_version":"2020-12-22","purchased_purges":0,"victory":false,"max_hp_per_floor":[71,71,71,71,71,71,71,71,71,71,71,71,71,71,71,71,71,71,71,71,71,71,71,71,71,71,71,71,71,81,81,81,81,81,81],"card_choices":[{"not_picked":["Slimebound:ItLooksTasty","Slimebound:Grow"],"picked":"Slimebound:SplitLeeching","floor":2},{"not_picked":["Slimebound:ViciousTackle","Slimebound:Recycling"],"picked":"Slimebound:FirmFortitude","floor":8},{"not_picked":["Slimebound:SplitMire","Slimebound:HauntingLick"],"picked":"Slimebound:Schlurp","floor":9},{"not_picked":["Slimebound:Dissolve","Slimebound:RejuvenatingLick"],"picked":"Slimebound:MegaLick","floor":10},{"not_picked":["Slimebound:GoopSpray","Slimebound:SplitLeeching"],"picked":"Slimebound:SplitBruiser","floor":11},{"not_picked":["Slimebound:GoopTackle","Slimebound:FinishingTackle"],"picked":"Slimebound:RollThrough","floor":14},{"not_picked":["Slimebound:GoopTackle","Slimebound:SlimeBrawl"],"picked":"Slimebound:GoopSpray","floor":15},{"not_picked":["Slimebound:Teamwork","Slimebound:CheckThePlaybook"],"picked":"Slimebound:PrepareCrush","floor":16},{"not_picked":["Slimebound:SplitAcid"],"picked":"SKIP","floor":19},{"not_picked":[],"picked":"Slimebound:HauntingLick","floor":20},{"not_picked":[],"picked":"Slimebound:SamplingLick","floor":21},{"not_picked":[],"picked":"Slimebound:RollThrough","floor":26},{"not_picked":["Slimebound:DisruptingSlam+1"],"picked":"SKIP","floor":27},{"not_picked":["Slimebound:ItLooksTasty"],"picked":"SKIP","floor":28},{"not_picked":[],"picked":"Slimebound:GrowthPunch","floor":29},{"not_picked":[],"picked":"Slimebound:SplitMire+1","floor":31},{"not_picked":[],"picked":"Slimebound:SlimeBarrage","floor":32}],"player_experience":2136910,"relics_obtained":[{"floor":5,"key":"Slimebound:MaxSlimesRelic"},{"floor":7,"key":"Mercury Hourglass"},{"floor":31,"key":"beaked:ShinyBauble"}],"event_choices":[{"damage_healed":0,"gold_gain":0,"player_choice":"Grow","damage_taken":0,"max_hp_gain":0,"max_hp_loss":0,"event_name":"Living Wall","floor":12,"gold_loss":0,"cards_upgraded":["Slimebound:FirmFortitude"]},{"damage_healed":0,"gold_gain":0,"player_choice":"Obtain J.A.X.","damage_taken":0,"max_hp_gain":0,"max_hp_loss":0,"event_name":"Drug Dealer","floor":23,"gold_loss":0,"cards_obtained":["J.A.X."]},{"damage_healed":0,"gold_gain":200,"player_choice":"Gold","damage_taken":0,"max_hp_gain":0,"max_hp_loss":0,"event_name":"Wheel of Change","floor":25,"gold_loss":0}],"is_beta":false,"boss_relics":[{"not_picked":["bronze:MakeshiftBattery","Coffee Dripper"],"picked":"Busted Crown"}],"items_purged_floors":[],"is_endless":false,"potions_floor_spawned":[9,10,16,27,28],"killed_by":"IC_MUSHROOM_ARCHETYPE","ascension_level":1}}