{"host":"kiczkwpc36uxnkg8","time":1612114246,"event":{"mods":["AchievementEnabler","Act Like it!","Aspiration","BaseMod","Colored Powertips","Energized Spire","GifTheSpireLib","Hubris","Infinite Spire","Koishi","Minty Spire (QoL Compilation)","Pale of the Ancients","Permanent Neow","Quick Restart","Relic Filter","Remilia??????","Replay The Spire","Spicy Shops","StSLib","Stuff the Spire","The Bug Knight","The Servant 0.9.4","Wandering Minibosses"],"gold_per_floor":[114,132,132,152,2,29,29,13,40,68,68,68,86,104,104,204,204,216,216],"floor_reached":18,"language":"ENG","playtime":2532,"items_purged":[],"score":221,"play_id":"cf2b08a8-ea05-420a-bcd7-dc85f1ffe37e","local_time":"20210131173046","is_ascension_mode":true,"campfire_choices":[{"floor":7,"key":"REST"},{"floor":12,"key":"REST"},{"floor":15,"key":"REST"}],"circlet_count":0,"master_deck":["Strike_B","Strike_B","Strike_B","Strike_B","Defend_B","Defend_B","Defend_B","Zap","Dualcast","StuffTheSpire:Plugnplay","Conserve Battery","Redo","Panic Button","Capacitor","Multi-Cast+1","StuffTheSpire:LoadUp","hubris:SpecializedCircuitry"],"relics":["hubris:CrackedHourglass","hubris:Icosahedron","Lee\u0027s Waffle","infinitespire:Lychee Nut","Blood Vial","Odd Mushroom","aspiration:PoetsPen"],"acts_visited":["Exordium","TheCity"],"potions_floor_usage":[6,16,16,16],"damage_taken":[{"damage":0.0,"enemies":"Small Slimes","floor":1.0,"turns":3.0},{"damage":7.0,"enemies":"Jaw Worm","floor":2.0,"turns":3.0},{"damage":0.0,"enemies":"Cultist","floor":4.0,"turns":4.0},{"damage":74,"enemies":"Gremlin Nob","floor":6,"turns":5},{"damage":9,"enemies":"Exordium Thugs","floor":8,"turns":4},{"damage":18,"enemies":"The Mushroom Lair","floor":10,"turns":5},{"damage":29,"enemies":"Looter","floor":13,"turns":5},{"damage":0,"enemies":"2 Fungi Beasts","floor":14,"turns":3},{"damage":39,"enemies":"Hexaghost","floor":16,"turns":11},{"damage":31,"enemies":"Spheric Guardian","floor":18,"turns":4}],"seed_played":"3356437898397486394","potions_obtained":[{"floor":2.0,"key":"Strength Potion"},{"floor":4.0,"key":"Dexterity Potion"},{"floor":6,"key":"Elixir"},{"floor":13,"key":"ColorlessPotion"},{"floor":16,"key":"Strength Potion"}],"is_trial":false,"path_per_floor":["M","M","?","M","$","E","R","M","T","?","?","R","M","M","R","B",null,"M"],"character_chosen":"DEFECT","items_purchased":["Lee\u0027s Waffle"],"campfire_rested":3,"item_purchase_floors":[5],"current_hp_per_floor":[68,61,61,61,82,8,26,23,23,13,13,31,10,17,35,4,47,24,24],"gold":216,"neow_bonus":"BOSS_RELIC","is_daily":false,"chose_seed":false,"campfire_upgraded":0,"win_rate":0.0,"timestamp":1612114246,"path_taken":["M","M","?","M","$","E","R","M","T","?","?","R","M","M","R","BOSS","M"],"items_purchased_type":["Relic"],"build_version":"2020-12-22","purchased_purges":0,"victory":false,"max_hp_per_floor":[75,75,75,75,82,61,61,61,61,61,61,61,61,61,61,61,61,61,61],"card_choices":[{"not_picked":["Panic Button","Blizzard"],"picked":"StuffTheSpire:Plugnplay","floor":1.0},{"not_picked":["Redo","Panic Button"],"picked":"Conserve Battery","floor":2.0},{"not_picked":["Multi-Cast","Rebound"],"picked":"Redo","floor":4.0},{"not_picked":["Glacier","aspiration:Polymerization"],"picked":"Panic Button","floor":6},{"not_picked":["Panic Button","Beam Cell","StuffTheSpire:NuclearReactor"],"picked":"SKIP","floor":8},{"not_picked":["Static Discharge","Turbo"],"picked":"Capacitor","floor":10},{"not_picked":["Rebound","Hologram","Steam Power"],"picked":"SKIP","floor":13},{"not_picked":["Beam Cell","BasicCrystalCard"],"picked":"StuffTheSpire:LoadUp","floor":14},{"not_picked":["Creative AI","Amplify"],"picked":"hubris:SpecializedCircuitry","floor":16}],"player_experience":664187,"relics_obtained":[{"floor":6,"key":"infinitespire:Lychee Nut"},{"floor":9,"key":"Blood Vial"},{"floor":10,"key":"Odd Mushroom"}],"event_choices":[{"damage_healed":0,"gold_gain":0,"player_choice":"Fought Mushrooms","damage_taken":0,"max_hp_gain":0,"max_hp_loss":0,"event_name":"Mushrooms","floor":10,"gold_loss":0}],"is_beta":false,"boss_relics":[{"not_picked":["Velvet Choker","Ectoplasm"],"picked":"aspiration:PoetsPen"}],"items_purged_floors":[],"is_endless":false,"potions_floor_spawned":[2,4,6,13,16],"killed_by":"Spheric Guardian","ascension_level":7}}