{"host":"vqgrg90fv56geajp","time":1612109665,"event":{"mods":["BaseMod","Colored Map","Colored Powertips","Minty Spire (QoL Compilation)","Quick Restart","Rare Cards Sparkle","Relic Stats"],"gold_per_floor":[12,24,41,56,67,67,78,111,111,127,127,152,152,171,171,248,248,264,264,275,232,232,232,249,249,249],"floor_reached":25,"language":"ENG","playtime":1658,"items_purged":[],"score":434,"play_id":"d6de1c0a-5e60-4fb9-9ea3-522cc1137e01","local_time":"20210131181425","is_ascension_mode":true,"campfire_choices":[{"floor":6,"key":"REST"},{"floor":11,"key":"REST"},{"data":"Footwork","floor":13,"key":"SMITH"},{"data":"Noxious Fumes","floor":15,"key":"SMITH"},{"data":"Catalyst","floor":23,"key":"SMITH"}],"circlet_count":0,"master_deck":["AscendersBane","Strike_G+1","Strike_G+1","Defend_G+1","Defend_G+1","Defend_G+1","Defend_G+1","Defend_G+1","Survivor","Neutralize","Adrenaline","Bouncing Flask","Dodge and Roll","Bane","Dagger Spray","Terror","Glass Knife","Noxious Fumes+1","Footwork+1","Bouncing Flask","Caltrops","Night Terror","Burst+1","Poisoned Stab+1","Deadly Poison+1","Catalyst+1","PiercingWail","Well Laid Plans"],"relics":["Ring of the Snake","Eternal Feather","Ninja Scroll","Akabeko","Astrolabe"],"acts_visited":["Exordium","TheCity"],"potions_floor_usage":[4,10,16,16,20,25],"damage_taken":[{"damage":0,"enemies":"Jaw Worm","floor":1,"turns":4},{"damage":7,"enemies":"Small Slimes","floor":2,"turns":4},{"damage":6,"enemies":"2 Louse","floor":3,"turns":4},{"damage":1,"enemies":"Exordium Thugs","floor":4,"turns":4},{"damage":10,"enemies":"Red Slaver","floor":5,"turns":4},{"damage":4,"enemies":"Blue Slaver","floor":7,"turns":4},{"damage":18,"enemies":"Lagavulin","floor":8,"turns":8},{"damage":1,"enemies":"Lots of Slimes","floor":10,"turns":3},{"damage":15,"enemies":"3 Sentries","floor":12,"turns":7},{"damage":0,"enemies":"2 Fungi Beasts","floor":14,"turns":1},{"damage":8,"enemies":"Slime Boss","floor":16,"turns":7},{"damage":17,"enemies":"3 Byrds","floor":18,"turns":4},{"damage":14,"enemies":"2 Thieves","floor":20,"turns":4},{"damage":34,"enemies":"Snake Plant","floor":24,"turns":4},{"damage":35,"enemies":"Book of Stabbing","floor":25,"turns":3}],"seed_played":"-5721298910602149574","potions_obtained":[{"floor":1,"key":"CunningPotion"},{"floor":4,"key":"Fruit Juice"},{"floor":7,"key":"Fire Potion"},{"floor":10,"key":"SteroidPotion"},{"floor":18,"key":"SneckoOil"},{"floor":24,"key":"EssenceOfSteel"}],"is_trial":false,"path_per_floor":["M","M","M","M","M","R","M","E","T","M","R","E","R","M","R","B",null,"M","?","M","$","?","R","M","E"],"character_chosen":"THE_SILENT","items_purchased":["Well Laid Plans"],"campfire_rested":2,"item_purchase_floors":[21],"current_hp_per_floor":[59,52,46,45,35,54,50,32,32,36,69,54,66,66,71,63,69,52,52,38,38,38,53,19,0,0],"gold":249,"neow_bonus":"THREE_RARE_CARDS","is_daily":false,"chose_seed":false,"campfire_upgraded":3,"win_rate":0.0,"timestamp":1612109665,"path_taken":["M","M","M","M","M","R","M","E","T","M","R","E","R","M","R","BOSS","M","?","M","?","?","R","M","E"],"items_purchased_type":["Card"],"build_version":"2020-12-22","purchased_purges":0,"victory":false,"max_hp_per_floor":[66,66,66,66,66,66,66,66,66,71,71,71,71,71,71,71,71,71,71,71,71,71,71,71,71,71],"relic_stats":{"counters":[15,65],"Astrolabe":["Burst","Poisoned Stab","Deadly Poison"],"Eternal Feather":44,"obtain_stats":[{"Ninja Scroll":9,"Astrolabe":17,"Eternal Feather":8,"Akabeko":12,"Ring of the Snake":0},{"Ninja Scroll":7,"Astrolabe":11,"Eternal Feather":7,"Akabeko":9,"Ring of the Snake":0},{"Ninja Scroll":32,"Astrolabe":50,"Eternal Feather":32,"Akabeko":42,"Ring of the Snake":0}],"Ring of the Snake":[30]},"card_choices":[{"not_picked":["Doppelganger","Wraith Form v2"],"picked":"Adrenaline","floor":0},{"not_picked":["Outmaneuver","Leg Sweep"],"picked":"Bouncing Flask","floor":1},{"not_picked":["Acrobatics","Accuracy"],"picked":"Dodge and Roll","floor":2},{"not_picked":["Sucker Punch","Heel Hook"],"picked":"Bane","floor":3},{"not_picked":["Cloak And Dagger","Deflect"],"picked":"Dagger Spray","floor":4},{"not_picked":["Escape Plan","Acrobatics"],"picked":"Terror","floor":5},{"not_picked":["Backstab","Accuracy"],"picked":"Glass Knife","floor":7},{"not_picked":["Eviscerate","Blade Dance"],"picked":"Noxious Fumes","floor":8},{"not_picked":["Calculated Gamble","PiercingWail"],"picked":"Footwork","floor":10},{"not_picked":["Dagger Throw","Phantasmal Killer"],"picked":"Bouncing Flask","floor":12},{"not_picked":["Quick Slash","Endless Agony"],"picked":"Caltrops","floor":14},{"not_picked":["Phantasmal Killer","Tools of the Trade"],"picked":"Night Terror","floor":16},{"not_picked":["Blade Dance","Eviscerate","Underhanded Strike"],"picked":"SKIP","floor":18},{"not_picked":["Concentrate+1","Cloak And Dagger"],"picked":"PiercingWail","floor":20},{"not_picked":["Dagger Throw","Slice","Masterful Stab"],"picked":"SKIP","floor":24}],"player_experience":2524428,"relics_obtained":[{"floor":8,"key":"Eternal Feather"},{"floor":9,"key":"Ninja Scroll"},{"floor":12,"key":"Akabeko"}],"event_choices":[{"damage_healed":0,"gold_gain":0,"player_choice":"Read","damage_taken":0,"max_hp_gain":0,"max_hp_loss":0,"event_name":"The Library","floor":19,"gold_loss":0,"cards_obtained":["Catalyst"]},{"damage_healed":0,"gold_gain":0,"player_choice":"Simplicity","damage_taken":0,"max_hp_gain":0,"max_hp_loss":0,"event_name":"Back to Basics","floor":22,"gold_loss":0,"cards_upgraded":["Strike_G","Strike_G","Defend_G","Defend_G","Defend_G","Defend_G","Defend_G"]}],"is_beta":false,"boss_relics":[{"not_picked":["WristBlade","Philosopher\u0027s Stone"],"picked":"Astrolabe"}],"items_purged_floors":[],"is_endless":false,"potions_floor_spawned":[1,4,7,10,14,18,24],"killed_by":"Book of Stabbing","ascension_level":20}}