{"host":"b2j09bgckbzjrujr","time":1640953668,"event":{"mods":["AchievementEnabler","Aspiration","BaseMod","BetterRewards","Colored Map","Colored Powertips","Conspire","Friendly Minions","Infinite Spire","Marisa£®ÏF”Í°°ƒß¿Ì…≥£©","Minty Spire (QoL Compilation)","Quick Restart","Rare Cards Sparkle","Reimu£®≤©¿ˆ¡È√Œ£©","Remilia£®¿Ÿ√◊¿Ú—«£©","Replay The Spire","Shop Mod","StSLib","SuperFastMode","TestMod","The Cursed","The Jungle","The Servant 0.9.4","Waifu the Spire","Youmu£®ªÍ∆«—˝√Œ£©","Yuyuko"],"gold_per_floor":[115,132,144,144,134,161,161,161,161,167,54,87,87,12,12,115,115,127,139,189,202,217,250,265,278,278,278,278,278,305,315,315,410,410,430,705,12196,12215,12215,12242,12242,12274,12274,12304,12320,12320,12350,12370,12370,12471,12471,12478,12679,11939,11939],"floor_reached":54,"language":"ZHS","playtime":2424,"items_purged":["Poor:ReiMu"],"score":2042,"play_id":"b867a816-5c67-4014-85c6-603b07bd18f8","local_time":"20211231202748","is_ascension_mode":true,"campfire_choices":[{"data":"Bash","floor":7,"key":"SMITH"},{"floor":15,"key":"REST"},{"data":"testmod-SunMoon","floor":28,"key":"SMITH"},{"floor":32,"key":"RECALL"},{"data":"Strike_R","floor":41,"key":"SMITH"},{"data":"Defend_R","floor":46,"key":"SMITH"},{"floor":49,"key":"REST"}],"circlet_count":0,"master_deck":["Strike_R+1","Strike_R+1","Strike_R+1","Strike_R","Strike_R","Defend_R+1","Defend_R","Defend_R","Defend_R+1","Bash+1","testmod-SunMoon+1","Amnesia","Hallucinations","Regret","ReplayTheSpireMod:Doomed","Shame","ReplayTheSpireMod:IOU","ReplayTheSpireMod:IOU","TheCursedMod:Dregs","ReplayTheSpireMod:IOU","infinitespire:Pacifist","ReplayTheSpireMod:IOU","ReplayTheSpireMod:IOU","infinitespire:Pacifist","ReplayTheSpireMod:IOU","ReplayTheSpireMod:IOU","ReplayTheSpireMod:IOU","ReplayTheSpireMod:IOU","Envy_TH","ReplayTheSpireMod:IOU","conspire:Blindness","ReplayTheSpireMod:IOU","ReplayTheSpireMod:IOU","infinitespire:Pacifist","ReplayTheSpireMod:IOU","Injury","ReplayTheSpireMod:IOU","ReplayTheSpireMod:IOU","Overencumbered","Overencumbered","ReplayTheSpireMod:IOU","ReplayTheSpireMod:IOU","ReplayTheSpireMod:IOU","Wrath_TH","ReplayTheSpireMod:IOU","Injury","ReplayTheSpireMod:IOU","ReplayTheSpireMod:IOU","Shame","ReplayTheSpireMod:IOU","Looming Evil","ReplayTheSpireMod:IOU","ReplayTheSpireMod:IOU","Clumsy","ReplayTheSpireMod:IOU","Amnesia","ReplayTheSpireMod:IOU","ReplayTheSpireMod:IOU","Envy_TH","ReplayTheSpireMod:IOU","Spreading Infection","ReplayTheSpireMod:IOU","ReplayTheSpireMod:IOU","Lust_TH","ReplayTheSpireMod:IOU","Poor:ReiMu","ReplayTheSpireMod:IOU","ReplayTheSpireMod:IOU","Normality","ReplayTheSpireMod:IOU","Replay:Sluggish","ReplayTheSpireMod:IOU","ReplayTheSpireMod:IOU","Looming Evil","ReplayTheSpireMod:IOU","Pain","ReplayTheSpireMod:IOU","ReplayTheSpireMod:IOU","Wrath_TH","ReplayTheSpireMod:IOU","ReplayTheSpireMod:Splinters","ReplayTheSpireMod:IOU","Replay:Hysterical Blindness","testmod-SunMoon+1","ReplayTheSpireMod:IOU","ReplayTheSpireMod:IOU","Parasite","ReplayTheSpireMod:IOU","ReplayTheSpireMod:IOU","ReplayTheSpireMod:IOU","Spreading Infection","ReplayTheSpireMod:IOU","ReplayTheSpireMod:IOU","ReplayTheSpireMod:IOU","ReplayTheSpireMod:IOU","Shame","ReplayTheSpireMod:IOU","Clumsy","ReplayTheSpireMod:IOU","ReplayTheSpireMod:IOU","Doubt","ReplayTheSpireMod:IOU","Delirium","ReplayTheSpireMod:IOU","ReplayTheSpireMod:IOU","Parasite","ReplayTheSpireMod:IOU","Amnesia","ReplayTheSpireMod:IOU","ReplayTheSpireMod:IOU","ReplayTheSpireMod:Doomed","ReplayTheSpireMod:IOU","Poor:ReiMu","ReplayTheSpireMod:IOU","ReplayTheSpireMod:IOU","Sloth_TH","ReplayTheSpireMod:IOU","Overencumbered","ReplayTheSpireMod:IOU","ReplayTheSpireMod:IOU","Greed_TH","ReplayTheSpireMod:IOU","Poor:ReiMu","ReplayTheSpireMod:IOU","ReplayTheSpireMod:IOU","Greed_TH","ReplayTheSpireMod:IOU","Overencumbered","ReplayTheSpireMod:IOU","ReplayTheSpireMod:IOU","ReplayTheSpireMod:IOU","ReplayTheSpireMod:IOU","Doubt","ReplayTheSpireMod:IOU","ReplayTheSpireMod:IOU","Poor:ReiMu","ReplayTheSpireMod:IOU","Hallucinations","ReplayTheSpireMod:IOU","ReplayTheSpireMod:IOU","infinitespire:Pacifist","ReplayTheSpireMod:IOU","conspire:Blindness","ReplayTheSpireMod:IOU","ReplayTheSpireMod:IOU","Overencumbered","ReplayTheSpireMod:IOU","Replay:Sluggish","ReplayTheSpireMod:IOU","ReplayTheSpireMod:IOU","Shame","ReplayTheSpireMod:Splinters","ReplayTheSpireMod:IOU","ReplayTheSpireMod:IOU","ReplayTheSpireMod:IOU","Writhe","ReplayTheSpireMod:IOU","Regret","ReplayTheSpireMod:IOU","ReplayTheSpireMod:IOU","Replay:Hysterical Blindness","ReplayTheSpireMod:IOU","Overencumbered","ReplayTheSpireMod:IOU","ReplayTheSpireMod:IOU","Envy_TH","ReplayTheSpireMod:IOU","Lust_TH","ReplayTheSpireMod:IOU","ReplayTheSpireMod:IOU","ReplayTheSpireMod:IOU","ReplayTheSpireMod:IOU","Replay:Hysterical Blindness","ReplayTheSpireMod:IOU","ReplayTheSpireMod:IOU","ReplayTheSpireMod:Doomed","ReplayTheSpireMod:IOU","Delirium","ReplayTheSpireMod:IOU","ReplayTheSpireMod:IOU","Normality","ReplayTheSpireMod:IOU","ReplayTheSpireMod:Doomed","ReplayTheSpireMod:IOU","ReplayTheSpireMod:IOU","Delirium","ReplayTheSpireMod:IOU","Voices","ReplayTheSpireMod:IOU","ReplayTheSpireMod:IOU","conspire:Blindness","ReplayTheSpireMod:IOU","Lust_TH","ReplayTheSpireMod:IOU","ReplayTheSpireMod:IOU","Wraith","ReplayTheSpireMod:IOU","Overencumbered","ReplayTheSpireMod:IOU","ReplayTheSpireMod:IOU","Overencumbered","ReplayTheSpireMod:IOU","Doubt","ReplayTheSpireMod:IOU","ReplayTheSpireMod:IOU","ReplayTheSpireMod:IOU","ReplayTheSpireMod:IOU","Doubt","ReplayTheSpireMod:IOU","ReplayTheSpireMod:IOU","Lust_TH","ReplayTheSpireMod:IOU","Languid","ReplayTheSpireMod:IOU","ReplayTheSpireMod:IOU","Spreading Infection","ReplayTheSpireMod:IOU","Wraith","ReplayTheSpireMod:IOU","ReplayTheSpireMod:IOU","conspire:Blindness","ReplayTheSpireMod:Doomed","conspire:Purge+1","ReplayTheSpireMod:Doomed","christmas-Plague+1","CommonCold","Greed_TH","CommonCold","Strike_R+1"],"relics":["testmod-TestBox","testmod-GiftOfSatan","YidongShenshe:ReiMu","conspire:BottledYoYo","MerchantsRug","testmod-AssaultLearning","RedLine:ReiMu","Ring of Hypnosis","Ring of Greed","Golden Egg","Replay:Wax Seal","Shuriken","Replay:Wax Seal","Mirror","Quantum Egg","Anchor","Busted Crown","Ice Cream","aspiration:TomeofQuesting","Chemical X","infinitespire:Golems Mask","Potion Belt","Bag of Marbles","Replay:Accelerometer","infinitespire:Beetle Shell","Garlic","Cursed Key","Ginger","testmod-ObsoleteBoomerang","DollysMirror"],"acts_visited":["Exordium","TheCity","TheBeyond","Exordium"],"potions_floor_usage":[6,16,16],"damage_taken":[{"damage":6,"enemies":"Cultist","floor":1,"turns":3},{"damage":6,"enemies":"2 Louse","floor":2,"turns":2},{"damage":2,"enemies":"Jaw Worm","floor":3,"turns":3},{"damage":24,"enemies":"Large Slime","floor":5,"turns":5},{"damage":10,"enemies":"3 Sentries","floor":6,"turns":2},{"damage":34,"enemies":"Lagavulin","floor":10,"turns":5},{"damage":0,"enemies":"3 Sentries","floor":12,"turns":1},{"damage":0,"enemies":"Fading Forest","floor":16,"turns":8},{"damage":0,"enemies":"2 Thieves","floor":18,"turns":1},{"damage":0,"enemies":"3 Byrds","floor":19,"turns":1},{"damage":0,"enemies":"Snake Plant","floor":21,"turns":1},{"damage":0,"enemies":"Cultist and Chosen","floor":22,"turns":1},{"damage":0,"enemies":"Nightmare","floor":23,"turns":1},{"damage":0,"enemies":"3 Cultists","floor":24,"turns":1},{"damage":0,"enemies":"Snake Plant","floor":25,"turns":1},{"damage":0,"enemies":"Slavers","floor":30,"turns":1},{"damage":0,"enemies":"Centurion and Healer","floor":31,"turns":1},{"damage":0,"enemies":"Automaton","floor":33,"turns":1},{"damage":0,"enemies":"Orb Walker","floor":35,"turns":1},{"damage":0,"enemies":"3 Darklings","floor":38,"turns":1},{"damage":0,"enemies":"R_Hoarder","floor":40,"turns":1},{"damage":0,"enemies":"Giant Head","floor":42,"turns":2},{"damage":0,"enemies":"Nightmare","floor":44,"turns":1},{"damage":0,"enemies":"Maw","floor":45,"turns":1},{"damage":11,"enemies":"Reptomancer","floor":47,"turns":2},{"damage":0,"enemies":"4 Shapes","floor":48,"turns":1},{"damage":5,"enemies":"Awakened One","floor":50,"turns":2},{"damage":38,"enemies":"Small Slimes","floor":52,"turns":2}],"seed_played":"6654715542074528300","potions_obtained":[{"floor":2,"key":"AttackPotion"},{"floor":10,"key":"SkillPotion"},{"floor":12,"key":"Ancient Potion"},{"floor":18,"key":"SneckoOil"},{"floor":22,"key":"Milkshake"},{"floor":25,"key":"Reflective Coating"},{"floor":31,"key":"Reflective Coating"},{"floor":45,"key":"Swift Potion"},{"floor":48,"key":"SteroidPotion"},{"floor":52,"key":"testmod-SpacePotion"}],"is_trial":false,"path_per_floor":["M","M","M","?","M","E","R","?","T","E","$","E","?","$","R","B",null,"M","M","?","M","M","NM","M","M","T","AVR","R","?","E","M","R","B",null,"M","?","$","M","AVR","E","R","E","T","NM","M","R","E","M","R","B",null,"M","?","$"],"character_chosen":"IRONCLAD","items_purchased":["MerchantsRug","testmod-SunMoon","Ice Cream","aspiration:TomeofQuesting","Chemical X","testmod-SunMoon","Ginger","testmod-ObsoleteBoomerang","DollysMirror"],"campfire_rested":2,"item_purchase_floors":[11,11,37,37,37,37,54,54,54],"current_hp_per_floor":[72,72,85,85,86,76,76,76,76,44,44,44,26,26,53,88,90,90,90,90,90,90,90,90,90,90,90,90,90,90,90,90,90,90,90,90,90,90,90,90,90,90,90,90,90,90,79,79,90,85,89,51,51,0,0],"gold":11939,"neow_bonus":"BOSS_RELIC","is_daily":false,"chose_seed":false,"campfire_upgraded":4,"win_rate":0.0,"timestamp":1640953668,"path_taken":["M","M","?","?","M","E","R","?","T","E","?","E","?","$","R","BOSS","M","M","?","M","M","NM","M","M","T","AVR","R","?","E","M","R","BOSS","M","?","$","M","AVR","E","R","E","T","NM","M","R","E","M","R","BOSS","M","?","?"],"items_purchased_type":["Relic","Card","Relic","Relic","Relic","Card","Relic","Relic","Relic"],"build_version":"2020-12-22","purchased_purges":1,"victory":false,"max_hp_per_floor":[80,80,85,85,90,90,90,90,90,90,90,90,90,90,90,90,90,90,90,90,90,90,90,90,90,90,90,90,90,90,90,90,90,90,90,90,90,90,90,90,90,90,90,90,90,90,90,90,90,90,90,90,90,90,90],"card_choices":[{"not_picked":["Perfected Strike","ReplayTheSpireMod:Strike From Hell","Thunderclap"],"picked":"SKIP","floor":1},{"not_picked":["Flex","infinitespire:OneForAll","Run Through"],"picked":"SKIP","floor":2},{"not_picked":["Heavy Blade","Body Slam","Anger"],"picked":"SKIP","floor":3},{"not_picked":["Havoc","Power Through","Berserk"],"picked":"SKIP","floor":5},{"not_picked":["ReplayTheSpireMod:LeadingStrike","ReplayReversal","Offering"],"picked":"SKIP","floor":6},{"not_picked":["ReplayTheSpireMod:Corrosion Curse","Reaper","Flex"],"picked":"SKIP","floor":10},{"not_picked":["Run Through","Carnage","Havoc"],"picked":"SKIP","floor":12},{"not_picked":["Replay:Undeath\u0027s Touch","Sever Soul","Entrench+1"],"picked":"SKIP","floor":18},{"not_picked":["Armaments","Havoc","Iron Wave+1"],"picked":"SKIP","floor":19},{"not_picked":["Armaments","Havoc","Iron Wave+1"],"picked":"SKIP","floor":19},{"not_picked":["Replay:Undeath\u0027s Touch","Whirlwind+1","Cleave"],"picked":"SKIP","floor":21},{"not_picked":["Replay:Undeath\u0027s Touch","Clothesline","Shrug It Off+1"],"picked":"SKIP","floor":22},{"not_picked":["Hemogenesis","Replay:Undeath\u0027s Touch","Rampage"],"picked":"SKIP","floor":23},{"not_picked":["Hemogenesis","Replay:Undeath\u0027s Touch","Rampage"],"picked":"SKIP","floor":23},{"not_picked":["Replay:Undeath\u0027s Touch+1","Armaments","ReplayTheSpireMod:Strike From Hell+1"],"picked":"SKIP","floor":24},{"not_picked":["Evolve","Rupture","Flex"],"picked":"SKIP","floor":25},{"not_picked":["ReplayTheSpireMod:LeadingStrike","Havoc","Shrug It Off"],"picked":"SKIP","floor":30},{"not_picked":["Burning Pact","Shrug It Off","conspire:Charge"],"picked":"SKIP","floor":31},{"not_picked":["ReplayTheSpireMod:LeadingStrike+1"],"picked":"SKIP","floor":35},{"not_picked":["Flex"],"picked":"SKIP","floor":38},{"not_picked":["Pommel Strike"],"picked":"SKIP","floor":40},{"not_picked":["ReplayTheSpireMod:Stacked+1"],"picked":"SKIP","floor":42},{"not_picked":["Pommel Strike+1"],"picked":"SKIP","floor":44},{"not_picked":[],"picked":"conspire:Purge","floor":45},{"not_picked":["Clothesline"],"picked":"SKIP","floor":47},{"not_picked":["Seeing Red"],"picked":"SKIP","floor":48},{"not_picked":[],"picked":"christmas-Plague+1","floor":50},{"not_picked":["ReplayTheSpireMod:Corrosion Curse"],"picked":"SKIP","floor":52}],"player_experience":63171,"relics_obtained":[{"floor":6,"key":"Replay:Mystery Machine"},{"floor":9,"key":"conspire:InfiniteJournal"},{"floor":10,"key":"conspire:BottledYoYo"},{"floor":12,"key":"testmod-AssaultLearning"},{"floor":20,"key":"Ring of Hypnosis"},{"floor":20,"key":"Ring of Greed"},{"floor":20,"key":"Golden Egg"},{"floor":20,"key":"Replay:Wax Seal"},{"floor":23,"key":"Shuriken"},{"floor":26,"key":"Replay:Wax Seal"},{"floor":30,"key":"Anchor"},{"floor":40,"key":"Potion Belt"},{"floor":42,"key":"Bag of Marbles"},{"floor":43,"key":"Replay:Accelerometer"},{"floor":44,"key":"infinitespire:Beetle Shell"},{"floor":47,"key":"Garlic"}],"event_choices":[{"damage_healed":0,"gold_gain":0,"player_choice":"¥¯◊ﬂ…Ò…Á","damage_taken":0,"relics_obtained":["YidongShenshe:ReiMu"],"max_hp_gain":0,"max_hp_loss":0,"event_name":"yidonshenshe","floor":4,"gold_loss":0,"cards_obtained":["Poor:ReiMu"]},{"damage_healed":0,"gold_gain":0,"player_choice":"Entered Light","damage_taken":18,"max_hp_gain":0,"max_hp_loss":0,"event_name":"Shining Light","floor":13,"gold_loss":0,"cards_upgraded":["Strike_R","Defend_R"]},{"damage_healed":0,"gold_gain":0,"player_choice":"Gave Potion","damage_taken":0,"relics_obtained":["Quantum Egg"],"max_hp_gain":0,"max_hp_loss":0,"event_name":"WeMeetAgain","floor":29,"gold_loss":0},{"damage_healed":0,"gold_gain":275,"player_choice":"Desecrate","damage_taken":0,"max_hp_gain":0,"max_hp_loss":0,"event_name":"Golden Shrine","floor":36,"gold_loss":0,"cards_obtained":["Regret"]}],"is_beta":false,"boss_relics":[{"not_picked":["conspire:SeveredTorchhead","Ring of Chaos"],"picked":"RedLine:ReiMu"},{"not_picked":["SacredBark","Runic Cube"],"picked":"Busted Crown"},{"not_picked":["Replay:Fungal Core","Replay:Wanted Poster"],"picked":"Cursed Key"}],"items_purged_floors":[14],"is_endless":true,"potions_floor_spawned":[2,10,12,18,22,25,31,38,45,48,50,52],"ascension_level":7}}