{"host":"8jwif9mna8ud19ho","time":1612100625,"event":{"mods":["BaseMod","Better Vampires","Downfall","Marisa£¨ìFÓê¡¡Ä§ÀíÉ³£©","Minty Spire (QoL Compilation)","Reimu£¨²©ÀöÁéÃÎ£©","RumiaBox-Â¶Ã×æ«µÄÉñÃØºÐ×Ó","StSLib","¡¾ÒÅÎï¿¨ÅÆ¡¿REMEMod"],"gold_per_floor":[116,126,51,71,71,71,96,96,96,122,87,87,193,193,193,306,306,324,343,343,365,105,171,371,394,394,394,397,397],"floor_reached":28,"language":"ZHS","playtime":623,"items_purged":["Defend_P","Defend_P"],"score":470,"play_id":"17b8c48e-08dc-40a3-8dc3-f837f6f733a1","local_time":"20210131214345","is_ascension_mode":true,"campfire_choices":[{"data":"Eruption","floor":6.0,"key":"SMITH"},{"data":"REME_MawOfCthun","floor":8.0,"key":"SMITH"},{"floor":15.0,"key":"REST"},{"floor":27,"key":"REST"}],"circlet_count":0,"master_deck":["AscendersBane","Strike_P","Strike_P","Strike_P","Strike_P","Eruption+1","Vigilance","REME_MawOfCthun+1","Ragnarok","InnerPeace","BowlingBash+1","Vengeance","Indignation","DeusExMachina"],"relics":["PureWater","REME_ComplimentaryCards","NeowsBlessing","MagicDraw1","REME_ArchaeologicalTools","Oddly Smooth Stone","Orrery","Tiny Chest","Orichalcum"],"acts_visited":["Exordium","TheCity"],"potions_floor_usage":[28],"damage_taken":[{"damage":0.0,"enemies":"Cultist","floor":1.0,"turns":1.0},{"damage":0.0,"enemies":"Jaw Worm","floor":2.0,"turns":1.0},{"damage":0.0,"enemies":"2 Louse","floor":4.0,"turns":1.0},{"damage":23.0,"enemies":"3 Sentries","floor":7.0,"turns":11.0},{"damage":42.0,"enemies":"Gremlin Nob","floor":10.0,"turns":4.0},{"damage":15.0,"enemies":"3 Sentries","floor":13.0,"turns":7.0},{"damage":6.0,"enemies":"Hexaghost","floor":16.0,"turns":9.0},{"damage":0.0,"enemies":"Spheric Guardian","floor":18.0,"turns":1.0},{"damage":6.0,"enemies":"3 Byrds","floor":19.0,"turns":4.0},{"damage":27.0,"enemies":"Shelled Parasite and Fungi","floor":21.0,"turns":2.0},{"damage":25.0,"enemies":"Book of Stabbing","floor":23.0,"turns":6.0},{"damage":0,"enemies":"3 Cultists","floor":25,"turns":3},{"damage":26,"enemies":"Slavers","floor":28,"turns":1}],"seed_played":"-4724198797378794496","potions_obtained":[{"floor":2.0,"key":"Ancient Potion"},{"floor":4.0,"key":"Strength Potion"},{"floor":13.0,"key":"AttackPotion"},{"floor":18.0,"key":"DuplicationPotion"},{"floor":25,"key":"EssenceOfSteel"}],"is_trial":false,"path_per_floor":["M","M","$","M","?","R","E","R","T","E","?","?","E","?","R","B",null,"M","M","?","M","$","E","?","M","T","R","E"],"character_chosen":"WATCHER","items_purchased":["Orrery"],"campfire_rested":2,"item_purchase_floors":[22],"current_hp_per_floor":[61,61,61,61,66,66,43,43,43,1,19,19,4,4,25,19,60,60,54,54,27,27,2,2,2,2,23,0,0],"gold":397,"neow_bonus":"THREE_ENEMY_KILL","is_daily":false,"chose_seed":false,"campfire_upgraded":2,"win_rate":0.0,"timestamp":1612100625,"path_taken":["M","M","$","?","?","R","E","R","T","E","?","?","E","?","R","BOSS","M","M","?","M","$","E","?","M","T","R","E"],"items_purchased_type":["Relic"],"build_version":"2020-12-22","purchased_purges":2,"victory":false,"max_hp_per_floor":[68,68,68,68,73,73,73,73,73,73,73,73,73,73,73,73,73,73,73,73,73,73,73,73,73,73,73,73,73],"card_choices":[{"not_picked":["ClearTheMind","Collect","Evaluate"],"picked":"SKIP","floor":1.0},{"not_picked":["EmptyBody","WaveOfTheHand","EmptyMind"],"picked":"SKIP","floor":2.0},{"not_picked":["REME_Repentance","EmptyMind","PathToVictory"],"picked":"SKIP","floor":4.0},{"not_picked":["ClearTheMind","ForeignInfluence","REME_MusicOfDeath"],"picked":"SKIP","floor":7.0},{"not_picked":["CutThroughFate","Brilliance"],"picked":"Ragnarok","floor":10.0},{"not_picked":["WreathOfFlame","REME_EmptyShield"],"picked":"InnerPeace","floor":13.0},{"not_picked":["Evaluate","Crescendo"],"picked":"BowlingBash+1","floor":18.0},{"not_picked":["Prostrate","Protect","MentalFortress"],"picked":"SKIP","floor":19.0},{"not_picked":["Halt","Protect","Fasting2"],"picked":"SKIP","floor":21.0},{"not_picked":["Weave+1","Crescendo"],"picked":"DeusExMachina","floor":22.0},{"not_picked":["SignatureMove","Vengeance","Crescendo+1"],"picked":"SKIP","floor":23.0},{"not_picked":["Protect","SashWhip","CutThroughFate"],"picked":"SKIP","floor":25}],"player_experience":1142553,"relics_obtained":[{"floor":7.0,"key":"MagicDraw1"},{"floor":10.0,"key":"REME_ArchaeologicalTools"},{"floor":13.0,"key":"Oddly Smooth Stone"},{"floor":23.0,"key":"Tiny Chest"},{"floor":26,"key":"Orichalcum"}],"event_choices":[{"damage_healed":0.0,"max_hp_gain":5.0,"max_hp_loss":0.0,"gold_gain":0.0,"event_name":"Big Fish","player_choice":"Donut","floor":5.0,"gold_loss":0.0,"damage_taken":0.0},{"damage_healed":18.0,"max_hp_gain":0.0,"max_hp_loss":0.0,"gold_gain":0.0,"event_name":"The Cleric","player_choice":"Healed","floor":11.0,"gold_loss":35.0,"damage_taken":0.0},{"damage_healed":0.0,"max_hp_gain":0.0,"max_hp_loss":0.0,"gold_gain":0.0,"event_name":"Shining Light","player_choice":"Ignored","floor":12.0,"gold_loss":0.0,"damage_taken":0.0},{"damage_healed":0.0,"max_hp_gain":0.0,"max_hp_loss":0.0,"gold_gain":0.0,"event_name":"Dead Adventurer","player_choice":"Searched \u00270\u0027 times","floor":14.0,"gold_loss":0.0,"damage_taken":0.0},{"damage_healed":0.0,"max_hp_gain":0.0,"max_hp_loss":0.0,"gold_gain":0.0,"cards_transformed":["Defend_P","Defend_P"],"event_name":"Drug Dealer","player_choice":"Became Test Subject","floor":20.0,"gold_loss":0.0,"damage_taken":0.0,"cards_obtained":["Vengeance","Indignation"]},{"damage_healed":0.0,"max_hp_gain":0.0,"max_hp_loss":0.0,"gold_gain":200.0,"event_name":"Wheel of Change","player_choice":"Gold","floor":24.0,"gold_loss":0.0,"damage_taken":0.0}],"is_beta":false,"boss_relics":[{"not_picked":["REME_DuelDisc","Busted Crown","Cursed Key"]}],"items_purged_floors":[3,22],"is_endless":false,"potions_floor_spawned":[2,4,13,18,25],"killed_by":"Slavers","ascension_level":17}}