{"host":"nwd160me4iqdtr8u","time":1612073824,"event":{"mods":["AchievementEnabler","Act Like it!","BaseMod","Colored Map","DeckTracker","Keyboard Shortcuts","Minty Spire (QoL Compilation)","Quick Restart","Rare Cards Sparkle","StSLib","SuperFastMode","everything is the same but u backflip on backflip"],"gold_per_floor":[111,111,124,134,59,59,59,92,139,139,158,158,168,194,194,194,194],"floor_reached":16,"language":"KOR","playtime":519,"items_purged":[],"score":193,"play_id":"eaff85ae-df27-4c25-bad0-9c1e5ffd8912","local_time":"20210131151704","is_ascension_mode":true,"campfire_choices":[{"data":"Dash","floor":6.0,"key":"SMITH"},{"data":"Adrenaline","floor":10.0,"key":"SMITH"},{"data":"Adrenaline","floor":15.0,"key":"SMITH"}],"circlet_count":0,"master_deck":["AscendersBane","Strike_G","Strike_G","Strike_G","Defend_G","Defend_G","Defend_G","Defend_G","Defend_G","Survivor","Neutralize","Purity","Quick Slash","Dash+1","Adrenaline+1","Backstab","Adrenaline+1","Riddle With Holes","Calculated Gamble"],"relics":["Ring of the Snake","Snake Skull","Tiny Chest","InkBottle","White Beast Statue"],"acts_visited":["Exordium"],"potions_floor_usage":[16,16,16],"damage_taken":[{"damage":1.0,"enemies":"Jaw Worm","floor":1.0,"turns":6.0},{"damage":2.0,"enemies":"Cultist","floor":3.0,"turns":4.0},{"damage":1.0,"enemies":"2 Louse","floor":4.0,"turns":3.0},{"damage":9.0,"enemies":"3 Sentries","floor":8.0,"turns":11.0},{"damage":0.0,"enemies":"Large Slime","floor":11.0,"turns":4.0},{"damage":0.0,"enemies":"Looter","floor":13.0,"turns":2.0},{"damage":11.0,"enemies":"Gremlin Nob","floor":14.0,"turns":4.0},{"damage":39,"enemies":"Hexaghost","floor":16,"turns":11}],"seed_played":"-8132098110476539172","potions_obtained":[{"floor":1.0,"key":"LiquidMemories"},{"floor":2.0,"key":"EntropicBrew"},{"floor":11.0,"key":"AttackPotion"},{"floor":14.0,"key":"CunningPotion"}],"is_trial":false,"path_per_floor":["M","?","M","M","?","R","?","E","T","R","M","T","M","E","R","B"],"character_chosen":"THE_SILENT","items_purchased":[],"campfire_rested":0,"item_purchase_floors":[],"current_hp_per_floor":[58,58,56,55,55,55,55,46,46,46,46,46,46,35,35,0,0],"gold":194,"neow_bonus":"RANDOM_COLORLESS","is_daily":false,"chose_seed":false,"campfire_upgraded":3,"win_rate":0.0,"timestamp":1612073824,"path_taken":["M","?","?","M","?","R","?","E","T","R","M","?","?","E","R","BOSS"],"items_purchased_type":[],"build_version":"2020-12-22","purchased_purges":0,"victory":false,"max_hp_per_floor":[66,66,66,66,66,66,66,66,66,66,66,66,66,66,66,66,66],"card_choices":[{"not_picked":["Madness","Enlightenment"],"picked":"Purity","floor":0.0},{"not_picked":["Slice","Dodge and Roll"],"picked":"Quick Slash","floor":1.0},{"not_picked":["Acrobatics","Flying Knee"],"picked":"Dash","floor":3.0},{"not_picked":["Leg Sweep","Endless Agony"],"picked":"Adrenaline","floor":4.0},{"not_picked":["Cloak And Dagger","Slice"],"picked":"Adrenaline","floor":8.0},{"not_picked":["Bane","Heel Hook"],"picked":"Riddle With Holes","floor":11.0},{"not_picked":["Dodge and Roll","Blade Dance"],"picked":"Calculated Gamble","floor":13.0},{"not_picked":["Dagger Spray","Distraction","Riddle With Holes"],"picked":"SKIP","floor":14.0}],"player_experience":334784,"relics_obtained":[{"floor":8.0,"key":"Snake Skull"},{"floor":9.0,"key":"Tiny Chest"},{"floor":12.0,"key":"InkBottle"},{"floor":14.0,"key":"White Beast Statue"}],"event_choices":[{"damage_healed":0.0,"max_hp_gain":0.0,"max_hp_loss":0.0,"gold_gain":0.0,"event_name":"Lab","player_choice":"Got Potions","floor":2.0,"gold_loss":0.0,"damage_taken":0.0},{"cards_removed":["Strike_G"],"damage_healed":0.0,"max_hp_gain":0.0,"max_hp_loss":0.0,"gold_gain":0.0,"event_name":"The Cleric","player_choice":"Card Removal","floor":5.0,"gold_loss":75.0,"damage_taken":0.0},{"damage_healed":0.0,"max_hp_gain":0.0,"max_hp_loss":0.0,"gold_gain":0.0,"cards_transformed":["Strike_G"],"event_name":"Living Wall","player_choice":"Change","floor":7.0,"gold_loss":0.0,"damage_taken":0.0,"cards_obtained":["Backstab"]}],"is_beta":false,"boss_relics":[],"items_purged_floors":[],"is_endless":false,"potions_floor_spawned":[1,11,14],"killed_by":"Hexaghost","ascension_level":15}}