{"host":"1x0iiauhsd6tfigj","time":1612067910,"event":{"mods":["AchievementEnabler","BaseMod","Block Reminder","Colored Map","Colored Powertips","DeckTracker","Googly Eyes","Highlight Path","Minty Spire (QoL Compilation)","Permanent Neow","Quick Restart","Relic Sorter","Relic Stats","Slay-I","StSLib"],"gold_per_floor":[116,135,65,65,80,107,133,0,0,11,11,21,56,70,70,171,171,184,0,12,31,57,57,84,84,111,131,143,153,170,170,170],"floor_reached":31,"language":"ENG","playtime":1938,"items_purged":[],"score":314,"play_id":"e52cc103-552a-406b-a0c0-624a8c91c653","local_time":"20210130213830","is_ascension_mode":true,"campfire_choices":[{"floor":11,"key":"REST"},{"floor":15,"key":"REST"},{"floor":23,"key":"REST"},{"floor":25,"key":"REST"}],"circlet_count":0,"master_deck":["Strike_P","Strike_P","Strike_P","Strike_P","Defend_P","Defend_P","Defend_P","Defend_P","Eruption","Vigilance","Consecrate","DeceiveReality","EmptyFist","EmptyBody","FlurryOfBlows","SashWhip","DeceiveReality","FollowUp","Prostrate","Consecrate","DeusExMachina","Wallop","Conclude","Halt+1","FearNoEvil","ClearTheMind+1","CutThroughFate+1"],"relics":["PureWater","MawBank","Strawberry","Ginger","SlaversCollar","Nunchaku","Centennial Puzzle","Tiny Chest"],"acts_visited":["Exordium","TheCity"],"potions_floor_usage":[16,19,24,30,31],"damage_taken":[{"damage":0.0,"enemies":"2 Louse","floor":1.0,"turns":2.0},{"damage":2.0,"enemies":"Jaw Worm","floor":2.0,"turns":2.0},{"damage":0.0,"enemies":"Cultist","floor":5.0,"turns":2.0},{"damage":5.0,"enemies":"Lagavulin","floor":6.0,"turns":4.0},{"damage":2.0,"enemies":"Red Slaver","floor":7.0,"turns":2.0},{"damage":29.0,"enemies":"Gremlin Gang","floor":10.0,"turns":6.0},{"damage":0,"enemies":"2 Fungi Beasts","floor":12,"turns":4},{"damage":38,"enemies":"Gremlin Nob","floor":13,"turns":5},{"damage":0,"enemies":"Exordium Wildlife","floor":14,"turns":2},{"damage":16,"enemies":"The Guardian","floor":16,"turns":19},{"damage":0,"enemies":"Spheric Guardian","floor":18,"turns":4},{"damage":10,"enemies":"Shell Parasite","floor":20,"turns":6},{"damage":56,"enemies":"Sentry and Sphere","floor":21,"turns":10},{"damage":43,"enemies":"Slavers","floor":24,"turns":7},{"damage":11,"enemies":"Centurion and Healer","floor":27,"turns":5},{"damage":18,"enemies":"Chosen and Byrds","floor":28,"turns":6},{"damage":9,"enemies":"Snake Plant","floor":29,"turns":5},{"damage":0,"enemies":"Cultist and Chosen","floor":30,"turns":4},{"damage":16,"enemies":"Centurion and Healer","floor":31,"turns":2}],"seed_played":"-4337915365187966423","potions_obtained":[{"floor":0.0,"key":"SneckoOil"},{"floor":0.0,"key":"Swift Potion"},{"floor":0.0,"key":"Energy Potion"},{"floor":1.0,"key":"StancePotion"},{"floor":5.0,"key":"Explosive Potion"},{"floor":6.0,"key":"GamblersBrew"},{"floor":12,"key":"FairyPotion"},{"floor":14,"key":"Dexterity Potion"},{"floor":20,"key":"PowerPotion"},{"floor":27,"key":"Strength Potion"},{"floor":29,"key":"BottledMiracle"},{"floor":30,"key":"PowerPotion"}],"is_trial":false,"path_per_floor":["M","M","$","?","M","E","M","$","T","M","R","M","E","M","R","B",null,"M","$","M","M","T","R","E","R","T","M","M","M","M","M"],"character_chosen":"WATCHER","items_purchased":["EmptyFist","EmptyBody","Strawberry","Fruit Juice","Conclude"],"campfire_rested":4,"item_purchase_floors":[3,3,8,19,19],"current_hp_per_floor":[72,70,70,70,70,65,63,70,70,41,64,64,26,26,49,33,79,79,84,74,18,18,43,25,50,50,39,21,12,12,0,0],"gold":170,"neow_bonus":"THREE_SMALL_POTIONS","is_daily":false,"chose_seed":false,"campfire_upgraded":0,"win_rate":0.0,"timestamp":1612067910,"path_taken":["M","M","$","?","M","E","M","?","T","M","R","M","E","?","R","BOSS","M","$","M","M","?","R","E","R","T","M","?","M","M","M"],"items_purchased_type":["Card","Card","Relic","Potion","Card"],"build_version":"2020-12-22","purchased_purges":0,"victory":false,"max_hp_per_floor":[72,72,72,72,72,72,72,79,79,79,79,79,79,79,79,79,79,79,84,84,84,84,84,84,84,84,84,84,84,84,84,84],"relic_stats":{"Nunchaku":[8],"Centennial Puzzle":[12],"counters":[19,97],"Tiny Chest":0,"Ginger":[13],"MawBank":24,"obtain_stats":[{"SlaversCollar":17,"Nunchaku":22,"Centennial Puzzle":24,"Strawberry":8,"Tiny Chest":26,"Ginger":13,"PureWater":0,"MawBank":6},{"SlaversCollar":10,"Nunchaku":13,"Centennial Puzzle":14,"Strawberry":5,"Tiny Chest":14,"Ginger":8,"PureWater":0,"MawBank":4},{"SlaversCollar":48,"Nunchaku":68,"Centennial Puzzle":75,"Strawberry":12,"Tiny Chest":75,"Ginger":27,"PureWater":0,"MawBank":10}]},"card_choices":[{"not_picked":["WindmillStrike","Pray"],"picked":"Consecrate","floor":1.0},{"not_picked":["ForeignInfluence","Crescendo"],"picked":"DeceiveReality","floor":2.0},{"not_picked":["Crescendo","LessonLearned"],"picked":"FlurryOfBlows","floor":5.0},{"not_picked":["WheelKick","EmptyBody"],"picked":"SashWhip","floor":6.0},{"not_picked":["PathToVictory","JustLucky","ClearTheMind"],"picked":"SKIP","floor":7.0},{"not_picked":["WaveOfTheHand","JustLucky"],"picked":"DeceiveReality","floor":10.0},{"not_picked":["Halt","EmptyFist"],"picked":"FollowUp","floor":12},{"not_picked":["Crescendo","JustLucky"],"picked":"Prostrate","floor":13},{"not_picked":["FlurryOfBlows","TalkToTheHand"],"picked":"Consecrate","floor":14},{"not_picked":["Devotion","MasterReality"],"picked":"DeusExMachina","floor":16},{"not_picked":["EmptyFist+1","Halt"],"picked":"Wallop","floor":18},{"not_picked":["ClearTheMind","FlyingSleeves"],"picked":"Halt+1","floor":20},{"not_picked":["InnerPeace","SpiritShield"],"picked":"FearNoEvil","floor":21},{"not_picked":["Crescendo+1","EmptyMind","SashWhip"],"picked":"SKIP","floor":24},{"not_picked":["Nirvana","Evaluate"],"picked":"ClearTheMind+1","floor":27},{"not_picked":["Study+1","WindmillStrike","BattleHymn"],"picked":"SKIP","floor":28},{"not_picked":["EmptyMind+1","Collect+1"],"picked":"CutThroughFate+1","floor":29},{"not_picked":["Evaluate","Wireheading","PathToVictory"],"picked":"SKIP","floor":30}],"player_experience":1588841,"relics_obtained":[{"floor":6.0,"key":"MawBank"},{"floor":13,"key":"Ginger"},{"floor":22,"key":"Nunchaku"},{"floor":24,"key":"Centennial Puzzle"},{"floor":26,"key":"Tiny Chest"}],"event_choices":[{"damage_healed":0.0,"max_hp_gain":0.0,"max_hp_loss":0.0,"gold_gain":0.0,"event_name":"Liars Game","player_choice":"Ignored","floor":4.0,"gold_loss":0.0,"damage_taken":0.0}],"is_beta":false,"boss_relics":[{"not_picked":["Snecko Eye","Fusion Hammer"],"picked":"SlaversCollar"}],"items_purged_floors":[],"is_endless":false,"potions_floor_spawned":[1,5,6,12,14,20,27,29,30],"killed_by":"Centurion and Healer","ascension_level":3}}