{"host":"lmmgqfiugkm2e64w","time":1612106474,"event":{"mods":["ATMod(阿瑾Mod)","Aspiration","BaseMod","BetterRewards","Challenge The Spire","Conspire","Easy Mod","Marisa（F雨　魔理沙）","Minty Spire (QoL Compilation)","MostiFishMod","Quick Restart","Replay The Spire","Shop Mod","StSLib","TestMod","The Servant 0.9.4","Youmu（魂魄妖梦）","[IsaacMod]以撒尖塔","[功能]功能增强和修复MOD","【遗物卡牌】REMEMod","篝火指南"],"gold_per_floor":[115,156,21,47,47,47,54,54,54,53,124,189,41,66,66,290,290,333,333,490,440,440,492,279,279,279,9,113,113,120,253,34,196,196,257,216,216,182,239,216,216,616,616,589,678,685,685],"floor_reached":46,"language":"ZHS","playtime":1508,"items_purged":["Injury","Injury","Pain","Strike_G","Strike_G"],"score":1774,"play_id":"52344fe4-4531-4ce9-8c4c-92b8e8d1ecdf","local_time":"20210131232114","is_ascension_mode":true,"campfire_choices":[{"floor":6.0,"key":"RECALL"},{"data":"Replay:Poison Smokescreen","floor":8.0,"key":"SMITH"},{"data":"AT_Dispersion","floor":15.0,"key":"SMITH"},{"floor":29.0,"key":"DIG"}],"circlet_count":1,"master_deck":["Strike_G","Strike_G","Strike_G+1","Defend_G","Defend_G+1","Defend_G","Defend_G","Survivor","Neutralize","AT_Dispersion+1","Catalyst","Replay:Poison Smokescreen+1","Crippling Poison","Bouncing Flask","MostiFishMod:SpreadingSpore+1","PiercingWail+1","Corpse Explosion+1","Cloak And Dagger+1","MostiFishMod:Confrontation+1","Footwork","REME_PuzzleBox+1","conspire:DoublingDagger+1","Calculated Gamble+1","MostiFishMod:LethalBlade","Prepared+1","AT_TearsDenial+1","conspire:Banana+1","Outmaneuver+1","AT_WindRun+1"],"relics":["Ring of the Snake","AT_ATBox","testmod-TestBox","HushsDoor","REME_ComplimentaryCards","SalivaCoin","testmod-IntensifyImprint","FeatherPendant","MerchantsRug","Chemical X","Replay:Accelerometer","testmod-LifeArmor","SynthV:TestCard","Bag of Preparation","Toxic Egg 2","AT_MibuBalloonWealth","testmod-ConstraintPeriapt","Snake Skull","ChampionBelt","ChiXiaoBlade","Meat on the Bone","TheBean","Gremlin Horn","Shovel","Replay:Ringing Soul","Circlet","testmod-TurbochargingSystem","AT_ChloranthyRing","SteamSale","REME_HourglassOfDeath","HowToJump","Replay:Mystery Machine","OrangePellets","WarpedTongs","Ornamental Fan","HollowDreamFlower","Tough Bandages","testmod-Hope","Mirror","Replay:Wax Seal","TimeFreeze","testmod-BouquetWithThorns"],"acts_visited":["Exordium","TheCity","TheBeyond"],"potions_floor_usage":[39,39],"damage_taken":[{"damage":0.0,"enemies":"Small Slimes","floor":1.0,"turns":3.0},{"damage":0.0,"enemies":"Jaw Worm","floor":2.0,"turns":1.0},{"damage":1.0,"enemies":"Cultist","floor":4.0,"turns":2.0},{"damage":12.0,"enemies":"Lagavulin","floor":11.0,"turns":5.0},{"damage":0.0,"enemies":"2 Fungi Beasts","floor":12.0,"turns":2.0},{"damage":19.0,"enemies":"Slime Boss","floor":16.0,"turns":7.0},{"damage":0.0,"enemies":"Chosen","floor":18.0,"turns":2.0},{"damage":0.0,"enemies":"conspire:Head Lice","floor":20.0,"turns":4.0},{"damage":0.0,"enemies":"Book of Stabbing","floor":23.0,"turns":2.0},{"damage":0.0,"enemies":"Gremlin Leader","floor":28.0,"turns":2.0},{"damage":0.0,"enemies":"Slavers","floor":31.0,"turns":1.0},{"damage":2,"enemies":"Collector","floor":33,"turns":2},{"damage":5,"enemies":"Giant Head","floor":35,"turns":2},{"damage":1,"enemies":"Mind Bloom Boss Battle","floor":39,"turns":3},{"damage":0,"enemies":"3 Shapes","floor":45,"turns":2},{"damage":196,"enemies":"Nemesis","floor":46,"turns":1}],"seed_played":"-3497398392179839198","potions_obtained":[{"floor":2.0,"key":"Block Potion"},{"floor":4.0,"key":"Elixir"},{"floor":11.0,"key":"testmod-TestPotion"},{"floor":16.0,"key":"EssenceOfSteel"},{"floor":18.0,"key":"testmod-EscapePotion"},{"floor":20.0,"key":"FearPotion"},{"floor":28.0,"key":"REME_GoldPotion"},{"floor":33,"key":"Fire Potion"},{"floor":35,"key":"Elixir"},{"floor":39,"key":"SkillPotion"}],"is_trial":false,"path_per_floor":["M","M","$","M","?","R","?","R","T","$","E","M","R","$","R","B",null,"M","?","M","?","$","E","$","?","T","R","E","R","?","M","R","B",null,"M","$","?","$","?","R","?","?","T","R","M","M"],"character_chosen":"THE_SILENT","items_purchased":["MerchantsRug","Chemical X","Replay:Accelerometer","testmod-LifeArmor","REME_GoldPotion","Bag of Preparation","testmod-SpacePotion","Snake Skull","REME_PuzzleBox+1","Shovel","SteamSale","HowToJump","Replay:Mystery Machine","AT_TearsDenial+1","conspire:Banana+1","OrangePellets","Ornamental Fan","HollowDreamFlower","Tough Bandages","testmod-Hope","Replay:Wax Seal","TimeFreeze","testmod-BouquetWithThorns"],"campfire_rested":0,"item_purchase_floors":[0,0,0,0,0,3,10,13,24,27,32,36,36,36,36,36,38,38,40,40,44,44,44],"current_hp_per_floor":[40,40,40,39,39,39,24,24,24,24,12,18,18,18,18,20,58,59,59,70,70,70,70,70,70,70,70,73,73,58,61,61,69,77,75,78,81,81,91,91,91,91,91,91,98,0,0],"gold":685,"neow_bonus":"","is_daily":false,"chose_seed":false,"campfire_upgraded":2,"win_rate":0.0,"timestamp":1612106474,"path_taken":["M","M","$","M","?","R","?","R","T","$","E","M","R","?","R","BOSS","M","?","M","?","$","E","$","?","T","R","E","R","?","M","R","BOSS","M","$","?","$","?","R","?","?","T","R","?","M"],"items_purchased_type":["Relic","Relic","Relic","Relic","Potion","Relic","Potion","Relic","Card","Relic","Relic","Relic","Relic","Card","Card","Relic","Relic","Relic","Relic","Relic","Relic","Relic","Relic"],"build_version":"2020-12-22","purchased_purges":5,"victory":false,"max_hp_per_floor":[70,70,70,70,70,70,70,70,70,70,70,70,70,70,70,70,70,70,70,70,70,70,70,70,70,70,70,73,73,73,76,76,79,79,82,85,88,88,91,91,91,91,91,91,98,98,98],"card_choices":[{"not_picked":[],"picked":"ChaosCard","floor":0.0},{"not_picked":["Hidden Blade","Finisher"],"picked":"Replay:Poison Smokescreen","floor":1.0},{"not_picked":["MostiFishMod:PerfectParry","Flying Knee","Outmaneuver","Deflect"],"picked":"Crippling Poison","floor":2.0},{"not_picked":["ReplayTheSpireMod:Exploit Weakness","Choke","Bane","Blade Dance"],"picked":"Bouncing Flask","floor":4.0},{"not_picked":["Footwork","conspire:DoublingDagger+1","Dagger Spray","Outmaneuver+1"],"picked":"MostiFishMod:SpreadingSpore+1","floor":11.0},{"not_picked":["AT_Desolate","Prepared+1","Flying Knee","Fluid Movement"],"picked":"PiercingWail+1","floor":12.0},{"not_picked":["MostiFishMod:Opportunism+1","Burst+1","ReplayTheSpireMod:From All Sides","After Image"],"picked":"Corpse Explosion+1","floor":16.0},{"not_picked":["Concentrate+1","Dagger Spray","Noxious Fumes","Predator"],"picked":"Cloak And Dagger+1","floor":18.0},{"not_picked":["Dagger Throw","Endless Agony","Fluid Movement+1","Tactician+1"],"picked":"MostiFishMod:Confrontation+1","floor":20.0},{"not_picked":["Flechettes","Outmaneuver+1","Deflect+1","Deadly Poison+1"],"picked":"Footwork","floor":23.0},{"not_picked":["Caltrops","Blade Dance+1","Prepared+1","ReplayTheSpireMod:The Works+1"],"picked":"conspire:DoublingDagger+1","floor":28.0},{"not_picked":["Escape Plan+1","AT_WomanClash+1","Blur+1","Outmaneuver+1"],"picked":"Calculated Gamble+1","floor":31.0},{"not_picked":["Grand Finale","MostiFishMod:Dislodge+1","ReplayTheSpireMod:From All Sides","Die Die Die"],"picked":"MostiFishMod:LethalBlade","floor":33},{"not_picked":["ReplayTheSpireMod:Tripwire+1","Bane","Sneak Up+1","Die Die Die"],"picked":"Prepared+1","floor":35},{"not_picked":["Cloak And Dagger+1","AT_TwilightShroud+1","Poisoned Stab+1","Heel Hook"],"picked":"Outmaneuver+1","floor":39},{"not_picked":["Backflip+1","Deadly Poison+1","Crippling Poison+1","Cloak And Dagger+1"],"picked":"AT_WindRun+1","floor":45}],"player_experience":529982,"relics_obtained":[{"floor":1.0,"key":"SynthV:TestCard"},{"floor":11.0,"key":"testmod-ConstraintPeriapt"},{"floor":20.0,"key":"Meat on the Bone"},{"floor":23.0,"key":"TheBean"},{"floor":26.0,"key":"Gremlin Horn"},{"floor":28.0,"key":"Replay:Ringing Soul"},{"floor":29.0,"key":"AntiCross"},{"floor":31.0,"key":"AT_ChloranthyRing"},{"floor":35,"key":"REME_HourglassOfDeath"},{"floor":43,"key":"Mirror"}],"event_choices":[{"damage_healed":0.0,"max_hp_gain":0.0,"max_hp_loss":0.0,"gold_gain":0.0,"event_name":"给自己的盒子","player_choice":"Swap Relic","floor":19.0,"relics_lost":["DaveBox"],"gold_loss":0.0,"damage_taken":0.0,"relics_obtained":["DaveBox"]},{"damage_healed":0.0,"max_hp_gain":0.0,"max_hp_loss":0.0,"gold_gain":0.0,"event_name":"Designer","player_choice":"Upgraded Two","floor":21.0,"gold_loss":50.0,"damage_taken":0.0,"cards_upgraded":["Strike_G","Defend_G"]},{"damage_healed":0,"gold_gain":0,"player_choice":"Rummage","damage_taken":0,"relics_obtained":["WarpedTongs"],"max_hp_gain":0,"max_hp_loss":0,"event_name":"Accursed Blacksmith","floor":37,"gold_loss":0,"cards_obtained":["Pain"]},{"damage_healed":0,"gold_gain":0,"player_choice":"Fight","damage_taken":0,"max_hp_gain":0,"max_hp_loss":0,"event_name":"MindBloom","floor":39,"gold_loss":0},{"damage_healed":0,"gold_gain":0,"player_choice":"Ignored","damage_taken":0,"max_hp_gain":0,"max_hp_loss":0,"event_name":"Tomb of Lord Red Mask","floor":41,"gold_loss":0},{"damage_healed":0,"gold_gain":400,"player_choice":"Sell","damage_taken":0,"max_hp_gain":0,"max_hp_loss":0,"event_name":"恩洛斯的盘子","floor":42,"relics_lost":["DaveBox"],"gold_loss":0}],"is_beta":false,"boss_relics":[{"not_picked":["Sozu","testmod-PortableAltar"],"picked":"ChampionBelt"},{"not_picked":[]},{"not_picked":["TimeKeys","ReplayTheSpireMod:DimensionalGlitch","Coffee Dripper"]}],"items_purged_floors":[32,38,40,40,44],"is_endless":false,"potions_floor_spawned":[2,4,11,16,18,20,28,33,35,39],"killed_by":"Nemesis","ascension_level":20}}