{"host":"2zjdcgw4be5n15ja","time":1612068440,"event":{"mods":["2.2 Compatiblity","AchievementEnabler","BaseMod","Bestiary","Better Skull","Better Third Choice","BetterRewards","Colored Powertips","Downfall","Hermit","Marisa????????","Marked Mod","Minty Spire (QoL Compilation)","Quick Restart","Rare Cards Sparkle","Reimu??????","Relic Stats","Reliquary","Replay The Spire","StSLib","The Bug Knight","The Problem Sleuth"],"gold_per_floor":[15,27,37,7,7,7,52,78,78,78,96,125,125,143,143,247,247,257,269,279,279,279,279,279,291,291,291,206,206,239,7,7,7,7],"floor_reached":33,"language":"ENG","playtime":3283,"items_purged":[],"score":273,"play_id":"81774eb6-dc23-46e6-96f6-02492bedc6d2","local_time":"20210131174720","is_ascension_mode":false,"campfire_choices":[{"floor":6,"key":"REST"},{"floor":13,"key":"REST"},{"floor":15,"key":"RECALL"},{"floor":23,"key":"REST"},{"data":"SealNeedle:ReiMu","floor":27,"key":"SMITH"},{"floor":32,"key":"REST"}],"circlet_count":0,"master_deck":["Strike_Lin:ReiMu+1","Strike_Lin:ReiMu+1","Strike_Lin:ReiMu+1","Strike_Lin:ReiMu+1","Defend_Lin:ReiMu+1","Defend_Lin:ReiMu+1","Defend_Lin:ReiMu+1","Defend_Lin:ReiMu+1","NB:ReiMu","Stagnation:ReiMu","SafetyPray:ReiMu","AlertArray:ReiMu","NineCharacters:ReiMu","AirStrike:ReiMu","FantasyMoon:ReiMu","ForcedLanding:ReiMu","OrbThrow:ReiMu","CareerPray:ReiMu","ShadowOfCrow2:ReiMu","AirStrike:ReiMu","KyokaiOfKami:ReiMu","AlertArray:ReiMu+1","SealNeedle:ReiMu+1","Conquer:ReiMu","Conquer:ReiMu+1","YinYangSange:ReiMu","OctopathBindingBorder2:ReiMu","TightArray:ReiMu","SpringWay:ReiMu+1"],"relics":["FlyPower:ReiMu","Torii","Juzu Bracelet","Mercury Hourglass","Mummified Hand","Oddly Smooth Stone","Nloth\u0027s Gift","Potion Belt","Chameleon Ring"],"acts_visited":["Exordium","TheCity"],"potions_floor_usage":[8,8,14,19,20,30,33,33,33,33,33],"damage_taken":[{"damage":7.0,"enemies":"Jaw Worm","floor":1.0,"turns":6.0},{"damage":1.0,"enemies":"Small Slimes","floor":2.0,"turns":6.0},{"damage":10.0,"enemies":"Cultist","floor":3.0,"turns":7.0},{"damage":0,"enemies":"Looter","floor":4,"turns":4},{"damage":35,"enemies":"Gremlin Nob","floor":8,"turns":6},{"damage":1,"enemies":"Gremlin Gang","floor":11,"turns":4},{"damage":15,"enemies":"Lagavulin","floor":12,"turns":6},{"damage":0,"enemies":"Large Slime","floor":14,"turns":5},{"damage":12,"enemies":"Hexaghost","floor":16,"turns":10},{"damage":6,"enemies":"3 Byrds","floor":18,"turns":4},{"damage":3,"enemies":"Chosen and Byrds","floor":19,"turns":5},{"damage":9,"enemies":"Snake Plant","floor":20,"turns":6},{"damage":12,"enemies":"3 Cultists","floor":25,"turns":4},{"damage":36,"enemies":"Book of Stabbing","floor":30,"turns":7},{"damage":61,"enemies":"Automaton","floor":33,"turns":6}],"seed_played":"-1893298518715545141","potions_obtained":[{"floor":2.0,"key":"LiquidFlight:ReiMu"},{"floor":7,"key":"LiquidBronze"},{"floor":8,"key":"Energy Potion"},{"floor":11,"key":"SkillPotion"},{"floor":16,"key":"PinkPotion:ReiMu"},{"floor":20,"key":"ColorlessPotion"},{"floor":29,"key":"sneckomod:MuddlingPotion"},{"floor":29,"key":"Strength Potion"},{"floor":29,"key":"Dexterity Potion"},{"floor":30,"key":"Strength Potion"}],"is_trial":false,"path_per_floor":["M","M","M","M","$","R","?","E","T","?","M","E","R","M","R","B",null,"M","M","M","?","?","R","?","M","T","R","?","?","E","$","R","B"],"character_chosen":"REIMU","items_purchased":["OctopathBindingBorder2:ReiMu","TightArray:ReiMu","SpringWay:ReiMu+1","LifebloodPotion"],"campfire_rested":4,"item_purchase_floors":[31,31,31,31],"current_hp_per_floor":[58,57,47,47,47,65,65,30,30,30,29,14,33,33,33,21,65,59,56,47,47,47,65,65,53,53,53,53,53,17,17,36,0,0],"gold":7,"neow_bonus":"ONE_RARE_RELIC","is_daily":false,"chose_seed":false,"campfire_upgraded":1,"win_rate":0.0,"timestamp":1612068440,"path_taken":["M","M","M","M","$","R","?","E","T","?","M","E","R","M","R","BOSS","M","M","M","?","?","R","?","M","T","R","?","?","E","$","R","BOSS"],"items_purchased_type":["Card","Card","Card","Potion"],"build_version":"2020-12-22","purchased_purges":0,"victory":false,"max_hp_per_floor":[65,65,65,65,65,65,65,65,65,65,65,65,65,65,65,65,65,65,65,65,65,65,65,65,65,65,65,65,65,65,65,65,65,65],"relic_stats":{"Torii":62,"counters":[15,84],"Mummified Hand":[13],"Juzu Bracelet":2,"Nloth\u0027s Gift":0,"obtain_stats":[{"reliquary:JackalopeAntler":12,"Potion Belt":28,"Chameleon Ring":30,"Torii":0,"Mummified Hand":9,"Oddly Smooth Stone":21,"Juzu Bracelet":7,"Nloth\u0027s Gift":24,"FlyPower:ReiMu":0,"Mercury Hourglass":8},{"reliquary:JackalopeAntler":7,"Potion Belt":13,"Chameleon Ring":14,"Torii":0,"Mummified Hand":5,"Oddly Smooth Stone":12,"Juzu Bracelet":4,"Nloth\u0027s Gift":12,"FlyPower:ReiMu":0,"Mercury Hourglass":5},{"reliquary:JackalopeAntler":39,"Potion Belt":71,"Chameleon Ring":78,"Torii":0,"Mummified Hand":29,"Oddly Smooth Stone":67,"Juzu Bracelet":23,"Nloth\u0027s Gift":67,"FlyPower:ReiMu":0,"Mercury Hourglass":29}],"Mercury Hourglass":[240]},"card_choices":[{"not_picked":["YinYangSign:ReiMu","SpringWay:ReiMu"],"picked":"SafetyPray:ReiMu","floor":1.0},{"not_picked":["Enchanting:ReiMu","Intuition:ReiMu"],"picked":"AlertArray:ReiMu","floor":2.0},{"not_picked":["UniversalSpiritual:ReiMu","Intuition:ReiMu"],"picked":"NineCharacters:ReiMu","floor":3.0},{"not_picked":["SubAcupoint:ReiMu","SubcavityInstant:ReiMu"],"picked":"AirStrike:ReiMu","floor":4},{"not_picked":["SpringWay:ReiMu","PassingAway:ReiMu"],"picked":"FantasyMoon:ReiMu","floor":7},{"not_picked":["FoulBorder2:ReiMu","TakeOff:ReiMu"],"picked":"ForcedLanding:ReiMu","floor":7},{"not_picked":["PayForSelf:ReiMu","PassingAway:ReiMu"],"picked":"OrbThrow:ReiMu","floor":8},{"not_picked":["SubAcupoint:ReiMu","PrepareRite:ReiMu"],"picked":"CareerPray:ReiMu","floor":11},{"not_picked":["FantasyMoon:ReiMu","PhosphorusFlame:ReiMu"],"picked":"ShadowOfCrow2:ReiMu","floor":12},{"not_picked":["Enchanting:ReiMu","SpringWay:ReiMu"],"picked":"AirStrike:ReiMu","floor":14},{"not_picked":["RunawayExorcism:ReiMu","CardOfSanctity:ReiMu"],"picked":"KyokaiOfKami:ReiMu","floor":16},{"not_picked":["RainPray2:ReiMu","WonderfulDomain:ReiMu+1"],"picked":"AlertArray:ReiMu+1","floor":18},{"not_picked":["EmergencyTakeOff:ReiMu","SubcavityInstant:ReiMu"],"picked":"SealNeedle:ReiMu","floor":19},{"not_picked":["AirStrike:ReiMu","Meditation:ReiMu"],"picked":"Conquer:ReiMu","floor":20},{"not_picked":["FoulBorder2:ReiMu","KyokaiOfKami:ReiMu"],"picked":"Conquer:ReiMu+1","floor":25},{"not_picked":["PrayRite:ReiMu","SubcavityInstant:ReiMu"],"picked":"YinYangSange:ReiMu","floor":30}],"player_experience":353032,"relics_obtained":[{"floor":7,"key":"Juzu Bracelet"},{"floor":8,"key":"Mercury Hourglass"},{"floor":9,"key":"Mummified Hand"},{"floor":12,"key":"reliquary:JackalopeAntler"},{"floor":30,"key":"Chameleon Ring"}],"event_choices":[{"cards_removed":["ReplayTheSpireMod:Splinters"],"damage_healed":0,"gold_gain":0,"player_choice":"Card Removal","damage_taken":0,"max_hp_gain":0,"max_hp_loss":0,"event_name":"Wheel of Change","floor":10,"gold_loss":0},{"damage_healed":0,"gold_gain":0,"player_choice":"Simplicity","damage_taken":0,"max_hp_gain":0,"max_hp_loss":8,"event_name":"betterThird:BetterWriting","floor":22,"gold_loss":0},{"damage_healed":0,"gold_gain":0,"player_choice":"Traded Relic","damage_taken":0,"relics_obtained":["Nloth\u0027s Gift"],"max_hp_gain":0,"max_hp_loss":0,"event_name":"N\u0027loth","floor":24,"relics_lost":["reliquary:JackalopeAntler"],"gold_loss":0},{"damage_healed":0,"gold_gain":0,"player_choice":"Obtained Relic","damage_taken":0,"relics_obtained":["Potion Belt"],"max_hp_gain":0,"max_hp_loss":0,"event_name":"Addict","floor":28,"gold_loss":85},{"damage_healed":0,"gold_gain":0,"player_choice":"Got Potions","damage_taken":0,"max_hp_gain":0,"max_hp_loss":0,"event_name":"Lab","floor":29,"gold_loss":0}],"is_beta":false,"boss_relics":[{"not_picked":["bronze:MakeshiftBattery","Snecko Eye","reliquary:RedPaperclip"]}],"items_purged_floors":[],"is_endless":false,"potions_floor_spawned":[2,8,11,16,20,30],"killed_by":"Automaton","ascension_level":0}}