{"host":"nsxzlb359hv0da5z","time":1612057659,"event":{"mods":["BaseMod","Bestiary","Colored Map","Minty Spire (QoL Compilation)","Permanent Neow","Relic Stats","Slay the Relics Exporter","ojb\u0027s Info Mod"],"gold_per_floor":[113,130,130,154,154,189,189,189,189,189,154,194,194,51,51,142,142,165,165,184,184,208,251,251,290,290,324,339,339,360,385,385,385,385],"floor_reached":33,"language":"ENG","playtime":2261,"items_purged":[],"score":626,"play_id":"26bb3094-ef50-469a-9648-b478624df634","local_time":"20210130174739","is_ascension_mode":true,"campfire_choices":[{"floor":7.0,"key":"REST"},{"data":"Dagger Spray","floor":10.0,"key":"SMITH"},{"data":"Neutralize","floor":13.0,"key":"SMITH"},{"floor":15.0,"key":"REST"},{"floor":24,"key":"REST"},{"floor":29,"key":"REST"},{"data":"Catalyst","floor":32,"key":"SMITH"}],"circlet_count":0,"master_deck":["AscendersBane","Strike_G","Strike_G","Strike_G","Defend_G+1","Defend_G","Defend_G","Defend_G","Survivor","Neutralize+1","Dagger Spray+1","Poisoned Stab","Blade Dance+1","PiercingWail+1","Envenom+1","Blade Dance","Corpse Explosion","Envenom+1","Leg Sweep+1","Die Die Die+1","PiercingWail+1","Catalyst+1","Wraith Form v2+1","Noxious Fumes+1"],"relics":["Black Star","Golden Idol","Frozen Egg 2","Ornamental Fan","War Paint","Vajra","Tough Bandages","Astrolabe","Matryoshka","Bottled Lightning","Oddly Smooth Stone","Bottled Flame","Bronze Scales","The Courier","Regal Pillow","Snake Skull"],"acts_visited":["Exordium","TheCity"],"potions_floor_usage":[27,33],"damage_taken":[{"damage":0.0,"enemies":"Small Slimes","floor":1.0,"turns":5.0},{"damage":0.0,"enemies":"2 Louse","floor":2.0,"turns":2.0},{"damage":4.0,"enemies":"Cultist","floor":4.0,"turns":5.0},{"damage":36.0,"enemies":"Gremlin Nob","floor":6.0,"turns":4.0},{"damage":29.0,"enemies":"Lagavulin","floor":12.0,"turns":7.0},{"damage":16.0,"enemies":"The Guardian","floor":16.0,"turns":12.0},{"damage":2.0,"enemies":"Shell Parasite","floor":18.0,"turns":5.0},{"damage":0.0,"enemies":"Chosen","floor":20.0,"turns":5.0},{"damage":19.0,"enemies":"Shelled Parasite and Fungi","floor":22.0,"turns":3.0},{"damage":16.0,"enemies":"Slavers","floor":23.0,"turns":6.0},{"damage":18,"enemies":"Book of Stabbing","floor":25,"turns":6},{"damage":4,"enemies":"Gremlin Leader","floor":27,"turns":5},{"damage":0,"enemies":"Snake Plant","floor":28,"turns":4},{"damage":0,"enemies":"3 Cultists","floor":30,"turns":2},{"damage":1,"enemies":"Cultist and Chosen","floor":31,"turns":5},{"damage":44,"enemies":"Collector","floor":33,"turns":7}],"seed_played":"5158625732791515298","potions_obtained":[{"floor":2.0,"key":"FearPotion"},{"floor":12.0,"key":"SmokeBomb"},{"floor":20.0,"key":"Strength Potion"},{"floor":25,"key":"Strength Potion"},{"floor":28,"key":"LiquidBronze"},{"floor":31,"key":"Explosive Potion"}],"is_trial":false,"path_per_floor":["M","M","?","M","?","E","R","?","T","R","?","E","R","$","R","B",null,"M","?","M","?","M","E","R","E","T","E","M","R","M","M","R","B"],"character_chosen":"THE_SILENT","items_purchased":["Blade Dance","DuplicationPotion"],"campfire_rested":4,"item_purchase_floors":[14,14],"current_hp_per_floor":[59,59,59,55,55,19,37,37,37,37,52,23,23,23,41,25,51,49,49,49,49,30,14,32,14,14,10,10,43,43,42,42,0,0],"gold":385,"neow_bonus":"BOSS_RELIC","is_daily":false,"chose_seed":false,"campfire_upgraded":3,"win_rate":0.0,"timestamp":1612057659,"path_taken":["M","M","?","M","?","E","R","?","T","R","?","E","R","?","R","BOSS","M","?","M","?","M","E","R","E","T","E","M","R","M","M","R","BOSS"],"items_purchased_type":["Card","Potion"],"build_version":"2020-12-22","purchased_purges":0,"victory":false,"max_hp_per_floor":[66,66,60,60,60,60,60,60,60,60,60,60,60,60,60,60,60,60,60,60,60,60,60,60,60,60,60,60,60,60,60,60,60,60],"relic_stats":{"Tough Bandages":[21],"Regal Pillow":15,"counters":[16,83],"Golden Idol":88,"Ornamental Fan":[132],"Astrolabe":["Envenom","Leg Sweep","Die Die Die"],"Bronze Scales":[58],"Snake Skull":[46],"Black Star":5,"War Paint":["Defend_G","PiercingWail"],"obtain_stats":[{"Regal Pillow":27,"Golden Idol":3,"Astrolabe":17,"Vajra":12,"Oddly Smooth Stone":25,"The Courier":26,"Snake Skull":27,"Frozen Egg 2":6,"War Paint":9,"Tough Bandages":12,"Bottled Flame":25,"Matryoshka":23,"Ornamental Fan":6,"Bronze Scales":26,"Black Star":0,"Bottled Lightning":23,"Ring of the Snake":0},{"Regal Pillow":12,"Golden Idol":2,"Astrolabe":6,"Vajra":5,"Oddly Smooth Stone":11,"The Courier":11,"Snake Skull":12,"Frozen Egg 2":4,"War Paint":4,"Tough Bandages":5,"Bottled Flame":11,"Matryoshka":10,"Ornamental Fan":4,"Bronze Scales":11,"Black Star":0,"Bottled Lightning":10,"Ring of the Snake":0},{"Regal Pillow":65,"Golden Idol":7,"Astrolabe":35,"Vajra":23,"Oddly Smooth Stone":60,"The Courier":60,"Snake Skull":65,"Frozen Egg 2":16,"War Paint":16,"Tough Bandages":23,"Bottled Flame":60,"Matryoshka":54,"Ornamental Fan":16,"Bronze Scales":60,"Black Star":0,"Bottled Lightning":54,"Ring of the Snake":0}]},"card_choices":[{"not_picked":["PiercingWail","Slice"],"picked":"Dagger Spray","floor":1.0},{"not_picked":["Deflect","Dodge and Roll"],"picked":"Poisoned Stab","floor":2.0},{"not_picked":["Well Laid Plans","Leg Sweep"],"picked":"Blade Dance","floor":4.0},{"not_picked":["Setup","Slice"],"picked":"PiercingWail","floor":6.0},{"not_picked":["Prepared","Cloak And Dagger"],"picked":"Envenom+1","floor":12.0},{"not_picked":["Night Terror","Phantasmal Killer"],"picked":"Corpse Explosion","floor":16.0},{"not_picked":["Flying Knee","Prepared","Dagger Throw"],"picked":"SKIP","floor":18.0},{"not_picked":["Heel Hook","Setup"],"picked":"PiercingWail+1","floor":20.0},{"not_picked":["Slice","Prepared"],"picked":"Catalyst","floor":22.0},{"not_picked":["Reflex","Setup","Masterful Stab"],"picked":"SKIP","floor":23.0},{"not_picked":["Infinite Blades+1","Setup"],"picked":"Wraith Form v2+1","floor":25},{"not_picked":["Dagger Throw","Finisher","Dash"],"picked":"SKIP","floor":27},{"not_picked":["Slice+1","Backstab","Crippling Poison"],"picked":"SKIP","floor":28},{"not_picked":["Escape Plan+1","All Out Attack"],"picked":"Noxious Fumes+1","floor":30},{"not_picked":["Poisoned Stab","Terror","Concentrate"],"picked":"SKIP","floor":31}],"player_experience":2027080,"relics_obtained":[{"floor":6.0,"key":"Frozen Egg 2"},{"floor":6.0,"key":"Ornamental Fan"},{"floor":9.0,"key":"War Paint"},{"floor":12.0,"key":"Vajra"},{"floor":12.0,"key":"Tough Bandages"},{"floor":23.0,"key":"Matryoshka"},{"floor":23.0,"key":"Bottled Lightning"},{"floor":25,"key":"Oddly Smooth Stone"},{"floor":25,"key":"Bottled Flame"},{"floor":26,"key":"Bronze Scales"},{"floor":26,"key":"The Courier"},{"floor":27,"key":"Regal Pillow"},{"floor":27,"key":"Snake Skull"}],"event_choices":[{"damage_healed":0.0,"max_hp_gain":0.0,"max_hp_loss":6.0,"gold_gain":0.0,"event_name":"Golden Idol","player_choice":"Lose Max HP","floor":3.0,"gold_loss":0.0,"damage_taken":0.0,"relics_obtained":["Golden Idol"]},{"damage_healed":0.0,"max_hp_gain":0.0,"max_hp_loss":0.0,"gold_gain":0.0,"event_name":"Liars Game","player_choice":"Ignored","floor":5.0,"gold_loss":0.0,"damage_taken":0.0},{"damage_healed":0.0,"max_hp_gain":0.0,"max_hp_loss":0.0,"gold_gain":0.0,"event_name":"Living Wall","player_choice":"Grow","floor":8.0,"gold_loss":0.0,"damage_taken":0.0,"cards_upgraded":["Blade Dance"]},{"damage_healed":15.0,"max_hp_gain":0.0,"max_hp_loss":0.0,"gold_gain":0.0,"event_name":"The Cleric","player_choice":"Healed","floor":11.0,"gold_loss":35.0,"damage_taken":0.0},{"damage_healed":0.0,"max_hp_gain":0.0,"max_hp_loss":0.0,"gold_gain":0.0,"event_name":"Vampires","player_choice":"Ignored","floor":19.0,"gold_loss":0.0,"damage_taken":0.0},{"damage_healed":0.0,"max_hp_gain":0.0,"max_hp_loss":0.0,"gold_gain":0.0,"event_name":"FaceTrader","player_choice":"Leave","floor":21.0,"gold_loss":0.0,"damage_taken":0.0}],"is_beta":false,"boss_relics":[{"not_picked":["Tiny House","HoveringKite"],"picked":"Astrolabe"}],"items_purged_floors":[],"is_endless":false,"potions_floor_spawned":[2,12,20,25,28,31],"killed_by":"Collector","ascension_level":20}}