{"host":"1zjc08c6hob33401","time":1612128250,"event":{"mods":["AchievementEnabler","Act Like it!","Aspiration","BaseMod","Downfall","Elementarium","Energized Spire","Evolution","Friendly Minions","Gensokyo","GifTheSpireLib","Hubris","Infinite Spire","Jedi Mod","Menagerie","Minty Spire (QoL Compilation)","Pale of the Ancients","Quick Restart","Reliquary","Replay The Spire","Retaliation","Shop Mod","Spicy Shops","Spire Arcade","StS++","StSLib","Stuff the Spire","The Blue Laboratory","Wandering Minibosses","??????REMEMod"],"gold_per_floor":[119,131,131,144,144,144,171,171,171,187,15,48,48,62,62,139,139,149,162,182,194,194,194,225,41,95,111,111,71,26,26,26,103,103,122,122,141,151,163,204,204,232,232,257,257,95,95,112,112,112,112,125,125,46,46,46,46],"floor_reached":56,"language":"RUS","playtime":2914,"items_purged":[],"score":1538,"play_id":"cee9c605-1c69-4f66-8c1a-e78f222d94c6","local_time":"20210131232410","is_ascension_mode":true,"campfire_choices":[{"data":"ReplayTheSpireMod:Black Plague","floor":6.0,"key":"SMITH"},{"data":"WheelKick","floor":8.0,"key":"SMITH"},{"floor":23.0,"key":"REST"},{"data":"hubris:PowerSurge","floor":28.0,"key":"SMITH"},{"data":"Gensokyo:Doppelganger","floor":32.0,"key":"SMITH"},{"data":"StSpp:CopyPaste","floor":41.0,"key":"SMITH"},{"floor":47.0,"key":"REST"},{"data":"Biased Cognition","floor":47.0,"key":"SMITH"},{"floor":49.0,"key":"REST"},{"data":"ReplayTheSpireMod:Omega Cannon","floor":49.0,"key":"SMITH"},{"floor":55,"key":"REST"},{"data":"REME_DataAnalysis","floor":55,"key":"SMITH"}],"circlet_count":0,"master_deck":["AscendersBane","Barrage+1","Barrage","Barrage","Barrage","Leap","Leap","Leap","Leap","Zap","Dualcast","WheelKick+1","FIFO Queue+1","ReplayTheSpireMod:Black Plague+1","Barrage","jedi:locknload","StuffTheSpire:Plugnplay","Go for the Eyes","Tempest","Capacitor","StSpp:CopyPaste+1","Steam","Biased Cognition+1","hubris:PowerSurge+1","StuffTheSpire:Coldhearted+1","Defragment","Glacier","Self Repair","jedi:readyaimfire","Gensokyo:Doppelganger+1","Genetic Algorithm","REME_DataAnalysis+1","jedi:BurstFrost","ReplayTheSpireMod:Omega Cannon+1","StuffTheSpire:ShieldGenerator+1","Streamline+1","ReplayTheSpireMod:Omega Cannon","ReplaySolidLightProjector+1","Rebound+1","jedi:blockon+1","hubris:PowerSurge","aspiration:Polymerization+1"],"relics":["Cracked Core","EVO:Axolotl","REME_ComplimentaryCards","hubris:TenFootPole","jedi:shrinkray","Dream Catcher","Orrery","StuffTheSpire:NeowsTribute","reliquary:RedCape","Omamori","reliquary:TatteredRug","Painkiller Herb","jedi:firstaidkit","infinitespire:Magic Flask","Gremlin Food","paleoftheancients:Timepiece","CultistMask","paleoftheancients:SoulOfTheCollector"],"acts_visited":["Menagerie:Menagerie","Gensokyo:Gensokyoer","Gensokyo:Gensokyoest","paleoftheancients:PaleOfTheAncients"],"potions_floor_usage":[],"damage_taken":[{"damage":1.0,"enemies":"Menagerie:WhisperingWraith","floor":1.0,"turns":3.0},{"damage":0.0,"enemies":"Menagerie:StygianBoar","floor":2.0,"turns":2.0},{"damage":1.0,"enemies":"Menagerie:MonstrousExperiment","floor":4.0,"turns":3.0},{"damage":13.0,"enemies":"Menagerie:VoidReaper","floor":7.0,"turns":4.0},{"damage":0.0,"enemies":"Menagerie:3_RABBITS","floor":10.0,"turns":5.0},{"damage":26.0,"enemies":"Menagerie:Hydra","floor":12.0,"turns":4.0},{"damage":12.0,"enemies":"Menagerie:KEEPER_AND_YOUNG_SUNEATER","floor":14.0,"turns":3.0},{"damage":23.0,"enemies":"Menagerie:Chimera","floor":16.0,"turns":5.0},{"damage":16.0,"enemies":"Gensokyo:CosmicMonolith","floor":18.0,"turns":4.0},{"damage":9.0,"enemies":"Gensokyo:AngelMirror","floor":19.0,"turns":3.0},{"damage":6.0,"enemies":"Gensokyo:3_Gloops","floor":20.0,"turns":3.0},{"damage":0.0,"enemies":"Gensokyo:Swordslinger","floor":21.0,"turns":3.0},{"damage":0.0,"enemies":"Gensokyo:Reisen","floor":24.0,"turns":5.0},{"damage":0.0,"enemies":"Gensokyo:Wraith","floor":27.0,"turns":4.0},{"damage":10.0,"enemies":"Gensokyo:Kaguya","floor":33.0,"turns":7.0},{"damage":11.0,"enemies":"Gensokyo:3_Bats","floor":35.0,"turns":5.0},{"damage":0.0,"enemies":"Gensokyo:3_Boulders","floor":37.0,"turns":3.0},{"damage":0.0,"enemies":"Gensokyo:AtlasGolem","floor":38.0,"turns":5.0},{"damage":0.0,"enemies":"Gensokyo:SeedOfUnknown","floor":39.0,"turns":4.0},{"damage":14.0,"enemies":"Gensokyo:Dusk_and_Dawn","floor":40.0,"turns":3.0},{"damage":22.0,"enemies":"Gensokyo:Kasen","floor":42.0,"turns":4.0},{"damage":4.0,"enemies":"Gensokyo:Sharpion","floor":44.0,"turns":4.0},{"damage":36.0,"enemies":"Gensokyo:3_Boulders","floor":48.0,"turns":3.0},{"damage":0.0,"enemies":"Gensokyo:Yuyuko","floor":50.0,"turns":6.0},{"damage":120.0,"enemies":"Gensokyo:Yuyuko","floor":51.0,"turns":12.0},{"damage":101,"enemies":"Gensokyo:Yuyuko","floor":52,"turns":9},{"damage":60,"enemies":"Gensokyo:Yuyuko","floor":56,"turns":8}],"seed_played":"2724123089340302902","potions_obtained":[{"floor":2.0,"key":"SkillPotion"},{"floor":4.0,"key":"blueLaboratory:TeslaPotion"},{"floor":10.0,"key":"Swift Potion"},{"floor":12.0,"key":"Adrenaline Potion"},{"floor":20.0,"key":"BlessingOfTheForge"},{"floor":24.0,"key":"blueLaboratory:FrostheartPotion"},{"floor":35.0,"key":"blueLaboratory:BottledHope"},{"floor":38.0,"key":"REME_GoldPotion"},{"floor":40.0,"key":"ColorlessPotion"},{"floor":44.0,"key":"Elixir"}],"is_trial":false,"path_per_floor":["M","M","?","M","?","R","E","R","T","M","$","E","$","M","R","B",null,"M","M","M","M","?","R","E","COS","T","M","R","?","$","?","R","B",null,"?","?","?","?","?","?","T","E","T","?","?","T","T","?","T","B","?","?","?","T","T","?"],"character_chosen":"DEFECT","items_purchased":["Orrery","REME_DataAnalysis","Gremlin Food","hubris:PowerSurge"],"campfire_rested":4,"item_purchase_floors":[11,30,46,54],"current_hp_per_floor":[63,63,55,54,58,58,45,45,45,45,45,19,19,7,28,5,55,39,30,24,24,24,45,52,52,52,52,52,52,52,56,56,53,67,70,70,70,70,71,64,64,42,42,41,45,45,66,30,51,66,71,34,34,34,55,0,0],"gold":46,"neow_bonus":"RANDOM_COMMON_RELIC","is_daily":false,"chose_seed":false,"campfire_upgraded":8,"win_rate":0.0,"timestamp":1612128250,"path_taken":["M","M","?","?","?","R","E","R","T","M","$","E","$","M","R","BOSS","M","M","?","M","?","R","E","COS","T","?","R","?","?","?","R","BOSS","?","?","?","?","?","?","T","E","T","?","?","T","T","?","T","BOSS","?","?","?","T","T","?"],"items_purchased_type":["Relic","Card","Relic","Card"],"build_version":"2020-12-22","purchased_purges":0,"victory":false,"max_hp_per_floor":[71,71,71,71,71,71,71,71,71,71,71,71,71,71,71,71,71,71,71,71,71,71,71,71,71,71,71,71,71,71,71,71,71,71,71,71,71,71,71,71,71,71,71,71,71,71,71,71,71,71,71,71,71,71,71,71,71],"card_choices":[{"not_picked":["Coolheaded","Steam"],"picked":"FIFO Queue","floor":1.0},{"not_picked":["StSpp:Mask","ReplayTheSpireMod:Reroute Power","StSpp:Pointer"],"picked":"SKIP","floor":2.0},{"not_picked":["infinitespire:FinalStrike","ReplayTheSpireMod:Haul"],"picked":"ReplayTheSpireMod:Black Plague","floor":3.0},{"not_picked":["jedi:spotbugs","ReplayTheSpireMod:GoodbyeWorld"],"picked":"Barrage","floor":4.0},{"not_picked":["Steam Power","StuffTheSpire:Rend","REME_Compress"],"picked":"SKIP","floor":7.0},{"not_picked":["Streamline","StuffTheSpire:Synthwave"],"picked":"jedi:locknload","floor":10.0},{"not_picked":["jedi:BurstLightning","Steam"],"picked":"StuffTheSpire:Plugnplay","floor":11.0},{"not_picked":["Turbo","Stack"],"picked":"Go for the Eyes","floor":11.0},{"not_picked":["Hologram","Time Bomb"],"picked":"Tempest","floor":11.0},{"not_picked":["Hologram","Recycle"],"picked":"Capacitor","floor":11.0},{"not_picked":["Hologram","Coolheaded"],"picked":"StSpp:CopyPaste","floor":11.0},{"not_picked":["Redo","Sweeping Beam","Recycle"],"picked":"SKIP","floor":12.0},{"not_picked":["Hologram","Beam Cell","StSpp:Fierceness"],"picked":"SKIP","floor":14.0},{"not_picked":["Crystallizer","Ball Lightning"],"picked":"Steam","floor":15.0},{"not_picked":["REME_Shoggoth","jedi:BurstDark"],"picked":"Biased Cognition","floor":16.0},{"not_picked":["Hologram","Loop"],"picked":"hubris:PowerSurge","floor":18.0},{"not_picked":["StuffTheSpire:NuclearReactor","hubris:Ukulele"],"picked":"StuffTheSpire:Coldhearted+1","floor":19.0},{"not_picked":["ReplaySort","Stack"],"picked":"Defragment","floor":20.0},{"not_picked":["StuffTheSpire:NuclearReactor","Stack"],"picked":"Glacier","floor":21.0},{"not_picked":["Stack","BasicCrystalCard"],"picked":"Self Repair","floor":23.0},{"not_picked":["ReplayTheSpireMod:System Scan","Cold Snap"],"picked":"jedi:readyaimfire","floor":24.0},{"not_picked":["Capacitor","jedi:BurstLightning"],"picked":"Genetic Algorithm","floor":27.0},{"not_picked":["Gash","Redo"],"picked":"jedi:BurstFrost","floor":35.0},{"not_picked":["jedi:blockon","Gash"],"picked":"ReplayTheSpireMod:Omega Cannon","floor":37.0},{"not_picked":["Cold Snap+1","Glacier+1"],"picked":"StuffTheSpire:ShieldGenerator+1","floor":38.0},{"not_picked":["Conserve Battery","Sweeping Beam"],"picked":"Streamline+1","floor":39.0},{"not_picked":["Conserve Battery","Gash","jedi:BurstLightning"],"picked":"SKIP","floor":40.0},{"not_picked":["Sweeping Beam","jedi:BurstFrost"],"picked":"ReplayTheSpireMod:Omega Cannon","floor":42.0},{"not_picked":["Panic Button","Storm","jedi:BurstLightning"],"picked":"SKIP","floor":44.0},{"not_picked":["Redo","Coolheaded"],"picked":"ReplaySolidLightProjector+1","floor":48.0},{"not_picked":["Sweeping Beam","Turbo"],"picked":"Rebound+1","floor":49.0},{"not_picked":["Hologram+1","StuffTheSpire:SnapShoot"],"picked":"jedi:blockon+1","floor":52},{"not_picked":["REME_SelfUpgrade","Chill"],"picked":"aspiration:Polymerization+1","floor":55}],"player_experience":723230,"relics_obtained":[{"floor":7.0,"key":"jedi:shrinkray"},{"floor":9.0,"key":"Dream Catcher"},{"floor":12.0,"key":"StuffTheSpire:NeowsTribute"},{"floor":24.0,"key":"Omamori"},{"floor":26.0,"key":"reliquary:TatteredRug"},{"floor":42.0,"key":"jedi:firstaidkit"},{"floor":43.0,"key":"infinitespire:Magic Flask"},{"floor":52,"key":"paleoftheancients:SoulOfTheCollector"}],"event_choices":[],"is_beta":false,"boss_relics":[{"not_picked":["reliquary:WritOfMandamus","Replay:Bronze Core"],"picked":"reliquary:RedCape"},{"not_picked":["REME_ChargedStone","bronze:MakeshiftBattery"],"picked":"Painkiller Herb"}],"items_purged_floors":[],"is_endless":false,"potions_floor_spawned":[2,4,10,12,20,24,35,38,40,44],"killed_by":"Gensokyo:Yuyuko","ascension_level":18}}