{"host":"8inpc3yxphy2r27y","time":1612078758,"event":{"mods":["100% Spire Juice","ATMod(阿瑾Mod)","Aspiration","Astrologer","Bard","BaseMod","Better Synergies","Better Vampires","Challenge The Spire","Conspire","Decade(王小明)","Defuse TimeMaze Blight","Downfall","Energized Spire","FutureSeer","Gremlin Mod","GungeonMod","Highlight Path","Hunter 猎人","KinomotoSakuraMod(木之本樱)","Lobotomy","LobotomyExtend","Minty Spire (QoL Compilation)","MostiFishMod","Pikachu Mod","Quick Restart","READ ME - Guardian Mod","Red Circlet Mod","Reimu（博丽灵梦）","Relic Filter Mod","Relic Stats","Replay The Spire","RumiaBox-露米娅的神秘盒子","Ryuuou龙王","SIMod","Shop Mod","Spicy Shops","StSLib","TestMod","The Bug Knight","The Cursed","The Gatherer","The Hierophant","UnlockEverythingMod","[GremlinLeader]The Maniac","[IsaacMod]以撒尖塔","[JumpMod]舞动尖塔","noobMod","【功能Mod】混沌之环修复补丁","【功能Mod】聪明的最终Boss","【遗物卡牌】REMEMod","残留之物","篝火指南"],"gold_per_floor":[210,224,224,299,95,170,180,180,206,206,216,229,245,258,13,13,13],"floor_reached":16,"language":"ZHS","playtime":1252,"items_purged":[],"score":229,"play_id":"8edd1c5a-a396-43c1-87d4-9f32156ad7e8","local_time":"20210131153918","is_ascension_mode":false,"campfire_choices":[{"floor":10.0,"key":"RECALL"}],"circlet_count":0,"master_deck":["SakuraCardTheLight+","ClowCardTheSword","ClowCardTheSword","ClowCardTheSword","ClowCardTheShield","ClowCardTheShield","ClowCardTheShield","ClowCardTheShield","SpellCardSeal","SpellCardRelease","DoctorFetus","maniac:UniversalPerception","AT_FamilyPortrait","ClowCardTheErase","Regret","conspire:Banana","ClowCardTheTime","ClowCardTheDark","ClowCardTheArrow","ClowCardTheLock","ClowCardTheVoice"],"relics":["KSMOD_SealedBook","KSMOD_SealedWand","HushsDoor","REME_ComplimentaryCards","HowToJump","ice","DaveBox","AT_ATBox","testmod-TestBox","testmod-Hope","NeowsBlessing","SynthV:TestCard","Baka","LetterFromLob","Blue Doll","MerchantsRug","DemoMod:WeirdEgg","BloodBag","hexamod:Sixitude","Strawberry","SSSystem","DemoMod:PartiallyEatenCheese","testmod-Brilliant","testmod-DragonStarHat","DemoMod:GnawedKey"],"acts_visited":["Exordium"],"potions_floor_usage":[],"damage_taken":[{"damage":0.0,"enemies":"conspire:RoseBush","floor":1.0,"turns":1.0},{"damage":7.0,"enemies":"Small Slimes","floor":2.0,"turns":7.0},{"damage":160.0,"enemies":"Gremlin Nob","floor":6.0,"turns":29.0},{"damage":0.0,"enemies":"2 Louse","floor":7.0,"turns":1.0},{"damage":51.0,"enemies":"Blue Slaver","floor":11.0,"turns":4.0},{"damage":11,"enemies":"Looter","floor":12,"turns":5},{"damage":63,"enemies":"Large Slime","floor":13,"turns":5},{"damage":0,"enemies":"Exordium Thugs","floor":14,"turns":1},{"damage":2,"enemies":"Hexaghost","floor":16,"turns":2}],"seed_played":"-5530745760316166639","potions_obtained":[{"floor":2.0,"key":"SmokeBomb"},{"floor":6.0,"key":"BlessingOfTheForge"},{"floor":12,"key":"champ:CounterPotion"}],"is_trial":false,"path_per_floor":["M","M","?","?","$","E","M","?","T","R","M","M","M","M","R","B"],"character_chosen":"KINOMOTOSAKURA","items_purchased":["MerchantsRug","conspire:Banana","DemoMod:WeirdEgg","testmod-DragonStarHat","DemoMod:GnawedKey"],"campfire_rested":0,"item_purchase_floors":[5,5,5,15,15],"current_hp_per_floor":[60,53,53,42,10,242,243,236,236,236,244,235,247,1,1,0,0],"gold":13,"neow_bonus":"THREE_ENEMY_KILL","is_daily":false,"chose_seed":false,"campfire_upgraded":0,"win_rate":0.0,"timestamp":1612078758,"path_taken":["M","M","?","?","$","E","M","?","T","R","M","M","M","M","R","BOSS"],"items_purchased_type":["Relic","Card","Relic","Relic","Relic"],"build_version":"2020-12-22","purchased_purges":0,"victory":false,"max_hp_per_floor":[70,70,70,70,70,242,243,243,243,243,244,246,247,248,248,248,248],"relic_stats":{"counters":[9,55],"obtain_stats":[{"AT_ATBox":0,"DaveBox":0,"SSSystem":9,"Blue Doll":3,"DemoMod:GlassGuonStoneRelic":6,"ice":0,"testmod-Brilliant":13,"Strawberry":6,"KSMOD_SealedWand":0,"testmod-DragonStarHat":15,"DemoMod:GnawedKey":15,"KeepersGift":0,"MerchantsRug":5,"testmod-TestBox":0,"HowToJump":0,"NeowsBlessing":0,"KSMOD_SealedBook":0,"DemoMod:WeirdEgg":5,"hexamod:Sixitude":6,"DemoMod:PartiallyEatenCheese":11,"Baka":1,"BloodBag":6,"SynthV:TestCard":1,"testmod-Hope":0,"LetterFromLob":1,"HushsDoor":0,"REME_ComplimentaryCards":0,"BloodDonationMachine":0},{"AT_ATBox":0,"DaveBox":0,"SSSystem":4,"Blue Doll":2,"DemoMod:GlassGuonStoneRelic":3,"ice":0,"testmod-Brilliant":7,"Strawberry":3,"KSMOD_SealedWand":0,"testmod-DragonStarHat":8,"DemoMod:GnawedKey":8,"KeepersGift":0,"MerchantsRug":2,"testmod-TestBox":0,"HowToJump":0,"NeowsBlessing":0,"KSMOD_SealedBook":0,"DemoMod:WeirdEgg":2,"hexamod:Sixitude":3,"DemoMod:PartiallyEatenCheese":5,"Baka":1,"BloodBag":3,"SynthV:TestCard":1,"testmod-Hope":0,"LetterFromLob":1,"HushsDoor":0,"REME_ComplimentaryCards":0,"BloodDonationMachine":0},{"AT_ATBox":0,"DaveBox":0,"SSSystem":38,"Blue Doll":8,"DemoMod:GlassGuonStoneRelic":37,"ice":0,"testmod-Brilliant":52,"Strawberry":37,"KSMOD_SealedWand":0,"testmod-DragonStarHat":53,"DemoMod:GnawedKey":53,"KeepersGift":0,"MerchantsRug":8,"testmod-TestBox":0,"HowToJump":0,"NeowsBlessing":0,"KSMOD_SealedBook":0,"DemoMod:WeirdEgg":8,"hexamod:Sixitude":37,"DemoMod:PartiallyEatenCheese":42,"Baka":1,"BloodBag":22,"SynthV:TestCard":1,"testmod-Hope":0,"LetterFromLob":1,"HushsDoor":0,"REME_ComplimentaryCards":0,"BloodDonationMachine":0}]},"card_choices":[{"not_picked":[],"picked":"DoctorFetus","floor":0.0},{"not_picked":["ClowCardTheJump","Bomb"],"picked":"ClowCardTheLight","floor":1.0},{"not_picked":["ClowCardTheMirror","ClowCardTheLibra","ClowCardTheSand","ClowCardTheLock"],"picked":"ClowCardTheErase","floor":2.0},{"not_picked":["ClowCardTheBig","ClowCardTheGlow","Bomb","ClowCardTheWave"],"picked":"ClowCardTheTime","floor":6.0},{"not_picked":["ClowCardTheFly","ClowCardTheMove","ClowCardTheWood","ClowCardTheChange"],"picked":"ClowCardTheMaze","floor":7.0},{"not_picked":["ClowCardTheLibra","ClowCardTheWave","ClowCardTheVoice","ClowCardTheWindy"],"picked":"ClowCardTheDark","floor":11.0},{"not_picked":["ClowCardTheBubbles","ClowCardTheCloud","ClowCardTheMaze","ClowCardTheLibra"],"picked":"ClowCardTheArrow","floor":12},{"not_picked":["ClowCardTheStorm","ClowCardTheLittle","ClowCardTheWatery","ClowCardTheCloud"],"picked":"ClowCardTheLock","floor":13},{"not_picked":["ClowCardTheSleep","ClowCardTheFlower","ClowCardTheSand","ClowCardTheThrough"],"picked":"ClowCardTheVoice","floor":14}],"player_experience":170256,"relics_obtained":[{"floor":1.0,"key":"SynthV:TestCard"},{"floor":1.0,"key":"Baka"},{"floor":1.0,"key":"LetterFromLob"},{"floor":6.0,"key":"hexamod:Sixitude"},{"floor":6.0,"key":"Strawberry"},{"floor":9.0,"key":"SSSystem"},{"floor":11.0,"key":"DemoMod:PartiallyEatenCheese"},{"floor":13,"key":"testmod-Brilliant"}],"event_choices":[{"damage_healed":0.0,"max_hp_gain":0.0,"max_hp_loss":0.0,"gold_gain":0.0,"event_name":"Big Fish","player_choice":"Box","floor":3.0,"gold_loss":0.0,"damage_taken":0.0,"relics_obtained":["Blue Doll"],"cards_obtained":["Regret"]},{"damage_healed":0.0,"max_hp_gain":0.0,"max_hp_loss":0.0,"gold_gain":75.0,"event_name":"World of Goop","player_choice":"Gather Gold","floor":4.0,"gold_loss":0.0,"damage_taken":11.0},{"cards_removed":["ClowCardTheSword"],"damage_healed":0.0,"max_hp_gain":0.0,"max_hp_loss":0.0,"gold_gain":0.0,"event_name":"Golden Wing","player_choice":"Card Removal","floor":8.0,"gold_loss":0.0,"damage_taken":7.0}],"is_beta":false,"boss_relics":[],"items_purged_floors":[],"is_endless":false,"potions_floor_spawned":[2,6,12,13],"killed_by":"Hexaghost","ascension_level":0}}