{"host":"tdq5vwehmzjlkkx3","time":1612080106,"event":{"mods":["2.2 Compatiblity","Act Like it!","Aspiration","Astrologer","BaseMod","Beaked The Cultist","Better Altar","Better Match","Better Note","Better Third Choice","BetterRewards","Clockwork Mod","Colored Map","Colorless Booster Pack","Conjunction","Conspire","Defuse TimeMaze Blight","Energized Spire","FetchMod","Friendly Minions","FruityMod","GifTheSpireLib","Glutton Mod","Gremlin Mod","Halation","Hallownest","Highlight Path","Hubris","Infinite Spire","Key Reminder","Lotus Mark","Mimic Mod","Minty Spire (QoL Compilation)","Pale of the Ancients","Random Character Button","Relic Stats","Replay The Spire","Reworked Bosses","SCP261 Mod","Small Relic Pack","StSLib","Stuff the Spire","The Bladedancer","The Clintock","The Construct","The Disciple","The Jungle","The Marked","The Mystic","The Servant","TheFirefly","Trackpad","Unceasing Turn Reminder","Wandering Minibosses"],"gold_per_floor":[125,50,70,1,1,43,59,90,90,100,138,63,63,92,92,147,147],"floor_reached":16,"language":"ENG","playtime":2004,"items_purged":[],"score":160,"play_id":"2c24b368-13fd-49c3-8a15-154404e580b9","local_time":"20210131000146","is_ascension_mode":false,"campfire_choices":[{"data":"After Image","floor":15,"key":"SMITH"}],"circlet_count":0,"master_deck":["Strike_G","Strike_G","Strike_G","Strike_G","Defend_G","Defend_G","Defend_G","Defend_G","Survivor","Neutralize","Blur","Infinite Blades","StuffTheSpire:ReptileScales","Hallownest:skillGreenpathMap","Fluid Movement","Bullet Time","Hidden Blade","PiercingWail","After Image+1","Dagger Spray+1","Survey Options+1","Spreading Infection","Finisher"],"relics":["Ring of the Snake","Incense Burner","halation:IllGainedPizza","Hallownest:DreamNailRelic","Bag of Marbles","keyreminder:keyreminder","Sundial","Toy Ornithopter","ReplayTheSpireMod:Ring of Exchange"],"acts_visited":["Hallownest:Greenpath"],"potions_floor_usage":[8,11,16],"damage_taken":[{"damage":0.0,"enemies":"Hallownest:2_MossCreeps","floor":1.0,"turns":6.0},{"damage":0.0,"enemies":"2_ Uuma","floor":3.0,"turns":7.0},{"damage":21.0,"enemies":"Hallownest:eliteCrystalGuardian","floor":6.0,"turns":15.0},{"damage":4.0,"enemies":"Hallownest:2_Baldur","floor":7.0,"turns":4.0},{"damage":0,"enemies":"Hallownest:1_Ooma_and_2_Uuma","floor":8,"turns":12},{"damage":8,"enemies":"Hallownest:monsterMarmu","floor":10,"turns":11},{"damage":4,"enemies":"Hallownest:eliteMossKnight","floor":11,"turns":17},{"damage":0,"enemies":"Hallownest:MossCreep_and_Mosskin","floor":14,"turns":9},{"damage":29,"enemies":"Hallownest:BossHornet","floor":16,"turns":20}],"seed_played":"741874440156476239","potions_obtained":[{"floor":7.0,"key":"Block Potion"},{"floor":8,"key":"FearPotion"},{"floor":14,"key":"Poison Potion"}],"is_trial":false,"path_per_floor":["M","?","M","$","?","E","M","M","T","?","E","?","?","M","R","B"],"character_chosen":"THE_SILENT","items_purchased":["Incense Burner","Blur","halation:IllGainedPizza","Infinite Blades","Fluid Movement"],"campfire_rested":0,"item_purchase_floors":[0,0,0,0,4],"current_hp_per_floor":[70,70,70,70,70,49,45,45,45,37,33,33,33,33,33,9,9],"gold":147,"neow_bonus":"","is_daily":false,"chose_seed":false,"campfire_upgraded":1,"win_rate":0.0,"timestamp":1612080106,"path_taken":["M","?","M","$","?","E","M","?","T","?","E","?","?","M","R","BOSS"],"items_purchased_type":["Relic","Card","Relic","Card","Card"],"build_version":"2020-12-22","purchased_purges":0,"victory":false,"max_hp_per_floor":[70,70,70,70,70,70,70,70,70,70,70,70,70,70,70,70,70],"relic_stats":{"counters":[23,182],"Sundial":[14],"obtain_stats":[{"ReplayFunnel":25,"ReplayTheSpireMod:Ring of Exchange":13,"conspire:TreasureMap":12,"Regal Pillow":26,"NeowsBlessing":0,"Replay:Grab Bag":17,"halation:IllGainedPizza":0,"Incense Burner":0,"Hallownest:DreamNailRelic":5,"energizedSpire:DeadBattery":17,"Akabeko":9,"keyreminder:keyreminder":6,"theMarked:ArtifactOfAir":0,"Sundial":9,"StuffTheSpire:CocoNut":31,"energizedSpire:MagnifyingGlass":17,"Bag of Marbles":6,"aspiration:RitualDagger":17,"halation:PinkSoulGem":2,"aspiration:DSix":6,"Toy Ornithopter":11,"infinitespire:Midas Blood":21,"Ring of the Snake":0},{"ReplayFunnel":10,"ReplayTheSpireMod:Ring of Exchange":21,"conspire:TreasureMap":4,"Regal Pillow":10,"NeowsBlessing":0,"Replay:Grab Bag":6,"halation:IllGainedPizza":14,"Incense Burner":14,"Hallownest:DreamNailRelic":16,"energizedSpire:DeadBattery":6,"Akabeko":3,"keyreminder:keyreminder":2,"theMarked:ArtifactOfAir":0,"Sundial":19,"StuffTheSpire:CocoNut":13,"energizedSpire:MagnifyingGlass":6,"Bag of Marbles":17,"aspiration:RitualDagger":6,"halation:PinkSoulGem":1,"aspiration:DSix":2,"Toy Ornithopter":21,"infinitespire:Midas Blood":7,"Ring of the Snake":0},{"ReplayFunnel":46,"ReplayTheSpireMod:Ring of Exchange":153,"conspire:TreasureMap":6,"Regal Pillow":46,"NeowsBlessing":0,"Replay:Grab Bag":19,"halation:IllGainedPizza":81,"Incense Burner":81,"Hallownest:DreamNailRelic":94,"energizedSpire:DeadBattery":19,"Akabeko":3,"keyreminder:keyreminder":2,"theMarked:ArtifactOfAir":0,"Sundial":125,"StuffTheSpire:CocoNut":67,"energizedSpire:MagnifyingGlass":19,"Bag of Marbles":109,"aspiration:RitualDagger":19,"halation:PinkSoulGem":1,"aspiration:DSix":2,"Toy Ornithopter":153,"infinitespire:Midas Blood":24,"Ring of the Snake":0}],"Toy Ornithopter":5,"Ring of the Snake":[18]},"card_choices":[{"not_picked":["Caltrops","hubris:Sniper"],"picked":"StuffTheSpire:ReptileScales","floor":1.0},{"not_picked":["Dagger Spray","Choke","Heel Hook"],"picked":"SKIP","floor":3.0},{"not_picked":["Poisoned Stab","Underhanded Strike"],"picked":"Bullet Time","floor":6.0},{"not_picked":["Catalyst","Dagger Spray"],"picked":"Hidden Blade","floor":7.0},{"not_picked":["StuffTheSpire:Sprint","StuffTheSpire:Python"],"picked":"PiercingWail","floor":8},{"not_picked":["Acrobatics","Choke"],"picked":"After Image","floor":11},{"not_picked":["Prepared+1","Acrobatics+1"],"picked":"Dagger Spray+1","floor":12},{"not_picked":["ReplayTheSpireMod:Private Reserves+1","CBP: BitesTheDust+1"],"picked":"Survey Options+1","floor":12},{"not_picked":["Acrobatics","Leg Sweep"],"picked":"Finisher","floor":14}],"player_experience":343191,"relics_obtained":[{"floor":6.0,"key":"Bag of Marbles"},{"floor":9,"key":"Sundial"},{"floor":11,"key":"Toy Ornithopter"},{"floor":13,"key":"ReplayTheSpireMod:Ring of Exchange"}],"event_choices":[{"damage_healed":0,"gold_gain":0,"player_choice":"2","damage_taken":0,"max_hp_gain":0,"max_hp_loss":0,"event_name":"betterMatch:BetterMatch","floor":12,"gold_loss":0,"cards_obtained":["betterMatch:CommonCard","betterMatch:ColorlessUncommonCard"]}],"is_beta":false,"boss_relics":[],"items_purged_floors":[],"is_endless":false,"potions_floor_spawned":[7,8,14],"killed_by":"Hallownest:BossHornet","ascension_level":0}}