{"host":"gk5m6v7zec9neb0j","time":1612062117,"event":{"mods":["AchievementEnabler","AlwaysNeverKeys","BaseMod","BetterRewards","Block Reminder","Minty Spire (QoL Compilation)","Rare Cards Sparkle","Relic Stats","StSLib"],"gold_per_floor":[118,82,95,95,113,144,164,164,187,14,14,14,14,25,25,122,122,140,155,190,206,218,218,218,228,228,242,261,96,106,122,122,220,220,240,240,240,240,258,258,271,289,289,301,318,318,70,89,89,89,89,89,89,121,121,121],"floor_reached":55,"language":"ENG","playtime":2931,"items_purged":["Strike_G","Strike_G","Normality"],"score":827,"play_id":"82ed5c75-2da6-46c3-a9c7-64b736f23670","local_time":"20210130220157","is_ascension_mode":false,"campfire_choices":[{"data":"Neutralize","floor":11.0,"key":"SMITH"},{"floor":13.0,"key":"REST"},{"floor":15.0,"key":"REST"},{"data":"Bouncing Flask","floor":23.0,"key":"SMITH"},{"floor":32,"key":"REST"},{"data":"Setup","floor":40,"key":"SMITH"},{"data":"Noxious Fumes","floor":46,"key":"SMITH"},{"floor":49,"key":"REST"},{"data":"Footwork","floor":52,"key":"SMITH"}],"circlet_count":0,"master_deck":["Defend_G","Defend_G","Defend_G","Defend_G","Survivor","Neutralize+1","Bane+1","Well Laid Plans","Footwork+1","Dodge and Roll+1","Deadly Poison","Acrobatics","Bouncing Flask+1","Die Die Die+1","Escape Plan","Footwork","Bouncing Flask+1","Setup+1","Deadly Poison","Footwork","Noxious Fumes+1","Deadly Poison"],"relics":["Ring of the Snake","The Specimen","Tingsha","Bag of Marbles","Centennial Puzzle","Bronze Scales","Cursed Key","Red Mask","Lantern","Empty Cage","Oddly Smooth Stone","Whetstone"],"acts_visited":["Exordium","TheCity","TheBeyond","TheEnding"],"potions_floor_usage":[33,33,42,50,55],"damage_taken":[{"damage":0.0,"enemies":"Small Slimes","floor":1.0,"turns":3.0},{"damage":2.0,"enemies":"Cultist","floor":3.0,"turns":4.0},{"damage":0.0,"enemies":"2 Louse","floor":5.0,"turns":3.0},{"damage":31.0,"enemies":"Lagavulin","floor":6.0,"turns":13.0},{"damage":0.0,"enemies":"Blue Slaver","floor":7.0,"turns":4.0},{"damage":3.0,"enemies":"2 Fungi Beasts","floor":14.0,"turns":3.0},{"damage":44.0,"enemies":"Slime Boss","floor":16.0,"turns":20.0},{"damage":10.0,"enemies":"2 Thieves","floor":18.0,"turns":4.0},{"damage":0.0,"enemies":"Chosen","floor":19.0,"turns":4.0},{"damage":10.0,"enemies":"Masked Bandits","floor":20.0,"turns":3.0},{"damage":5.0,"enemies":"3 Cultists","floor":21.0,"turns":5.0},{"damage":3.0,"enemies":"Centurion and Healer","floor":22.0,"turns":8.0},{"damage":8.0,"enemies":"Sentry and Sphere","floor":25.0,"turns":4.0},{"damage":0.0,"enemies":"Shelled Parasite and Fungi","floor":27.0,"turns":5.0},{"damage":0,"enemies":"Snake Plant","floor":28,"turns":6},{"damage":12,"enemies":"Cultist and Chosen","floor":30,"turns":6},{"damage":1,"enemies":"Shelled Parasite and Fungi","floor":31,"turns":5},{"damage":41,"enemies":"Collector","floor":33,"turns":10},{"damage":0,"enemies":"3 Shapes","floor":35,"turns":2},{"damage":0,"enemies":"Orb Walker","floor":39,"turns":4},{"damage":11,"enemies":"3 Darklings","floor":41,"turns":4},{"damage":3,"enemies":"Spire Growth","floor":42,"turns":5},{"damage":11,"enemies":"Maw","floor":44,"turns":7},{"damage":1,"enemies":"3 Darklings","floor":45,"turns":5},{"damage":20,"enemies":"Writhing Mass","floor":48,"turns":5},{"damage":46,"enemies":"Time Eater","floor":50,"turns":12},{"damage":57,"enemies":"Shield and Spear","floor":54,"turns":7},{"damage":14,"enemies":"The Heart","floor":55,"turns":2}],"seed_played":"-169530007284458656","potions_obtained":[{"floor":16.0,"key":"Ancient Potion"},{"floor":18.0,"key":"SkillPotion"},{"floor":20.0,"key":"SkillPotion"},{"floor":28,"key":"GhostInAJar"},{"floor":30,"key":"AttackPotion"},{"floor":41,"key":"Poison Potion"},{"floor":44,"key":"Energy Potion"},{"floor":45,"key":"Poison Potion"},{"floor":48,"key":"FairyPotion"},{"floor":54,"key":"Fire Potion"}],"is_trial":false,"path_per_floor":["M","$","M","?","M","E","M","$","T","$","R","?","R","M","R","B",null,"M","M","?","M","M","R","?","M","T","M","M","$","M","M","R","B",null,"M","?","?","$","M","R","M","M","T","M","M","R","$","M","R","B",null,"R","$","E","B"],"character_chosen":"THE_SILENT","items_purchased":["FairyPotion","The Specimen","Bag of Marbles","Bane","Footwork","Bouncing Flask","Setup","Oddly Smooth Stone","Deadly Poison","PowerPotion"],"campfire_rested":4,"item_purchase_floors":[0,0,0,0,2,10,29,47,47,47],"current_hp_per_floor":[33,33,31,31,31,21,21,21,21,21,21,7,28,25,46,2,70,60,60,50,45,42,42,42,34,34,34,34,34,22,21,42,1,70,70,70,70,70,70,70,59,56,56,45,44,44,44,24,45,21,70,70,70,13,0,0],"gold":121,"neow_bonus":"","is_daily":false,"chose_seed":false,"campfire_upgraded":5,"win_rate":0.0,"timestamp":1612062117,"path_taken":["M","$","M","?","?","E","M","$","T","$","R","?","R","M","R","BOSS","M","M","?","M","M","R","?","M","T","M","M","$","M","M","R","BOSS","M","?","?","$","M","R","M","?","T","M","M","R","$","?","R","BOSS","R","$","E","BOSS"],"items_purchased_type":["Potion","Relic","Relic","Card","Card","Card","Card","Relic","Card","Potion"],"build_version":"2020-12-22","purchased_purges":3,"victory":false,"max_hp_per_floor":[70,70,70,70,70,70,70,70,70,70,70,70,70,70,70,70,70,70,70,70,70,70,70,70,70,70,70,70,70,70,70,70,70,70,70,70,70,70,70,70,70,70,70,70,70,70,70,70,70,70,70,70,70,70,70,70],"relic_stats":{"Centennial Puzzle":[54],"counters":[302,1730],"Bronze Scales":[438],"Tingsha":[176],"Whetstone":["Finisher","Flying Knee","Strike_G","Strike_G","Die Die Die","Bane"],"Cursed Key":1,"obtain_stats":[{"Ice Cream":7,"Calipers":13,"CeramicFish":0,"HoveringKite":34,"Vajra":43,"Ginger":0,"Whetstone":11,"Bottled Tornado":43,"Blood Vial":17,"Sozu":34,"Centennial Puzzle":6,"Sundial":24,"DollysMirror":4,"Strawberry":26,"Prayer Wheel":38,"Kunai":0,"Toxic Egg 2":28,"Girya":0,"Happy Flower":13,"Astrolabe":34,"Blue Candle":54,"Oddly Smooth Stone":0,"Eternal Feather":54,"Tingsha":0,"Letter Opener":53,"War Paint":43,"Question Card":48,"SlaversCollar":17,"Bottled Flame":25,"Shuriken":0,"Bronze Scales":10,"MutagenicStrength":19,"Bird Faced Urn":38,"Molten Egg 2":9,"Black Star":17,"StrikeDummy":27,"Unceasing Top":46,"Meat on the Bone":17,"Pocketwatch":17,"Darkstone Periapt":23,"Regal Pillow":9,"Lantern":45,"Torii":0,"Singing Bowl":43,"Enchiridion":22,"StoneCalendar":42,"Snake Skull":54,"Juzu Bracelet":43,"Ancient Tea Set":4,"Empty Cage":17,"PrismaticShard":53,"Cursed Key":17,"ClockworkSouvenir":20,"Tough Bandages":25,"Nunchaku":31,"Matryoshka":37,"WristBlade":34,"Mummified Hand":30,"Ninja Scroll":0,"Pantograph":12,"Gambling Chip":0,"Tiny Chest":26,"WingedGreaves":17,"Red Mask":47,"Chemical X":37,"InkBottle":54,"Ring of the Snake":0,"Potion Belt":9,"The Specimen":0,"Golden Idol":3,"Thread and Needle":45,"The Courier":26,"PreservedInsect":38,"Omamori":39,"Orichalcum":26,"Medical Kit":37,"MawBank":45,"White Beast Statue":9,"Peace Pipe":9,"Calling Bell":17,"Ornamental Fan":0,"Bloody Idol":31,"Orrery":0,"Turnip":38,"Art of War":17,"Bag of Marbles":43,"Bottled Lightning":43,"Membership Card":36,"Toy Ornithopter":27,"FossilizedHelix":0},{"Ice Cream":11,"Calipers":154,"CeramicFish":172,"HoveringKite":21,"Vajra":91,"Ginger":97,"Whetstone":100,"Bottled Tornado":52,"Blood Vial":129,"Sozu":136,"Centennial Puzzle":278,"Sundial":44,"DollysMirror":123,"Strawberry":107,"Prayer Wheel":138,"Kunai":31,"Toxic Egg 2":108,"Girya":250,"Happy Flower":12,"Astrolabe":86,"Blue Candle":249,"Oddly Smooth Stone":122,"Eternal Feather":146,"Tingsha":274,"Letter Opener":272,"War Paint":191,"Question Card":94,"SlaversCollar":231,"Bottled Flame":16,"Shuriken":97,"Bronze Scales":36,"MutagenicStrength":156,"Bird Faced Urn":189,"Molten Egg 2":151,"Black Star":13,"StrikeDummy":17,"Unceasing Top":193,"Meat on the Bone":80,"Pocketwatch":129,"Darkstone Periapt":182,"Regal Pillow":36,"Lantern":269,"Torii":31,"Singing Bowl":116,"Enchiridion":68,"StoneCalendar":217,"Snake Skull":273,"Juzu Bracelet":141,"Ancient Tea Set":2,"Empty Cage":103,"PrismaticShard":272,"Cursed Key":281,"ClockworkSouvenir":41,"Tough Bandages":16,"Nunchaku":85,"Matryoshka":137,"WristBlade":112,"Mummified Hand":110,"Ninja Scroll":172,"Pantograph":11,"Gambling Chip":197,"Tiny Chest":16,"WingedGreaves":80,"Red Mask":54,"Chemical X":22,"InkBottle":57,"Ring of the Snake":0,"Potion Belt":3,"The Specimen":274,"Golden Idol":2,"Thread and Needle":245,"The Courier":183,"PreservedInsect":240,"Omamori":189,"Orichalcum":235,"Medical Kit":188,"MawBank":245,"White Beast Statue":11,"Peace Pipe":62,"Calling Bell":80,"Ornamental Fan":72,"Bloody Idol":161,"Orrery":58,"Turnip":116,"Art of War":80,"Bag of Marbles":267,"Bottled Lightning":24,"Membership Card":163,"Toy Ornithopter":17,"FossilizedHelix":250},{"Ice Cream":57,"Calipers":823,"CeramicFish":996,"HoveringKite":124,"Vajra":558,"Ginger":599,"Whetstone":611,"Bottled Tornado":309,"Blood Vial":722,"Sozu":746,"Centennial Puzzle":1590,"Sundial":249,"DollysMirror":699,"Strawberry":637,"Prayer Wheel":755,"Kunai":183,"Toxic Egg 2":643,"Girya":1462,"Happy Flower":68,"Astrolabe":533,"Blue Candle":1454,"Oddly Smooth Stone":696,"Eternal Feather":781,"Tingsha":1567,"Letter Opener":1557,"War Paint":1131,"Question Card":574,"SlaversCollar":1359,"Bottled Flame":94,"Shuriken":599,"Bronze Scales":206,"MutagenicStrength":843,"Bird Faced Urn":1121,"Molten Egg 2":801,"Black Star":79,"StrikeDummy":100,"Unceasing Top":1141,"Meat on the Bone":500,"Pocketwatch":722,"Darkstone Periapt":1075,"Regal Pillow":206,"Lantern":1539,"Torii":183,"Singing Bowl":676,"Enchiridion":435,"StoneCalendar":1281,"Snake Skull":1562,"Juzu Bracelet":766,"Ancient Tea Set":5,"Empty Cage":621,"PrismaticShard":1557,"Cursed Key":1617,"ClockworkSouvenir":234,"Tough Bandages":94,"Nunchaku":521,"Matryoshka":750,"WristBlade":661,"Mummified Hand":652,"Ninja Scroll":996,"Pantograph":57,"Gambling Chip":1176,"Tiny Chest":94,"WingedGreaves":500,"Red Mask":329,"Chemical X":129,"InkBottle":364,"Ring of the Snake":0,"Potion Belt":9,"The Specimen":1567,"Golden Idol":5,"Thread and Needle":1436,"The Courier":1085,"PreservedInsect":1411,"Omamori":1121,"Orichalcum":1384,"Medical Kit":1117,"MawBank":1436,"White Beast Statue":57,"Peace Pipe":387,"Calling Bell":500,"Ornamental Fan":459,"Bloody Idol":873,"Orrery":367,"Turnip":676,"Art of War":500,"Bag of Marbles":1530,"Bottled Lightning":139,"Membership Card":899,"Toy Ornithopter":100,"FossilizedHelix":1462}],"Ring of the Snake":[599]},"card_choices":[{"not_picked":["Endless Agony","Choke"],"picked":"Well Laid Plans","floor":1.0},{"not_picked":["Underhanded Strike","Choke","Terror"],"picked":"SKIP","floor":3.0},{"not_picked":["Reflex","Blade Dance"],"picked":"Dodge and Roll","floor":5.0},{"not_picked":["Riddle With Holes","Escape Plan"],"picked":"Deadly Poison","floor":6.0},{"not_picked":["Terror","Flying Knee"],"picked":"Acrobatics","floor":7.0},{"not_picked":["Sucker Punch","Crippling Poison","Outmaneuver"],"picked":"SKIP","floor":14.0},{"not_picked":["Storm of Steel","Envenom"],"picked":"Die Die Die","floor":16.0},{"not_picked":["Dagger Spray+1","Prepared","Flying Knee"],"picked":"SKIP","floor":18.0},{"not_picked":["Quick Slash","Reflex+1"],"picked":"Escape Plan","floor":19.0},{"not_picked":["Accuracy","Dagger Spray","PiercingWail"],"picked":"SKIP","floor":21.0},{"not_picked":["Blade Dance","Slice"],"picked":"Footwork","floor":22.0},{"not_picked":["Caltrops","Sucker Punch+1","Riddle With Holes"],"picked":"SKIP","floor":25.0},{"not_picked":["Terror","Sucker Punch+1","Prepared+1"],"picked":"SKIP","floor":27.0},{"not_picked":["Unload","Eviscerate"],"picked":"Bouncing Flask+1","floor":28},{"not_picked":["Dagger Throw+1","Flying Knee","Blade Dance+1"],"picked":"SKIP","floor":30},{"not_picked":["Backflip","Dodge and Roll+1"],"picked":"Deadly Poison","floor":31},{"not_picked":["Backflip+1","Sucker Punch","Poisoned Stab"],"picked":"SKIP","floor":35},{"not_picked":["Escape Plan","Underhanded Strike+1","Infinite Blades+1"],"picked":"SKIP","floor":39},{"not_picked":["Predator","Finisher+1"],"picked":"Footwork","floor":41},{"not_picked":["Dodge and Roll","Acrobatics+1"],"picked":"Noxious Fumes","floor":42},{"not_picked":["Blade Dance+1","Accuracy+1","A Thousand Cuts"],"picked":"SKIP","floor":44},{"not_picked":["Well Laid Plans","Predator","Flying Knee+1"],"picked":"SKIP","floor":45},{"not_picked":["Dagger Throw","Sucker Punch","Eviscerate+1"],"picked":"SKIP","floor":48},{"not_picked":["Flying Knee+1","Tactician","Calculated Gamble+1"],"picked":"SKIP","floor":54}],"player_experience":761957,"relics_obtained":[{"floor":6.0,"key":"Centennial Puzzle"},{"floor":9.0,"key":"Bronze Scales"},{"floor":20.0,"key":"Red Mask"},{"floor":26.0,"key":"Lantern"},{"floor":54,"key":"Whetstone"}],"event_choices":[{"damage_healed":0.0,"max_hp_gain":0.0,"max_hp_loss":0.0,"gold_gain":0.0,"event_name":"NoteForYourself","player_choice":"Ignored","floor":4.0,"gold_loss":0.0,"damage_taken":0.0},{"damage_healed":0.0,"max_hp_gain":0.0,"max_hp_loss":0.0,"gold_gain":0.0,"event_name":"Shining Light","player_choice":"Entered Light","floor":12.0,"gold_loss":0.0,"damage_taken":14.0,"cards_upgraded":["Dodge and Roll","Defend_G"]},{"damage_healed":0.0,"max_hp_gain":0.0,"max_hp_loss":0.0,"gold_gain":0.0,"event_name":"Masked Bandits","player_choice":"Fought Bandits","floor":20.0,"gold_loss":0.0,"damage_taken":0.0},{"damage_healed":0.0,"max_hp_gain":0.0,"max_hp_loss":0.0,"gold_gain":0.0,"event_name":"The Mausoleum","player_choice":"Ignored","floor":24.0,"gold_loss":0.0,"damage_taken":0.0},{"cards_removed":["Defend_G"],"damage_healed":0,"gold_gain":0,"player_choice":"Removed Skill","damage_taken":0,"max_hp_gain":0,"max_hp_loss":0,"event_name":"Falling","floor":36,"gold_loss":0},{"cards_removed":["Strike_G"],"damage_healed":0,"gold_gain":0,"player_choice":"Purged","damage_taken":0,"max_hp_gain":0,"max_hp_loss":0,"event_name":"Purifier","floor":37,"gold_loss":0}],"is_beta":false,"boss_relics":[{"not_picked":["Runic Pyramid","Runic Dome"],"picked":"Cursed Key"},{"not_picked":["Philosopher\u0027s Stone","Ring of the Serpent"],"picked":"Empty Cage"}],"items_purged_floors":[0,10,29],"is_endless":false,"potions_floor_spawned":[6,16,18,20,28,30,31,41,44,45,48,54],"killed_by":"The Heart","ascension_level":0}}