{"host":"gp3usc0dpezjueuv","time":1612078930,"event":{"mods":["Act Like it!","BaseMod","BetterRewards","CapriCore","Colored Powertips","Dota2Spire","HololiveMod","Jedi Mod","Minty Spire (QoL Compilation)","Quick Restart","Remove Card Discount Mod","Replay The Spire","Spicy Shops","StSLib","Swap Starting Deck Mod","The Alterego","WarShipGirlsR/??¤Ö¤kR mod","Yakumo Yukari mod","Youmu¡]»î¾z§¯?¡^"],"gold_per_floor":[76,76,25,44,62,89,10,39,65,84,123,123,123,22,22,134,134,179,179,179,181,181,181,219,219,219],"floor_reached":25,"language":"ZHS","playtime":1269,"items_purged":["Hololive_Strike","Hololive_Strike","Hololive_Strike","Hololive_Defend","Hololive_Defend","Hololive_Defend","ReplayTheSpireMod:Doomed","Hololive_ManjiGathering"],"score":421,"play_id":"b5570e40-36eb-4cd5-aea3-2f7da4469e6a","local_time":"20210131154210","is_ascension_mode":true,"campfire_choices":[{"data":"Hololive_CallNakiriAyame","floor":12,"key":"SMITH"},{"data":"Hololive_CallManoAloe","floor":15,"key":"SMITH"},{"data":"Hololive_CallYukihanaLamy","floor":23,"key":"SMITH"}],"circlet_count":0,"master_deck":["Hololive_CallNakiriAyame+1","Hololive_CallMurasakiShion","Hololive_CallMinatoAqua","Hololive_Trident","Hololive_Drill","Hololive_Trident","Hololive_CallMurasakiShion","Hololive_StrengthChampion","Hololive_CandyCastle+1","Hololive_CallYukihanaLamy+1","Hololive_Rebound","Hololive_Rebound","Hololive_CallManoAloe+1","Hololive_Drill","Hololive_DurableLive+1","Hololive_StrengthChampion","Hololive_BeCareful"],"relics":["Hololive_TheStar","Hololive_Yo","Art of War","Dota2Spire:MaskOfMadness","Replay:Bandana","Eternal Feather","ReplayTheSpireMod:CursedCoin","Replay:Mystery Machine","jedi:hotpepper","Dota2Spire:CrimsonGuard","Replay:Rubber Ducky"],"acts_visited":["Exordium","TheCity"],"potions_floor_usage":[8,16,21,21],"damage_taken":[{"damage":0,"enemies":"Cultist","floor":1,"turns":3},{"damage":0,"enemies":"Jaw Worm","floor":4,"turns":3},{"damage":0,"enemies":"2 Louse","floor":5,"turns":2},{"damage":0,"enemies":"Lagavulin","floor":6,"turns":6},{"damage":0,"enemies":"3 Sentries","floor":8,"turns":6},{"damage":2,"enemies":"Large Slime","floor":10,"turns":7},{"damage":0,"enemies":"Lagavulin","floor":11,"turns":8},{"damage":2,"enemies":"Fading Forest","floor":16,"turns":11},{"damage":0,"enemies":"3 Byrds","floor":18,"turns":5},{"damage":18,"enemies":"2 Thieves","floor":21,"turns":4},{"damage":19,"enemies":"Gremlin Leader","floor":24,"turns":9},{"damage":0,"enemies":"Snake Plant","floor":25,"turns":1}],"seed_played":"8083792688345156562","potions_obtained":[{"floor":1,"key":"LifebloodPotion"},{"floor":2,"key":"FairyPotion"},{"floor":2,"key":"LiquidBronze"},{"floor":11,"key":"Dota2Spire:Clarity"},{"floor":16,"key":"Regen Potion"}],"is_trial":false,"path_per_floor":["M","?","$","M","M","E","$","E","T","M","E","R","?","$","R","B",null,"M","?","?","M","?","R","E","M"],"character_chosen":"Hololive_HololiveCharacter","items_purchased":["Hololive_Trident","Hololive_ManjiGathering","ReplayTheSpireMod:CursedCoin","Replay:Mystery Machine","Hololive_CallManoAloe","Hololive_Drill"],"campfire_rested":0,"item_purchase_floors":[3,7,14,14,14,14],"current_hp_per_floor":[32,32,32,32,32,32,32,32,32,30,30,35,35,35,35,33,26,26,26,26,17,17,26,7,7,7],"gold":219,"neow_bonus":"","is_daily":false,"chose_seed":false,"campfire_upgraded":3,"win_rate":0.0,"timestamp":1612078930,"path_taken":["M","?","$","M","M","E","$","E","T","?","E","R","?","$","R","BOSS","M","?","?","?","?","R","E","?"],"items_purchased_type":["Card","Card","Relic","Relic","Card","Card"],"build_version":"2020-12-22","purchased_purges":8,"victory":false,"max_hp_per_floor":[35,35,35,35,35,35,35,35,35,35,35,35,35,35,35,35,26,26,26,26,26,26,26,26,26,26],"card_choices":[{"not_picked":["Hololive_HuntDinosaur","Hololive_OvertimeWork","Hololive_StrengthChampion"],"picked":"Hololive_Drill","floor":1},{"not_picked":["Hololive_LuckPotion","Hololive_Sequa","Hololive_CallTsunomakiWatame"],"picked":"Hololive_CallMurasakiShion","floor":4},{"not_picked":["Hololive_Sequa","Hololive_Rebound","Hololive_Yoholoon"],"picked":"Hololive_StrengthChampion","floor":5},{"not_picked":["Hololive_Breathe","Hololive_CallHoushouMarine","Hololive_OpenUp"],"picked":"Hololive_CandyCastle","floor":6},{"not_picked":["Hololive_Breathe","Hololive_CallShishiroBotan","Hololive_StrengthChampion"],"picked":"Hololive_CallYukihanaLamy","floor":8},{"not_picked":["Hololive_Psychosis","Hololive_CallUruhaRushia","Hololive_StrengthChampion"],"picked":"Hololive_Rebound","floor":10},{"not_picked":["Hololive_CallFriendA","Hololive_OvertimeWork","Hololive_RevenueBasedLive"],"picked":"Hololive_Rebound","floor":11},{"not_picked":["Hololive_WolfAndLamb","Hololive_AWSL","Hololive_ScarfAndHalo"],"picked":"Hololive_DurableLive","floor":16},{"not_picked":["Hololive_CallRosalyn","Hololive_CallUruhaRushia","Hololive_CallTokoyamiTowa"],"picked":"Hololive_StrengthChampion","floor":18},{"not_picked":[],"picked":"Hololive_BeCareful","floor":19},{"not_picked":["Hololive_CallCivia","Hololive_CallShishiroBotan","Hololive_Trident","Hololive_Psychosis"],"picked":"SKIP","floor":21},{"not_picked":["Hololive_OvertimeWork","Hololive_Trident","Hololive_RevenueBasedLive+1","Hololive_CandyCastle"],"picked":"SKIP","floor":24}],"player_experience":518466,"relics_obtained":[{"floor":6,"key":"Art of War"},{"floor":8,"key":"Dota2Spire:MaskOfMadness"},{"floor":9,"key":"Replay:Bandana"},{"floor":11,"key":"Eternal Feather"},{"floor":24,"key":"Replay:Rubber Ducky"}],"event_choices":[{"damage_healed":0,"gold_gain":0,"player_choice":"Got Potions","damage_taken":0,"max_hp_gain":0,"max_hp_loss":0,"event_name":"Lab","floor":2,"gold_loss":0},{"damage_healed":0,"gold_gain":0,"player_choice":"Upgraded","damage_taken":0,"max_hp_gain":0,"max_hp_loss":0,"event_name":"Upgrade Shrine","floor":13,"gold_loss":0,"cards_upgraded":["Hololive_CandyCastle"]},{"damage_healed":0,"gold_gain":0,"player_choice":"Forge","damage_taken":0,"max_hp_gain":0,"max_hp_loss":0,"event_name":"Accursed Blacksmith","floor":22,"gold_loss":0,"cards_upgraded":["Hololive_DurableLive"]}],"is_beta":false,"boss_relics":[{"not_picked":["Fusion Hammer","Replay:Bronze Core"],"picked":"jedi:hotpepper"}],"items_purged_floors":[0,0,0,0,0,7,14,14],"is_endless":false,"potions_floor_spawned":[1,5,11,16],"killed_by":"Snake Plant","ascension_level":7}}