{"host":"lehz9p79pih88cc3","time":1612054510,"event":{"mods":["AchievementEnabler","Act Like it!","Arknights","Aspiration","BaseMod","Better Match","Better Note","Better Skull","Better Third Choice","CapriCore","Defuse TimeMaze Blight","Disable Question Mark Monsters","Downfall","Emptier Cage","Friendly Minions","Infinite Spire","Kiyohime????","Koishi","Minty Spire (QoL Compilation)","Permanent Neow","Quick Restart","Reimu??????","Relic Stats","Reliquary","Replay The Spire","SacredBarkPlus","Shop Mod","StSLib","The Administrix","The Alterego","The Construct","The Immortal","The Mystic","The Runesmith","The Servant 0.9.4","Transform Curses","Uncapped","Yakumo Yukari mod","Yuyuko"],"gold_per_floor":[118,1,1,1,13,28,62,76,76,90,90,106,106,106,106,211,211,228,61,61,61,71,102,202,48,94,107,107,32,44,60,60,165,165,176,176,191,151,166,200,219,237,237,11,27,27,27,42,42,67,67,67],"floor_reached":53,"language":"ENG","playtime":1825,"items_purged":["CommonCold","Decay","KiyohimeMod:Track"],"score":636,"play_id":"c57be038-5f32-4aad-a9b3-729f1ad34e37","local_time":"20210130195510","is_ascension_mode":false,"campfire_choices":[{"data":"KiyohimeMod:AndSoTheShipConquers","floor":11,"key":"SMITH"},{"floor":13,"key":"REST"},{"data":"KiyohimeMod:AVerseOfBurningLoveStory","floor":15,"key":"SMITH"},{"data":"Apotheosis","floor":28,"key":"SMITH"},{"data":"infinitespire:NeuralNetwork","floor":49,"key":"SMITH"},{"data":"KiyohimeMod:AndSoTheShipConquers","floor":51,"key":"SMITH"}],"circlet_count":0,"master_deck":["KiyohimeMod:Strike","KiyohimeMod:Strike","KiyohimeMod:Strike","KiyohimeMod:Strike","KiyohimeMod:Defend","KiyohimeMod:Defend","KiyohimeMod:Shapeshift","KiyohimeMod:RedBlackKey","KiyohimeMod:GreenBlackKey","KiyohimeMod:GreenBlackKey","KiyohimeMod:ImaginaryAround","KiyohimeMod:Preemptive","KiyohimeMod:AndSoTheShipConquers+1","KiyohimeMod:AVerseOfBurningLoveStory+1","KiyohimeMod:PrismaCosmos","Apotheosis+1","infinitespire:NeuralNetwork+1","KiyohimeMod:EatSoul","KiyohimeMod:Servant_Osakabehime","KiyohimeMod:BeastOfBillows","KiyohimeMod:AndSoTheShipConquers+1","KiyohimeMod:ExSpicyMapoTofu+1","KiyohimeMod:Grimoire+1","KiyohimeMod:Grimoire+1","KiyohimeMod:Berserker+1","KiyohimeMod:BlueBlackKey+1","KiyohimeMod:Berserker+1"],"relics":["Empty Cage","ReplayTheSpireMod:CursedCoin","infinitespire:PuzzleCube","infinitespire:Cubic Diamond","Ice Cream","Replay:Ringing Soul","Runic Pyramid","Matryoshka","RuthlessExorcism:ReiMu","Membership Card","Centennial Puzzle","Anchor","Coffee Dripper","aspiration:TomeofQuesting","Bronze Scales","Replay:Towering Pillar of Hats","aspiration:Nostalgia","Uniform","infinitespire:Joker Card","Strawberry"],"acts_visited":["Exordium","TheCity","TheBeyond"],"potions_floor_usage":[39,45,52],"damage_taken":[{"damage":0,"enemies":"Cultist","floor":1,"turns":3},{"damage":0,"enemies":"Small Slimes","floor":5,"turns":3},{"damage":0,"enemies":"2 Louse","floor":6,"turns":2},{"damage":19,"enemies":"3 Sentries","floor":7,"turns":6},{"damage":11,"enemies":"2 Fungi Beasts","floor":8,"turns":3},{"damage":0,"enemies":"Large Slime","floor":10,"turns":2},{"damage":9,"enemies":"Blue Slaver","floor":12,"turns":2},{"damage":2,"enemies":"Slime Boss","floor":16,"turns":6},{"damage":0,"enemies":"Spheric Guardian","floor":18,"turns":4},{"damage":0,"enemies":"Chosen","floor":22,"turns":3},{"damage":18,"enemies":"Replay:Snechameleon","floor":23,"turns":3},{"damage":0,"enemies":"Centurion and Healer","floor":27,"turns":4},{"damage":0,"enemies":"Snake Plant","floor":30,"turns":3},{"damage":7,"enemies":"3 Cultists","floor":31,"turns":4},{"damage":30,"enemies":"Collector","floor":33,"turns":7},{"damage":19,"enemies":"3 Darklings","floor":35,"turns":4},{"damage":5,"enemies":"3 Shapes","floor":37,"turns":4},{"damage":0,"enemies":"Jaw Worm Horde","floor":39,"turns":4},{"damage":0,"enemies":"Giant Head","floor":40,"turns":6},{"damage":9,"enemies":"4 Shapes","floor":41,"turns":4},{"damage":0,"enemies":"Sphere and 2 Shapes","floor":42,"turns":4},{"damage":2,"enemies":"Writhing Mass","floor":45,"turns":4},{"damage":6,"enemies":"4 Shapes","floor":48,"turns":4},{"damage":15,"enemies":"Replay:Hell Engine","floor":52,"turns":7}],"seed_played":"-2220312731793427060","potions_obtained":[{"floor":6,"key":"champ:CounterPotion"},{"floor":8,"key":"ColorlessPotion"},{"floor":23,"key":"Explosive Potion"},{"floor":30,"key":"DistilledChaos"},{"floor":37,"key":"SkillPotion"},{"floor":42,"key":"hexamod:SoulburnPotion"},{"floor":45,"key":"Ancient Potion"}],"is_trial":false,"path_per_floor":["M","$","?","?","M","M","E","M","T","M","R","M","R","?","R","B",null,"M","$","AVR","?","M","E","?","$","T","M","R","$","M","M","R","B",null,"M","?","M","?","M","E","M","M","T","$","M","PTL","PTL","M","R","T","R","B",null],"character_chosen":"Kiyohime","items_purchased":["ReplayTheSpireMod:CursedCoin","infinitespire:PuzzleCube","KiyohimeMod:GreenBlackKey","Apotheosis","Membership Card","KiyohimeMod:AndSoTheShipConquers","aspiration:Nostalgia","infinitespire:Joker Card"],"campfire_rested":1,"item_purchase_floors":[2,2,2,19,25,29,44,44],"current_hp_per_floor":[60,60,60,60,60,60,41,30,30,33,33,27,46,53,53,54,69,69,72,75,75,78,63,63,63,63,66,66,69,69,65,65,40,90,76,76,79,79,84,92,91,99,99,99,100,100,100,102,102,109,109,99],"gold":67,"neow_bonus":"BOSS_RELIC","is_daily":false,"chose_seed":false,"campfire_upgraded":5,"win_rate":0.0,"timestamp":1612054510,"path_taken":["M","$","?","?","M","M","E","?","T","M","R","M","R","?","R","BOSS","M","?","AVR","?","M","E","?","$","T","M","R","?","M","M","R","BOSS","M","?","M","?","M","E","M","?","T","$","M","PTL","PTL","M","R","?","R","BOSS"],"items_purchased_type":["Relic","Relic","Card","Card","Relic","Card","Relic","Relic"],"build_version":"2020-12-22","purchased_purges":3,"victory":true,"max_hp_per_floor":[60,60,60,60,60,60,60,60,60,63,63,66,66,66,66,69,69,69,72,75,75,78,81,81,81,81,84,84,87,87,90,90,90,90,90,90,93,93,93,96,99,102,102,102,102,102,102,105,105,112,112,112],"relic_stats":{"Centennial Puzzle":[24],"counters":[24,96],"Bronze Scales":[28],"obtain_stats":[{"Ice Cream":7,"Replay:Towering Pillar of Hats":43,"ReplayTheSpireMod:CursedCoin":2,"aspiration:Nostalgia":44,"aspiration:TomeofQuesting":40,"infinitespire:Cubic Diamond":3,"infinitespire:Joker Card":44,"Uniform":44,"Empty Cage":0,"KiyohimeMod:FireDragon":0,"Replay:Ringing Soul":9,"Centennial Puzzle":26,"Anchor":26,"Matryoshka":20,"Bronze Scales":43,"Strawberry":50,"Coffee Dripper":34,"Membership Card":25,"infinitespire:PuzzleCube":2,"Runic Pyramid":17,"RuthlessExorcism:ReiMu":23},{"Ice Cream":4,"Replay:Towering Pillar of Hats":21,"ReplayTheSpireMod:CursedCoin":1,"aspiration:Nostalgia":21,"aspiration:TomeofQuesting":19,"infinitespire:Cubic Diamond":1,"infinitespire:Joker Card":21,"Uniform":21,"Empty Cage":0,"KiyohimeMod:FireDragon":0,"Replay:Ringing Soul":5,"Centennial Puzzle":11,"Anchor":11,"Matryoshka":9,"Bronze Scales":21,"Strawberry":23,"Coffee Dripper":15,"Membership Card":11,"infinitespire:PuzzleCube":1,"Runic Pyramid":8,"RuthlessExorcism:ReiMu":11},{"Ice Cream":14,"Replay:Towering Pillar of Hats":81,"ReplayTheSpireMod:CursedCoin":3,"aspiration:Nostalgia":81,"aspiration:TomeofQuesting":73,"infinitespire:Cubic Diamond":3,"infinitespire:Joker Card":81,"Uniform":81,"Empty Cage":0,"KiyohimeMod:FireDragon":0,"Replay:Ringing Soul":17,"Centennial Puzzle":37,"Anchor":37,"Matryoshka":31,"Bronze Scales":81,"Strawberry":89,"Coffee Dripper":55,"Membership Card":37,"infinitespire:PuzzleCube":3,"Runic Pyramid":27,"RuthlessExorcism:ReiMu":37}]},"card_choices":[{"not_picked":["KiyohimeMod:WaterTurn","KiyohimeMod:CommandCard_Buster"],"picked":"KiyohimeMod:RedBlackKey","floor":1},{"not_picked":["KiyohimeMod:HotSpringOfTheMoon","KiyohimeMod:CelestialInvertedMoon","KiyohimeMod:RedBlackKey"],"picked":"SKIP","floor":5},{"not_picked":["KiyohimeMod:SteelTraining","KiyohimeMod:CommandCard_Buster"],"picked":"KiyohimeMod:GreenBlackKey","floor":6},{"not_picked":["KiyohimeMod:HotSpringOfTheMoon","KiyohimeMod:Berserker"],"picked":"KiyohimeMod:ImaginaryAround","floor":7},{"not_picked":["KiyohimeMod:RedBlackKey","KiyohimeMod:Berserker"],"picked":"KiyohimeMod:Preemptive","floor":8},{"not_picked":["KiyohimeMod:DivineConstruct","KiyohimeMod:WaterTurn"],"picked":"KiyohimeMod:AndSoTheShipConquers","floor":10},{"not_picked":["KiyohimeMod:CelestialInvertedMoon","KiyohimeMod:Preemptive"],"picked":"KiyohimeMod:AVerseOfBurningLoveStory","floor":12},{"not_picked":["KiyohimeMod:JeweledSword","KiyohimeMod:FiringTheFirstArrow"],"picked":"KiyohimeMod:PrismaCosmos","floor":16},{"not_picked":["KiyohimeMod:SteelTraining","KiyohimeMod:CommandCard_Buster","KiyohimeMod:Preemptive"],"picked":"SKIP","floor":18},{"not_picked":["KiyohimeMod:AgainstMagic","KiyohimeMod:DragonVein"],"picked":"KiyohimeMod:EatSoul","floor":22},{"not_picked":["KiyohimeMod:Berserker","KiyohimeMod:GreenBlackKey+1"],"picked":"KiyohimeMod:Servant_Osakabehime","floor":23},{"not_picked":["KiyohimeMod:RedBlackKey","KiyohimeMod:Fragarach"],"picked":"KiyohimeMod:BeastOfBillows","floor":27},{"not_picked":["KiyohimeMod:FirstPremonition","KiyohimeMod:AndSoTheShipConquers","KiyohimeMod:SteelTraining+1"],"picked":"SKIP","floor":30},{"not_picked":["KiyohimeMod:EatSoul","KiyohimeMod:AndSoTheShipConquers"],"picked":"KiyohimeMod:ExSpicyMapoTofu+1","floor":31},{"not_picked":["KiyohimeMod:SteelTraining+1","KiyohimeMod:AndSoTheShipConquers","KiyohimeMod:Fragarach+1"],"picked":"SKIP","floor":35},{"not_picked":["KiyohimeMod:CommandCard_Arts+1","KiyohimeMod:EatSoul+1"],"picked":"KiyohimeMod:Grimoire","floor":37},{"not_picked":["KiyohimeMod:RedBlackKey+1","KiyohimeMod:GreenBlackKey","KiyohimeMod:Preemptive+1"],"picked":"SKIP","floor":39},{"not_picked":["KiyohimeMod:WaterTurn","KiyohimeMod:BlueBlackKey"],"picked":"KiyohimeMod:Grimoire+1","floor":40},{"not_picked":["KiyohimeMod:DivineConstruct+1","KiyohimeMod:GreenBlackKey+1"],"picked":"KiyohimeMod:Berserker+1","floor":41},{"not_picked":["KiyohimeMod:SteelTraining+1","KiyohimeMod:EatSoul+1"],"picked":"KiyohimeMod:BlueBlackKey+1","floor":42},{"not_picked":["KiyohimeMod:BlueBlackKey+1","KiyohimeMod:DragonVein+1","KiyohimeMod:ImaginaryNumberMagecraft"],"picked":"SKIP","floor":45},{"not_picked":["KiyohimeMod:AndSoTheShipConquers","KiyohimeMod:GreenBlackKey+1"],"picked":"KiyohimeMod:Berserker+1","floor":48}],"player_experience":283382,"relics_obtained":[{"floor":7,"key":"Ice Cream"},{"floor":9,"key":"Replay:Ringing Soul"},{"floor":23,"key":"RuthlessExorcism:ReiMu"},{"floor":26,"key":"Centennial Puzzle"},{"floor":26,"key":"Anchor"},{"floor":40,"key":"aspiration:TomeofQuesting"},{"floor":43,"key":"Bronze Scales"},{"floor":43,"key":"Replay:Towering Pillar of Hats"},{"floor":50,"key":"Strawberry"}],"event_choices":[{"damage_healed":0,"gold_gain":0,"player_choice":"Cursed","damage_taken":0,"max_hp_gain":0,"max_hp_loss":0,"event_name":"Wheel of Change","floor":4,"gold_loss":0,"cards_obtained":["Decay"]},{"damage_healed":0,"gold_gain":0,"player_choice":"Full Heal","damage_taken":0,"max_hp_gain":0,"max_hp_loss":0,"event_name":"Wheel of Change","floor":21,"gold_loss":0},{"damage_healed":0,"gold_gain":100,"player_choice":"Pray","damage_taken":0,"max_hp_gain":0,"max_hp_loss":0,"event_name":"Golden Shrine","floor":24,"gold_loss":0},{"damage_healed":0,"gold_gain":0,"player_choice":"Ignored","damage_taken":0,"max_hp_gain":0,"max_hp_loss":0,"event_name":"Ghosts","floor":32,"gold_loss":0},{"damage_healed":0,"gold_gain":0,"player_choice":"Upgrade","damage_taken":0,"max_hp_gain":0,"max_hp_loss":0,"event_name":"Designer","floor":38,"gold_loss":40,"cards_upgraded":["KiyohimeMod:Grimoire"]}],"is_beta":false,"boss_relics":[{"not_picked":["ReplayTheSpireMod:SealedPack","Replay:Wanted Poster"],"picked":"Runic Pyramid"},{"not_picked":["Replay:Bronze Core","aspiration:FutureDiary"],"picked":"Coffee Dripper"}],"items_purged_floors":[2,20,29],"is_endless":false,"potions_floor_spawned":[6,8,23,30,37,42,45,48],"ascension_level":0}}