{"host":"hpdezpg731xgox4e","time":1612070398,"event":{"mods":["2.2 Compatiblity","Aspiration","BaseMod","GifTheSpireLib","Minty Spire (QoL Compilation)","Shop Mod","StSLib","The Bug Knight","The Construct","The Judge"],"gold_per_floor":[109,119,139,13,25,54,71,91,116,66,66,66,66,82,82,211,211,230,4,18,39,62,62,87,87,139,139,164,164,9,9,9,105,105,123,173,173,184,184,184],"floor_reached":39,"language":"ENG","playtime":3181,"items_purged":[],"score":385,"play_id":"75f97686-a796-4f72-9542-34f6fb57ca04","local_time":"20210131001958","is_ascension_mode":false,"campfire_choices":[{"data":"construct:SpinDrive","floor":12,"key":"SMITH"},{"floor":15,"key":"REST"},{"floor":23,"key":"REST"},{"floor":25,"key":"REST"},{"data":"construct:GuardCore","floor":27,"key":"SMITH"},{"floor":32,"key":"REST"}],"circlet_count":0,"master_deck":["construct:Strike_Gold","construct:Strike_Gold","construct:Strike_Gold","construct:Defend_Gold+1","construct:Defend_Gold+1","construct:Defend_Gold+1","construct:Defend_Gold+1","construct:Defend_Gold+1","construct:AttackMode+1","construct:DefenseMode+1","construct:Accumulate","construct:FlameCore+1","construct:Versatility","construct:Autoturret","construct:FlameCore+1","construct:SpinDrive+1","construct:HeavyBolt","construct:SweepLaser","construct:FlameCore+1","construct:Hazardproof","construct:HyperBeam","construct:SuppressiveFire","construct:Autoturret","construct:Accumulate","construct:GuardCore+1","construct:SweepLaser","construct:MassProduction","construct:Accumulate+1","construct:SiegeForm","construct:SyphonStrike+1","construct:FocusedBeam+1","construct:HeavyBolt","construct:Failsafe+1"],"relics":["construct:Cogwheel","aspiration:Lifesprig","Bloody Idol","aspiration:FutureDiary","Lantern","Bag of Marbles","construct:MasterCore","Fusion Hammer","Torii"],"acts_visited":["Exordium","TheCity","TheBeyond"],"potions_floor_usage":[18,18,22,22,22,22,24,24,33],"damage_taken":[{"damage":0,"enemies":"2 Louse","floor":1,"turns":2},{"damage":6,"enemies":"Jaw Worm","floor":2,"turns":4},{"damage":6,"enemies":"Cultist","floor":3,"turns":3},{"damage":7,"enemies":"Exordium Thugs","floor":5,"turns":6},{"damage":15,"enemies":"HollowMod:MossKnight","floor":6,"turns":6},{"damage":7,"enemies":"Blue Slaver","floor":7,"turns":4},{"damage":12,"enemies":"3 Louse","floor":8,"turns":3},{"damage":0,"enemies":"2 Fungi Beasts","floor":14,"turns":2},{"damage":38,"enemies":"Hexaghost","floor":16,"turns":9},{"damage":8,"enemies":"3 Byrds","floor":18,"turns":6},{"damage":18,"enemies":"Shell Parasite","floor":20,"turns":3},{"damage":35,"enemies":"Centurion and Healer","floor":21,"turns":4},{"damage":11,"enemies":"Snake Plant","floor":22,"turns":2},{"damage":23,"enemies":"Shelled Parasite and Fungi","floor":24,"turns":4},{"damage":15,"enemies":"Cultist and Chosen","floor":28,"turns":6},{"damage":17,"enemies":"Automaton","floor":33,"turns":9},{"damage":33,"enemies":"3 Darklings","floor":35,"turns":6},{"damage":28,"enemies":"Mind Bloom Boss Battle","floor":36,"turns":6},{"damage":14,"enemies":"Orb Walker","floor":38,"turns":3},{"damage":27,"enemies":"4 Shapes","floor":39,"turns":5}],"seed_played":"-3103799857208540097","potions_obtained":[{"floor":2,"key":"FearPotion"},{"floor":3,"key":"DuplicationPotion"},{"floor":5,"key":"EntropicBrew"},{"floor":18,"key":"PowerPotion"},{"floor":20,"key":"Explosive Potion"},{"floor":22,"key":"PowerPotion"},{"floor":38,"key":"SteroidPotion"}],"is_trial":false,"path_per_floor":["M","M","M","$","M","E","M","M","T","?","?","R","?","M","R","B",null,"M","$","M","M","M","R","M","R","T","R","M","?","$","?","R","B",null,"M","?","?","M","M"],"character_chosen":"THE_CONSTRUCT_MOD","items_purchased":["construct:Autoturret","construct:FlameCore","Lantern","construct:Autoturret","construct:Accumulate","construct:MasterCore"],"campfire_rested":4,"item_purchase_floors":[4,4,19,19,19,30],"current_hp_per_floor":[93,87,81,81,74,59,52,40,40,40,40,40,40,40,65,27,86,78,78,60,25,14,39,16,41,41,41,26,26,26,26,51,39,86,58,35,35,26,0,0],"gold":184,"neow_bonus":"TEN_PERCENT_HP_BONUS","is_daily":false,"chose_seed":false,"campfire_upgraded":2,"win_rate":0.0,"timestamp":1612070398,"path_taken":["M","M","M","$","M","E","M","M","T","?","?","R","?","M","R","BOSS","M","$","M","M","M","R","M","R","T","R","M","?","$","?","R","BOSS","M","?","?","?","M"],"items_purchased_type":["Card","Card","Relic","Card","Card","Relic"],"build_version":"2020-12-22","purchased_purges":0,"victory":false,"max_hp_per_floor":[93,93,93,93,93,93,93,93,93,93,86,86,86,86,86,86,86,86,86,86,86,86,86,86,86,86,86,86,86,86,86,86,86,86,86,86,86,86,86,86],"card_choices":[{"not_picked":["construct:BatteryAcid","construct:Missile"],"picked":"construct:Accumulate","floor":1},{"not_picked":["construct:Reinforce","construct:SaveState"],"picked":"construct:FlameCore","floor":2},{"not_picked":["construct:Overcharge","construct:VentSteam"],"picked":"construct:Versatility","floor":3},{"not_picked":["construct:FocusedBeam","construct:FierceBash"],"picked":"construct:SpinDrive","floor":5},{"not_picked":["construct:Antimatter","construct:Backfire"],"picked":"construct:HeavyBolt","floor":6},{"not_picked":["construct:ClusterMines","construct:Overcharge"],"picked":"construct:SweepLaser","floor":7},{"not_picked":["construct:Autoturret","construct:SaveState"],"picked":"construct:FlameCore","floor":8},{"not_picked":["construct:ReactiveShield","construct:Chainstrike"],"picked":"construct:Hazardproof","floor":14},{"not_picked":["construct:ShiftingStance","construct:HastyRepair"],"picked":"construct:HyperBeam","floor":16},{"not_picked":["construct:Anticipate","construct:ScrapCannon"],"picked":"construct:SuppressiveFire","floor":18},{"not_picked":["construct:SweepLaser","construct:Backfire"],"picked":"construct:GuardCore","floor":20},{"not_picked":["construct:Isolate","construct:VentSteam"],"picked":"construct:SweepLaser","floor":21},{"not_picked":["construct:Boost","construct:Backfire+1"],"picked":"construct:MassProduction","floor":22},{"not_picked":["construct:FlakBarrage","construct:Boost"],"picked":"construct:Accumulate+1","floor":24},{"not_picked":["construct:ScrapCannon","construct:Anticipate","construct:BatteryAcid"],"picked":"SKIP","floor":28},{"not_picked":["construct:GatlingGun","construct:LongRangeLance"],"picked":"construct:SiegeForm","floor":33},{"not_picked":["construct:Overcharge","construct:Anticipate+1"],"picked":"construct:SyphonStrike+1","floor":35},{"not_picked":["construct:SaveState+1","construct:Forcefield"],"picked":"construct:FocusedBeam+1","floor":36},{"not_picked":["construct:FierceBash+1","construct:VentSteam"],"picked":"construct:Failsafe+1","floor":38}],"player_experience":25477,"relics_obtained":[{"floor":6,"key":"Boot"},{"floor":9,"key":"aspiration:Lifesprig"},{"floor":26,"key":"Bag of Marbles"},{"floor":36,"key":"Torii"}],"event_choices":[{"cards_removed":["construct:Strike_Gold"],"damage_healed":0,"gold_gain":0,"player_choice":"Card Removal","damage_taken":0,"max_hp_gain":0,"max_hp_loss":0,"event_name":"The Cleric","floor":10,"gold_loss":50},{"damage_healed":0,"gold_gain":0,"player_choice":"Lose Max HP","damage_taken":0,"relics_obtained":["Golden Idol"],"max_hp_gain":0,"max_hp_loss":7,"event_name":"Golden Idol","floor":11,"gold_loss":0},{"damage_healed":0,"gold_gain":0,"player_choice":"Gave Idol","damage_taken":0,"relics_obtained":["Bloody Idol"],"max_hp_gain":0,"max_hp_loss":0,"event_name":"Forgotten Altar","floor":29,"relics_lost":["Golden Idol"],"gold_loss":0},{"damage_healed":0,"gold_gain":0,"player_choice":"Ignored","damage_taken":0,"max_hp_gain":0,"max_hp_loss":0,"event_name":"Ghosts","floor":31,"gold_loss":0},{"damage_healed":0,"gold_gain":0,"player_choice":"Fight","damage_taken":0,"max_hp_gain":0,"max_hp_loss":0,"event_name":"MindBloom","floor":36,"gold_loss":0},{"damage_healed":0,"gold_gain":0,"cards_transformed":["construct:Strike_Gold"],"player_choice":"Transformed","damage_taken":0,"max_hp_gain":0,"max_hp_loss":0,"event_name":"Transmorgrifier","floor":37,"gold_loss":0,"cards_obtained":["construct:HeavyBolt"]}],"is_beta":false,"boss_relics":[{"not_picked":["aspiration:WatcherSkillbook","aspiration:SecretTechniqueScroll"],"picked":"aspiration:FutureDiary"},{"not_picked":["Runic Dome","Black Star"],"picked":"Fusion Hammer"}],"items_purged_floors":[],"is_endless":false,"potions_floor_spawned":[2,3,5,14,18,20,22,38],"killed_by":"4 Shapes","ascension_level":0}}