{"host":"8inpc3yxphy2r27y","time":1612084070,"event":{"mods":["100% Spire Juice","ATMod(阿瑾Mod)","Aspiration","Astrologer","Bard","BaseMod","Better Synergies","Better Vampires","Challenge The Spire","Conspire","Decade(王小明)","Defuse TimeMaze Blight","Downfall","Energized Spire","FutureSeer","Gremlin Mod","GungeonMod","Highlight Path","Hunter 猎人","KinomotoSakuraMod(木之本樱)","Lobotomy","LobotomyExtend","Minty Spire (QoL Compilation)","MostiFishMod","Pikachu Mod","Quick Restart","READ ME - Guardian Mod","Red Circlet Mod","Reimu（博丽灵梦）","Relic Filter Mod","Relic Stats","Replay The Spire","RumiaBox-露米娅的神秘盒子","Ryuuou龙王","SIMod","Shop Mod","Spicy Shops","StSLib","TestMod","The Bug Knight","The Cursed","The Gatherer","The Hierophant","UnlockEverythingMod","[GremlinLeader]The Maniac","[IsaacMod]以撒尖塔","[JumpMod]舞动尖塔","noobMod","【功能Mod】混沌之环修复补丁","【功能Mod】聪明的最终Boss","【遗物卡牌】REMEMod","残留之物","篝火指南"],"gold_per_floor":[202,250,167,193,243,263,24,110,110,110,131,31,63,78,138,233,389,389,423,423,446,479,499,197,211,273,200,200,53,68,744,771,787,840,34,105,207,207,221,265,280,300,237,271,295,333,344,394,454,483,500,522,334,345,356,133,144,217,1633],"floor_reached":60,"language":"ZHS","playtime":5035,"items_purged":["PlaceholderMod:BaseStrike","PlaceholderMod:BaseStrike","Regret","Shame"],"score":1430,"play_id":"0941a85a-66fc-4ffc-8f9b-de6d94cfdb8e","local_time":"20210131170750","is_ascension_mode":false,"campfire_choices":[{"floor":9.0,"key":"RECALL"}],"circlet_count":0,"master_deck":["PlaceholderMod:BaseStrike+1","PlaceholderMod:BaseStrike","PlaceholderMod:BaseStrike","PlaceholderMod:BaseDefend","PlaceholderMod:BaseDefend","PlaceholderMod:BaseDefend","PlaceholderMod:BaseDefend+1","PlaceholderMod:BaseDefend+1","PlaceholderMod:Crystal","PlaceholderMod:PoisonWhip","BloodyBrimstone+1","AT_MyraUnstableElement","AT_ChampionStep","PlaceholderMod:MultiReaction","PlaceholderMod:Stable","PlaceholderMod:ThreeBenzyolStart","PlaceholderMod:InnerSoften","PlaceholderMod:Crystallization+1","PlaceholderMod:Turn","PlaceholderMod:HardStrike","PlaceholderMod:Internalization","PlaceholderMod:ParasiteChange","PlaceholderMod:HornyCollision+1","PlaceholderMod:HardStrike","PlaceholderMod:DirectingGroup","PlaceholderMod:SubstitutionNucleophilic1","PlaceholderMod:UnpureUse+1","PlaceholderMod:StressReaction+1","PlaceholderMod:Hyperplasia","PlaceholderMod:NutritionAbsorb+1","PlaceholderMod:ConsolidateHit+1","PlaceholderMod:Hard","PlaceholderMod:DissolvingSpikes+1","PlaceholderMod:Polyp+1","PlaceholderMod:SelfCoupling","PlaceholderMod:RadicalHit","PlaceholderMod:Crystallization","PlaceholderMod:ContinueSpray","PlaceholderMod:Stable","PlaceholderMod:Sweep+1","PlaceholderMod:RadicalHit","PlaceholderMod:SeverePoisonStrike","PlaceholderMod:Internalization+1","PlaceholderMod:DirectingGroup+1","PlaceholderMod:SpinBlade+1","PlaceholderMod:SpinBlade","PlaceholderMod:SelectReaction+1","PlaceholderMod:Polyp+1","PlaceholderMod:Internalization","PlaceholderMod:ConsolidateHit+1"],"relics":["PlaceholderMod:Tancle","HushsDoor","REME_ComplimentaryCards","HowToJump","ice","DaveBox","AT_ATBox","testmod-TestBox","testmod-TheFather","SalivaCoin","GiantSoulBox","SynthV:TestCard","LetterFromLob","MerchantsRug","DiscerningMonocle","BookOfRevelations","HonorFeather","MagicBullet_r","Civilization","Bag of Marbles","FossilizedHelix","GiantSoulStone","energizedSpire:NeverEndingSparkler","NineLifeCat","Baka2","testmod-Charity","Strawberry","FossilizedHelix","Whetstone","PlaceholderMod:DeVermisMysteriis","Habit","HowToJump","GodSword5","Chameleon Ring","SteamSale","BFFS","DemoMod:RatBoots","DemoMod:ResourcefulSack","DemoMod:PartiallyEatenCheese","aspiration:RunicSpoon","testmod-TimeTraveler","Strange Spoon","bronze:DonusWashers","Simple Rune","Vajra","Replay:Baseball","MawBank","HornCleat","DemoMod:GundromedaStrain","GuppysHead","conspire:TreasureMap","REME_LimitBreaker","aspiration:SeaSaltIceCream","Velvet Choker","Medical Kit","Membership Card","testmod-IndustrialRevolution","TentaclePot:ReiMu","AT_BellDemon","RuthlessExorcism:ReiMu","AT_MibuBalloonWealth","conspire:TopHat"],"acts_visited":["Exordium","TheCity","TheCity","TheBeyond","TheEnding"],"potions_floor_usage":[],"damage_taken":[{"damage":145.0,"enemies":"Cultist","floor":1.0,"turns":23.0},{"damage":3.0,"enemies":"conspire:RoseBush","floor":3.0,"turns":2.0},{"damage":9.0,"enemies":"Jaw Worm","floor":4.0,"turns":4.0},{"damage":6.0,"enemies":"Blue Slaver","floor":5.0,"turns":4.0},{"damage":0.0,"enemies":"2 Fungi Beasts","floor":6.0,"turns":3.0},{"damage":8.0,"enemies":"3 Sentries","floor":8.0,"turns":4.0},{"damage":3.0,"enemies":"Exordium Wildlife","floor":11.0,"turns":4.0},{"damage":0.0,"enemies":"Gremlin Nob","floor":13.0,"turns":1.0},{"damage":0.0,"enemies":"Exordium Wildlife","floor":14.0,"turns":2.0},{"damage":0.0,"enemies":"3 Sentries","floor":15.0,"turns":1.0},{"damage":2.0,"enemies":"Slime Boss","floor":17.0,"turns":4.0},{"damage":9.0,"enemies":"Spheric Guardian","floor":19.0,"turns":3.0},{"damage":10.0,"enemies":"2 Thieves","floor":21.0,"turns":2.0},{"damage":26.0,"enemies":"Cultist and Chosen","floor":22.0,"turns":2.0},{"damage":0.0,"enemies":"Snake Plant","floor":23.0,"turns":1.0},{"damage":0.0,"enemies":"Centurion and Healer","floor":25.0,"turns":4.0},{"damage":0.0,"enemies":"Slavers","floor":26.0,"turns":1.0},{"damage":0.0,"enemies":"DemoMod:4_Bullet_Kins_with_one_veteran","floor":30.0,"turns":1.0},{"damage":553.0,"enemies":"DemoMod:4_Bullet_Kins","floor":31.0,"turns":27.0},{"damage":11.0,"enemies":"DemoMod:Veteran_shot_gun_kin_and_blue_shotgun_kin_with_gunsinger","floor":32.0,"turns":6.0},{"damage":20.0,"enemies":"DemoMod:Veteran_shot_gun_kin_and_red_shotgun_kin_with_gunsinger","floor":33.0,"turns":1.0},{"damage":20.0,"enemies":"DemoMod:Veteran_shot_gun_kin_and_blue_shotgun_kin","floor":34.0,"turns":14.0},{"damage":1.0,"enemies":"DemoMod:ResourcefulRat","floor":37.0,"turns":18.0},{"damage":0.0,"enemies":"Orb Walker","floor":39.0,"turns":3.0},{"damage":0.0,"enemies":"3 Darklings","floor":40.0,"turns":1.0},{"damage":1.0,"enemies":"Maw","floor":41.0,"turns":5.0},{"damage":180.0,"enemies":"Transient","floor":42.0,"turns":1.0},{"damage":8.0,"enemies":"Giant Head","floor":44.0,"turns":4.0},{"damage":0.0,"enemies":"Spire Growth","floor":45.0,"turns":4.0},{"damage":0.0,"enemies":"Jaw Worm Horde","floor":46.0,"turns":1.0},{"damage":0.0,"enemies":"3 Darklings","floor":48.0,"turns":3.0},{"damage":0.0,"enemies":"Mind Bloom Boss Battle","floor":49.0,"turns":2.0},{"damage":0.0,"enemies":"Writhing Mass","floor":50.0,"turns":1.0},{"damage":20.0,"enemies":"2 Orb Walkers","floor":51.0,"turns":1.0},{"damage":0.0,"enemies":"Spire Growth","floor":52.0,"turns":1.0},{"damage":0.0,"enemies":"Time Eater","floor":54.0,"turns":3.0},{"damage":0,"enemies":"Shield and Spear","floor":58,"turns":1},{"damage":1699,"enemies":"Delirium","floor":59,"turns":45}],"seed_played":"-1823674927445879118","potions_obtained":[{"floor":3.0,"key":"SkillPotion"},{"floor":4.0,"key":"testmod-TestPotion"},{"floor":8.0,"key":"SpeedPotion"},{"floor":13.0,"key":"ZuzhouPotion:ReiMu"},{"floor":21.0,"key":"LiquidBronze"},{"floor":23.0,"key":"GrandPatriotsElixir:ReiMu"},{"floor":25.0,"key":"AttackPotion"}],"is_trial":false,"path_per_floor":["M","?","M","M","M","M","R","E","R","T","M","$","E","M","E","R","B",null,"M","?","M","M","M","R","M","E","R","T","R","M","M","M","M","M","R","B","B",null,"M","M","M","M","$","E","M","M","T","M","?","M","?","M","R","B",null,"R","$","E","B",null],"character_chosen":"THE_PLACEHOLDER","items_purchased":["MerchantsRug","DiscerningMonocle","Civilization","Bag of Marbles","DemoMod:GnawedKey","NineLifeCat","testmod-Charity","Strawberry","PlaceholderMod:DeVermisMysteriis","Habit","GodSword5","Chameleon Ring","SteamSale","BFFS","Strange Spoon","bronze:DonusWashers","Simple Rune","Vajra","Replay:Baseball","conspire:TreasureMap","REME_LimitBreaker","aspiration:SeaSaltIceCream","PlaceholderMod:Internalization","Medical Kit","Membership Card","testmod-IndustrialRevolution","TentaclePot:ReiMu","AT_BellDemon","RuthlessExorcism:ReiMu","AT_MibuBalloonWealth"],"campfire_rested":0,"item_purchase_floors":[7,7,12,12,12,18,24,24,27,29,35,35,35,35,43,43,43,43,43,53,53,56,56,56,57,57,57,57,57,57],"current_hp_per_floor":[43,28,25,17,60,60,60,65,65,65,68,68,81,109,137,340,350,85,90,90,95,97,105,112,120,137,137,137,137,144,285,288,275,270,567,546,605,715,722,741,750,578,578,582,594,609,610,629,641,650,638,648,851,863,864,865,866,875,581],"gold":1633,"neow_bonus":"NOSTALGIA","is_daily":false,"chose_seed":false,"campfire_upgraded":0,"win_rate":0.0,"timestamp":1612084070,"path_taken":["M","?","M","M","M","M","R","E","R","T","M","$","E","M","E","R","BOSS","M","?","?","?","M","R","M","E","R","T","R","M","M","M","M","M","R","BOSS","BOSS","M","M","M","M","$","E","M","M","T","M","?","?","?","?","R","BOSS","R","$","E","BOSS"],"items_purchased_type":["Relic","Relic","Relic","Relic","Relic","Relic","Relic","Relic","Relic","Relic","Relic","Relic","Relic","Relic","Relic","Relic","Relic","Relic","Relic","Relic","Relic","Relic","Card","Relic","Relic","Relic","Relic","Relic","Relic","Relic"],"build_version":"2020-12-22","purchased_purges":4,"victory":true,"max_hp_per_floor":[48,48,51,53,60,60,60,65,65,65,326,326,327,330,340,340,350,85,90,90,95,100,105,112,120,137,137,137,137,144,466,501,509,567,567,593,715,715,723,741,750,757,757,767,779,790,791,815,826,834,841,850,851,863,864,865,866,875,1293],"relic_stats":{"Strange Spoon":[61],"counters":[39,213],"aspiration:RunicSpoon":[118],"Whetstone":["PlaceholderMod:BaseStrike","PlaceholderMod:HornyCollision"],"MawBank":143,"Medical Kit":[6],"obtain_stats":[{"HonorFeather":11,"AT_ATBox":0,"AT_MibuBalloonWealth":57,"Vajra":43,"DemoMod:GlassGuonStoneRelic":3,"ice":0,"Whetstone":26,"BFFS":35,"Baka2":22,"TheBean":15,"HornCleat":47,"Strawberry":24,"KeepersGift":0,"MerchantsRug":7,"conspire:TreasureMap":53,"testmod-TestBox":0,"testmod-TimeTraveler":38,"MagicBullet_r":11,"aspiration:Nostalgia":0,"TentaclePot:ReiMu":57,"BookOfRevelations":8,"Velvet Choker":56,"DemoMod:RatBoots":38,"aspiration:SeaSaltIceCream":56,"REME_LimitBreaker":53,"SteamSale":35,"Replay:Baseball":43,"DemoMod:GundromedaStrain":49,"energizedSpire:NeverEndingSparkler":18,"GiantSoulStone":15,"Simple Rune":43,"GodSword5":35,"DemoMod:ResourcefulSack":38,"HushsDoor":0,"AT_BellDemon":57,"PlaceholderMod:Tancle":0,"DaveBox":0,"DiscerningMonocle":7,"PlaceholderMod:DeVermisMysteriis":27,"testmod-Charity":24,"conspire:TopHat":58,"Civilization":12,"Chameleon Ring":35,"NineLifeCat":18,"testmod-TheFather":0,"DemoMod:GnawedKey":12,"bronze:DonusWashers":43,"HowToJump":0,"aspiration:RunicSpoon":38,"DemoMod:PartiallyEatenCheese":38,"Baka":1,"MawBank":44,"Medical Kit":56,"testmod-IndustrialRevolution":57,"Habit":29,"Strange Spoon":43,"SynthV:TestCard":1,"SalivaCoin":0,"LetterFromLob":1,"Bag of Marbles":12,"GiantSoulBox":0,"GuppysHead":51,"Membership Card":57,"FossilizedHelix":13,"REME_ComplimentaryCards":0,"RuthlessExorcism:ReiMu":57},{"HonorFeather":7,"AT_ATBox":0,"AT_MibuBalloonWealth":37,"Vajra":28,"DemoMod:GlassGuonStoneRelic":2,"ice":0,"Whetstone":17,"BFFS":22,"Baka2":14,"TheBean":10,"HornCleat":31,"Strawberry":15,"KeepersGift":0,"MerchantsRug":5,"conspire:TreasureMap":36,"testmod-TestBox":0,"testmod-TimeTraveler":24,"MagicBullet_r":7,"aspiration:Nostalgia":0,"TentaclePot:ReiMu":37,"BookOfRevelations":6,"Velvet Choker":37,"DemoMod:RatBoots":24,"aspiration:SeaSaltIceCream":37,"REME_LimitBreaker":36,"SteamSale":22,"Replay:Baseball":28,"DemoMod:GundromedaStrain":33,"energizedSpire:NeverEndingSparkler":11,"GiantSoulStone":10,"Simple Rune":28,"GodSword5":22,"DemoMod:ResourcefulSack":24,"HushsDoor":0,"AT_BellDemon":37,"PlaceholderMod:Tancle":0,"DaveBox":0,"DiscerningMonocle":5,"PlaceholderMod:DeVermisMysteriis":17,"testmod-Charity":15,"conspire:TopHat":38,"Civilization":7,"Chameleon Ring":22,"NineLifeCat":11,"testmod-TheFather":0,"DemoMod:GnawedKey":7,"bronze:DonusWashers":28,"HowToJump":0,"aspiration:RunicSpoon":24,"DemoMod:PartiallyEatenCheese":24,"Baka":1,"MawBank":29,"Medical Kit":37,"testmod-IndustrialRevolution":37,"Habit":17,"Strange Spoon":28,"SynthV:TestCard":1,"SalivaCoin":0,"LetterFromLob":1,"Bag of Marbles":7,"GiantSoulBox":0,"GuppysHead":35,"Membership Card":37,"FossilizedHelix":8,"REME_ComplimentaryCards":0,"RuthlessExorcism:ReiMu":37},{"HonorFeather":44,"AT_ATBox":0,"AT_MibuBalloonWealth":167,"Vajra":147,"DemoMod:GlassGuonStoneRelic":25,"ice":0,"Whetstone":64,"BFFS":113,"Baka2":58,"TheBean":47,"HornCleat":156,"Strawberry":59,"KeepersGift":0,"MerchantsRug":36,"conspire:TreasureMap":164,"testmod-TestBox":0,"testmod-TimeTraveler":137,"MagicBullet_r":44,"aspiration:Nostalgia":0,"TentaclePot:ReiMu":167,"BookOfRevelations":40,"Velvet Choker":167,"DemoMod:RatBoots":137,"aspiration:SeaSaltIceCream":167,"REME_LimitBreaker":164,"SteamSale":113,"Replay:Baseball":147,"DemoMod:GundromedaStrain":161,"energizedSpire:NeverEndingSparkler":51,"GiantSoulStone":47,"Simple Rune":147,"GodSword5":113,"DemoMod:ResourcefulSack":137,"HushsDoor":0,"AT_BellDemon":167,"PlaceholderMod:Tancle":0,"DaveBox":0,"DiscerningMonocle":36,"PlaceholderMod:DeVermisMysteriis":64,"testmod-Charity":59,"conspire:TopHat":168,"Civilization":44,"Chameleon Ring":113,"NineLifeCat":51,"testmod-TheFather":0,"DemoMod:GnawedKey":44,"bronze:DonusWashers":147,"HowToJump":0,"aspiration:RunicSpoon":137,"DemoMod:PartiallyEatenCheese":137,"Baka":23,"MawBank":151,"Medical Kit":167,"testmod-IndustrialRevolution":167,"Habit":64,"Strange Spoon":147,"SynthV:TestCard":23,"SalivaCoin":0,"LetterFromLob":23,"Bag of Marbles":44,"GiantSoulBox":0,"GuppysHead":163,"Membership Card":167,"FossilizedHelix":44,"REME_ComplimentaryCards":0,"RuthlessExorcism:ReiMu":167}]},"card_choices":[{"not_picked":[],"picked":"BloodyBrimstone","floor":0.0},{"not_picked":["PlaceholderMod:AttackAsDefend","PlaceholderMod:StressReaction"],"picked":"PlaceholderMod:MultiReaction","floor":1.0},{"not_picked":["PlaceholderMod:Sweep","PlaceholderMod:HealingAttack","PlaceholderMod:SpinBlade","Bomb"],"picked":"PlaceholderMod:Stable","floor":3.0},{"not_picked":["PlaceholderMod:SelectReaction","PlaceholderMod:SeverePoisonStrike","PlaceholderMod:RadicalHit","PlaceholderMod:ConsolidateHit"],"picked":"PlaceholderMod:ThreeBenzyolStart","floor":4.0},{"not_picked":["PlaceholderMod:EvolutionSpray","PlaceholderMod:Colorful","PlaceholderMod:HornyBlast","Bomb"],"picked":"PlaceholderMod:InnerSoften","floor":5.0},{"not_picked":["Bomb","PlaceholderMod:DirectingGroup","PlaceholderMod:SeverePoisonStrike","PlaceholderMod:Sweep"],"picked":"PlaceholderMod:Crystallization","floor":6.0},{"not_picked":["PlaceholderMod:Stable","Bomb","PlaceholderMod:CrystallizationStrike","PlaceholderMod:Corrosion"],"picked":"PlaceholderMod:Turn","floor":8.0},{"not_picked":["PlaceholderMod:Hard","PlaceholderMod:RadicalHit","PlaceholderMod:PericyclicReaction","PlaceholderMod:ChainPoly"],"picked":"PlaceholderMod:HardStrike","floor":13.0},{"not_picked":["PlaceholderMod:Break","PlaceholderMod:DiffusionPoison","PlaceholderMod:HardStinger","PlaceholderMod:AttackAsDefend"],"picked":"PlaceholderMod:Internalization","floor":14.0},{"not_picked":["Bomb","PlaceholderMod:ProliferateStrike","PlaceholderMod:PoisonExcitation","PlaceholderMod:StressReaction"],"picked":"PlaceholderMod:ParasiteChange","floor":15.0},{"not_picked":["PlaceholderMod:CorePoison","PlaceholderMod:ReactionCatalyze","PlaceholderMod:InnerSoften","PlaceholderMod:FinalSpray"],"picked":"PlaceholderMod:HornyCollision","floor":17.0},{"not_picked":["PlaceholderMod:ConsolidateHit","PlaceholderMod:StressReaction","PlaceholderMod:Corrosion","PlaceholderMod:MultipleOxi"],"picked":"PlaceholderMod:HardStrike","floor":19.0},{"not_picked":["PlaceholderMod:Polyp+1","PlaceholderMod:SeverePoisonStrike+1","PlaceholderMod:SelectReaction","PlaceholderMod:HealingAttack"],"picked":"PlaceholderMod:DirectingGroup","floor":21.0},{"not_picked":["PlaceholderMod:ParasiteChange","PlaceholderMod:HealingAttack","PlaceholderMod:StrongAcid","PlaceholderMod:CrystallizationStrike"],"picked":"PlaceholderMod:SubstitutionNucleophilic1","floor":22.0},{"not_picked":["PlaceholderMod:DirectingGroup+1","PlaceholderMod:MultiReaction","PlaceholderMod:Internalization","PlaceholderMod:Stable"],"picked":"PlaceholderMod:UnpureUse+1","floor":23.0},{"not_picked":["PlaceholderMod:Colorful","PlaceholderMod:Crystallization+1","PlaceholderMod:PoisonAbsorb","PlaceholderMod:Sweep"],"picked":"PlaceholderMod:StressReaction+1","floor":25.0},{"not_picked":["PlaceholderMod:UnpureUse+1","PlaceholderMod:HealingAttack","PlaceholderMod:DissolvingSpikes+1","PlaceholderMod:Internalization"],"picked":"PlaceholderMod:Hyperplasia","floor":26.0},{"not_picked":["PlaceholderMod:TriggerStrike","PlaceholderMod:SubstitutionNucleophilic1","PlaceholderMod:Assimilation","PlaceholderMod:DirectingGroup"],"picked":"PlaceholderMod:NutritionAbsorb+1","floor":30.0},{"not_picked":["PlaceholderMod:StressReaction","PlaceholderMod:HealingAttack+1","PlaceholderMod:NutritionAbsorb+1","PlaceholderMod:PoisonAbsorb"],"picked":"PlaceholderMod:ConsolidateHit+1","floor":31.0},{"not_picked":["PlaceholderMod:SeverePoisonStrike","PlaceholderMod:Sweep+1","PlaceholderMod:Corrosion","PlaceholderMod:ProliferateStrike"],"picked":"PlaceholderMod:Hard","floor":32.0},{"not_picked":["PlaceholderMod:Stable","PlaceholderMod:UnpureUse","PlaceholderMod:DirectingGroup+1","PlaceholderMod:HealingAttack"],"picked":"PlaceholderMod:DissolvingSpikes+1","floor":33.0},{"not_picked":["PlaceholderMod:HardStinger","PlaceholderMod:OHStrongAttack+1","PlaceholderMod:ParasiteChange","PlaceholderMod:SevereHeat+1"],"picked":"PlaceholderMod:Polyp+1","floor":34.0},{"not_picked":["PlaceholderMod:Activation","PlaceholderMod:CorePoison","PlaceholderMod:DiffusionPoison","PlaceholderMod:PericyclicReaction"],"picked":"PlaceholderMod:SelfCoupling","floor":37.0},{"not_picked":["PlaceholderMod:ThreeBenzyolStart+1","PlaceholderMod:PoisonAbsorb","PlaceholderMod:Sweep","PlaceholderMod:TriggerStrike+1"],"picked":"PlaceholderMod:HighConcentration","floor":38.0},{"not_picked":["PlaceholderMod:HardStinger+1","PlaceholderMod:AttackAsDefend+1","PlaceholderMod:Polyp+1","PlaceholderMod:HornyCollision"],"picked":"PlaceholderMod:RadicalHit","floor":39.0},{"not_picked":["PlaceholderMod:MultipleOxi","PlaceholderMod:StressReaction","PlaceholderMod:OHStrongAttack","PlaceholderMod:AttackAsDefend+1"],"picked":"PlaceholderMod:Crystallization","floor":40.0},{"not_picked":["PlaceholderMod:NutritionAbsorb+1","PlaceholderMod:Turn+1","PlaceholderMod:TriggerStrike","PlaceholderMod:Hard+1"],"picked":"PlaceholderMod:ContinueSpray","floor":41.0},{"not_picked":["PlaceholderMod:PoisonAbsorb","PlaceholderMod:SprayAttack+1","PlaceholderMod:SevereHeat","PlaceholderMod:Package+1"],"picked":"PlaceholderMod:Stable","floor":42.0},{"not_picked":["PlaceholderMod:StrongAcid+1","PlaceholderMod:SprayAttack+1","PlaceholderMod:Break","PlaceholderMod:HealingAttack+1"],"picked":"PlaceholderMod:Sweep+1","floor":44.0},{"not_picked":["PlaceholderMod:HealingAttack","PlaceholderMod:OHStrongAttack","PlaceholderMod:PoisonAbsorb+1","PlaceholderMod:Package+1"],"picked":"PlaceholderMod:SeverePoisonStrike","floor":45.0},{"not_picked":["PlaceholderMod:PoisonExcitation+1","PlaceholderMod:StressReaction+1","PlaceholderMod:ReactionCatalyze","PlaceholderMod:Crystallization+1"],"picked":"PlaceholderMod:Internalization+1","floor":46.0},{"not_picked":["PlaceholderMod:Package+1","PlaceholderMod:StressReaction+1","PlaceholderMod:Hard+1","PlaceholderMod:ParasiteChange+1"],"picked":"PlaceholderMod:DirectingGroup+1","floor":48.0},{"not_picked":["PlaceholderMod:PoisonAbsorb+1","PlaceholderMod:SevereHeat","PlaceholderMod:Package","PlaceholderMod:Corrosion"],"picked":"PlaceholderMod:SpinBlade+1","floor":49.0},{"not_picked":["PlaceholderMod:Colorful+1","PlaceholderMod:Sweep","PlaceholderMod:Break+1","PlaceholderMod:PoisonAbsorb"],"picked":"PlaceholderMod:SpinBlade","floor":50.0},{"not_picked":["PlaceholderMod:OHStrongAttack","PlaceholderMod:PoisonAbsorb","PlaceholderMod:HealingAttack+1","PlaceholderMod:SpinBlade"],"picked":"PlaceholderMod:SelectReaction+1","floor":51.0},{"not_picked":["PlaceholderMod:DirectingGroup+1","PlaceholderMod:ComplexForm+1","PlaceholderMod:OHStrongAttack","PlaceholderMod:DoublePoint"],"picked":"PlaceholderMod:Polyp+1","floor":52.0},{"not_picked":["PlaceholderMod:UnpureUse","PlaceholderMod:PoisonBlast+1","PlaceholderMod:Stratification+1","PlaceholderMod:CrystallizationStrike+1"],"picked":"PlaceholderMod:ConsolidateHit+1","floor":58}],"player_experience":171508,"relics_obtained":[{"floor":1.0,"key":"SynthV:TestCard"},{"floor":1.0,"key":"Baka"},{"floor":1.0,"key":"LetterFromLob"},{"floor":8.0,"key":"BookOfRevelations"},{"floor":13.0,"key":"FossilizedHelix"},{"floor":15.0,"key":"GiantSoulStone"},{"floor":15.0,"key":"TheBean"},{"floor":22.0,"key":"Baka2"},{"floor":25.0,"key":"FossilizedHelix"},{"floor":26.0,"key":"Whetstone"},{"floor":34.0,"key":"HowToJump"},{"floor":38.0,"key":"DemoMod:RatBoots"},{"floor":38.0,"key":"DemoMod:ResourcefulSack"},{"floor":38.0,"key":"DemoMod:PartiallyEatenCheese"},{"floor":38.0,"key":"aspiration:RunicSpoon"},{"floor":38.0,"key":"testmod-TimeTraveler"},{"floor":44.0,"key":"MawBank"},{"floor":47.0,"key":"HornCleat"},{"floor":49.0,"key":"DemoMod:GundromedaStrain"},{"floor":51.0,"key":"GuppysHead"},{"floor":58,"key":"conspire:TopHat"}],"event_choices":[{"damage_healed":0.0,"max_hp_gain":0.0,"max_hp_loss":0.0,"gold_gain":0.0,"event_name":"Upgrade Shrine","player_choice":"Upgraded","floor":20.0,"gold_loss":0.0,"damage_taken":0.0,"cards_upgraded":["PlaceholderMod:Crystallization"]},{"damage_healed":0.0,"max_hp_gain":0.0,"max_hp_loss":0.0,"gold_gain":0.0,"event_name":"MindBloom","player_choice":"Fight","floor":49.0,"gold_loss":0.0,"damage_taken":0.0},{"damage_healed":0.0,"max_hp_gain":0.0,"max_hp_loss":0.0,"gold_gain":0.0,"event_name":"Mysterious Sphere","player_choice":"Fight","floor":51.0,"gold_loss":0.0,"damage_taken":0.0}],"is_beta":false,"boss_relics":[{"not_picked":["energizedSpire:MagnifyingGlass","conspire:RunicOctahedron"],"picked":"energizedSpire:NeverEndingSparkler"},{"not_picked":[]},{"not_picked":[]}],"items_purged_floors":[12,12,43,57],"is_endless":false,"potions_floor_spawned":[3,4,8,13,21,23,25,32,33,34,39,42,46,48,50],"ascension_level":0}}