{"host":"ekyl8r8j8fco3zlk","time":1612098777,"event":{"mods":["ATMod(∞¢Ë™Mod)","Act Like it!","Arknights","BaseMod","CapriCore","Decade(Õı–°√˜)","Dota2Spire","Friendly Minions","Gensokyo","Marisa£®ÏF”Í°°ƒß¿Ì…≥£©","Minty Spire (QoL Compilation)","READ ME - Guardian Mod","Rare Cards Sparkle","Reimu£®≤©¿ˆ¡È√Œ£©","StSLib","The Alterego","The Immortal","The Jungle","The Senshi","TheWitcher","Waifu the Spire","WarShipGirlsR/’ΩΩ¢…Ÿ≈ÆR mod","Yakumo Yukari mod","°æ“≈ŒÔø®≈∆°øREMEMod"],"gold_per_floor":[116,146,161,175,175,209,209,232,279,279,317,352,61,61,61],"floor_reached":14,"language":"ZHS","playtime":465,"items_purged":[],"score":102,"play_id":"dc71cc37-ad7e-497e-982f-f008f5b06bf5","local_time":"20210131211257","is_ascension_mode":false,"campfire_choices":[{"data":"AT_DrawKnifeCut","floor":7,"key":"SMITH"},{"floor":10,"key":"REST"}],"circlet_count":0,"master_deck":["SnafuTest:DefaultCommonAttack","SnafuTest:DefaultCommonAttack","SnafuTest:DefaultCommonAttack","SnafuTest:BountyHunt","SnafuTest:DefaultCommonSkill","SnafuTest:DefaultCommonSkill","SnafuTest:DefaultCommonSkill","SnafuTest:SignAard","SnafuTest:PowerVainGlory","AT_DrawKnifeCut+1","SnafuTest:BombDragonsDream","SnafuTest:SignQuen","SnafuTest:BombDimeritium","Injury","SnafuTest:FullCover","SnafuTest:Meditation","SnafuTest:SpellBitingFrost","SnafuTest:BombDancingStar"],"relics":["SnafuTest:UnstableMutagenRelic","AT_ATBox","REME_ComplimentaryCards","NeowsBlessing","Golden Idol","Potion Belt","Vajra","Dota2Spire:BlackKingBar","Blood Vial","AT_ArchangelStaff"],"acts_visited":["Exordium"],"potions_floor_usage":[11,12,14],"damage_taken":[{"damage":0,"enemies":"Small Slimes","floor":1,"turns":1},{"damage":0,"enemies":"Jaw Worm","floor":2,"turns":1},{"damage":0,"enemies":"2 Louse","floor":3,"turns":1},{"damage":12,"enemies":"Exordium Wildlife","floor":4,"turns":3},{"damage":49,"enemies":"Lagavulin","floor":6,"turns":7},{"damage":12,"enemies":"Red Slaver","floor":8,"turns":5},{"damage":9,"enemies":"3 Sentries","floor":11,"turns":4},{"damage":6,"enemies":"Exordium Thugs","floor":12,"turns":4},{"damage":19,"enemies":"Lagavulin","floor":14,"turns":3}],"seed_played":"7848754521041075731","potions_obtained":[{"floor":2,"key":"BlessingOfTheForge"},{"floor":3,"key":"AttackPotion"},{"floor":8,"key":"Dota2Spire:Clarity"}],"is_trial":false,"path_per_floor":["M","M","M","M","?","E","R","M","T","R","E","M","$","E"],"character_chosen":"THE_WITCHER","items_purchased":["Blood Vial","AT_ArchangelStaff"],"campfire_rested":1,"item_purchase_floors":[13,13],"current_hp_per_floor":[75,75,75,63,63,14,14,2,2,24,15,9,9,0,0],"gold":61,"neow_bonus":"THREE_ENEMY_KILL","is_daily":false,"chose_seed":false,"campfire_upgraded":1,"win_rate":0.0,"timestamp":1612098777,"path_taken":["M","M","M","M","?","E","R","M","T","R","E","M","$","E"],"items_purchased_type":["Relic","Relic"],"build_version":"2020-12-22","purchased_purges":0,"victory":false,"max_hp_per_floor":[75,75,75,75,75,75,75,75,75,75,75,75,75,75,75],"card_choices":[{"not_picked":["SnafuTest:PowerAlwaysAWay","SnafuTest:FlashingEvasion"],"picked":"SnafuTest:BombDragonsDream","floor":1},{"not_picked":["SnafuTest:PowerCrimsonRitual","SnafuTest:SpellDispellingPush"],"picked":"SnafuTest:SignQuen","floor":2},{"not_picked":["SnafuTest:PowerAlwaysOnRoads","SnafuTest:RecklessBlow","SnafuTest:PowerAlwaysAWay"],"picked":"SKIP","floor":3},{"not_picked":["SnafuTest:ShoulderSlam","SnafuTest:FullCover"],"picked":"SnafuTest:BombDimeritium","floor":4},{"not_picked":["SnafuTest:Meditation","SnafuTest:BoxingChampion"],"picked":"SnafuTest:FullCover","floor":6},{"not_picked":["SnafuTest:WorldMap","SnafuTest:PhantomMemory"],"picked":"SnafuTest:Meditation","floor":8},{"not_picked":["SnafuTest:PowerMartialMagical","SnafuTest:SwiftAssault"],"picked":"SnafuTest:SpellBitingFrost","floor":11},{"not_picked":["SnafuTest:MCMockAndRun","SnafuTest:BlueWhale"],"picked":"SnafuTest:BombDancingStar","floor":12}],"player_experience":584075,"relics_obtained":[{"floor":6,"key":"Potion Belt"},{"floor":9,"key":"Vajra"},{"floor":11,"key":"Dota2Spire:BlackKingBar"}],"event_choices":[{"damage_healed":0,"gold_gain":0,"player_choice":"Take Wound","damage_taken":0,"relics_obtained":["Golden Idol"],"max_hp_gain":0,"max_hp_loss":0,"event_name":"Golden Idol","floor":5,"gold_loss":0,"cards_obtained":["Injury"]}],"is_beta":false,"boss_relics":[],"items_purged_floors":[],"is_endless":false,"potions_floor_spawned":[2,3,8],"killed_by":"Lagavulin","ascension_level":0}}