{"host":"4kmvpqjeiacgn1pr","time":1612136316,"event":{"mods":["AchievementEnabler","BaseMod","Better Altar","Better Match","Better Note","Better Sensory Stone","Better Skull","Better Third Choice","Colored Map","Colored Powertips","Curses Come First","Downfall","Highlight Path","Infinite Spire","Minty Spire (QoL Compilation)","Permanent Neow","Quick Restart","Rare Cards Sparkle","Replay The Spire","Shop Mod","Spicy Shops","Spikes Relics","StSLib","Waifu the Spire"],"gold_per_floor":[119,134,134,198,274,278,278],"floor_reached":6,"language":"ENG","playtime":142,"items_purged":[],"score":51,"play_id":"5d051654-6613-44e3-a7d1-b1bc2c47c687","local_time":"20210131183836","is_ascension_mode":true,"campfire_choices":[],"circlet_count":0,"master_deck":["AscendersBane","Strike_G","Strike_G","Strike_G","Strike_G","Defend_G","Defend_G","Defend_G","Defend_G","Survivor","Neutralize","Predator","Caltrops","Infinite Blades","Dodge and Roll","Blade Dance","Underhanded Strike"],"relics":["Ring of the Snake","Golden Idol","infinitespire:Midas Blood"],"acts_visited":["Exordium"],"potions_floor_usage":[6],"damage_taken":[{"damage":5,"enemies":"Small Slimes","floor":1,"turns":4},{"damage":0,"enemies":"2 Louse","floor":2,"turns":3},{"damage":27,"enemies":"Lagavulin","floor":6,"turns":3}],"seed_played":"3246772476273496336","potions_obtained":[{"floor":2,"key":"Fire Potion"}],"is_trial":false,"path_per_floor":["M","M","?","?","?","E"],"character_chosen":"THE_SILENT","items_purchased":[],"campfire_rested":0,"item_purchase_floors":[],"current_hp_per_floor":[58,58,43,18,18,0,0],"gold":278,"neow_bonus":"TRANSFORM_TWO_CARDS","is_daily":false,"chose_seed":false,"campfire_upgraded":0,"win_rate":0.0,"timestamp":1612136316,"path_taken":["M","M","?","?","?","E"],"items_purchased_type":[],"build_version":"2020-12-22","purchased_purges":0,"victory":false,"max_hp_per_floor":[63,63,63,63,63,63,63],"card_choices":[{"not_picked":["Quick Slash","Expertise"],"picked":"Infinite Blades","floor":1},{"not_picked":["Sucker Punch","Hidden Blade"],"picked":"Dodge and Roll","floor":2},{"not_picked":["Caltrops","Riddle With Holes"],"picked":"Blade Dance","floor":4},{"not_picked":["Quick Slash","Acrobatics"],"picked":"Underhanded Strike","floor":4}],"player_experience":405021,"relics_obtained":[{"floor":4,"key":"infinitespire:Midas Blood"}],"event_choices":[{"damage_healed":0,"gold_gain":0,"player_choice":"Take Damage","damage_taken":15,"relics_obtained":["Golden Idol"],"max_hp_gain":0,"max_hp_loss":0,"event_name":"Golden Idol","floor":3,"gold_loss":0},{"damage_healed":0,"gold_gain":76,"player_choice":"Gained Gold","damage_taken":0,"max_hp_gain":0,"max_hp_loss":0,"event_name":"Golden Wing","floor":5,"gold_loss":0}],"is_beta":false,"boss_relics":[],"items_purged_floors":[],"is_endless":false,"potions_floor_spawned":[2],"killed_by":"Lagavulin","ascension_level":10}}