{"host":"89iuq2p5kwriuwfq","time":1612108798,"event":{"mods":["BaseMod","Curses Come First","Minty Spire (QoL Compilation)","Permanent Neow","StSLib"],"gold_per_floor":[114,130,50,60,75,109,109,144,144,156,188,188,188,263,263,263,263],"floor_reached":16,"language":"ENG","playtime":1058,"items_purged":[],"score":180,"play_id":"8f12e0dc-5443-4e98-ba2a-51135c6be529","local_time":"20210131155958","is_ascension_mode":true,"campfire_choices":[{"floor":7,"key":"REST"},{"data":"Distraction","floor":13,"key":"SMITH"},{"data":"Quick Slash","floor":15,"key":"SMITH"}],"circlet_count":0,"master_deck":["AscendersBane","Strike_G","Strike_G","Strike_G","Strike_G","Strike_G","Defend_G","Defend_G","Defend_G","Defend_G","Defend_G","Survivor","Neutralize","Quick Slash+1","Well Laid Plans","Dagger Spray","Choke","Distraction+1","Slice","Leg Sweep","Regret"],"relics":["Ring of the Snake","Lizard Tail","MealTicket","Pear","Eternal Feather","Meat on the Bone","Dead Branch"],"acts_visited":["Exordium"],"potions_floor_usage":[6,6,11],"damage_taken":[{"damage":0,"enemies":"2 Louse","floor":1,"turns":5},{"damage":5,"enemies":"Jaw Worm","floor":2,"turns":9},{"damage":2,"enemies":"Cultist","floor":4,"turns":4},{"damage":7,"enemies":"3 Louse","floor":5,"turns":4},{"damage":12,"enemies":"3 Sentries","floor":6,"turns":6},{"damage":34,"enemies":"Gremlin Nob","floor":8,"turns":5},{"damage":0,"enemies":"Gremlin Gang","floor":10,"turns":2},{"damage":36,"enemies":"3 Sentries","floor":11,"turns":8},{"damage":31,"enemies":"Slime Boss","floor":16,"turns":7}],"seed_played":"3874542455293867343","potions_obtained":[{"floor":4,"key":"DistilledChaos"},{"floor":5,"key":"DuplicationPotion"},{"floor":10,"key":"PowerPotion"},{"floor":11,"key":"Regen Potion"}],"is_trial":false,"path_per_floor":["M","M","$","M","M","E","R","E","T","M","E","?","R","?","R","B"],"character_chosen":"THE_SILENT","items_purchased":["Well Laid Plans"],"campfire_rested":1,"item_purchase_floors":[3],"current_hp_per_floor":[45,40,40,38,31,19,40,16,16,16,23,23,35,24,36,5,5],"gold":263,"neow_bonus":"ONE_RARE_RELIC","is_daily":false,"chose_seed":false,"campfire_upgraded":2,"win_rate":0.0,"timestamp":1612108798,"path_taken":["M","M","$","M","M","E","R","E","T","M","E","?","R","?","R","BOSS"],"items_purchased_type":["Card"],"build_version":"2020-12-22","purchased_purges":0,"victory":false,"max_hp_per_floor":[70,70,70,70,70,70,70,80,80,80,80,80,80,80,80,80,80],"card_choices":[{"not_picked":["Prepared","Terror","Outmaneuver"],"picked":"SKIP","floor":1},{"not_picked":["Acrobatics","Bane"],"picked":"Quick Slash","floor":2},{"not_picked":["Reflex","Deflect"],"picked":"Dagger Spray","floor":4},{"not_picked":["Sucker Punch","Flying Knee"],"picked":"Choke","floor":5},{"not_picked":["Catalyst","Sucker Punch"],"picked":"Distraction","floor":6},{"not_picked":["Wraith Form v2","Skewer"],"picked":"Slice","floor":8},{"not_picked":["Flying Knee","Bane","Predator"],"picked":"SKIP","floor":10},{"not_picked":["Acrobatics","Well Laid Plans"],"picked":"Leg Sweep","floor":11}],"player_experience":618750,"relics_obtained":[{"floor":6,"key":"MealTicket"},{"floor":8,"key":"Pear"},{"floor":9,"key":"Eternal Feather"},{"floor":11,"key":"Meat on the Bone"}],"event_choices":[{"damage_healed":0,"gold_gain":0,"player_choice":"Box","damage_taken":0,"relics_obtained":["Dead Branch"],"max_hp_gain":0,"max_hp_loss":0,"event_name":"Big Fish","floor":12,"gold_loss":0,"cards_obtained":["Regret"]},{"damage_healed":0,"gold_gain":75,"player_choice":"Gather Gold","damage_taken":11,"max_hp_gain":0,"max_hp_loss":0,"event_name":"World of Goop","floor":14,"gold_loss":0}],"is_beta":false,"boss_relics":[],"items_purged_floors":[],"is_endless":false,"potions_floor_spawned":[4,5,10,11],"killed_by":"Slime Boss","ascension_level":10}}