{"host":"y7b1p9nkx4idorr2","time":1612077482,"event":{"mods":["AchievementEnabler","Act Like it!","BaseMod","Colored Map","Downfall","GifTheSpireLib","Googly Eyes","Highlight Path","Mimic Mod","Minty Spire (QoL Compilation)","Shop Mod","Spicy Shops","StSLib","Unceasing Turn Reminder"],"gold_per_floor":[99,109,126,142,317,217,244,244,254,254,254,254,254],"floor_reached":11,"language":"ENG","playtime":444,"items_purged":[],"score":72,"play_id":"2015e2a5-150f-41a1-a2da-38422b85fae3","local_time":"20210131011802","is_ascension_mode":true,"campfire_choices":[{"floor":1,"key":"RECALL"},{"data":"hexamod:FastForward","floor":6,"key":"SMITH"},{"floor":10,"key":"REST"}],"circlet_count":0,"master_deck":["hexamod:Strike","hexamod:Strike","hexamod:Strike","hexamod:Strike","hexamod:Defend","hexamod:Defend","hexamod:Defend+1","hexamod:Defend","hexamod:Sear","hexamod:Float","hexamod:FifthSeal","hexamod:SixthSeal","hexamod:FastForward+1","hexamod:HeatShield","hexamod:FirstSeal","hexamod:ThirdSeal","hexamod:RecurringNightmare+1","Doubt","hexamod:StepThrough","hexamod:SecondSeal","hexamod:RadiantFlame"],"relics":["hexamod:SpiritBrand","downfall:HeartBlessingRed","Bronze Scales","Toxic Egg 2"],"acts_visited":["Exordium"],"potions_floor_usage":[9,11,11],"damage_taken":[{"damage":10,"enemies":"Small Slimes","floor":2,"turns":3},{"damage":13,"enemies":"Jaw Worm","floor":3,"turns":7},{"damage":4,"enemies":"2 Louse","floor":4,"turns":5},{"damage":31,"enemies":"Large Slime","floor":9,"turns":6},{"damage":66,"enemies":"Gremlin Nob","floor":11,"turns":6}],"seed_played":"4555384216069820744","potions_obtained":[{"floor":3,"key":"hexamod:EctoCoolerPotion"},{"floor":4,"key":"Regen Potion"},{"floor":9,"key":"Swift Potion"}],"is_trial":false,"path_per_floor":["R","M","M","M","?","R","T","?","M","R","E"],"character_chosen":"THE_SPIRIT","items_purchased":[],"campfire_rested":1,"item_purchase_floors":[],"current_hp_per_floor":[70,60,47,50,50,50,50,43,34,55,0,0,0],"gold":254,"neow_bonus":"ONE_RANDOM_RARE_CARD","is_daily":false,"chose_seed":false,"campfire_upgraded":1,"win_rate":0.0,"timestamp":1612077482,"path_taken":["R","M","M","M","?","R","T","?","M","R","E"],"items_purchased_type":[],"build_version":"2020-12-22","purchased_purges":0,"victory":false,"max_hp_per_floor":[70,70,70,70,70,70,70,70,70,70,70,70,70],"card_choices":[{"not_picked":["hexamod:FirstSeal","hexamod:FourthSeal"],"picked":"hexamod:SixthSeal","floor":2},{"not_picked":["hexamod:GhostLash","hexamod:HauntingEcho"],"picked":"hexamod:FastForward","floor":2},{"not_picked":["hexamod:BacktrackSmack","hexamod:ShieldOfDarkness"],"picked":"hexamod:HeatShield","floor":3},{"not_picked":["hexamod:SixthSeal","hexamod:SecondSeal"],"picked":"hexamod:FirstSeal","floor":3},{"not_picked":["hexamod:FourthSeal","hexamod:FirstSeal"],"picked":"hexamod:ThirdSeal","floor":4},{"not_picked":["hexamod:SwordOfDarkness","hexamod:BacktrackSmack"],"picked":"hexamod:RecurringNightmare","floor":4},{"not_picked":["hexamod:BurningTouch+1","hexamod:ApocalypseNow+1"],"picked":"hexamod:StepThrough","floor":9},{"not_picked":["hexamod:FourthSeal","hexamod:FirstSeal"],"picked":"hexamod:SecondSeal","floor":9},{"not_picked":["hexamod:SuperheatedStrike","hexamod:SpectersWail"],"picked":"hexamod:RadiantFlame","floor":9}],"player_experience":2241847,"relics_obtained":[{"floor":7,"key":"Bronze Scales"}],"event_choices":[{"damage_healed":0,"gold_gain":0,"player_choice":"Success","damage_taken":7,"relics_obtained":["Toxic Egg 2"],"max_hp_gain":0,"max_hp_loss":0,"event_name":"Scrap Ooze","floor":8,"gold_loss":0}],"is_beta":false,"boss_relics":[],"items_purged_floors":[],"is_endless":false,"potions_floor_spawned":[3,4,9],"killed_by":"Gremlin Nob","ascension_level":3}}