{"host":"627up2rvtmm0cf0r","time":1612081362,"event":{"mods":["ATMod(°¢èªMod)","Act Like it!","BaseMod","Better Vampires","CapriCore","Card Filter","Card Forge","Colored Powertips","DeckTracker","Dota2Spire","Downfall","Energized Spire","Friendly Minions","Highlight Path","Infinite Spire","Jedi Mod","Minty Spire (QoL Compilation)","MostiFishMod","Permanent Neow","Practice Mode","Quick Restart","Relic Stats","Reliquary","Shop Mod","Spicy Shops","StSLib","SuperFastMode","TestMod","¡¾ÒÅÎï¿¨ÅÆ¡¿REMEMod","óô»ðÖ¸ÄÏ"],"gold_per_floor":[99,116,216,216,292,292,292,292,322,332,346,446,446,472,489,591,591,216,230,244,244,172,192,192,192,204,204,220,237,337,364,376,471,471,371,389,402,702,721,377,377,427,287,340,0,107,107,144,185,235],"floor_reached":51,"language":"ZHS","playtime":1121,"items_purged":["champ:Strike","champ:Strike","champ:Strike","champ:Defend","champ:Strike","champ:Execute","champ:Taunt+1","champ:Defend","sneckomod:UnknownRarePower"],"score":1476,"play_id":"c495d037-6a7e-4ce5-9f36-bca6b938ae25","local_time":"20210131162242","is_ascension_mode":true,"campfire_choices":[{"data":"AT_FocusSwordFire","floor":1.0,"key":"SMITH"},{"data":"infinitespire:Gouge","floor":6.0,"key":"SMITH"},{"data":"Deep Breath","floor":8.0,"key":"SMITH"},{"data":"champ:EnchantCrown","floor":13.0,"key":"SMITH"},{"data":"champ:Taunt","floor":27,"key":"SMITH"},{"floor":35,"key":"RECALL"}],"circlet_count":0,"master_deck":["champ:Defend","Deep Breath+1","AT_FocusSwordFire+1","infinitespire:Gouge+1","champ:EnchantCrown+1","infinitespire:Collect"],"relics":["champ:ChampionCrown","Hammer of Thor","Seething Fire","Anvil of the Gods","DaveBox","testmod-TestBox","REME_ComplimentaryCards","AT_ATBox","testmod-RainbowHikingShoes","FeatherPendant","WristBlade","Civilization","StoneCalendar","testmod-Motorcycle","Toy Ornithopter","Dota2Spire:MantaStyle","Dota2Spire:Bloodstone","Medical Kit","Cauldron","Blue Candle","TakeMeEscape","downfall:GremlinWheel","The Courier","Philosopher\u0027s Stone","downfall:HeartBlessingGreen","downfall:HeartBlessingRed","AT_MibuBalloonWealth","InkBottle","reliquary:PrincelyHelmet","testmod-IndustrialRevolution","OriginationStaff","Dota2Spire:LotusOrb"],"acts_visited":["Exordium","TheCity","TheBeyond"],"potions_floor_usage":[],"damage_taken":[{"damage":0.0,"enemies":"Small Slimes","floor":2.0,"turns":1.0},{"damage":5.0,"enemies":"Small Slimes","floor":3.0,"turns":2.0},{"damage":0.0,"enemies":"downfall:FleeingMerchant","floor":5.0,"turns":2.0},{"damage":0.0,"enemies":"Lagavulin","floor":9.0,"turns":2.0},{"damage":0.0,"enemies":"2 Louse","floor":10.0,"turns":1.0},{"damage":0.0,"enemies":"Jaw Worm","floor":11.0,"turns":1.0},{"damage":0.0,"enemies":"downfall:LadyInBlue","floor":12.0,"turns":1.0},{"damage":0.0,"enemies":"3 Sentries","floor":14.0,"turns":1.0},{"damage":0.0,"enemies":"2 Fungi Beasts","floor":15.0,"turns":2.0},{"damage":0.0,"enemies":"WA_ARCHETYPE_RETAIN","floor":16.0,"turns":1.0},{"damage":0.0,"enemies":"Chosen","floor":19.0,"turns":1.0},{"damage":0.0,"enemies":"Snake Plant","floor":20.0,"turns":2.0},{"damage":0,"enemies":"Shelled Parasite and Fungi","floor":23,"turns":1},{"damage":0,"enemies":"Cultist and Chosen","floor":26,"turns":1},{"damage":5,"enemies":"Chosen and Byrds","floor":28,"turns":1},{"damage":0,"enemies":"Snake Plant","floor":29,"turns":1},{"damage":0,"enemies":"Snake Plant","floor":30,"turns":1},{"damage":0,"enemies":"Gremlin Leader","floor":31,"turns":1},{"damage":0,"enemies":"3 Cultists","floor":32,"turns":1},{"damage":25,"enemies":"DF_ARCHETYPE_CLAW","floor":33,"turns":1},{"damage":0,"enemies":"Orb Walker","floor":36,"turns":1},{"damage":41,"enemies":"3 Shapes","floor":37,"turns":2},{"damage":0,"enemies":"Writhing Mass","floor":39,"turns":1},{"damage":0,"enemies":"Nightmare","floor":42,"turns":1},{"damage":0,"enemies":"Giant Head","floor":44,"turns":1},{"damage":0,"enemies":"Reptomancer","floor":46,"turns":1},{"damage":0,"enemies":"Transient","floor":48,"turns":1},{"damage":0,"enemies":"Maw","floor":49,"turns":1},{"damage":0,"enemies":"IC_BLOCK_ARCHETYPE","floor":50,"turns":1}],"seed_played":"5729257705584035717","potions_obtained":[{"floor":10.0,"key":"SteroidPotion"},{"floor":11.0,"key":"jedi:tentaclejuice"},{"floor":12.0,"key":"Regen Potion"},{"floor":15.0,"key":"jedi:StrikingPotion"},{"floor":22,"key":"jedi:StrikingPotion"}],"is_trial":false,"path_per_floor":["R","M","?","?","$","R","T","R","E","M","M","?","R","E","M","B",null,"R","M","M","?","$","M","T","AVR","M","R","M","M","?","E","M","B",null,"R","M","M","?","M","R","T","NM","R","E","$","E","AVR","M","M","B",null],"character_chosen":"THE_CHAMP","items_purchased":["Civilization","Medical Kit","Cauldron","AT_MibuBalloonWealth"],"campfire_rested":0,"item_purchase_floors":[5,18,22,40],"current_hp_per_floor":[90,90,90,69,69,69,69,69,70,73,77,82,82,87,92,97,118,118,123,128,128,128,133,133,133,138,138,143,148,153,158,163,168,168,168,173,162,162,167,167,167,172,172,177,177,182,182,187,192,197],"gold":235,"neow_bonus":"RANDOM_COLORLESS","is_daily":false,"chose_seed":false,"campfire_upgraded":5,"win_rate":0.0,"timestamp":1612081362,"path_taken":["R","M","?","?","$","R","T","R","E","?","M","?","R","E","M","BOSS","R","M","?","?","$","M","T","AVR","?","R","?","M","?","E","M","BOSS","R","M","?","?","?","R","T","NM","R","E","$","E","AVR","M","M","BOSS"],"items_purchased_type":["Relic","Relic","Relic","Relic"],"build_version":"2020-12-22","purchased_purges":9,"victory":true,"max_hp_per_floor":[90,90,90,90,90,90,90,90,91,94,98,103,103,108,113,118,118,118,123,128,128,128,133,133,133,138,138,143,148,153,158,163,168,168,168,173,178,178,183,183,183,188,188,193,193,198,198,203,208,213],"relic_stats":{"counters":[29,35],"Blue Candle":[0],"StoneCalendar":[0],"Medical Kit":[0],"obtain_stats":[{"AT_ATBox":0,"DaveBox":0,"reliquary:PrincelyHelmet":42,"AT_MibuBalloonWealth":40,"champ:ChampionCrown":0,"StoneCalendar":7,"downfall:HeartBlessingGreen":35,"Hammer of Thor":0,"testmod-RainbowHikingShoes":0,"Dota2Spire:LotusOrb":47,"Civilization":5,"downfall:GremlinWheel":30,"WristBlade":3,"testmod-Motorcycle":9,"Philosopher\u0027s Stone":34,"InkBottle":41,"Dota2Spire:MantaStyle":14,"testmod-TestBox":0,"downfall:HeartBlessingRed":40,"Blue Candle":24,"Dota2Spire:Bloodstone":17,"The Courier":31,"Seething Fire":0,"Medical Kit":18,"testmod-IndustrialRevolution":44,"Cauldron":22,"Anvil of the Gods":0,"FeatherPendant":0,"TakeMeEscape":25,"OriginationStaff":46,"Toy Ornithopter":12,"REME_ComplimentaryCards":0},{"AT_ATBox":0,"DaveBox":0,"reliquary:PrincelyHelmet":24,"AT_MibuBalloonWealth":23,"champ:ChampionCrown":0,"StoneCalendar":3,"downfall:HeartBlessingGreen":20,"Hammer of Thor":0,"testmod-RainbowHikingShoes":0,"Dota2Spire:LotusOrb":26,"Civilization":3,"downfall:GremlinWheel":17,"WristBlade":2,"testmod-Motorcycle":4,"Philosopher\u0027s Stone":20,"InkBottle":23,"Dota2Spire:MantaStyle":8,"testmod-TestBox":0,"downfall:HeartBlessingRed":23,"Blue Candle":13,"Dota2Spire:Bloodstone":10,"The Courier":18,"Seething Fire":0,"Medical Kit":10,"testmod-IndustrialRevolution":25,"Cauldron":12,"Anvil of the Gods":0,"FeatherPendant":0,"TakeMeEscape":13,"OriginationStaff":26,"Toy Ornithopter":7,"REME_ComplimentaryCards":0},{"AT_ATBox":0,"DaveBox":0,"reliquary:PrincelyHelmet":30,"AT_MibuBalloonWealth":29,"champ:ChampionCrown":0,"StoneCalendar":5,"downfall:HeartBlessingGreen":25,"Hammer of Thor":0,"testmod-RainbowHikingShoes":0,"Dota2Spire:LotusOrb":32,"Civilization":5,"downfall:GremlinWheel":22,"WristBlade":3,"testmod-Motorcycle":7,"Philosopher\u0027s Stone":25,"InkBottle":29,"Dota2Spire:MantaStyle":11,"testmod-TestBox":0,"downfall:HeartBlessingRed":29,"Blue Candle":18,"Dota2Spire:Bloodstone":14,"The Courier":23,"Seething Fire":0,"Medical Kit":14,"testmod-IndustrialRevolution":31,"Cauldron":17,"Anvil of the Gods":0,"FeatherPendant":0,"TakeMeEscape":18,"OriginationStaff":32,"Toy Ornithopter":10,"REME_ComplimentaryCards":0}],"Toy Ornithopter":0,"InkBottle":[11]},"card_choices":[{"not_picked":["testmod-BackupPower","testmod-HandmadeProducts"],"picked":"Deep Breath","floor":0.0},{"not_picked":["champ:Circumvent","champ:DeathBlow","champ:BringItOn"],"picked":"SKIP","floor":2.0},{"not_picked":["infinitespire:FinalStrike","infinitespire:Fortify"],"picked":"infinitespire:Gouge","floor":4.0},{"not_picked":["champ:Backstep","champ:ShieldThrow","champ:BerserkersShout"],"picked":"SKIP","floor":5.0},{"not_picked":["champ:BladeFlurry","champ:Endure"],"picked":"champ:EnchantCrown","floor":9.0},{"not_picked":["champ:ShieldSigil","champ:Parry","champ:EndlessRage"],"picked":"SKIP","floor":10.0},{"not_picked":["champ:BladeFlurry","champ:Circumvent","champ:RecklessLeap"],"picked":"SKIP","floor":11.0},{"not_picked":["champ:FocusedBerserking","champ:FanOfKnives","champ:DefensiveShout"],"picked":"SKIP","floor":14.0},{"not_picked":["champ:Endure","champ:RecklessLeap","champ:FocusedBerserking"],"picked":"SKIP","floor":15.0},{"not_picked":["champ:PreciseThrust","champ:StanceDance+1","champ:EnGarde+1"],"picked":"SKIP","floor":19.0},{"not_picked":["champ:RapidStrikes","champ:DefensiveShout+1","champ:StanceDance+1"],"picked":"SKIP","floor":20.0},{"not_picked":["champ:Duel","champ:Haymaker","champ:PreciseThrust"],"picked":"SKIP","floor":23},{"not_picked":["champ:FlashCut","champ:PerfectedStrike+1","champ:CrownThrow+1"],"picked":"SKIP","floor":26},{"not_picked":["champ:CrownThrow","champ:Shatter","champ:HeartStrike"],"picked":"SKIP","floor":28},{"not_picked":["champ:Haymaker","champ:GladiatorStyle","champ:PreciseThrust"],"picked":"SKIP","floor":29},{"not_picked":["champ:ShieldSlam","champ:FlashCut","champ:Lariat"],"picked":"SKIP","floor":31},{"not_picked":["champ:ShieldThrow","champ:TornadoPunch+1","champ:BladeFlurry"],"picked":"SKIP","floor":32},{"not_picked":["champ:Haymaker","champ:BerserkersShout","champ:FanOfKnives+1"],"picked":"SKIP","floor":36},{"not_picked":["champ:Shatter+1","champ:ArenaPreparation+1","champ:BringItOn+1"],"picked":"SKIP","floor":37},{"not_picked":["champ:PreciseThrust+1","champ:FocusedBerserking","champ:ShieldThrow"],"picked":"SKIP","floor":39},{"not_picked":["champ:GutPunch","champ:BringItOn+1","champ:EnGarde"],"picked":"SKIP","floor":42},{"not_picked":["champ:EnGarde","champ:PreemptiveStrike+1","champ:ShieldSigil"],"picked":"SKIP","floor":44},{"not_picked":["champ:CheapShot","champ:FlashCut","champ:Circumvent"],"picked":"SKIP","floor":46},{"not_picked":["champ:PreciseThrust","champ:BerserkersShout+1","champ:ViciousMockery"],"picked":"SKIP","floor":48},{"not_picked":["champ:ShieldWall","champ:DefensiveStyle+1","champ:StanceDance+1"],"picked":"SKIP","floor":49}],"player_experience":131780,"relics_obtained":[{"floor":3.0,"key":"WristBlade"},{"floor":7.0,"key":"StoneCalendar"},{"floor":9.0,"key":"testmod-Motorcycle"},{"floor":12.0,"key":"Toy Ornithopter"},{"floor":14.0,"key":"Dota2Spire:MantaStyle"},{"floor":24,"key":"Blue Candle"},{"floor":30,"key":"downfall:GremlinWheel"},{"floor":31,"key":"The Courier"},{"floor":41,"key":"InkBottle"},{"floor":42,"key":"reliquary:PrincelyHelmet"},{"floor":44,"key":"testmod-IndustrialRevolution"},{"floor":46,"key":"OriginationStaff"}],"event_choices":[{"damage_healed":0,"gold_gain":0,"player_choice":"Leave","damage_taken":0,"max_hp_gain":0,"max_hp_loss":0,"event_name":"FaceTrader","floor":21,"gold_loss":0},{"cards_removed":["champ:Defend"],"damage_healed":0,"gold_gain":0,"player_choice":"Card Removal","damage_taken":0,"max_hp_gain":0,"max_hp_loss":0,"event_name":"Wheel of Change","floor":35,"gold_loss":0},{"damage_healed":0,"gold_gain":300,"player_choice":"Gold","damage_taken":0,"max_hp_gain":0,"max_hp_loss":0,"event_name":"Wheel of Change","floor":38,"gold_loss":0}],"is_beta":false,"boss_relics":[{"not_picked":["SlaversCollar","testmod-CardMagician"],"picked":"Dota2Spire:Bloodstone"},{"not_picked":["testmod-Nine","Snecko Eye"],"picked":"Philosopher\u0027s Stone"}],"items_purged_floors":[5,18,18,25,40,43,45,45,47],"is_endless":false,"potions_floor_spawned":[10,11,12,15,23,28,31,32,33,37,39,42],"ascension_level":2}}