{"host":"ffjrj7fisyni1ebk","time":1612087048,"event":{"mods":["2.2 Compatiblity","BaseMod","Bestiary","Colored Map","Colored Powertips","Curses Come First","Highlight Path","Keyboard Shortcuts","Minty Spire (QoL Compilation)","Relic Stats","Slay the Relics Exporter","StSLib","SuperFastMode"],"gold_per_floor":[114,134,144,144,63,94,94,126,202,202,202,217,217,228,228,330,330,347,9,29,44,44,44,44,71,151,166,177,77,77,94,94,196,196,206,223,50,64,64,91,91,101,128,144,62,62,88,88,88,88,88,88,7,38,38,38],"floor_reached":55,"language":"ENG","playtime":3263,"items_purged":["Parasite","Strike_R","Strike_R"],"score":782,"play_id":"2a498b2f-9a57-4806-af3c-8a6061a686f7","local_time":"20210131115728","is_ascension_mode":false,"campfire_choices":[{"data":"Body Slam","floor":7.0,"key":"SMITH"},{"data":"Flame Barrier","floor":13.0,"key":"SMITH"},{"data":"Shrug It Off","floor":15.0,"key":"SMITH"},{"data":"Barricade","floor":23.0,"key":"SMITH"},{"data":"True Grit","floor":30.0,"key":"SMITH"},{"floor":32.0,"key":"RECALL"},{"floor":46.0,"key":"REST"},{"floor":49.0,"key":"REST"},{"data":"Seeing Red","floor":52.0,"key":"SMITH"}],"circlet_count":0,"master_deck":["Strike_R+1","Defend_R","Defend_R","Defend_R","Defend_R","Bash","Ghostly Armor+1","Flame Barrier+1","Body Slam+1","Shrug It Off+1","Sentinel","Barricade+1","The Bomb","Finesse","Metallicize","Feel No Pain","True Grit+1","Seeing Red+1","Battle Trance+1","Feed","Armaments","Flash of Steel","Metallicize","Spot Weakness","Impervious"],"relics":["CaptainsWheel","Regal Pillow","White Beast Statue","SacredBark","Nloth\u0027s Gift","Centennial Puzzle","Busted Crown","Oddly Smooth Stone","Red Skull","MealTicket","Pear"],"acts_visited":["Exordium","TheCity","TheBeyond","TheEnding"],"potions_floor_usage":[55,55],"damage_taken":[{"damage":1.0,"enemies":"Cultist","floor":1.0,"turns":3.0},{"damage":3.0,"enemies":"Small Slimes","floor":2.0,"turns":3.0},{"damage":1.0,"enemies":"2 Louse","floor":3.0,"turns":2.0},{"damage":28.0,"enemies":"Gremlin Nob","floor":6.0,"turns":5.0},{"damage":5.0,"enemies":"Lagavulin","floor":8.0,"turns":5.0},{"damage":0.0,"enemies":"Gremlin Gang","floor":12.0,"turns":5.0},{"damage":9.0,"enemies":"Large Slime","floor":14.0,"turns":7.0},{"damage":16.0,"enemies":"Slime Boss","floor":16.0,"turns":16.0},{"damage":0.0,"enemies":"Shell Parasite","floor":18.0,"turns":4.0},{"damage":0.0,"enemies":"Spheric Guardian","floor":20.0,"turns":5.0},{"damage":0.0,"enemies":"Cultist and Chosen","floor":21.0,"turns":6.0},{"damage":9.0,"enemies":"Book of Stabbing","floor":25.0,"turns":6.0},{"damage":3.0,"enemies":"Centurion and Healer","floor":27.0,"turns":9.0},{"damage":1.0,"enemies":"Shelled Parasite and Fungi","floor":28.0,"turns":8.0},{"damage":13.0,"enemies":"Snake Plant","floor":31.0,"turns":4.0},{"damage":0.0,"enemies":"Champ","floor":33.0,"turns":13.0},{"damage":23.0,"enemies":"3 Darklings","floor":35.0,"turns":7.0},{"damage":1.0,"enemies":"Orb Walker","floor":36.0,"turns":10.0},{"damage":12.0,"enemies":"Maw","floor":38.0,"turns":7.0},{"damage":8.0,"enemies":"Reptomancer","floor":40.0,"turns":11.0},{"damage":0.0,"enemies":"Sphere and 2 Shapes","floor":42.0,"turns":10.0},{"damage":13.0,"enemies":"Jaw Worm Horde","floor":44.0,"turns":7.0},{"damage":9.0,"enemies":"Nemesis","floor":47.0,"turns":7.0},{"damage":8.0,"enemies":"Time Eater","floor":50.0,"turns":14.0},{"damage":50.0,"enemies":"Shield and Spear","floor":54.0,"turns":8.0},{"damage":46,"enemies":"The Heart","floor":55,"turns":5}],"seed_played":"-1574307018945733475","potions_obtained":[{"floor":1.0,"key":"DuplicationPotion"},{"floor":3.0,"key":"Weak Potion"},{"floor":8.0,"key":"Block Potion"},{"floor":12.0,"key":"SpeedPotion"},{"floor":14.0,"key":"DuplicationPotion"},{"floor":16.0,"key":"Ancient Potion"},{"floor":18.0,"key":"Explosive Potion"},{"floor":20.0,"key":"Regen Potion"},{"floor":25.0,"key":"Ancient Potion"},{"floor":31.0,"key":"Fire Potion"},{"floor":33.0,"key":"ColorlessPotion"},{"floor":35.0,"key":"Weak Potion"},{"floor":36.0,"key":"FearPotion"},{"floor":38.0,"key":"Dexterity Potion"},{"floor":40.0,"key":"EssenceOfSteel"},{"floor":42.0,"key":"GamblersBrew"},{"floor":44.0,"key":"SteroidPotion"},{"floor":47.0,"key":"AttackPotion"},{"floor":54.0,"key":"LiquidMemories"}],"is_trial":false,"path_per_floor":["M","M","M","?","$","E","R","E","T","?","?","M","R","M","R","B",null,"M","$","M","M","?","R","?","E","T","M","M","$","R","M","R","B",null,"M","M","$","M","?","E","?","M","T","M","$","R","E","?","R","B",null,"R","$","E","B"],"character_chosen":"IRONCLAD","items_purchased":["Flame Barrier","The Bomb","Finesse","Armaments","Flash of Steel","Spot Weakness"],"campfire_rested":2,"item_purchase_floors":[5,19,19,37,45,53],"current_hp_per_floor":[79,76,75,68,68,40,40,35,35,19,39,39,39,30,30,14,80,80,77,77,77,77,77,77,68,68,65,64,64,64,61,61,61,77,54,56,56,44,44,36,36,39,39,30,30,69,60,60,83,75,83,83,83,43,0,0],"gold":38,"neow_bonus":"BOSS_RELIC","is_daily":false,"chose_seed":false,"campfire_upgraded":6,"win_rate":0.0,"timestamp":1612087048,"path_taken":["M","M","M","?","$","E","R","E","T","?","?","M","R","M","R","BOSS","M","$","M","M","?","R","?","E","T","M","M","$","R","M","R","BOSS","M","?","$","M","?","E","?","M","T","M","$","R","E","?","R","BOSS","R","$","E","BOSS"],"items_purchased_type":["Card","Card","Card","Card","Card","Card"],"build_version":"2020-12-22","purchased_purges":3,"victory":false,"max_hp_per_floor":[80,80,80,80,80,80,80,80,80,80,80,80,80,80,80,80,80,80,77,77,77,77,77,77,77,77,77,77,77,77,77,77,77,77,77,80,80,80,76,76,76,79,79,83,83,83,83,83,83,83,83,83,83,93,93,93],"relic_stats":{"Regal Pillow":15,"Centennial Puzzle":[33],"Busted Crown":18,"counters":[26,187],"MealTicket":0,"Nloth\u0027s Gift":2,"obtain_stats":[{"Regal Pillow":8,"Pear":54,"SacredBark":17,"Oddly Smooth Stone":40,"Burning Blood":0,"White Beast Statue":9,"CaptainsWheel":6,"Centennial Puzzle":25,"Busted Crown":34,"MealTicket":47,"Coffee Dripper":0,"Nloth\u0027s Gift":24,"Red Skull":43},{"Regal Pillow":5,"Pear":25,"SacredBark":8,"Oddly Smooth Stone":20,"Burning Blood":0,"White Beast Statue":5,"CaptainsWheel":4,"Centennial Puzzle":12,"Busted Crown":16,"MealTicket":23,"Coffee Dripper":0,"Nloth\u0027s Gift":11,"Red Skull":21},{"Regal Pillow":18,"Pear":182,"SacredBark":46,"Oddly Smooth Stone":136,"Burning Blood":0,"White Beast Statue":18,"CaptainsWheel":13,"Centennial Puzzle":67,"Busted Crown":101,"MealTicket":160,"Coffee Dripper":0,"Nloth\u0027s Gift":61,"Red Skull":146}]},"card_choices":[{"not_picked":["Burning Pact","Dark Embrace"],"picked":"Ghostly Armor","floor":1.0},{"not_picked":["Feel No Pain","Iron Wave","Reckless Charge"],"picked":"SKIP","floor":2.0},{"not_picked":["Wild Strike","Second Wind","Havoc"],"picked":"SKIP","floor":3.0},{"not_picked":["Spot Weakness","Flex"],"picked":"Body Slam","floor":6.0},{"not_picked":["Clash","Cleave","Warcry"],"picked":"SKIP","floor":8.0},{"not_picked":["Havoc","Hemokinesis"],"picked":"Shrug It Off","floor":12.0},{"not_picked":["Clothesline","Headbutt"],"picked":"Sentinel","floor":14.0},{"not_picked":["Juggernaut","Reaper"],"picked":"Barricade","floor":16.0},{"not_picked":["Cleave+1","Warcry","Ghostly Armor+1"],"picked":"SKIP","floor":18.0},{"not_picked":["Wild Strike","Heavy Blade"],"picked":"Metallicize","floor":20.0},{"not_picked":["Heavy Blade","Rupture"],"picked":"Feel No Pain","floor":21.0},{"not_picked":["Havoc","Pummel","Perfected Strike+1"],"picked":"SKIP","floor":25.0},{"not_picked":["Perfected Strike","Power Through","Double Tap"],"picked":"SKIP","floor":27.0},{"not_picked":["Perfected Strike","Power Through","Double Tap"],"picked":"SKIP","floor":27.0},{"not_picked":["Feel No Pain","Heavy Blade"],"picked":"Seeing Red","floor":28.0},{"not_picked":["Feel No Pain","Heavy Blade"],"picked":"Battle Trance+1","floor":31.0},{"not_picked":["Exhume","Brutality"],"picked":"Feed","floor":33.0},{"not_picked":["Warcry+1"],"picked":"SKIP","floor":35.0},{"not_picked":["Infernal Blade"],"picked":"SKIP","floor":36.0},{"not_picked":["Infernal Blade"],"picked":"SKIP","floor":38.0},{"not_picked":["Flex"],"picked":"SKIP","floor":40.0},{"not_picked":["Clothesline"],"picked":"SKIP","floor":42.0},{"not_picked":["Anger+1"],"picked":"SKIP","floor":44.0},{"not_picked":["Bludgeon"],"picked":"SKIP","floor":47.0},{"not_picked":[],"picked":"Impervious","floor":54.0}],"player_experience":292451,"relics_obtained":[{"floor":6.0,"key":"CaptainsWheel"},{"floor":8.0,"key":"Regal Pillow"},{"floor":9.0,"key":"White Beast Statue"},{"floor":25.0,"key":"Centennial Puzzle"},{"floor":40.0,"key":"Oddly Smooth Stone"},{"floor":43.0,"key":"Red Skull"},{"floor":47.0,"key":"MealTicket"},{"floor":54.0,"key":"Pear"}],"event_choices":[{"cards_removed":["Strike_R"],"damage_healed":0.0,"max_hp_gain":0.0,"max_hp_loss":0.0,"gold_gain":0.0,"event_name":"Golden Wing","player_choice":"Card Removal","floor":4.0,"gold_loss":0.0,"damage_taken":7.0},{"damage_healed":0.0,"max_hp_gain":0.0,"max_hp_loss":0.0,"gold_gain":0.0,"event_name":"Shining Light","player_choice":"Entered Light","floor":10.0,"gold_loss":0.0,"damage_taken":16.0,"cards_upgraded":["Ghostly Armor","Strike_R"]},{"damage_healed":20.0,"max_hp_gain":0.0,"max_hp_loss":0.0,"gold_gain":0.0,"event_name":"Mushrooms","player_choice":"Healed and dodged fight","floor":11.0,"gold_loss":0.0,"damage_taken":0.0,"cards_obtained":["Parasite"]},{"damage_healed":0.0,"max_hp_gain":0.0,"max_hp_loss":0.0,"gold_gain":0.0,"event_name":"The Library","player_choice":"Read","floor":22.0,"gold_loss":0.0,"damage_taken":0.0,"cards_obtained":["True Grit"]},{"damage_healed":0.0,"max_hp_gain":0.0,"max_hp_loss":0.0,"gold_gain":0.0,"event_name":"N\u0027loth","player_choice":"Traded Relic","floor":24.0,"relics_lost":["Coffee Dripper"],"gold_loss":0.0,"damage_taken":0.0,"relics_obtained":["Nloth\u0027s Gift"]},{"damage_healed":0.0,"max_hp_gain":0.0,"max_hp_loss":4.0,"gold_gain":0.0,"event_name":"Winding Halls","player_choice":"Max HP","floor":39.0,"gold_loss":0.0,"damage_taken":0.0},{"damage_healed":0.0,"max_hp_gain":0.0,"max_hp_loss":0.0,"gold_gain":0.0,"event_name":"Tomb of Lord Red Mask","player_choice":"Ignored","floor":41.0,"gold_loss":0.0,"damage_taken":0.0},{"damage_healed":0.0,"max_hp_gain":0.0,"max_hp_loss":0.0,"gold_gain":0.0,"cards_transformed":["Strike_R"],"event_name":"Transmorgrifier","player_choice":"Transformed","floor":48.0,"gold_loss":0.0,"damage_taken":0.0,"cards_obtained":["Metallicize"]}],"is_beta":false,"boss_relics":[{"not_picked":["SlaversCollar","Philosopher\u0027s Stone"],"picked":"SacredBark"},{"not_picked":["Mark of Pain","Snecko Eye"],"picked":"Busted Crown"}],"items_purged_floors":[19,29,37],"is_endless":false,"potions_floor_spawned":[1,3,8,12,14,16,18,20,21,25,27,28,31,33,35,36,38,40,42,44,47,54],"killed_by":"The Heart","ascension_level":0}}