{"host":"yx5rao87132cy5xq","time":1612133614,"event":{"mods":["2.2 Compatiblity","AchievementEnabler","BaseMod","Bestiary","Colored Map","Colored Powertips","Minty Spire (QoL Compilation)","Quick Restart","Relic Stats","Slay-I","SuperFastMode"],"gold_per_floor":[118,135,149,149,169,202,218,218,242,261,288,308,30,41,41,41,41],"floor_reached":16,"language":"ENG","playtime":931,"items_purged":[],"score":209,"play_id":"e31a000e-ab67-4467-8cf3-4f8db044a887","local_time":"20210131235334","is_ascension_mode":true,"campfire_choices":[{"floor":8.0,"key":"REST"},{"floor":15,"key":"REST"}],"circlet_count":0,"master_deck":["AscendersBane","Strike_R","Strike_R","Strike_R","Strike_R","Strike_R","Defend_R","Defend_R","Defend_R","Defend_R","Bash","Anger","Heavy Blade","Disarm","Hemokinesis","Sever Soul","Seeing Red","Rupture","Barricade","Flex","Shrug It Off"],"relics":["Burning Blood","NeowsBlessing","StrikeDummy","Tiny Chest","Centennial Puzzle","Bottled Tornado"],"acts_visited":["Exordium"],"potions_floor_usage":[16],"damage_taken":[{"damage":0.0,"enemies":"Cultist","floor":1.0,"turns":1.0},{"damage":0.0,"enemies":"Small Slimes","floor":2.0,"turns":1.0},{"damage":0.0,"enemies":"2 Louse","floor":3.0,"turns":1.0},{"damage":23.0,"enemies":"Large Slime","floor":5.0,"turns":7.0},{"damage":34.0,"enemies":"Lagavulin","floor":6.0,"turns":8.0},{"damage":12.0,"enemies":"2 Fungi Beasts","floor":7.0,"turns":3.0},{"damage":6.0,"enemies":"Exordium Thugs","floor":10.0,"turns":3.0},{"damage":27.0,"enemies":"3 Sentries","floor":11.0,"turns":6.0},{"damage":19.0,"enemies":"Large Slime","floor":12.0,"turns":6.0},{"damage":8.0,"enemies":"Exordium Wildlife","floor":14.0,"turns":4.0},{"damage":36,"enemies":"Slime Boss","floor":16,"turns":6}],"seed_played":"6046563690978672127","potions_obtained":[{"floor":2.0,"key":"SkillPotion"},{"floor":6.0,"key":"EssenceOfSteel"},{"floor":7.0,"key":"SteroidPotion"},{"floor":10.0,"key":"Dexterity Potion"}],"is_trial":false,"path_per_floor":["M","M","M","?","M","E","M","R","T","M","E","M","$","M","R","B"],"character_chosen":"IRONCLAD","items_purchased":["Bottled Tornado"],"campfire_rested":2,"item_purchase_floors":[13],"current_hp_per_floor":[74,75,75,75,58,30,24,46,46,46,25,12,12,10,32,0,0],"gold":41,"neow_bonus":"THREE_ENEMY_KILL","is_daily":false,"chose_seed":false,"campfire_upgraded":0,"win_rate":0.0,"timestamp":1612133614,"path_taken":["M","M","?","?","M","E","M","R","T","M","E","M","$","M","R","BOSS"],"items_purchased_type":["Relic"],"build_version":"2020-12-22","purchased_purges":0,"victory":false,"max_hp_per_floor":[75,75,75,75,75,75,75,75,75,75,75,75,75,75,75,75,75],"relic_stats":{"Centennial Puzzle":[9],"counters":[11,46],"Tiny Chest":0,"obtain_stats":[{"Centennial Puzzle":11,"NeowsBlessing":0,"Tiny Chest":9,"Bottled Tornado":13,"StrikeDummy":6,"Burning Blood":0},{"Centennial Puzzle":8,"NeowsBlessing":0,"Tiny Chest":6,"Bottled Tornado":9,"StrikeDummy":5,"Burning Blood":0},{"Centennial Puzzle":30,"NeowsBlessing":0,"Tiny Chest":21,"Bottled Tornado":36,"StrikeDummy":18,"Burning Blood":0}],"Burning Blood":49},"card_choices":[{"not_picked":["Sword Boomerang","Combust"],"picked":"Anger","floor":1.0},{"not_picked":["Dropkick","Rampage"],"picked":"Heavy Blade","floor":2.0},{"not_picked":["Heavy Blade","Anger"],"picked":"Disarm","floor":3.0},{"not_picked":["Thunderclap","Headbutt"],"picked":"Hemokinesis","floor":5.0},{"not_picked":["Body Slam","Metallicize"],"picked":"Sever Soul","floor":6.0},{"not_picked":["Evolve","Infernal Blade"],"picked":"Seeing Red","floor":7.0},{"not_picked":["Feel No Pain","Sword Boomerang"],"picked":"Rupture","floor":10.0},{"not_picked":["Searing Blow","True Grit"],"picked":"Barricade","floor":11.0},{"not_picked":["Blood for Blood","Wild Strike"],"picked":"Flex","floor":12.0},{"not_picked":["Heavy Blade","Entrench"],"picked":"Shrug It Off","floor":14}],"player_experience":954168,"relics_obtained":[{"floor":6.0,"key":"StrikeDummy"},{"floor":9.0,"key":"Tiny Chest"},{"floor":11.0,"key":"Centennial Puzzle"}],"event_choices":[{"damage_healed":0.0,"max_hp_gain":0.0,"max_hp_loss":0.0,"gold_gain":0.0,"event_name":"Shining Light","player_choice":"Ignored","floor":4.0,"gold_loss":0.0,"damage_taken":0.0}],"is_beta":false,"boss_relics":[],"items_purged_floors":[],"is_endless":false,"potions_floor_spawned":[2,6,7,10],"killed_by":"Slime Boss","ascension_level":16}}