{"host":"sav7uxregyirlf69","time":1612096162,"event":{"mods":["AchievementEnabler","BaseMod","Colored Map","DeckTracker","Keyboard Shortcuts","Minty Spire (QoL Compilation)","READ ME - Guardian Mod","StSLib","SuperFastMode"],"gold_per_floor":[119,44,44,63,80,80,80,80,106,123,13,13,67,85,85,164,164,179,229,209,225,6,6,6,6],"floor_reached":24,"language":"KOR","playtime":392,"items_purged":["Strike_G","Strike_G"],"score":322,"play_id":"cac85c5b-f02c-4d4e-a943-843a3b2b9d6f","local_time":"20210131212922","is_ascension_mode":true,"campfire_choices":[{"data":"Skewer","floor":6,"key":"SMITH"},{"data":"Neutralize","floor":8,"key":"SMITH"},{"data":"Bouncing Flask","floor":12,"key":"SMITH"},{"data":"Footwork","floor":15,"key":"SMITH"},{"floor":23,"key":"REST"}],"circlet_count":0,"master_deck":["AscendersBane","Strike_G","Defend_G","Defend_G","Defend_G","Defend_G","Defend_G","Survivor","Neutralize+1","Skewer+1","Reflex","Bouncing Flask+1","Footwork+1","Prepared","Tactician","Acrobatics","Well Laid Plans","Blur"],"relics":["Ring of the Snake","Lizard Tail","Pen Nib","HoveringKite"],"acts_visited":["Exordium","TheCity"],"potions_floor_usage":[24],"damage_taken":[{"damage":0,"enemies":"2 Louse","floor":1,"turns":4},{"damage":3,"enemies":"Jaw Worm","floor":4,"turns":5},{"damage":1,"enemies":"Small Slimes","floor":5,"turns":4},{"damage":19,"enemies":"Exordium Thugs","floor":10,"turns":5},{"damage":0,"enemies":"Blue Slaver","floor":14,"turns":4},{"damage":2,"enemies":"The Guardian","floor":16,"turns":9},{"damage":13,"enemies":"Spheric Guardian","floor":18,"turns":5},{"damage":18,"enemies":"Chosen","floor":21,"turns":6},{"damage":100,"enemies":"Slavers","floor":24,"turns":9}],"seed_played":"5423099400741476709","potions_obtained":[{"floor":5,"key":"FairyPotion"},{"floor":10,"key":"FearPotion"},{"floor":16,"key":"Weak Potion"}],"is_trial":false,"path_per_floor":["M","?","$","M","M","R","?","R","T","M","$","R","T","M","R","B",null,"M","?","?","M","$","R","E"],"character_chosen":"THE_SILENT","items_purchased":["Footwork","Well Laid Plans","Blur"],"campfire_rested":1,"item_purchase_floors":[11,22,22],"current_hp_per_floor":[59,59,59,56,55,55,55,55,55,36,36,36,36,36,36,34,54,41,41,41,23,23,41,0,0],"gold":6,"neow_bonus":"ONE_RARE_RELIC","is_daily":false,"chose_seed":false,"campfire_upgraded":4,"win_rate":0.0,"timestamp":1612096162,"path_taken":["M","?","$","M","M","R","?","R","T","M","?","R","?","M","R","BOSS","M","?","?","M","$","R","E"],"items_purchased_type":["Card","Card","Card"],"build_version":"2020-12-22","purchased_purges":2,"victory":false,"max_hp_per_floor":[60,60,60,60,60,60,60,60,60,60,60,60,60,60,60,60,60,60,60,60,60,60,60,60,60],"card_choices":[{"not_picked":["Sucker Punch","Acrobatics","Deflect"],"picked":"SKIP","floor":1},{"not_picked":["Sucker Punch","Prepared"],"picked":"Skewer","floor":4},{"not_picked":["Eviscerate","Dodge and Roll","Heel Hook"],"picked":"SKIP","floor":5},{"not_picked":["Sucker Punch","Skewer"],"picked":"Bouncing Flask","floor":10},{"not_picked":["Bane","Deflect"],"picked":"Prepared","floor":14},{"not_picked":["Concentrate","Backflip"],"picked":"Tactician","floor":18},{"not_picked":["Bane","Concentrate"],"picked":"Acrobatics","floor":21}],"player_experience":1445445,"relics_obtained":[{"floor":13,"key":"Pen Nib"}],"event_choices":[{"cards_removed":["Strike_G"],"damage_healed":0,"gold_gain":0,"player_choice":"Card Removal","damage_taken":0,"max_hp_gain":0,"max_hp_loss":0,"event_name":"The Cleric","floor":2,"gold_loss":75},{"damage_healed":0,"gold_gain":0,"cards_transformed":["Strike_G"],"player_choice":"Change","damage_taken":0,"max_hp_gain":0,"max_hp_loss":0,"event_name":"Living Wall","floor":7,"gold_loss":0,"cards_obtained":["Reflex"]},{"damage_healed":0,"gold_gain":50,"player_choice":"Stole From Cult","damage_taken":0,"max_hp_gain":0,"max_hp_loss":0,"event_name":"Nest","floor":19,"gold_loss":0},{"damage_healed":0,"gold_gain":0,"player_choice":"Bought 1 Potion","damage_taken":0,"max_hp_gain":0,"max_hp_loss":0,"event_name":"The Woman in Blue","floor":20,"gold_loss":0}],"is_beta":false,"boss_relics":[{"not_picked":["Sozu","Cursed Key"],"picked":"HoveringKite"}],"items_purged_floors":[11,22],"is_endless":false,"potions_floor_spawned":[5,10,14,16,21],"killed_by":"Slavers","ascension_level":15}}