{"host":"wvwkddos141hgtsy","time":1612122410,"event":{"mods":["AchievementEnabler","AlwaysNeverKeys","BaseMod","Better Altar","Better Match","Better Note","Better Sensory Stone","Better Skull","Better Third Choice","Better Vampires","BetterRewards","ChefMod","Colored Map","Colored Powertips","Custom Start","Downfall","Googly Eyes","Hermit","Highlight Path","Minty Spire (QoL Compilation)","Relic Stats","StSLib","SuperFastMode","The Alterego","The Cursed","The Hayseed","The Hierophant","The Runesmith"],"gold_per_floor":[99,113,131,131,149,165,235,245,263,291,301,451,468,468,478,579,579,579,111,126,136,136,146,220,220,220,220],"floor_reached":25,"language":"ENG","playtime":1105,"items_purged":[],"score":209,"play_id":"752c9425-ac00-4cc6-a56d-893c2ba4d464","local_time":"20210131144650","is_ascension_mode":false,"campfire_choices":[{"data":"champ:FanOfKnives","floor":1,"key":"SMITH"},{"data":"champ:DancingMaster","floor":18,"key":"SMITH"}],"circlet_count":0,"master_deck":["champ:Strike","champ:Strike","champ:Strike","champ:Strike","champ:Defend","champ:Defend+1","champ:Defend","champ:Defend","champ:Execute","champ:Taunt","champ:FanOfKnives+1","champ:StanceDance+1","champ:PerfectedStrike+1","downfall:Malfunctioning","champ:BladeFlurry","champ:FocusedBerserking","champ:Duel","champ:RisingSlash","champ:RecklessLeap","champ:FaceSlap","downfall:Icky","champ:CalledShot","champ:CrookedStrike","champ:DancingMaster+1","champ:Backstep","champ:StanceDance+1","champ:BladeFlurry","champ:DeathBlow+1","champ:EndlessRage+1","champ:RapidStrikes","champ:AdrenalArmor","Normality"],"relics":["champ:ChampionCrown","Sundial","Pen Nib","Cursed Key","Bottled Tornado","Orrery","Letter Opener"],"acts_visited":["Exordium","TheCity"],"potions_floor_usage":[10,16,23,23],"damage_taken":[{"damage":24,"enemies":"Cultist","floor":2,"turns":4},{"damage":0,"enemies":"Small Slimes","floor":3,"turns":2},{"damage":10,"enemies":"2 Louse","floor":5,"turns":3},{"damage":0,"enemies":"2 Fungi Beasts","floor":6,"turns":2},{"damage":0,"enemies":"Exordium Wildlife","floor":8,"turns":4},{"damage":2,"enemies":"Red Slaver","floor":9,"turns":3},{"damage":16,"enemies":"Gremlin Nob","floor":10,"turns":3},{"damage":29,"enemies":"Blue Slaver","floor":11,"turns":2},{"damage":15,"enemies":"2 Fungi Beasts","floor":13,"turns":2},{"damage":27,"enemies":"Large Slime","floor":15,"turns":5},{"damage":57,"enemies":"DF_ARCHETYPE_STREAMLINE","floor":16,"turns":9},{"damage":20,"enemies":"downfall:FleeingMerchant","floor":19,"turns":4},{"damage":22,"enemies":"Shell Parasite","floor":20,"turns":3},{"damage":64,"enemies":"Cultist and Chosen","floor":21,"turns":4},{"damage":53,"enemies":"Snake Plant","floor":23,"turns":4},{"damage":31,"enemies":"Centurion and Healer","floor":25,"turns":3}],"seed_played":"9059041654125643591","potions_obtained":[{"floor":2,"key":"SteroidPotion"},{"floor":6,"key":"PowerPotion"},{"floor":15,"key":"SpeedPotion"},{"floor":16,"key":"Weak Potion"},{"floor":20,"key":"Swift Potion"},{"floor":21,"key":"Explosive Potion"},{"floor":23,"key":"Dexterity Potion"}],"is_trial":false,"path_per_floor":["R","M","M","?","M","M","T","M","M","E","M","?","M","?","M","B",null,"R","$","M","M","?","M","T","M"],"character_chosen":"THE_CHAMP","items_purchased":["Bottled Tornado","champ:Backstep","Orrery"],"campfire_rested":0,"item_purchase_floors":[19,19,19],"current_hp_per_floor":[90,86,86,86,86,86,86,86,84,78,69,69,69,69,57,10,90,90,85,73,44,44,21,21,0,0,0],"gold":220,"neow_bonus":"THREE_CARDS","is_daily":false,"chose_seed":false,"campfire_upgraded":2,"win_rate":0.0,"timestamp":1612122410,"path_taken":["R","M","M","?","M","M","T","M","M","E","M","?","M","?","M","BOSS","R","$","M","M","?","M","T","M"],"items_purchased_type":["Relic","Card","Relic"],"build_version":"2020-12-22","purchased_purges":0,"victory":false,"max_hp_per_floor":[90,90,90,90,90,90,90,90,90,90,90,90,90,90,90,90,90,90,90,90,90,90,90,90,90,90,90],"relic_stats":{"counters":[16,57],"Sundial":[2],"Pen Nib":[7],"Letter Opener":[10],"Cursed Key":1,"obtain_stats":[{"Sundial":7,"Orrery":19,"champ:ChampionCrown":0,"Pen Nib":10,"Letter Opener":24,"Bottled Tornado":19,"Cursed Key":17},{"Sundial":4,"Orrery":12,"champ:ChampionCrown":0,"Pen Nib":7,"Letter Opener":15,"Bottled Tornado":12,"Cursed Key":11},{"Sundial":11,"Orrery":43,"champ:ChampionCrown":0,"Pen Nib":21,"Letter Opener":54,"Bottled Tornado":43,"Cursed Key":39}]},"card_choices":[{"not_picked":["champ:PerfectedStrike","champ:CrownThrow"],"picked":"champ:FanOfKnives","floor":0},{"not_picked":["champ:RapidStrikes","champ:DeathBlow"],"picked":"champ:StanceDance","floor":2},{"not_picked":["champ:Backstep","champ:TornadoPunch"],"picked":"champ:PerfectedStrike","floor":3},{"not_picked":["champ:CrownThrow","champ:ShieldSlam"],"picked":"champ:BladeFlurry","floor":5},{"not_picked":["champ:PerfectedStrike","champ:EnGarde"],"picked":"champ:FocusedBerserking","floor":6},{"not_picked":["champ:AdrenalArmor","champ:Backstep"],"picked":"champ:Duel","floor":8},{"not_picked":["champ:BringItOn","champ:FlashCut"],"picked":"champ:RisingSlash","floor":9},{"not_picked":["champ:FancyFootwork","champ:SetATrap"],"picked":"champ:RecklessLeap","floor":10},{"not_picked":["champ:Shatter","champ:StanceDance"],"picked":"champ:FaceSlap","floor":11},{"not_picked":["champ:BerserkersShout","champ:GutPunch"],"picked":"champ:CalledShot","floor":13},{"not_picked":["champ:HeavySlash","champ:PerfectedStrike"],"picked":"champ:CrookedStrike","floor":15},{"not_picked":["champ:SteelEdge","champ:ShieldThrow"],"picked":"champ:DancingMaster","floor":16},{"not_picked":["champ:Endure","champ:PreemptiveStrike+1","champ:HeartStrike"],"picked":"SKIP","floor":19},{"not_picked":["champ:PreemptiveStrike","champ:HeartStrike"],"picked":"champ:StanceDance+1","floor":19},{"not_picked":["champ:BringItOn","champ:PreemptiveStrike+1"],"picked":"champ:BladeFlurry","floor":19},{"not_picked":["champ:ShieldThrow","champ:PreciseThrust"],"picked":"champ:DeathBlow","floor":19},{"not_picked":["champ:FlashCut","champ:Haymaker"],"picked":"champ:EndlessRage+1","floor":19},{"not_picked":["champ:CrownThrow+1","champ:FlashCut+1"],"picked":"champ:RapidStrikes","floor":19},{"not_picked":["champ:SetATrap","champ:Haymaker"],"picked":"champ:AdrenalArmor","floor":20},{"not_picked":["champ:DefensiveShout","champ:ShieldSlam","champ:StanceDance"],"picked":"SKIP","floor":21},{"not_picked":["champ:BladeFlurry","champ:CrownThrow+1","champ:RapidStrikes+1"],"picked":"SKIP","floor":23}],"player_experience":392227,"relics_obtained":[{"floor":7,"key":"Sundial"},{"floor":10,"key":"Pen Nib"},{"floor":24,"key":"Letter Opener"}],"event_choices":[],"is_beta":false,"boss_relics":[{"not_picked":["Runic Dome","Busted Crown"],"picked":"Cursed Key"}],"items_purged_floors":[],"is_endless":false,"potions_floor_spawned":[2,6,15,16,20,21,23],"killed_by":"Centurion and Healer","ascension_level":0}}