{"host":"2tgyrzvaa7l04o2e","time":1612117663,"event":{"mods":["BaseMod","Highlight Path","Minty Spire (QoL Compilation)","Permanent Neow","Relic Stats"],"gold_per_floor":[14,32,51,66,20,34,34,68,114,157,169,215,240,252,264,276,276],"floor_reached":16,"language":"ENG","playtime":692,"items_purged":[],"score":195,"play_id":"a2c9ae68-b32f-4981-a34c-2d7e46796726","local_time":"20210131192743","is_ascension_mode":true,"campfire_choices":[{"data":"Bash","floor":15,"key":"SMITH"}],"circlet_count":0,"master_deck":["AscendersBane","Strike_R","Strike_R","Strike_R","Strike_R","Defend_R","Defend_R","Defend_R","Bash+1","Clash","Spot Weakness","Cleave","Armaments+1","Flame Barrier","Body Slam","Shrug It Off"],"relics":["Burning Blood","Champion Belt","MawBank","Question Card","Potion Belt"],"acts_visited":["Exordium"],"potions_floor_usage":[4,8,12],"damage_taken":[{"damage":1,"enemies":"Cultist","floor":1,"turns":3},{"damage":7,"enemies":"Jaw Worm","floor":2,"turns":2},{"damage":1,"enemies":"2 Louse","floor":3,"turns":2},{"damage":0,"enemies":"Lots of Slimes","floor":4,"turns":1},{"damage":8,"enemies":"Blue Slaver","floor":6,"turns":2},{"damage":25,"enemies":"3 Sentries","floor":8,"turns":8},{"damage":26,"enemies":"Lagavulin","floor":10,"turns":8},{"damage":10,"enemies":"3 Sentries","floor":12,"turns":5},{"damage":15,"enemies":"Gremlin Gang","floor":13,"turns":7},{"damage":26,"enemies":"Hexaghost","floor":16,"turns":9}],"seed_played":"2122470801975278560","potions_obtained":[{"floor":1,"key":"SteroidPotion"},{"floor":6,"key":"AttackPotion"},{"floor":10,"key":"AttackPotion"},{"floor":12,"key":"FearPotion"}],"is_trial":false,"path_per_floor":["M","M","M","M","$","M","$","E","T","E","$","E","M","?","R","B"],"character_chosen":"IRONCLAD","items_purchased":["Armaments"],"campfire_rested":0,"item_purchase_floors":[5],"current_hp_per_floor":[77,76,80,80,80,78,78,59,59,39,39,35,26,26,26,0,0],"gold":276,"neow_bonus":"REMOVE_TWO","is_daily":false,"chose_seed":false,"campfire_upgraded":1,"win_rate":0.0,"timestamp":1612117663,"path_taken":["M","M","?","M","$","M","?","E","T","E","$","E","M","?","R","BOSS"],"items_purchased_type":["Card"],"build_version":"2020-12-22","purchased_purges":0,"victory":false,"max_hp_per_floor":[80,80,80,80,80,80,80,80,80,80,80,80,80,80,80,80,80],"relic_stats":{"counters":[10,47],"Champion Belt":[1],"MawBank":84,"Question Card":2,"obtain_stats":[{"Potion Belt":12,"Champion Belt":8,"MawBank":9,"Question Card":10,"Burning Blood":0},{"Potion Belt":8,"Champion Belt":6,"MawBank":6,"Question Card":7,"Burning Blood":0},{"Potion Belt":31,"Champion Belt":18,"MawBank":18,"Question Card":26,"Burning Blood":0}],"Burning Blood":47},"card_choices":[{"not_picked":["Evolve","Seeing Red"],"picked":"Clash","floor":1},{"not_picked":["Burning Pact","Anger"],"picked":"Spot Weakness","floor":2},{"not_picked":["Anger","Wild Strike"],"picked":"Cleave","floor":3},{"not_picked":["Clothesline","Flex","Metallicize"],"picked":"SKIP","floor":4},{"not_picked":["Dual Wield","Armaments"],"picked":"Flame Barrier","floor":6},{"not_picked":["Berserk","Second Wind","Perfected Strike"],"picked":"SKIP","floor":8},{"not_picked":["Exhume","Whirlwind"],"picked":"Body Slam","floor":10},{"not_picked":["Double Tap","Clothesline","Iron Wave","Armaments"],"picked":"SKIP","floor":12},{"not_picked":["Heavy Blade","Iron Wave","Armaments"],"picked":"Shrug It Off","floor":13}],"player_experience":688776,"relics_obtained":[{"floor":8,"key":"Champion Belt"},{"floor":9,"key":"MawBank"},{"floor":10,"key":"Question Card"},{"floor":12,"key":"Potion Belt"}],"event_choices":[{"damage_healed":0,"gold_gain":0,"player_choice":"Forge","damage_taken":0,"max_hp_gain":0,"max_hp_loss":0,"event_name":"Accursed Blacksmith","floor":14,"gold_loss":0,"cards_upgraded":["Armaments"]}],"is_beta":false,"boss_relics":[],"items_purged_floors":[],"is_endless":false,"potions_floor_spawned":[1,6,10,12],"killed_by":"Hexaghost","ascension_level":12}}