{"host":"xb8s6f94jxtwitgf","time":1612119943,"event":{"mods":["Act Like it!","BaseMod","Better Third Choice","BetterRewards","Ekko","GifTheSpireLib","Hubris","Minty Spire (QoL Compilation)","Reliquary","Remove Card Discount Mod","Spicy Shops","Spikes Relics","StSLib"],"gold_per_floor":[111,1,16,33,33,66,66,97,97,97,70,70,70,91,91,195,195,211,211,33,46,61,61,87,87,87,98,98,109,124,224,224,320,320,332,248,260,273,273,306,321,321,321,349,349,103,103,118,118,118],"floor_reached":51,"language":"ENG","playtime":7180,"items_purged":["Decay","ekkoTheBoyWhoShatteredTime:Strike","ekkoTheBoyWhoShatteredTime:Defend","ekkoTheBoyWhoShatteredTime:Strike","ekkoTheBoyWhoShatteredTime:Defend","ekkoTheBoyWhoShatteredTime:NeedlesslyLargeRod","ekkoTheBoyWhoShatteredTime:HextechProtobelt","ekkoTheBoyWhoShatteredTime:Defend","ekkoTheBoyWhoShatteredTime:Strike","ekkoTheBoyWhoShatteredTime:Defend"],"score":820,"play_id":"49639e4c-4907-40a4-8310-d7a343c1db67","local_time":"20210131190543","is_ascension_mode":true,"campfire_choices":[{"data":"ekkoTheBoyWhoShatteredTime:Powered","floor":7.0,"key":"SMITH"},{"data":"ekkoTheBoyWhoShatteredTime:QuickBreak","floor":10.0,"key":"SMITH"},{"data":"ekkoTheBoyWhoShatteredTime:TimeMaster","floor":15,"key":"SMITH"},{"data":"ekkoTheBoyWhoShatteredTime:NeedlesslyLargeRod","floor":23,"key":"SMITH"},{"data":"ekkoTheBoyWhoShatteredTime:ProjectPreference","floor":25,"key":"SMITH"},{"data":"ekkoTheBoyWhoShatteredTime:NeedlesslyLargeRod","floor":28,"key":"SMITH"},{"data":"ekkoTheBoyWhoShatteredTime:IcebornGauntlet","floor":32,"key":"SMITH"},{"floor":42,"key":"REST"},{"data":"ekkoTheBoyWhoShatteredTime:Unchained","floor":45,"key":"SMITH"},{"data":"ekkoTheBoyWhoShatteredTime:Backtrack","floor":47,"key":"SMITH"},{"floor":49,"key":"REST"}],"circlet_count":0,"master_deck":["ekkoTheBoyWhoShatteredTime:Strike","ekkoTheBoyWhoShatteredTime:Strike+1","ekkoTheBoyWhoShatteredTime:TimeMaster+1","ekkoTheBoyWhoShatteredTime:Powered+1","ekkoTheBoyWhoShatteredTime:QuickBreak+1","ekkoTheBoyWhoShatteredTime:FeelIt","ekkoTheBoyWhoShatteredTime:FeelIt+1","ekkoTheBoyWhoShatteredTime:IcebornGauntlet+1","ekkoTheBoyWhoShatteredTime:Backtrack+1","ekkoTheBoyWhoShatteredTime:NeedlesslyLargeRod+1","ekkoTheBoyWhoShatteredTime:ProjectPreference+1","ekkoTheBoyWhoShatteredTime:Unchained+1","ekkoTheBoyWhoShatteredTime:NaggingBlow+1","ekkoTheBoyWhoShatteredTime:NeedlesslyLargeRod+1","ekkoTheBoyWhoShatteredTime:Resocharge+1","ekkoTheBoyWhoShatteredTime:Greed+1","ekkoTheBoyWhoShatteredTime:TrinityForce+1","BlessedFruit+1","BlessedFruit+1","ekkoTheBoyWhoShatteredTime:ComeAtMe+1"],"relics":["ekkoTheBoyWhoShatteredTime:zDriveGreediness","Membership Card","Akabeko","Oddly Smooth Stone","Shuriken","betterThird:SlimedRelic","Odd Mushroom","reliquary:RedCape","Sling","Bottled Lightning","Singing Bowl","CrustySpines","reliquary:Buckler","Toxic Egg 2","hubris:Reverence","TungstenRod","HeavenlyBonsai","Rawhide","Pen Nib"],"acts_visited":["Exordium","TheCity","TheBeyond"],"potions_floor_usage":[24,33,50,50],"damage_taken":[{"damage":0.0,"enemies":"Cultist","floor":1.0,"turns":3.0},{"damage":0.0,"enemies":"2 Louse","floor":3.0,"turns":3.0},{"damage":5.0,"enemies":"Small Slimes","floor":4.0,"turns":5.0},{"damage":19.0,"enemies":"Lagavulin","floor":6.0,"turns":7.0},{"damage":0.0,"enemies":"3 Sentries","floor":8.0,"turns":7.0},{"damage":6,"enemies":"The Mushroom Lair","floor":14,"turns":3},{"damage":20,"enemies":"The Guardian","floor":16,"turns":13},{"damage":0,"enemies":"Shell Parasite","floor":18,"turns":3},{"damage":0,"enemies":"3 Byrds","floor":21,"turns":3},{"damage":0,"enemies":"3 Cultists","floor":22,"turns":4},{"damage":0,"enemies":"Slavers","floor":24,"turns":3},{"damage":12,"enemies":"Centurion and Healer","floor":27,"turns":3},{"damage":11,"enemies":"Chosen and Byrds","floor":29,"turns":3},{"damage":9,"enemies":"Snake Plant","floor":30,"turns":3},{"damage":28,"enemies":"hubris:MusketHawk","floor":33,"turns":5},{"damage":16,"enemies":"3 Shapes","floor":35,"turns":3},{"damage":7,"enemies":"Orb Walker","floor":37,"turns":2},{"damage":12,"enemies":"Writhing Mass","floor":38,"turns":2},{"damage":42,"enemies":"Reptomancer","floor":40,"turns":4},{"damage":2,"enemies":"3 Darklings","floor":41,"turns":3},{"damage":27,"enemies":"Nemesis","floor":44,"turns":5},{"damage":7,"enemies":"Transient","floor":48,"turns":5},{"damage":27,"enemies":"Donu and Deca","floor":50,"turns":5}],"seed_played":"1807267752312962470","potions_obtained":[{"floor":4.0,"key":"LiquidMemories"},{"floor":6.0,"key":"DuplicationPotion"},{"floor":14,"key":"Strength Potion"},{"floor":19,"key":"PowerPotion"},{"floor":19,"key":"Dexterity Potion"},{"floor":29,"key":"EssenceOfSteel"},{"floor":35,"key":"ekkoTheBoyWhoShatteredTime:ResonatingPotion"},{"floor":41,"key":"PowerPotion"}],"is_trial":false,"path_per_floor":["M","$","M","M","?","E","R","E","T","R","?","?","?","?","R","B",null,"M","?","$","M","M","R","E","R","T","M","R","M","M","?","R","B",null,"M","$","M","M","T","E","M","R","T","E","R","$","R","M","R","B",null],"character_chosen":"EKKO_THE_BOY_WHO_SHATTERED_TIME","items_purchased":["Membership Card","ekkoTheBoyWhoShatteredTime:FeelIt","ekkoTheBoyWhoShatteredTime:NeedlesslyLargeRod","Sling","ekkoTheBoyWhoShatteredTime:NaggingBlow","ekkoTheBoyWhoShatteredTime:NeedlesslyLargeRod","CrustySpines","reliquary:Buckler","Rawhide","Pen Nib","ekkoTheBoyWhoShatteredTime:ComeAtMe+1"],"campfire_rested":2,"item_purchase_floors":[2,2,2,20,20,20,36,36,46,46,46],"current_hp_per_floor":[85,85,85,80,63,44,44,44,44,44,33,36,41,35,35,15,93,93,93,93,93,93,93,93,93,93,81,81,72,65,65,65,37,97,83,83,78,68,68,28,28,60,60,35,35,35,35,34,68,45],"gold":118,"neow_bonus":"TEN_PERCENT_HP_BONUS","is_daily":false,"chose_seed":false,"campfire_upgraded":9,"win_rate":0.0,"timestamp":1612119943,"path_taken":["M","$","M","M","?","E","R","E","T","R","?","?","?","?","R","BOSS","M","?","$","?","M","R","E","R","T","M","R","M","M","?","R","BOSS","M","$","M","M","?","E","M","R","T","E","R","$","R","M","R","BOSS"],"items_purchased_type":["Relic","Card","Card","Relic","Card","Card","Relic","Relic","Relic","Relic","Card"],"build_version":"2020-12-22","purchased_purges":10,"victory":true,"max_hp_per_floor":[85,85,85,85,85,85,85,85,85,85,85,88,93,93,93,93,93,93,93,93,93,93,93,93,93,93,93,93,95,97,97,97,97,97,99,99,101,103,103,105,107,107,107,109,109,109,109,115,115,119],"card_choices":[{"not_picked":["ekkoTheBoyWhoShatteredTime:HauntingGuise","ekkoTheBoyWhoShatteredTime:Leap"],"picked":"ekkoTheBoyWhoShatteredTime:QuickBreak","floor":1.0},{"not_picked":["ekkoTheBoyWhoShatteredTime:HauntingGuise","ekkoTheBoyWhoShatteredTime:SneakHit"],"picked":"ekkoTheBoyWhoShatteredTime:FeelIt","floor":3.0},{"not_picked":["ekkoTheBoyWhoShatteredTime:MicCheck","ekkoTheBoyWhoShatteredTime:CommittedStrike"],"picked":"ekkoTheBoyWhoShatteredTime:HextechProtobelt","floor":4.0},{"not_picked":["ekkoTheBoyWhoShatteredTime:ItemsAfterimage","ekkoTheBoyWhoShatteredTime:WaitForKeyTiming"],"picked":"ekkoTheBoyWhoShatteredTime:IcebornGauntlet","floor":6.0},{"not_picked":["ekkoTheBoyWhoShatteredTime:TrickOrTreatTrend","ekkoTheBoyWhoShatteredTime:HauntingGuise"],"picked":"ekkoTheBoyWhoShatteredTime:Backtrack","floor":8.0},{"not_picked":["ekkoTheBoyWhoShatteredTime:AfterimageTimeWrap","ekkoTheBoyWhoShatteredTime:HextechProtobelt"],"picked":"ekkoTheBoyWhoShatteredTime:NeedlesslyLargeRod","floor":14},{"not_picked":["ekkoTheBoyWhoShatteredTime:Chronobreak","ekkoTheBoyWhoShatteredTime:CatchUpTime"],"picked":"ekkoTheBoyWhoShatteredTime:ProjectPreference","floor":16},{"not_picked":["ekkoTheBoyWhoShatteredTime:PhaseDive","ekkoTheBoyWhoShatteredTime:TimeRecall"],"picked":"ekkoTheBoyWhoShatteredTime:Unchained","floor":18},{"not_picked":["ekkoTheBoyWhoShatteredTime:AfterimageHit+1","ekkoTheBoyWhoShatteredTime:AfterimageTease","ekkoTheBoyWhoShatteredTime:SandstormSympathy"],"picked":"SKIP","floor":21},{"not_picked":["ekkoTheBoyWhoShatteredTime:KeepingMomentum","ekkoTheBoyWhoShatteredTime:ParallelConvergence+1"],"picked":"ekkoTheBoyWhoShatteredTime:Resocharge+1","floor":22},{"not_picked":["ekkoTheBoyWhoShatteredTime:PlayTheBeat","ekkoTheBoyWhoShatteredTime:HauntedAfterimage","ekkoTheBoyWhoShatteredTime:QuickBreak"],"picked":"SKIP","floor":24},{"not_picked":["ekkoTheBoyWhoShatteredTime:PhaseDive","ekkoTheBoyWhoShatteredTime:AfterimageHit+1"],"picked":"ekkoTheBoyWhoShatteredTime:Greed+1","floor":27},{"not_picked":["ekkoTheBoyWhoShatteredTime:SpHit+1","ekkoTheBoyWhoShatteredTime:NaggingBlow","ekkoTheBoyWhoShatteredTime:HauntingGuise"],"picked":"Singing Bowl","floor":29},{"not_picked":["ekkoTheBoyWhoShatteredTime:SpHit","ekkoTheBoyWhoShatteredTime:Backtrack+1","ekkoTheBoyWhoShatteredTime:URF"],"picked":"Singing Bowl","floor":30},{"not_picked":["ekkoTheBoyWhoShatteredTime:Unleashed","ekkoTheBoyWhoShatteredTime:TimeIndustry"],"picked":"ekkoTheBoyWhoShatteredTime:TrinityForce","floor":33},{"not_picked":["ekkoTheBoyWhoShatteredTime:DodgeTraining","ekkoTheBoyWhoShatteredTime:AfterimageBait","ekkoTheBoyWhoShatteredTime:FeelIt"],"picked":"Singing Bowl","floor":35},{"not_picked":["ekkoTheBoyWhoShatteredTime:Knowledge+1","ekkoTheBoyWhoShatteredTime:Resocharge+1","ekkoTheBoyWhoShatteredTime:IcebornGauntlet"],"picked":"Singing Bowl","floor":37},{"not_picked":["ekkoTheBoyWhoShatteredTime:CommittedStrike+1","ekkoTheBoyWhoShatteredTime:AfterimageBait+1","ekkoTheBoyWhoShatteredTime:WaitForKeyTiming+1"],"picked":"Singing Bowl","floor":38},{"not_picked":["ekkoTheBoyWhoShatteredTime:WaitForKeyTiming+1","ekkoTheBoyWhoShatteredTime:TrinityForce","ekkoTheBoyWhoShatteredTime:HailOfBlades+1"],"picked":"Singing Bowl","floor":40},{"not_picked":["ekkoTheBoyWhoShatteredTime:LoadUp+1","ekkoTheBoyWhoShatteredTime:Dash+1","ekkoTheBoyWhoShatteredTime:SneakHit"],"picked":"Singing Bowl","floor":41},{"not_picked":["ekkoTheBoyWhoShatteredTime:AfterimageBait+1","ekkoTheBoyWhoShatteredTime:URF+1","ekkoTheBoyWhoShatteredTime:NaggingBlow+1"],"picked":"Singing Bowl","floor":44},{"not_picked":["ekkoTheBoyWhoShatteredTime:WideSlice","ekkoTheBoyWhoShatteredTime:NaggingBlow+1","ekkoTheBoyWhoShatteredTime:TimeRecall+1"],"picked":"Singing Bowl","floor":48}],"player_experience":972420,"relics_obtained":[{"floor":6.0,"key":"Akabeko"},{"floor":8.0,"key":"Oddly Smooth Stone"},{"floor":9.0,"key":"Shuriken"},{"floor":14,"key":"Odd Mushroom"},{"floor":24,"key":"Bottled Lightning"},{"floor":26,"key":"Singing Bowl"},{"floor":39,"key":"reliquary:FerryPass"},{"floor":40,"key":"Toxic Egg 2"},{"floor":43,"key":"hubris:Reverence"},{"floor":44,"key":"TungstenRod"},{"floor":44,"key":"HeavenlyBonsai"}],"event_choices":[{"damage_healed":80.0,"max_hp_gain":0.0,"max_hp_loss":85.0,"gold_gain":0.0,"event_name":"betterThird:BetterShining","player_choice":"Upgrade","floor":5.0,"gold_loss":0.0,"damage_taken":17.0,"cards_upgraded":["ekkoTheBoyWhoShatteredTime:FeelIt","ekkoTheBoyWhoShatteredTime:Strike"]},{"damage_healed":0,"gold_gain":0,"player_choice":"Slimed","damage_taken":11,"max_hp_gain":0,"max_hp_loss":0,"event_name":"betterThird:BetterGoop","floor":11,"gold_loss":27},{"damage_healed":0,"gold_gain":0,"player_choice":"Donut","damage_taken":0,"max_hp_gain":5,"max_hp_loss":0,"event_name":"Big Fish","floor":13,"gold_loss":0},{"damage_healed":0,"gold_gain":0,"player_choice":"Fought Mushrooms","damage_taken":0,"max_hp_gain":0,"max_hp_loss":0,"event_name":"Mushrooms","floor":14,"gold_loss":0},{"damage_healed":0,"gold_gain":0,"player_choice":"Got Potions","damage_taken":0,"max_hp_gain":0,"max_hp_loss":0,"event_name":"Lab","floor":19,"gold_loss":0},{"damage_healed":0,"gold_gain":100,"player_choice":"Pray","damage_taken":0,"max_hp_gain":0,"max_hp_loss":0,"event_name":"Golden Shrine","floor":31,"gold_loss":0}],"is_beta":false,"boss_relics":[{"not_picked":["Sandwich","hubris:HollowSoul"],"picked":"reliquary:RedCape"},{"not_picked":["hubris:Backtick","hubris:RunicObelisk"],"picked":"ekkoTheBoyWhoShatteredTime:zDriveGreediness"}],"items_purged_floors":[2,20,20,20,20,36,36,36,36,36],"is_endless":false,"potions_floor_spawned":[4,6,14,21,22,29,35,40,41,48],"ascension_level":1}}