{"host":"dowi7cgbhepuzvpj","time":1612101021,"event":{"mods":["AchievementEnabler","BaseMod","Keyboard Shortcuts","Minty Spire (QoL Compilation)","Permanent Neow","Quick Restart","StSLib","SuperFastMode"],"gold_per_floor":[113,113,33,47,47,47,47,63,63,63,28,43,43,70,70,145,145,165,178,178,198,212,212,239,259,259,275,275,117,130,148,148,223,223,233,258,128,128,138,153,180,180,180,199,33,65,65,79,79,79,79,79,79,24,52,52],"floor_reached":57,"language":"KOR","playtime":1959,"items_purged":[],"score":2768,"play_id":"493abbba-13a6-4201-b465-03a8e14ebd8e","local_time":"20210131225021","is_ascension_mode":true,"campfire_choices":[{"data":"Apotheosis","floor":6.0,"key":"SMITH"},{"data":"Strike_R","floor":10.0,"key":"PURGE"},{"floor":13.0,"key":"RECALL"},{"data":"Defend_R","floor":15.0,"key":"PURGE"},{"data":"Strike_R","floor":23.0,"key":"PURGE"},{"data":"Strike_R","floor":28.0,"key":"PURGE"},{"floor":32.0,"key":"REST"},{"data":"Defend_R","floor":42.0,"key":"PURGE"},{"data":"Second Wind","floor":47.0,"key":"PURGE"},{"data":"Heavy Blade","floor":49.0,"key":"PURGE"},{"data":"Spot Weakness","floor":53.0,"key":"PURGE"}],"circlet_count":0,"master_deck":["AscendersBane","Defend_R","Defend_R","Apotheosis+1","Battle Trance","Reaper","Shrug It Off","Feed+1","Shrug It Off","Sword Boomerang","Evolve+1","Warcry+1","Limit Break","Inflame","Battle Trance","Limit Break","Headbutt","Wild Strike","Ghostly Armor+1"],"relics":["Black Blood","Bottled Lightning","Peace Pipe","HornCleat","Mercury Hourglass","Oddly Smooth Stone","Bronze Scales","Sling","Philosopher\u0027s Stone","Turnip","Bird Faced Urn","Anchor","DollysMirror","Toy Ornithopter","Pen Nib"],"acts_visited":["Exordium","TheCity","TheBeyond","TheEnding"],"potions_floor_usage":[56,56],"damage_taken":[{"damage":5.0,"enemies":"Jaw Worm","floor":1.0,"turns":4.0},{"damage":10.0,"enemies":"Small Slimes","floor":4.0,"turns":4.0},{"damage":0.0,"enemies":"Cultist","floor":8.0,"turns":4.0},{"damage":29.0,"enemies":"Exordium Thugs","floor":12.0,"turns":4.0},{"damage":38.0,"enemies":"Lagavulin","floor":14.0,"turns":8.0},{"damage":11.0,"enemies":"The Guardian","floor":16.0,"turns":12.0},{"damage":14.0,"enemies":"2 Thieves","floor":18.0,"turns":4.0},{"damage":28.0,"enemies":"Spheric Guardian","floor":19.0,"turns":7.0},{"damage":16.0,"enemies":"3 Cultists","floor":21.0,"turns":5.0},{"damage":18.0,"enemies":"Chosen and Byrds","floor":22.0,"turns":7.0},{"damage":54.0,"enemies":"Gremlin Leader","floor":24.0,"turns":6.0},{"damage":23.0,"enemies":"Centurion and Healer","floor":25.0,"turns":7.0},{"damage":1.0,"enemies":"Snake Plant","floor":27.0,"turns":3.0},{"damage":24.0,"enemies":"Snecko","floor":30.0,"turns":6.0},{"damage":71.0,"enemies":"Cultist and Chosen","floor":31.0,"turns":5.0},{"damage":62.0,"enemies":"Champ","floor":33.0,"turns":11.0},{"damage":5.0,"enemies":"Orb Walker","floor":35.0,"turns":4.0},{"damage":0.0,"enemies":"Mind Bloom Boss Battle","floor":36.0,"turns":6.0},{"damage":55.0,"enemies":"3 Darklings","floor":39.0,"turns":4.0},{"damage":64.0,"enemies":"Jaw Worm Horde","floor":40.0,"turns":5.0},{"damage":51.0,"enemies":"Nemesis","floor":41.0,"turns":7.0},{"damage":53.0,"enemies":"Spire Growth","floor":44.0,"turns":5.0},{"damage":0.0,"enemies":"Giant Head","floor":46.0,"turns":4.0},{"damage":6.0,"enemies":"Sphere and 2 Shapes","floor":48.0,"turns":5.0},{"damage":91.0,"enemies":"Donu and Deca","floor":50.0,"turns":6.0},{"damage":56.0,"enemies":"Time Eater","floor":51.0,"turns":5.0},{"damage":101.0,"enemies":"Shield and Spear","floor":55.0,"turns":6.0},{"damage":268,"enemies":"The Heart","floor":56,"turns":11}],"seed_played":"4516740313138618123","potions_obtained":[{"floor":1.0,"key":"Explosive Potion"},{"floor":4.0,"key":"SneckoOil"},{"floor":8.0,"key":"PowerPotion"},{"floor":19.0,"key":"DuplicationPotion"},{"floor":21.0,"key":"Block Potion"},{"floor":25.0,"key":"Dexterity Potion"},{"floor":30.0,"key":"EssenceOfSteel"},{"floor":36.0,"key":"PowerPotion"},{"floor":39.0,"key":"HeartOfIron"}],"is_trial":false,"path_per_floor":["M","?","$","M","?","R","$","M","T","R","?","M","R","E","R","B",null,"M","M","?","M","M","R","E","M","T","M","R","$","M","M","R","B",null,"M","?","$","?","M","M","E","R","T","M","$","E","R","M","R","B","B",null,"R","$","E","B",null],"character_chosen":"IRONCLAD","items_purchased":["Spot Weakness","Sling","Heavy Blade","Battle Trance","DollysMirror","Wild Strike"],"campfire_rested":1,"item_purchase_floors":[3,29,37,37,45,54],"current_hp_per_floor":[51,44,44,40,40,40,40,46,46,46,64,61,61,38,38,50,69,71,59,59,77,82,82,40,46,46,61,61,61,63,24,54,29,85,100,103,103,103,98,76,70,70,70,70,70,86,86,107,107,85,115,115,115,115,88,41],"gold":52,"neow_bonus":"RANDOM_COLORLESS_2","is_daily":false,"chose_seed":false,"campfire_upgraded":1,"win_rate":0.0,"timestamp":1612101021,"path_taken":["M","?","$","M","?","R","?","M","T","R","?","?","R","E","R","BOSS","M","?","?","M","?","R","E","M","T","M","R","?","?","M","R","BOSS","M","?","$","?","?","M","E","R","T","M","?","E","R","M","R","BOSS","BOSS","R","$","E","BOSS"],"items_purchased_type":["Card","Relic","Card","Card","Relic","Card"],"build_version":"2020-12-22","purchased_purges":0,"victory":true,"max_hp_per_floor":[75,75,75,75,75,75,75,75,75,75,75,75,75,75,75,75,75,79,83,83,87,91,91,91,95,95,99,99,99,99,103,103,103,103,103,103,103,103,103,107,107,107,107,107,107,107,107,107,107,111,115,115,115,115,115,115],"card_choices":[{"not_picked":["Secret Weapon","Thinking Ahead"],"picked":"Apotheosis","floor":0.0},{"not_picked":["Thunderclap","Clothesline"],"picked":"Battle Trance","floor":1.0},{"not_picked":["Wild Strike","Body Slam","Spot Weakness"],"picked":"SKIP","floor":4.0},{"not_picked":["Pommel Strike","Dual Wield"],"picked":"Reaper","floor":8.0},{"not_picked":["Reckless Charge","Rage","Searing Blow"],"picked":"SKIP","floor":12.0},{"not_picked":["Pommel Strike","Sentinel"],"picked":"Shrug It Off","floor":14.0},{"not_picked":["Brutality","Berserk"],"picked":"Feed","floor":16.0},{"not_picked":["Bloodletting","Rupture"],"picked":"Shrug It Off","floor":18.0},{"not_picked":["Iron Wave","Headbutt"],"picked":"Sword Boomerang","floor":19.0},{"not_picked":["Rage","Pommel Strike","Juggernaut"],"picked":"SKIP","floor":21.0},{"not_picked":["True Grit","Entrench","Infernal Blade"],"picked":"SKIP","floor":22.0},{"not_picked":["Juggernaut","Sentinel+1"],"picked":"Evolve+1","floor":24.0},{"not_picked":["Perfected Strike","Clash"],"picked":"Warcry+1","floor":25.0},{"not_picked":["Havoc","Evolve"],"picked":"Second Wind","floor":27.0},{"not_picked":["Iron Wave","Headbutt","Second Wind"],"picked":"SKIP","floor":30.0},{"not_picked":["Corruption","Armaments","Body Slam"],"picked":"SKIP","floor":31.0},{"not_picked":["Feed","Exhume"],"picked":"Limit Break","floor":33.0},{"not_picked":["Pommel Strike+1","Dropkick","Searing Blow"],"picked":"SKIP","floor":35.0},{"not_picked":["Warcry+1","Bloodletting"],"picked":"Inflame","floor":36.0},{"not_picked":["Whirlwind+1","Iron Wave","Warcry"],"picked":"SKIP","floor":39.0},{"not_picked":["Havoc+1","Feel No Pain","Anger+1"],"picked":"SKIP","floor":40.0},{"not_picked":["Wild Strike","Fire Breathing+1","True Grit"],"picked":"SKIP","floor":41.0},{"not_picked":["Shrug It Off","Cleave","Carnage"],"picked":"SKIP","floor":44.0},{"not_picked":["Wild Strike","Heavy Blade","Intimidate+1"],"picked":"SKIP","floor":46.0},{"not_picked":["Perfected Strike","Warcry"],"picked":"Headbutt","floor":48.0},{"not_picked":["Demon Form","Rage"],"picked":"Ghostly Armor+1","floor":55.0}],"player_experience":859128,"relics_obtained":[{"floor":9.0,"key":"HornCleat"},{"floor":14.0,"key":"Mercury Hourglass"},{"floor":24.0,"key":"Bronze Scales"},{"floor":36.0,"key":"Turnip"},{"floor":41.0,"key":"Bird Faced Urn"},{"floor":43.0,"key":"Anchor"},{"floor":46.0,"key":"Toy Ornithopter"},{"floor":55.0,"key":"Pen Nib"}],"event_choices":[{"cards_removed":["Strike_R"],"damage_healed":0.0,"max_hp_gain":0.0,"max_hp_loss":0.0,"gold_gain":0.0,"event_name":"Golden Wing","player_choice":"Card Removal","floor":2.0,"gold_loss":0.0,"damage_taken":7.0},{"cards_removed":["Strike_R"],"damage_healed":0.0,"max_hp_gain":0.0,"max_hp_loss":0.0,"gold_gain":0.0,"event_name":"Living Wall","player_choice":"Forget","floor":5.0,"gold_loss":0.0,"damage_taken":0.0},{"damage_healed":18.0,"max_hp_gain":0.0,"max_hp_loss":0.0,"gold_gain":0.0,"event_name":"The Cleric","player_choice":"Healed","floor":11.0,"gold_loss":35.0,"damage_taken":0.0},{"damage_healed":0.0,"max_hp_gain":0.0,"max_hp_loss":0.0,"gold_gain":0.0,"event_name":"Upgrade Shrine","player_choice":"Upgraded","floor":20.0,"gold_loss":0.0,"damage_taken":0.0,"cards_upgraded":["Feed"]},{"damage_healed":0.0,"max_hp_gain":0.0,"max_hp_loss":0.0,"gold_gain":0.0,"event_name":"MindBloom","player_choice":"Fight","floor":36.0,"gold_loss":0.0,"damage_taken":0.0},{"cards_removed":["Bash"],"damage_healed":0.0,"max_hp_gain":0.0,"max_hp_loss":0.0,"gold_gain":0.0,"event_name":"Purifier","player_choice":"Purged","floor":38.0,"gold_loss":0.0,"damage_taken":0.0}],"is_beta":false,"boss_relics":[{"not_picked":["Tiny House","Astrolabe"],"picked":"Black Blood"},{"not_picked":["Snecko Eye","SacredBark"],"picked":"Philosopher\u0027s Stone"}],"items_purged_floors":[],"is_endless":false,"potions_floor_spawned":[1,4,8,19,21,25,30,36,39,40,44,55],"ascension_level":20}}