{"host":"qga1dk0dpejsljfb","time":1612128287,"event":{"mods":["A Magickal Journey","Aspiration","BaseMod","Beaked The Cultist","Colored Map","Conspire","Curses Come First","DeckTracker","Downfall","Energized Spire","Glutton Mod","Halation","Hermit","Highlight Path","Hubris","Infinite Spire","Mad Scientist","Marisa????????","Mimic Mod","Minty Spire (QoL Compilation)","Relic Sorter","Replay The Spire","Shop Mod","StSLib","The Administrix","The Bug Knight","The Construct","The Cursed","The Disciple","The Mystic","The Necromancer","The Runesmith","The Servant 0.9.4"],"gold_per_floor":[99,118,118,130,149,149,149,25,59,79,99,109,143,28,42,147,147,147,163,163,179,198,232,232,232,232,232],"floor_reached":25,"language":"ENG","playtime":2141,"items_purged":["champ:Strike","champ:Defend"],"score":237,"play_id":"f9d45703-885d-42ab-a653-9a7870524ccd","local_time":"20210131132447","is_ascension_mode":false,"campfire_choices":[{"floor":1,"key":"DIG"},{"data":"champ:Taunt","floor":18,"key":"SMITH"}],"circlet_count":0,"master_deck":["champ:Strike","champ:Strike","champ:Strike","champ:Defend","champ:Defend","champ:Execute","champ:Taunt+1","champ:AdrenalArmor","champ:GutPunch","champ:BladeFlurry","champ:CrookedStrike","champ:CrownThrow+1","champ:EnragedBash","champ:CrookedStrike","champ:BringItOn","champ:DancingMaster","champ:CalledShot","champ:StanceDance","champ:DefensiveShout","champ:BladeFlurry","champ:IronFortress"],"relics":["champ:ChampionCrown","halation:PromiseList","infinitespire:CursedDice","Gremlin Food","Velvet Choker","Nloth\u0027s Gift","conspire:Flyswatter","Molten Egg 2"],"acts_visited":["Exordium","TheCity"],"potions_floor_usage":[],"damage_taken":[{"damage":21,"enemies":"Cultist","floor":2,"turns":5},{"damage":4,"enemies":"2 Louse","floor":3,"turns":5},{"damage":20,"enemies":"Jaw Worm","floor":4,"turns":7},{"damage":25,"enemies":"Red Slaver","floor":5,"turns":5},{"damage":10,"enemies":"downfall:FleeingMerchant","floor":8,"turns":4},{"damage":30,"enemies":"Gremlin Nob","floor":9,"turns":4},{"damage":25,"enemies":"Blue Slaver","floor":10,"turns":3},{"damage":5,"enemies":"3 Louse","floor":11,"turns":2},{"damage":20,"enemies":"Large Slime","floor":12,"turns":4},{"damage":34,"enemies":"3 Sentries","floor":13,"turns":9},{"damage":9,"enemies":"downfall:FleeingMerchant","floor":14,"turns":4},{"damage":33,"enemies":"Gremlin Gang","floor":15,"turns":4},{"damage":24,"enemies":"IC_STATUS_ARCHETYPE","floor":16,"turns":9},{"damage":54,"enemies":"Centurion and Healer","floor":19,"turns":9},{"damage":40,"enemies":"Snecko","floor":21,"turns":5},{"damage":33,"enemies":"conspire:HollyBat","floor":22,"turns":8},{"damage":56,"enemies":"Book of Stabbing","floor":23,"turns":5},{"damage":14,"enemies":"conspire:MimicChest","floor":25,"turns":2}],"seed_played":"-6466346641754514160","potions_obtained":[{"floor":2,"key":"LiquidMemories"},{"floor":10,"key":"Cursed Concoction"},{"floor":12,"key":"Block Potion"}],"is_trial":false,"path_per_floor":["R_BF","M","M","M","M","?","T","$","E","M","M","M","E","$","M","B",null,"R","M","?","M","M","E","T","?"],"character_chosen":"THE_CHAMP","items_purchased":["champ:CrownThrow+1"],"campfire_rested":0,"item_purchase_floors":[8],"current_hp_per_floor":[99,93,89,89,89,89,89,89,79,79,79,69,45,41,23,45,99,99,75,75,50,42,11,11,0,0,0],"gold":232,"neow_bonus":"TEN_PERCENT_HP_BONUS","is_daily":false,"chose_seed":false,"campfire_upgraded":1,"win_rate":0.0,"timestamp":1612128287,"path_taken":["R_BF","M","M","M","?","?","T","$","E","M","?","M","E","$","M","BOSS","R","M","?","M","?","E","T","?"],"items_purchased_type":["Card"],"build_version":"2020-12-22","purchased_purges":2,"victory":false,"max_hp_per_floor":[99,99,99,99,99,99,99,99,99,99,99,99,99,99,99,99,99,99,99,99,99,99,99,99,99,99,99],"card_choices":[{"not_picked":["champ:DeathBlow","champ:PreemptiveStrike"],"picked":"champ:AdrenalArmor","floor":2},{"not_picked":["champ:CalledShot","champ:AdrenalArmor"],"picked":"champ:GutPunch","floor":3},{"not_picked":["champ:EnGarde","champ:BerserkersShout","champ:Circumvent"],"picked":"SKIP","floor":4},{"not_picked":["champ:Shatter","champ:EnGarde"],"picked":"champ:BladeFlurry","floor":5},{"not_picked":["champ:Shatter","champ:ShieldWall"],"picked":"champ:CrookedStrike","floor":8},{"not_picked":["champ:FaceSlap","champ:SkillfulDodge","champ:Haymaker"],"picked":"SKIP","floor":9},{"not_picked":["champ:Endure","champ:BerserkersShout"],"picked":"champ:EnragedBash","floor":10},{"not_picked":["champ:FaceSlap","champ:Shatter"],"picked":"champ:CrookedStrike","floor":11},{"not_picked":["champ:GutPunch","champ:FocusedDefense"],"picked":"champ:BringItOn","floor":12},{"not_picked":["champ:Shatter","champ:BerserkersShout"],"picked":"champ:DancingMaster","floor":13},{"not_picked":["champ:DefensiveShout","champ:BringItOn"],"picked":"champ:CalledShot","floor":14},{"not_picked":["champ:Haymaker","champ:DefensiveShout"],"picked":"champ:StanceDance","floor":15},{"not_picked":["champ:Encircle","champ:StanceDance"],"picked":"champ:DefensiveShout","floor":19},{"not_picked":["champ:FanOfKnives","champ:DefensiveShout","champ:EnGarde+1"],"picked":"SKIP","floor":21},{"not_picked":["champ:PerfectedStrike","champ:SkillfulDodge"],"picked":"champ:BladeFlurry","floor":22},{"not_picked":["champ:AdrenalArmor","champ:RapidStrikes"],"picked":"champ:IronFortress","floor":23}],"player_experience":135727,"relics_obtained":[{"floor":1,"key":"halation:PromiseList"},{"floor":7,"key":"infinitespire:CursedDice"},{"floor":9,"key":"infinitespire:WardingShard"},{"floor":13,"key":"Gremlin Food"},{"floor":23,"key":"conspire:Flyswatter"},{"floor":24,"key":"Molten Egg 2"}],"event_choices":[],"is_beta":false,"boss_relics":[{"not_picked":["halation:Yufonium","Busted Crown"],"picked":"Velvet Choker"}],"items_purged_floors":[8,14],"is_endless":false,"potions_floor_spawned":[2,10,12,16,22],"killed_by":"conspire:MimicChest","ascension_level":0}}