{"host":"8jwif9mna8ud19ho","time":1612104276,"event":{"mods":["BaseMod","Better Vampires","Marisa£¨ìFÓê¡¡Ä§ÀíÉ³£©","Minty Spire (QoL Compilation)","Reimu£¨²©ÀöÁéÃÎ£©","RumiaBox-Â¶Ã×æ«µÄÉñÃØºÐ×Ó","StSLib","¡¾ÒÅÎï¿¨ÅÆ¡¿REMEMod"],"gold_per_floor":[117,117,132,132,142,67,67,67,67,94,94,124,34,64,64,138,138,156,168,218,230,258,258,284,284,284,284,317,331,359,375,375,451,451,461,473,488,507,555,585,229,264,264,298,173,173,187,206,206,206,206,206,56,89,89],"floor_reached":56,"language":"ZHS","playtime":2163,"items_purged":["Defend_P","Defend_P","Defend_P+1","Defend_P+1"],"score":2523,"play_id":"a5732ddc-6fad-4c12-b643-34e042c3b104","local_time":"20210131224436","is_ascension_mode":true,"campfire_choices":[{"data":"Eruption","floor":8.0,"key":"SMITH"},{"floor":15.0,"key":"RECALL"},{"floor":23.0,"key":"REST"},{"floor":25.0,"key":"REST"},{"data":"Tantrum","floor":32.0,"key":"SMITH"},{"data":"1","floor":49.0,"key":"LIFT"},{"data":"2","floor":52,"key":"LIFT"}],"circlet_count":0,"master_deck":["AscendersBane","Strike_P+1","Strike_P+1","Strike_P+1","Strike_P+1","Eruption+1","Vigilance+1","REME_ProfessionalPlagiarism+1","DeusExMachina+1","REME_FirmDetermination+1","Brilliance+1","LessonLearned+1","FlurryOfBlows+1","InnerPeace+1","Adaptation+1","Tantrum+1","Scrawl+1","TalkToTheHand+1","MentalFortress+1","Ragnarok+1","Madness+1","Madness+1"],"relics":["PureWater","REME_ComplimentaryCards","NeowsBlessing","GodSword7","TungstenRod","Mango","Matryoshka","CloakClasp","SoulBox","Red Mask","White Beast Statue","Regal Pillow","Meat on the Bone","REME_HourglassOfDeath","ZombieArmy","Runic Pyramid","Du-Vu Doll","SSSystem","Toolbox","PreservedInsect","Pen Nib","Girya","Mastiff:ReiMu"],"acts_visited":["Exordium","TheCity","TheBeyond","TheEnding"],"potions_floor_usage":[50,55,55],"damage_taken":[{"damage":0.0,"enemies":"2 Louse","floor":1.0,"turns":2.0},{"damage":0.0,"enemies":"Small Slimes","floor":3.0,"turns":1.0},{"damage":0.0,"enemies":"Jaw Worm","floor":5.0,"turns":1.0},{"damage":25.0,"enemies":"3 Sentries","floor":10.0,"turns":9.0},{"damage":23.0,"enemies":"Gremlin Nob","floor":12.0,"turns":3.0},{"damage":9.0,"enemies":"3 Sentries","floor":14.0,"turns":9.0},{"damage":5.0,"enemies":"The Guardian","floor":16.0,"turns":11.0},{"damage":19.0,"enemies":"3 Byrds","floor":18.0,"turns":5.0},{"damage":31.0,"enemies":"2 Thieves","floor":19.0,"turns":5.0},{"damage":10.0,"enemies":"Cultist and Chosen","floor":21.0,"turns":7.0},{"damage":10.0,"enemies":"Masked Bandits","floor":22.0,"turns":3.0},{"damage":0.0,"enemies":"Gremlin Leader","floor":24.0,"turns":5.0},{"damage":27.0,"enemies":"Book of Stabbing","floor":28.0,"turns":5.0},{"damage":35.0,"enemies":"Centurion and Healer","floor":29.0,"turns":4.0},{"damage":13.0,"enemies":"Slavers","floor":30.0,"turns":3.0},{"damage":0.0,"enemies":"Sentry and Sphere","floor":31.0,"turns":2.0},{"damage":0.0,"enemies":"Automaton","floor":33.0,"turns":7.0},{"damage":0.0,"enemies":"Orb Walker","floor":35.0,"turns":2.0},{"damage":0.0,"enemies":"3 Shapes","floor":36.0,"turns":2.0},{"damage":0.0,"enemies":"Transient","floor":37.0,"turns":6.0},{"damage":0.0,"enemies":"Maw","floor":38.0,"turns":4.0},{"damage":15.0,"enemies":"2 Orb Walkers","floor":39.0,"turns":3.0},{"damage":0.0,"enemies":"Giant Head","floor":40.0,"turns":4.0},{"damage":0.0,"enemies":"Reptomancer","floor":42.0,"turns":2.0},{"damage":0.0,"enemies":"Giant Head","floor":44.0,"turns":3.0},{"damage":0.0,"enemies":"3 Darklings","floor":47.0,"turns":3.0},{"damage":0.0,"enemies":"Spire Growth","floor":48.0,"turns":3.0},{"damage":22,"enemies":"Awakened One","floor":50,"turns":3},{"damage":0,"enemies":"Shield and Spear","floor":54,"turns":1},{"damage":3,"enemies":"The Heart","floor":55,"turns":5}],"seed_played":"-2983399631919125821","potions_obtained":[{"floor":5.0,"key":"Regen Potion"},{"floor":12.0,"key":"BlessingOfTheForge"},{"floor":14.0,"key":"DistilledChaos"},{"floor":18.0,"key":"EssenceOfSteel"},{"floor":19.0,"key":"Strength Potion"},{"floor":27.0,"key":"MagicPotion:ReiMu"},{"floor":27.0,"key":"AttackPotion"},{"floor":30.0,"key":"ColorlessPotion"},{"floor":35.0,"key":"REME_GoldPotion"},{"floor":36.0,"key":"SkillPotion"},{"floor":37.0,"key":"CultistPotion"},{"floor":54,"key":"Regen Potion"}],"is_trial":false,"path_per_floor":["M","?","M","?","M","$","?","R","T","E","T","E","$","E","R","B",null,"M","M","?","M","?","R","E","R","T","?","E","M","E","M","R","B",null,"M","M","M","M","?","E","$","E","T","E","$","?","M","M","R","B",null,"R","$","E","B",null],"character_chosen":"WATCHER","items_purchased":["REME_FirmDetermination","Toolbox","MentalFortress"],"campfire_rested":2,"item_purchase_floors":[13,41,41],"current_hp_per_floor":[61,66,66,44,44,44,44,44,44,19,33,10,10,16,16,11,68,49,38,38,28,18,44,44,70,70,70,55,32,31,43,43,55,79,79,79,79,79,64,64,64,64,64,64,64,49,49,49,49,39,75,75,75,75,86],"gold":89,"neow_bonus":"THREE_ENEMY_KILL","is_daily":false,"chose_seed":false,"campfire_upgraded":2,"win_rate":0.0,"timestamp":1612104276,"path_taken":["M","?","M","?","M","$","?","R","T","E","?","E","?","E","R","BOSS","M","M","?","M","?","R","E","R","T","?","E","M","E","?","R","BOSS","M","M","M","?","?","E","$","E","T","E","$","?","M","M","R","BOSS","R","$","E","BOSS"],"items_purchased_type":["Card","Relic","Card"],"build_version":"2020-12-22","purchased_purges":4,"victory":true,"max_hp_per_floor":[68,73,73,73,73,73,73,73,73,73,87,87,87,87,87,87,87,87,87,87,87,87,87,87,87,87,87,87,87,87,87,87,87,87,87,87,87,87,87,87,87,87,87,87,87,87,87,87,87,87,87,87,87,87,87],"card_choices":[{"not_picked":["ThirdEye","WaveOfTheHand","SandsOfTime"],"picked":"SKIP","floor":1.0},{"not_picked":["Sanctity","ReachHeaven","Weave"],"picked":"SKIP","floor":3.0},{"not_picked":["FollowUp","ClearTheMind","Prostrate"],"picked":"SKIP","floor":5.0},{"not_picked":["Halt","ThirdEye","ReachHeaven"],"picked":"SKIP","floor":10.0},{"not_picked":["Vengeance","ClearTheMind"],"picked":"DeusExMachina","floor":12.0},{"not_picked":["Wallop","BowlingBash"],"picked":"Brilliance","floor":14.0},{"not_picked":["Alpha","Brilliance"],"picked":"LessonLearned","floor":16.0},{"not_picked":["FlyingSleeves","EmptyBody","Vengeance"],"picked":"SKIP","floor":18.0},{"not_picked":["EmptyBody","REME_MusicOfDeath","FlyingSleeves"],"picked":"SKIP","floor":19.0},{"not_picked":["Halt","EmptyFist","BowlingBash"],"picked":"SKIP","floor":21.0},{"not_picked":["BowlingBash","CarveReality"],"picked":"FlurryOfBlows","floor":22.0},{"not_picked":["Nirvana","JustLucky","FollowUp"],"picked":"SKIP","floor":24.0},{"not_picked":["InnerPeace","BowlingBash+1","Alpha"],"picked":"SKIP","floor":28.0},{"not_picked":["BowlingBash+1","Alpha"],"picked":"InnerPeace","floor":28.0},{"not_picked":["ReachHeaven","Crescendo"],"picked":"Adaptation","floor":29.0},{"not_picked":["CarveReality+1","Establishment"],"picked":"Tantrum","floor":30.0},{"not_picked":["Evaluate","SandsOfTime","FlurryOfBlows"],"picked":"SKIP","floor":31.0},{"not_picked":["Alpha","Vault"],"picked":"Scrawl","floor":33.0},{"not_picked":["BowlingBash+1","Consecrate","ThirdEye+1"],"picked":"SKIP","floor":35.0},{"not_picked":["WreathOfFlame","CutThroughFate","Pray"],"picked":"SKIP","floor":36.0},{"not_picked":["SashWhip","EmptyMind"],"picked":"TalkToTheHand+1","floor":37.0},{"not_picked":["ThirdEye","Perseverance+1","Protect+1"],"picked":"SKIP","floor":38.0},{"not_picked":["BattleHymn+1","Weave","Wireheading+1"],"picked":"SKIP","floor":40.0},{"not_picked":["ReachHeaven+1","Crescendo"],"picked":"Ragnarok","floor":42.0},{"not_picked":["REME_MusicOfDeath","WaveOfTheHand+1","WreathOfFlame"],"picked":"SKIP","floor":44.0},{"not_picked":["ForeignInfluence","Crescendo","FollowUp"],"picked":"SKIP","floor":47.0},{"not_picked":["EmptyBody","Vengeance+1","REME_MusicOfDeath"],"picked":"SKIP","floor":48.0},{"not_picked":["Meditate","Crescendo+1","CutThroughFate+1"],"picked":"SKIP","floor":54}],"player_experience":1118567,"relics_obtained":[{"floor":9.0,"key":"GodSword7"},{"floor":10.0,"key":"TungstenRod"},{"floor":11.0,"key":"Mango"},{"floor":12.0,"key":"Matryoshka"},{"floor":14.0,"key":"CloakClasp"},{"floor":22.0,"key":"Red Mask"},{"floor":24.0,"key":"White Beast Statue"},{"floor":26.0,"key":"Regal Pillow"},{"floor":26.0,"key":"Meat on the Bone"},{"floor":28.0,"key":"REME_HourglassOfDeath"},{"floor":30.0,"key":"ZombieArmy"},{"floor":39.0,"key":"Du-Vu Doll"},{"floor":40.0,"key":"SSSystem"},{"floor":42.0,"key":"PreservedInsect"},{"floor":43.0,"key":"Pen Nib"},{"floor":44.0,"key":"Girya"},{"floor":54,"key":"Mastiff:ReiMu"}],"event_choices":[{"damage_healed":0.0,"max_hp_gain":5.0,"max_hp_loss":0.0,"gold_gain":0.0,"event_name":"Big Fish","player_choice":"Donut","floor":2.0,"gold_loss":0.0,"damage_taken":0.0},{"damage_healed":0.0,"max_hp_gain":0.0,"max_hp_loss":0.0,"gold_gain":0.0,"event_name":"Shining Light","player_choice":"Entered Light","floor":4.0,"gold_loss":0.0,"damage_taken":22.0,"cards_upgraded":["Strike_P","Vigilance"]},{"damage_healed":0.0,"max_hp_gain":0.0,"max_hp_loss":0.0,"gold_gain":50.0,"event_name":"Nest","player_choice":"Stole From Cult","floor":20.0,"gold_loss":0.0,"damage_taken":0.0},{"damage_healed":0.0,"max_hp_gain":0.0,"max_hp_loss":0.0,"gold_gain":0.0,"event_name":"Masked Bandits","player_choice":"Fought Bandits","floor":22.0,"gold_loss":0.0,"damage_taken":0.0},{"damage_healed":0.0,"max_hp_gain":0.0,"max_hp_loss":0.0,"gold_gain":0.0,"event_name":"Lab","player_choice":"Got Potions","floor":27.0,"gold_loss":0.0,"damage_taken":0.0},{"damage_healed":0.0,"max_hp_gain":0.0,"max_hp_loss":0.0,"gold_gain":0.0,"event_name":"Mysterious Sphere","player_choice":"Fight","floor":39.0,"gold_loss":0.0,"damage_taken":0.0},{"damage_healed":0.0,"max_hp_gain":0.0,"max_hp_loss":0.0,"gold_gain":0.0,"event_name":"Winding Halls","player_choice":"Embrace Madness","floor":46.0,"gold_loss":0.0,"damage_taken":16.0,"cards_obtained":["Madness","Madness"]}],"is_beta":false,"boss_relics":[{"not_picked":["AddBug","SacredBark"],"picked":"SoulBox"},{"not_picked":["Runic Dome","SlaversCollar"],"picked":"Runic Pyramid"}],"items_purged_floors":[6,41,45,53],"is_endless":false,"potions_floor_spawned":[5,12,14,18,19,28,29,30,31,33,35,36,37,38,39,40,42,44,47,48,54],"ascension_level":17}}