{"host":"hr6qo4jjm4ge1z5l","time":1612120268,"event":{"mods":["BaseMod","Colored Map","Minty Spire (QoL Compilation)","Relic Stats","ojb\u0027s Info Mod"],"gold_per_floor":[209,226,7,18,35,60,60,94,119,194,194,220,220,230,230,307,307,318,233,233,260,28,28,28],"floor_reached":23,"language":"ENG","playtime":2755,"items_purged":[],"score":466,"play_id":"5fe6075d-d949-42c2-9540-d2660159a15f","local_time":"20210131201108","is_ascension_mode":true,"campfire_choices":[{"data":"Defragment","floor":11.0,"key":"SMITH"},{"data":"Loop","floor":15.0,"key":"SMITH"}],"circlet_count":0,"master_deck":["AscendersBane","Strike_B","Strike_B","Defend_B","Defend_B","Defend_B","Zap","Dualcast","Ball Lightning","BootSequence","Lockon","Defragment+1","Conserve Battery","Streamline","Conserve Battery","Go for the Eyes","Barrage","Compile Driver","Loop+1","Creative AI","Chill+1","Amplify+1","FTL+1","Loop","Hologram","Conserve Battery","Barrage"],"relics":["Cracked Core","Ice Cream","Dead Branch","Eternal Feather","Blood Vial","Akabeko","GremlinMask","Astrolabe","CeramicFish","Nilry\u0027s Codex","Strange Spoon"],"acts_visited":["TheCity"],"potions_floor_usage":[21],"damage_taken":[{"damage":0.0,"enemies":"Cultist","floor":1.0,"turns":3.0},{"damage":4.0,"enemies":"Small Slimes","floor":2.0,"turns":3.0},{"damage":0.0,"enemies":"2 Louse","floor":4.0,"turns":2.0},{"damage":15.0,"enemies":"2 Fungi Beasts","floor":5.0,"turns":3.0},{"damage":13.0,"enemies":"Lagavulin","floor":6.0,"turns":7.0},{"damage":12.0,"enemies":"Gremlin Nob","floor":8.0,"turns":3.0},{"damage":15.0,"enemies":"Lagavulin","floor":12.0,"turns":4.0},{"damage":0.0,"enemies":"3 Louse","floor":14.0,"turns":2.0},{"damage":0.0,"enemies":"Slime Boss","floor":16.0,"turns":5.0},{"damage":18,"enemies":"2 Thieves","floor":18,"turns":4},{"damage":0,"enemies":"Shell Parasite","floor":21,"turns":6},{"damage":30,"enemies":"Slavers","floor":23,"turns":8}],"seed_played":"3936329874357137425","potions_obtained":[{"floor":1.0,"key":"Fire Potion"},{"floor":6.0,"key":"AttackPotion"},{"floor":12.0,"key":"Block Potion"},{"floor":14.0,"key":"BlessingOfTheForge"}],"is_trial":false,"path_per_floor":["M","M","$","M","M","E","T","E","T","?","R","E","?","M","R","B",null,"M","?","?","M","$","E"],"character_chosen":"DEFECT","items_purchased":["Lockon","Defragment","Conserve Battery","Strange Spoon","Conserve Battery","Barrage"],"campfire_rested":0,"item_purchase_floors":[3,3,3,22,22,22],"current_hp_per_floor":[64,60,60,60,45,32,32,20,20,9,21,8,8,10,22,24,59,43,43,22,24,24,0,0],"gold":28,"neow_bonus":"HUNDRED_GOLD","is_daily":false,"chose_seed":false,"campfire_upgraded":2,"win_rate":0.0,"timestamp":1612120268,"path_taken":["M","M","$","?","?","E","?","E","T","?","R","E","?","?","R","BOSS","M","?","?","M","$","E"],"items_purchased_type":["Card","Card","Card","Relic","Card","Card"],"build_version":"2020-12-22","purchased_purges":0,"victory":false,"max_hp_per_floor":[71,71,71,71,71,71,71,71,71,71,71,71,71,71,71,71,71,71,71,71,71,71,71,71],"relic_stats":{"Blood Vial":6,"Strange Spoon":[3],"counters":[3,17],"Dead Branch":[11],"Astrolabe":["Chill","Amplify","FTL"],"CeramicFish":27,"Eternal Feather":0,"obtain_stats":[{"Ice Cream":0,"Blood Vial":0,"Strange Spoon":22,"Nilry\u0027s Codex":20,"Dead Branch":0,"Astrolabe":17,"CeramicFish":19,"Eternal Feather":0,"GremlinMask":0,"Cracked Core":0,"Akabeko":0},{"Ice Cream":0,"Blood Vial":0,"Strange Spoon":2,"Nilry\u0027s Codex":1,"Dead Branch":0,"Astrolabe":0,"CeramicFish":1,"Eternal Feather":0,"GremlinMask":0,"Cracked Core":0,"Akabeko":0},{"Ice Cream":0,"Blood Vial":0,"Strange Spoon":9,"Nilry\u0027s Codex":4,"Dead Branch":0,"Astrolabe":0,"CeramicFish":4,"Eternal Feather":0,"GremlinMask":0,"Cracked Core":0,"Akabeko":0}]},"card_choices":[{"not_picked":["Tempest","Gash"],"picked":"Ball Lightning","floor":1.0},{"not_picked":["FTL","Barrage"],"picked":"BootSequence","floor":2.0},{"not_picked":["Coolheaded","Reprogram"],"picked":"Streamline","floor":4.0},{"not_picked":["Hello World","Static Discharge"],"picked":"Conserve Battery","floor":5.0},{"not_picked":["All For One","Reprogram"],"picked":"Go for the Eyes","floor":6.0},{"not_picked":["Stack","Redo"],"picked":"Barrage","floor":8.0},{"not_picked":["Self Repair","Turbo"],"picked":"Compile Driver","floor":12.0},{"not_picked":["Fusion","Double Energy"],"picked":"Loop","floor":14.0},{"not_picked":["Seek","Reboot"],"picked":"Creative AI","floor":16.0},{"not_picked":["Cold Snap","Streamline"],"picked":"Loop","floor":18},{"not_picked":["Doom and Gloom","Stack"],"picked":"Hologram","floor":21}],"player_experience":524136,"relics_obtained":[{"floor":6.0,"key":"Ice Cream"},{"floor":7.0,"key":"Dead Branch"},{"floor":8.0,"key":"Eternal Feather"},{"floor":9.0,"key":"Blood Vial"},{"floor":12.0,"key":"Akabeko"},{"floor":20,"key":"Nilry\u0027s Codex"}],"event_choices":[{"damage_healed":0.0,"max_hp_gain":0.0,"max_hp_loss":0.0,"gold_gain":75.0,"event_name":"World of Goop","player_choice":"Gather Gold","floor":10.0,"gold_loss":0.0,"damage_taken":11.0},{"damage_healed":0.0,"max_hp_gain":0.0,"max_hp_loss":0.0,"gold_gain":0.0,"event_name":"FaceTrader","player_choice":"Trade","floor":13.0,"gold_loss":0.0,"damage_taken":0.0,"relics_obtained":["GremlinMask"]},{"damage_healed":0,"gold_gain":0,"player_choice":"Obtained Relic","damage_taken":0,"relics_obtained":["CeramicFish"],"max_hp_gain":0,"max_hp_loss":0,"event_name":"Addict","floor":19,"gold_loss":85},{"damage_healed":0,"gold_gain":0,"player_choice":"Obtained Book","damage_taken":21,"max_hp_gain":0,"max_hp_loss":0,"event_name":"Cursed Tome","floor":20,"gold_loss":0}],"is_beta":false,"boss_relics":[{"not_picked":["Philosopher\u0027s Stone","Runic Dome"],"picked":"Astrolabe"}],"items_purged_floors":[],"is_endless":false,"potions_floor_spawned":[1,6,12,14],"killed_by":"Slavers","ascension_level":16}}