{"host":"rs1c3lkx7vj3kohb","time":1612103039,"event":{"mods":["Act Like it!","BaseMod","BetterRewards","Chen","Colored Map","Colored Powertips","Downfall","Friendly Minions","Gensokyo","Gremlin Mod","Hermit","Hero for Fun","KinomotoSakuraMod(木之本樱)","Koishi","KomeijiMod","Luminous","Marisa（F雨　魔理沙）","Minty Spire (QoL Compilation)","Onozuka Komachi Mod","Prisma Mod","Quick Restart","Reimu（博丽灵梦）","Remilia（蕾米莉亚）","SOS（斯巴达之子）","Shop Mod","StSLib","The Administrix","The Alterego","The Cursed","The Senshi","The Servant 0.9.4","Waifu the Spire","WarShipGirlsR/战舰少女R mod","Yakumo Yukari mod","Yohane!","Youmu（魂魄妖梦）","Yuri Mod","Yuyuko"],"gold_per_floor":[115,135,135,160,185,216,216,254,254,277,277,277,293,293,293,423,423,437,437,451,465,465,465,425,453,453,4,4,13,48,48,48,146,146,166,179,199,211,227,227,239,239,239,239,259,109,109,141,141,141],"floor_reached":51,"language":"ZHS","playtime":3739,"items_purged":["theSenshi:SailorBlock","theSenshi:SailorKick"],"score":904,"play_id":"4183ff0b-be08-4d7d-a5cd-95d9478c3cd7","local_time":"20210131222359","is_ascension_mode":false,"campfire_choices":[{"data":"theSenshi:MoonCrisisMakeUp","floor":7,"key":"SMITH"},{"floor":11,"key":"REST"},{"data":"theSenshi:HesSoDreamy","floor":15,"key":"SMITH"},{"data":"theSenshi:MoonPrincessHalation","floor":23,"key":"SMITH"},{"data":"ZunPunch:ReiMu","floor":28,"key":"SMITH"},{"data":"theSenshi:MoonPrincessHalation","floor":32,"key":"SMITH"},{"data":"theSenshi:MoonGorgeousMeditation","floor":40,"key":"SMITH"},{"data":"theSenshi:IWillPunishYou","floor":42,"key":"SMITH"},{"data":"theSenshi:SailorV","floor":49,"key":"SMITH"}],"circlet_count":0,"master_deck":["theSenshi:SailorKick","theSenshi:SailorKick","theSenshi:SailorKick","theSenshi:SailorBlock+1","theSenshi:SailorBlock","theSenshi:SailorBlock+1","theSenshi:MoonPrismPowerMakeUp","theSenshi:MoonCrisisMakeUp+1","theSenshi:MoonTwilightFlash","theSenshi:InTheNickOfTime","Trip","theSenshi:MoonPrincessHalation+1","theSenshi:SaturnsMystery","theSenshi:HesSoDreamy+1","theSenshi:MoonGorgeousMeditation","theSenshi:SailorV+1","ZunPunch:ReiMu+1","theSenshi:MoonPrincessHalation+1","theSenshi:MoonGorgeousMeditation+1","Bandage Up","theSenshi:IWillPunishYou+1","theSenshi:MoonPrincessHalation+1","Madness","Madness"],"relics":["theSenshi:TransformationBroochRelic","Blood Vial","Orrery","KyoryuNoHagoromo","Dream Catcher","Bloody Idol","theSenshi:CrescentMoonWandRelic","Frozen Egg 2","Tea:ReiMu","Philosopher\u0027s Stone","Strawberry","Sundial","Meat on the Bone","War Paint","theSenshi:ChokerRelic","HoshigumaDish","SlaversCollar","Letter Opener","DollysMirror","White Beast Statue"],"acts_visited":["Exordium","TheCity","TheBeyond"],"potions_floor_usage":[6,16,25,36,50,50],"damage_taken":[{"damage":0,"enemies":"2 Louse","floor":1,"turns":2},{"damage":0,"enemies":"Cultist","floor":2,"turns":3},{"damage":1,"enemies":"Small Slimes","floor":4,"turns":4},{"damage":5,"enemies":"Exordium Wildlife","floor":5,"turns":4},{"damage":13,"enemies":"Gremlin Nob","floor":6,"turns":3},{"damage":6,"enemies":"Lagavulin","floor":8,"turns":5},{"damage":3,"enemies":"Looter","floor":10,"turns":4},{"damage":9,"enemies":"3 Louse","floor":13,"turns":4},{"damage":24,"enemies":"Slime Boss","floor":16,"turns":10},{"damage":0,"enemies":"3 Byrds","floor":18,"turns":6},{"damage":8,"enemies":"2 Thieves","floor":20,"turns":4},{"damage":22,"enemies":"Centurion and Healer","floor":21,"turns":5},{"damage":15,"enemies":"Gremlin Leader","floor":25,"turns":7},{"damage":6,"enemies":"Chosen and Byrds","floor":29,"turns":4},{"damage":43,"enemies":"Book of Stabbing","floor":30,"turns":6},{"damage":31,"enemies":"Champ","floor":33,"turns":9},{"damage":63,"enemies":"3 Darklings","floor":35,"turns":7},{"damage":46,"enemies":"3 Shapes","floor":36,"turns":6},{"damage":16,"enemies":"Spire Growth","floor":37,"turns":5},{"damage":28,"enemies":"Sphere and 2 Shapes","floor":38,"turns":6},{"damage":9,"enemies":"Jaw Worm Horde","floor":39,"turns":4},{"damage":24,"enemies":"3 Darklings","floor":41,"turns":4},{"damage":23,"enemies":"Maw","floor":45,"turns":7},{"damage":0,"enemies":"Giant Head","floor":48,"turns":6},{"damage":95,"enemies":"Time Eater","floor":50,"turns":8}],"seed_played":"1995233528337496417","potions_obtained":[{"floor":5,"key":"DistilledChaos"},{"floor":6,"key":"FairyPotion"},{"floor":12,"key":"DistilledChaos"},{"floor":12,"key":"SteroidPotion"},{"floor":16,"key":"ColorlessPotion"},{"floor":25,"key":"CalmPotion"},{"floor":29,"key":"Regen Potion"},{"floor":39,"key":"Strength Potion"}],"is_trial":false,"path_per_floor":["M","M","?","M","M","E","R","E","T","M","R","?","M","?","R","B",null,"M","?","M","M","?","R","?","E","T","$","R","M","E","?","R","B",null,"M","M","M","M","M","R","M","R","T","?","M","$","?","E","R","B",null],"character_chosen":"THE_SENSHI","items_purchased":["theSenshi:MoonCrisisMakeUp","Blood Vial","Orrery","Trip","theSenshi:MoonPrincessHalation","War Paint","theSenshi:ChokerRelic","DollysMirror"],"campfire_rested":1,"item_purchase_floors":[0,0,0,0,27,27,27,46],"current_hp_per_floor":[42,44,26,27,24,13,13,9,9,18,40,40,34,39,39,17,80,80,80,80,63,70,70,70,64,64,64,87,87,59,47,73,68,87,55,50,57,55,62,62,64,64,64,64,67,67,56,80,80,21],"gold":141,"neow_bonus":"","is_daily":false,"chose_seed":false,"campfire_upgraded":8,"win_rate":0.0,"timestamp":1612103039,"path_taken":["M","M","?","M","M","E","R","E","T","M","R","?","?","?","R","BOSS","M","?","M","M","?","R","?","E","T","$","R","M","E","?","R","BOSS","M","?","M","M","M","R","M","R","T","?","M","$","?","E","R","BOSS"],"items_purchased_type":["Card","Relic","Relic","Card","Card","Relic","Relic","Relic"],"build_version":"2020-12-22","purchased_purges":2,"victory":true,"max_hp_per_floor":[75,75,75,75,75,75,75,75,75,75,75,75,75,80,80,80,80,80,80,80,80,87,87,87,87,87,87,87,87,87,87,87,87,87,87,87,87,87,87,87,87,87,87,87,87,87,87,87,87,87],"card_choices":[{"not_picked":["theSenshi:LunasBite","theSenshi:MoonTiaraMagic"],"picked":"theSenshi:MoonTwilightFlash","floor":0},{"not_picked":["theSenshi:SailorPlanetAttack","theSenshi:YouCanTalk"],"picked":"theSenshi:InTheNickOfTime","floor":0},{"not_picked":["theSenshi:SailorStarMakerAssists","theSenshi:GatheringStrength","theSenshi:MoonTiaraMagic"],"picked":"SKIP","floor":1},{"not_picked":["theSenshi:LateForSchool","theSenshi:MoonCosmicPowerMakeUp"],"picked":"theSenshi:MoonPrincessHalation","floor":2},{"not_picked":["theSenshi:TallSilhouette","theSenshi:LunasBite","theSenshi:MoonKick"],"picked":"SKIP","floor":4},{"not_picked":["theSenshi:TallSilhouette","theSenshi:MoonPunch","theSenshi:GatheringStrength"],"picked":"SKIP","floor":5},{"not_picked":["theSenshi:LunasBite","theSenshi:SilverMoonCrystalPowerKiss","theSenshi:OdangoHead"],"picked":"SKIP","floor":6},{"not_picked":["theSenshi:LateForSchool","theSenshi:SchoolBag"],"picked":"theSenshi:SaturnsMystery","floor":8},{"not_picked":["theSenshi:DramaticEntrance","theSenshi:SupersonicWaves","theSenshi:LunaWiseMentor"],"picked":"SKIP","floor":10},{"not_picked":["theSenshi:MoonTiaraMagic","theSenshi:PlutosSolemnity"],"picked":"theSenshi:HesSoDreamy","floor":11},{"not_picked":["theSenshi:InTheNickOfTime","theSenshi:TallSilhouette","theSenshi:SchoolBag"],"picked":"SKIP","floor":13},{"not_picked":["theSenshi:InTheNameOfTheMoon","theSenshi:FatedKiss+1"],"picked":"theSenshi:MoonGorgeousMeditation","floor":16},{"not_picked":["theSenshi:EncouragingSpeech","theSenshi:SchoolBag"],"picked":"theSenshi:SailorV","floor":18},{"not_picked":["theSenshi:LunasBite","theSenshi:SaturnsMystery","theSenshi:SailorMarsAssists"],"picked":"SKIP","floor":20},{"not_picked":["theSenshi:SchoolBag","theSenshi:MoonKick","theSenshi:TallSilhouette"],"picked":"SKIP","floor":21},{"not_picked":["theSenshi:TallSilhouette+1","theSenshi:EncouragingSpeech","theSenshi:Sidestep+1"],"picked":"SKIP","floor":25},{"not_picked":["theSenshi:SailorChibiMoonAssists","theSenshi:MoonTwilightFlash+1"],"picked":"theSenshi:MoonGorgeousMeditation","floor":29},{"not_picked":["theSenshi:PlutosSolemnity","theSenshi:InTheNickOfTime","theSenshi:OdangoHead+1"],"picked":"SKIP","floor":30},{"not_picked":["theSenshi:InTheNameOfTheMoon","theSenshi:JupitersPower"],"picked":"theSenshi:IWillPunishYou","floor":33},{"not_picked":["theSenshi:SailorUranusAssists","theSenshi:SailorVenusAssists","theSenshi:SchoolBag"],"picked":"SKIP","floor":35},{"not_picked":["theSenshi:MoonCrisisMakeUp+1","theSenshi:MoonKick","theSenshi:SailorMercuryAssists+1"],"picked":"SKIP","floor":36},{"not_picked":["theSenshi:SaturnsMystery+1","theSenshi:MoonPunch","theSenshi:SupersonicWaves"],"picked":"SKIP","floor":37},{"not_picked":["theSenshi:SaturnsMystery","theSenshi:SailorPlanetAttack+1","theSenshi:EncouragingSpeech+1"],"picked":"SKIP","floor":38},{"not_picked":["theSenshi:SteeledNerves+1","theSenshi:SchoolBag","theSenshi:LateForSchool"],"picked":"SKIP","floor":39},{"not_picked":["theSenshi:MoonKick","theSenshi:VenusGlamour","theSenshi:MoonsReflection"],"picked":"SKIP","floor":41},{"not_picked":["theSenshi:RainbowMoonHeartAche+1","theSenshi:SailorMarsAssists","theSenshi:Sidestep"],"picked":"SKIP","floor":45},{"not_picked":["theSenshi:LateForSchool","theSenshi:VenusGlamour+1","theSenshi:TallSilhouette+1"],"picked":"SKIP","floor":48}],"player_experience":424773,"relics_obtained":[{"floor":6,"key":"theSenshi:CrescentMoonWandRelic"},{"floor":8,"key":"Frozen Egg 2"},{"floor":9,"key":"Tea:ReiMu"},{"floor":25,"key":"Sundial"},{"floor":26,"key":"Meat on the Bone"},{"floor":30,"key":"HoshigumaDish"},{"floor":43,"key":"Letter Opener"},{"floor":48,"key":"White Beast Statue"}],"event_choices":[{"damage_healed":0,"gold_gain":0,"player_choice":"Take Damage","damage_taken":18,"relics_obtained":["Golden Idol"],"max_hp_gain":0,"max_hp_loss":0,"event_name":"Golden Idol","floor":3,"gold_loss":0},{"damage_healed":0,"gold_gain":0,"player_choice":"Got Potions","damage_taken":0,"max_hp_gain":0,"max_hp_loss":0,"event_name":"Lab","floor":12,"gold_loss":0},{"damage_healed":0,"gold_gain":0,"player_choice":"Donut","damage_taken":0,"max_hp_gain":5,"max_hp_loss":0,"event_name":"Big Fish","floor":14,"gold_loss":0},{"damage_healed":0,"gold_gain":0,"player_choice":"Gave Idol","damage_taken":0,"relics_obtained":["Bloody Idol"],"max_hp_gain":0,"max_hp_loss":0,"event_name":"Forgotten Altar","floor":19,"relics_lost":["Golden Idol"],"gold_loss":0},{"damage_healed":0,"gold_gain":0,"player_choice":"Opened","damage_taken":0,"relics_obtained":["Strawberry"],"max_hp_gain":0,"max_hp_loss":0,"event_name":"The Mausoleum","floor":22,"gold_loss":0},{"damage_healed":0,"gold_gain":0,"player_choice":"交出神酒","damage_taken":0,"max_hp_gain":0,"max_hp_loss":0,"event_name":"ZunEvent","floor":24,"relics_lost":["ZunR:ReiMu"],"gold_loss":0,"cards_obtained":["ZunPunch:ReiMu"]},{"damage_healed":0,"gold_gain":0,"player_choice":"CARD ","damage_taken":12,"max_hp_gain":0,"max_hp_loss":0,"event_name":"Knowing Skull","floor":31,"potions_obtained":[],"gold_loss":0,"cards_obtained":["Bandage Up"]},{"damage_healed":0,"gold_gain":0,"player_choice":"Ignored","damage_taken":0,"max_hp_gain":0,"max_hp_loss":0,"event_name":"Tomb of Lord Red Mask","floor":44,"gold_loss":0},{"damage_healed":0,"gold_gain":0,"player_choice":"Embrace Madness","damage_taken":11,"max_hp_gain":0,"max_hp_loss":0,"event_name":"Winding Halls","floor":47,"gold_loss":0,"cards_obtained":["Madness","Madness"]}],"is_beta":false,"boss_relics":[{"not_picked":["Calling Bell","Sozu"],"picked":"Philosopher\u0027s Stone"},{"not_picked":["Cursed Key","Snecko Eye"],"picked":"SlaversCollar"}],"items_purged_floors":[0,27],"is_endless":false,"potions_floor_spawned":[5,6,16,20,25,29,30,35,39,48],"ascension_level":0}}