{"host":"5e7lnmjco9qzk5dh","time":1612065741,"event":{"mods":["2.2 Compatiblity","AYAYA","AchievementEnabler","BaseMod","Colored Map","Colored Powertips","DeckTracker","Googly Eyes","Highlight Path","Minty Spire (QoL Compilation)","Permanent Neow","Quick Restart","Rare Cards Sparkle","StSLib","Unceasing Turn Reminder","everything is the same but u backflip on backflip","slay the spire mod where everything is the same but ironclad has a cowboy hat"],"gold_per_floor":[111,111,128,78,178,213,213,228,228,247,261,261,290,23,23,126,126,146,46,62,62,79,79,79],"floor_reached":23,"language":"ENG","playtime":1286,"items_purged":["Defend_B","Defend_B"],"score":251,"play_id":"62a23a05-5c9e-430d-aa2a-66c65d9db7e4","local_time":"20210130220221","is_ascension_mode":false,"campfire_choices":[{"data":"Zap","floor":7,"key":"SMITH"},{"data":"Dualcast","floor":12,"key":"SMITH"},{"data":"Glacier","floor":15,"key":"SMITH"}],"circlet_count":0,"master_deck":["Strike_B","Strike_B","Strike_B","Strike_B","Defend_B","Zap+1","Dualcast+1","Conserve Battery","Conserve Battery","Conserve Battery","Glacier+1","Hello World","Self Repair","Rainbow","Conserve Battery+1","Fusion+1"],"relics":["Cracked Core","NeowsBlessing","Sundial","HornCleat","Omamori","ClockworkSouvenir","Calling Bell","Happy Flower","Meat on the Bone","Incense Burner"],"acts_visited":["Exordium","TheCity"],"potions_floor_usage":[23,23,23],"damage_taken":[{"damage":0,"enemies":"Jaw Worm","floor":1,"turns":1},{"damage":0,"enemies":"Small Slimes","floor":3,"turns":1},{"damage":0,"enemies":"Lagavulin","floor":6,"turns":4},{"damage":0,"enemies":"2 Louse","floor":8,"turns":2},{"damage":0,"enemies":"Red Slaver","floor":10,"turns":3},{"damage":0,"enemies":"Blue Slaver","floor":11,"turns":3},{"damage":18,"enemies":"Gremlin Nob","floor":13,"turns":6},{"damage":24,"enemies":"Hexaghost","floor":16,"turns":11},{"damage":0,"enemies":"Spheric Guardian","floor":18,"turns":5},{"damage":0,"enemies":"Chosen","floor":20,"turns":5},{"damage":27,"enemies":"3 Cultists","floor":22,"turns":7},{"damage":63,"enemies":"Gremlin Leader","floor":23,"turns":8}],"seed_played":"8476715037020856667","potions_obtained":[{"floor":10,"key":"LiquidMemories"},{"floor":16,"key":"Swift Potion"},{"floor":20,"key":"PowerPotion"}],"is_trial":false,"path_per_floor":["M","?","M","?","?","E","R","M","T","M","M","R","E","$","R","B",null,"M","$","M","$","M","E"],"character_chosen":"DEFECT","items_purchased":["Self Repair","ClockworkSouvenir"],"campfire_rested":0,"item_purchase_floors":[14,14],"current_hp_per_floor":[75,80,80,80,80,80,80,80,80,80,80,80,62,62,62,45,80,80,80,80,80,60,0,0],"gold":79,"neow_bonus":"THREE_ENEMY_KILL","is_daily":false,"chose_seed":false,"campfire_upgraded":3,"win_rate":0.0,"timestamp":1612065741,"path_taken":["M","?","M","?","?","E","R","M","T","M","M","R","E","$","R","BOSS","M","$","M","$","M","E"],"items_purchased_type":["Card","Relic"],"build_version":"2020-12-22","purchased_purges":2,"victory":false,"max_hp_per_floor":[75,80,80,80,80,80,80,80,80,80,80,80,80,80,80,80,80,80,80,80,80,80,80,80],"card_choices":[{"not_picked":["Static Discharge","Streamline"],"picked":"Conserve Battery","floor":1},{"not_picked":["Compile Driver","Auto Shields"],"picked":"Conserve Battery","floor":3},{"not_picked":["Force Field","Turbo"],"picked":"Conserve Battery","floor":6},{"not_picked":["Coolheaded","Conserve Battery"],"picked":"Glacier","floor":8},{"not_picked":["Compile Driver","Genetic Algorithm"],"picked":"Hello World","floor":10},{"not_picked":["Compile Driver","Melter","Lockon"],"picked":"SKIP","floor":11},{"not_picked":["Glacier","Compile Driver","Rebound"],"picked":"SKIP","floor":13},{"not_picked":["Electrodynamics","Multi-Cast"],"picked":"Rainbow","floor":16},{"not_picked":["Ball Lightning","Rebound+1"],"picked":"Conserve Battery+1","floor":18},{"not_picked":["Stack","Rebound+1","Turbo+1"],"picked":"SKIP","floor":20},{"not_picked":["Static Discharge+1","Streamline"],"picked":"Fusion+1","floor":22}],"player_experience":48101,"relics_obtained":[{"floor":6,"key":"Sundial"},{"floor":9,"key":"HornCleat"},{"floor":13,"key":"Omamori"},{"floor":17,"key":"Happy Flower"},{"floor":17,"key":"Meat on the Bone"},{"floor":17,"key":"Incense Burner"}],"event_choices":[{"damage_healed":0,"gold_gain":0,"player_choice":"Donut","damage_taken":0,"max_hp_gain":5,"max_hp_loss":0,"event_name":"Big Fish","floor":2,"gold_loss":0},{"cards_removed":["Defend_B"],"damage_healed":0,"gold_gain":0,"player_choice":"Card Removal","damage_taken":0,"max_hp_gain":0,"max_hp_loss":0,"event_name":"The Cleric","floor":4,"gold_loss":50},{"damage_healed":0,"gold_gain":100,"player_choice":"Pray","damage_taken":0,"max_hp_gain":0,"max_hp_loss":0,"event_name":"Golden Shrine","floor":5,"gold_loss":0}],"is_beta":false,"boss_relics":[{"not_picked":["Runic Dome","Busted Crown"],"picked":"Calling Bell"}],"items_purged_floors":[14,19],"is_endless":false,"potions_floor_spawned":[3,10,16,20,22],"killed_by":"Gremlin Leader","ascension_level":0}}