{"host":"9kesdg97wkrx2bva","time":1612053875,"event":{"mods":["AchievementEnabler","BaseMod","Colored Map","GifTheSpireLib","Infinite Spire","Minty Spire (QoL Compilation)","Replay The Spire","StSLib"],"gold_per_floor":[119,119,148,73,73,73,100,100,177,177,205,218,229,264,264,264,264],"floor_reached":16,"language":"ENG","playtime":1316,"items_purged":["Strike_B"],"score":315,"play_id":"dd21565f-6043-49e5-9616-9c993d9c2a80","local_time":"20210130184435","is_ascension_mode":true,"campfire_choices":[{"data":"Deadly Poison","floor":6,"key":"SMITH"},{"floor":8,"key":"REST"},{"data":"Creative AI","floor":10,"key":"SMITH"},{"data":"Dualcast","floor":15,"key":"SMITH"}],"circlet_count":0,"master_deck":["AscendersBane","Strike_B+1","Strike_B","Strike_B","Defend_B","Defend_B","Defend_B+1","Defend_B","Dualcast+1","Ball Lightning","Deadly Poison+1","Coolheaded","Creative AI+1","Leap+1","Hologram+1","Leap+1","ReplayTheSpireMod:Calculation Training+1"],"relics":["NeowsBlessing","Ring of the Snake","infinitespire:Golems Mask","Chameleon Ring","Toxic Egg 2","Strawberry","Smiling Mask"],"acts_visited":["Exordium"],"potions_floor_usage":[16,16],"damage_taken":[{"damage":0,"enemies":"2 Louse","floor":1,"turns":1},{"damage":0,"enemies":"Gremlin Nob","floor":7,"turns":1},{"damage":0,"enemies":"Lagavulin","floor":11,"turns":1},{"damage":0,"enemies":"Jaw Worm","floor":12,"turns":3},{"damage":9,"enemies":"infinitespire:Voidling","floor":13,"turns":3},{"damage":2,"enemies":"Replay:BlueRogue","floor":14,"turns":11},{"damage":34,"enemies":"Hexaghost","floor":16,"turns":11}],"seed_played":"-9178237093783274054","potions_obtained":[{"floor":7,"key":"SpeedPotion"},{"floor":13,"key":"AttackPotion"}],"is_trial":false,"path_per_floor":["M","?","?","$","?","R","E","R","T","R","E","M","M","E","R","B"],"character_chosen":"DEFECT","items_purchased":[],"campfire_rested":1,"item_purchase_floors":[],"current_hp_per_floor":[64,64,36,36,15,15,15,36,36,36,43,43,34,32,32,0,0],"gold":264,"neow_bonus":"THREE_ENEMY_KILL","is_daily":false,"chose_seed":false,"campfire_upgraded":3,"win_rate":0.0,"timestamp":1612053875,"path_taken":["M","?","?","$","?","R","E","R","T","R","E","M","M","E","R","BOSS"],"items_purchased_type":[],"build_version":"2020-12-22","purchased_purges":1,"victory":false,"max_hp_per_floor":[71,71,71,71,71,71,71,71,71,71,78,78,78,78,78,78,78],"card_choices":[{"not_picked":["Steam","Stack"],"picked":"Ball Lightning","floor":1},{"not_picked":["Streamline","Panic Button"],"picked":"Coolheaded","floor":3},{"not_picked":["Heatsinks","Sweeping Beam"],"picked":"Creative AI","floor":7},{"not_picked":["Barrage","Turbo+1"],"picked":"Leap+1","floor":11},{"not_picked":["ReplaySort+1","Scrape"],"picked":"Hologram+1","floor":12},{"not_picked":["Barrage","Beam Cell"],"picked":"Leap+1","floor":13},{"not_picked":["Panic Button+1","Go for the Eyes"],"picked":"ReplayTheSpireMod:Calculation Training+1","floor":14}],"player_experience":989509,"relics_obtained":[{"floor":3,"key":"infinitespire:Golems Mask"},{"floor":7,"key":"Chameleon Ring"},{"floor":9,"key":"Toxic Egg 2"},{"floor":11,"key":"Strawberry"},{"floor":14,"key":"Smiling Mask"}],"event_choices":[{"damage_healed":0,"gold_gain":0,"player_choice":"Entered Light","damage_taken":21,"max_hp_gain":0,"max_hp_loss":0,"event_name":"Shining Light","floor":5,"gold_loss":0,"cards_upgraded":["Strike_B","Defend_B"]}],"is_beta":false,"boss_relics":[],"items_purged_floors":[4],"is_endless":false,"potions_floor_spawned":[7,13,14],"killed_by":"Hexaghost","ascension_level":18}}