{"host":"at8674jmuidj9jgx","time":1612092754,"event":{"mods":["AchievementEnabler","BaseMod","Colored Map","Colored Powertips","Minty Spire (QoL Compilation)","SuperFastMode"],"gold_per_floor":[114,127,138,138,150,160,192,192,192,225,225,300,314,314,314,411,411,423,443,476,500,86,86,86],"floor_reached":23,"language":"ENG","playtime":1169,"items_purged":["Cold Snap"],"score":201,"play_id":"4717dae7-a161-49c7-a875-5fcab600ce8e","local_time":"20210131143234","is_ascension_mode":false,"campfire_choices":[{"floor":8,"key":"REST"},{"floor":15,"key":"REST"}],"circlet_count":0,"master_deck":["Strike_B","Strike_B","Strike_B","Strike_B","Defend_B","Defend_B","Defend_B","Defend_B","Zap+1","Dualcast","Streamline","Streamline","Conserve Battery","Defragment","Doom and Gloom","Rebound","Reboot+1","Ball Lightning+1","Barrage","Darkness+1","Darkness+1"],"relics":["Velvet Choker","Pen Nib","Pocketwatch","Toxic Egg 2","Ice Cream","Lantern","Inserter","Red Mask","Potion Belt","Cauldron","Boot"],"acts_visited":["Exordium","TheCity"],"potions_floor_usage":[7,10,16,22,23,23,23],"damage_taken":[{"damage":1,"enemies":"Cultist","floor":1,"turns":3},{"damage":0,"enemies":"2 Louse","floor":2,"turns":3},{"damage":4,"enemies":"Jaw Worm","floor":3,"turns":3},{"damage":4,"enemies":"Exordium Wildlife","floor":5,"turns":3},{"damage":2,"enemies":"Blue Slaver","floor":6,"turns":2},{"damage":25,"enemies":"Gremlin Nob","floor":7,"turns":4},{"damage":23,"enemies":"Lagavulin","floor":10,"turns":4},{"damage":1,"enemies":"2 Fungi Beasts","floor":13,"turns":2},{"damage":28,"enemies":"The Guardian","floor":16,"turns":8},{"damage":5,"enemies":"Chosen","floor":18,"turns":3},{"damage":13,"enemies":"3 Byrds","floor":19,"turns":4},{"damage":30,"enemies":"Masked Bandits","floor":20,"turns":4},{"damage":47,"enemies":"Gremlin Leader","floor":23,"turns":3}],"seed_played":"4395043259118505697","potions_obtained":[{"floor":6,"key":"ColorlessPotion"},{"floor":7,"key":"SkillPotion"},{"floor":10,"key":"Block Potion"},{"floor":22,"key":"BlessingOfTheForge"},{"floor":22,"key":"Regen Potion"},{"floor":22,"key":"PotionOfCapacity"},{"floor":22,"key":"DistilledChaos"},{"floor":22,"key":"Fruit Juice"}],"is_trial":false,"path_per_floor":["M","M","M","?","M","M","E","R","T","E","?","?","M","T","R","B",null,"M","M","?","T","$","E"],"character_chosen":"DEFECT","items_purchased":["Cauldron","Darkness+1","Boot"],"campfire_rested":2,"item_purchase_floors":[22,22,22],"current_hp_per_floor":[74,74,70,70,66,64,39,61,61,38,20,9,8,8,30,2,75,70,57,27,27,32,0,0],"gold":86,"neow_bonus":"BOSS_RELIC","is_daily":false,"chose_seed":false,"campfire_upgraded":0,"win_rate":0.0,"timestamp":1612092754,"path_taken":["M","M","?","?","M","M","E","R","T","E","?","?","M","?","R","BOSS","M","?","?","?","?","E"],"items_purchased_type":["Relic","Card","Relic"],"build_version":"2020-12-22","purchased_purges":1,"victory":false,"max_hp_per_floor":[75,75,75,75,75,75,75,75,75,75,75,75,75,75,75,75,75,75,75,75,75,80,80,80],"card_choices":[{"not_picked":["Beam Cell","Sweeping Beam"],"picked":"Cold Snap","floor":1},{"not_picked":["Beam Cell","Gash"],"picked":"Streamline","floor":2},{"not_picked":["Hologram","Redo"],"picked":"Streamline","floor":3},{"not_picked":["Undo","Genetic Algorithm"],"picked":"Conserve Battery","floor":5},{"not_picked":["Barrage","Leap"],"picked":"Defragment","floor":6},{"not_picked":["Stack","Coolheaded"],"picked":"Doom and Gloom","floor":7},{"not_picked":["Streamline","Barrage","Heatsinks"],"picked":"SKIP","floor":10},{"not_picked":["Creative AI","Rip and Tear"],"picked":"Rebound","floor":13},{"not_picked":["Thunder Strike","Buffer"],"picked":"Reboot+1","floor":16},{"not_picked":["Cold Snap","Sweeping Beam"],"picked":"Ball Lightning+1","floor":18},{"not_picked":["Melter","Hello World"],"picked":"Barrage","floor":19},{"not_picked":["Streamline","Steam+1"],"picked":"Darkness+1","floor":20}],"player_experience":118531,"relics_obtained":[{"floor":7,"key":"Pen Nib"},{"floor":9,"key":"Pocketwatch"},{"floor":10,"key":"Toxic Egg 2"},{"floor":14,"key":"Lantern"},{"floor":20,"key":"Red Mask"},{"floor":21,"key":"Potion Belt"}],"event_choices":[{"damage_healed":0,"gold_gain":0,"player_choice":"Grow","damage_taken":0,"max_hp_gain":0,"max_hp_loss":0,"event_name":"Living Wall","floor":4,"gold_loss":0,"cards_upgraded":["Zap"]},{"damage_healed":0,"gold_gain":0,"player_choice":"Success","damage_taken":18,"relics_obtained":["Ice Cream"],"max_hp_gain":0,"max_hp_loss":0,"event_name":"Scrap Ooze","floor":11,"gold_loss":0},{"damage_healed":0,"gold_gain":75,"player_choice":"Gather Gold","damage_taken":11,"max_hp_gain":0,"max_hp_loss":0,"event_name":"World of Goop","floor":12,"gold_loss":0},{"damage_healed":0,"gold_gain":0,"player_choice":"Fought Bandits","damage_taken":0,"max_hp_gain":0,"max_hp_loss":0,"event_name":"Masked Bandits","floor":20,"gold_loss":0}],"is_beta":false,"boss_relics":[{"not_picked":["Calling Bell","Astrolabe"],"picked":"Inserter"}],"items_purged_floors":[22],"is_endless":false,"potions_floor_spawned":[6,7,10],"killed_by":"Gremlin Leader","ascension_level":0}}