{"host":"74rphcgmhz43g39u","time":1612098127,"event":{"mods":["BaseMod","Colored Powertips","Minty Spire (QoL Compilation)","Quick Restart","StSLib","The Animator"],"gold_per_floor":[119,119,44,56,71,71,97,117,172,172,185,201,201,215,215,294,344,358,178,201,251,86,115,115,131,131,131,145,145,159,184,184,184,184],"floor_reached":33,"language":"ZHS","playtime":1531,"items_purged":["Strike_R","Strike_R"],"score":574,"play_id":"e58cb33e-8505-493e-be2c-95e6f6499bf3","local_time":"20210131210207","is_ascension_mode":true,"campfire_choices":[{"data":"Armaments","floor":6.0,"key":"SMITH"},{"data":"Burning Pact","floor":10.0,"key":"SMITH"},{"data":"Pommel Strike","floor":13.0,"key":"SMITH"},{"floor":15.0,"key":"RECALL"},{"data":"Berserk","floor":24.0,"key":"SMITH"},{"floor":27.0,"key":"REST"},{"floor":32.0,"key":"REST"}],"circlet_count":0,"master_deck":["AscendersBane","Strike_R","Strike_R","Strike_R","Defend_R","Defend_R+1","Defend_R","Defend_R","Bash","Armaments+1","Shrug It Off","Burning Pact+1","Pommel Strike+1","Second Wind","Offering","Berserk+1","Whirlwind","Entrench","Feel No Pain","Feel No Pain","Power Through"],"relics":["Runic Dome","Letter Opener","Bronze Scales","Tiny House","Lee\u0027s Waffle","Oddly Smooth Stone","Darkstone Periapt","Orichalcum"],"acts_visited":[],"potions_floor_usage":[],"damage_taken":[{"damage":7.0,"enemies":"Jaw Worm","floor":1.0,"turns":3.0},{"damage":2.0,"enemies":"Cultist","floor":4.0,"turns":4.0},{"damage":0.0,"enemies":"Small Slimes","floor":5.0,"turns":5.0},{"damage":25.0,"enemies":"3 Sentries","floor":7.0,"turns":10.0},{"damage":4.0,"enemies":"2 Fungi Beasts","floor":8.0,"turns":3.0},{"damage":0.0,"enemies":"Exordium Wildlife","floor":11.0,"turns":5.0},{"damage":1.0,"enemies":"3 Louse","floor":12.0,"turns":3.0},{"damage":0.0,"enemies":"Looter","floor":14.0,"turns":3.0},{"damage":15.0,"enemies":"The Guardian","floor":16.0,"turns":11.0},{"damage":9.0,"enemies":"Spheric Guardian","floor":18.0,"turns":3.0},{"damage":59.0,"enemies":"Book of Stabbing","floor":23.0,"turns":7.0},{"damage":10.0,"enemies":"Shell Parasite","floor":25.0,"turns":9.0},{"damage":19.0,"enemies":"Chosen and Byrds","floor":28.0,"turns":4.0},{"damage":6.0,"enemies":"Centurion and Healer","floor":30.0,"turns":9.0},{"damage":15.0,"enemies":"Gremlin Leader","floor":31.0,"turns":10.0},{"damage":0,"enemies":"Champ","floor":33,"turns":1}],"seed_played":"-2369696731492124838","potions_obtained":[{"floor":2.0,"key":"DuplicationPotion"},{"floor":2.0,"key":"CultistPotion"},{"floor":12.0,"key":"GamblersBrew"},{"floor":17.0,"key":"HeartOfIron"},{"floor":28.0,"key":"EntropicBrew"}],"is_trial":false,"path_per_floor":["M","?","$","M","M","R","E","M","T","R","M","M","R","M","R","B",null,"M","$","T","?","$","E","R","M","T","R","M","?","M","E","R","B"],"character_chosen":"IRONCLAD","items_purchased":["Feel No Pain","Lee\u0027s Waffle"],"campfire_rested":2,"item_purchase_floors":[19,22],"current_hp_per_floor":[61,61,61,59,59,59,34,30,30,30,30,29,29,29,29,14,65,56,56,56,56,87,28,28,18,18,44,25,25,19,4,30,30,30],"gold":184,"neow_bonus":"BOSS_RELIC","is_daily":false,"chose_seed":false,"campfire_upgraded":4,"win_rate":0.0,"timestamp":1612098127,"path_taken":["M","?","?","M","M","R","E","?","T","R","M","M","R","M","R","BOSS","M","$","?","?","?","E","R","M","T","R","M","?","M","E","R","BOSS"],"items_purchased_type":["Card","Relic"],"build_version":"2020-12-22","purchased_purges":2,"victory":false,"max_hp_per_floor":[75,75,75,75,75,75,75,75,75,75,75,75,75,75,75,75,80,80,80,80,80,87,87,87,87,87,87,87,87,87,87,87,87,87],"card_choices":[{"not_picked":["Heavy Blade","Seeing Red"],"picked":"Armaments","floor":1.0},{"not_picked":["Anger","Carnage"],"picked":"Shrug It Off","floor":4.0},{"not_picked":["Thunderclap","Searing Blow"],"picked":"Burning Pact","floor":5.0},{"not_picked":["Cleave","Sever Soul"],"picked":"Pommel Strike","floor":7.0},{"not_picked":["Flex","Dark Embrace"],"picked":"Second Wind","floor":8.0},{"not_picked":["Dual Wield","Armaments","Seeing Red"],"picked":"SKIP","floor":11.0},{"not_picked":["Dual Wield","Armaments","Seeing Red"],"picked":"SKIP","floor":11.0},{"not_picked":["Dual Wield","Armaments","Seeing Red"],"picked":"SKIP","floor":11.0},{"not_picked":["Warcry","Perfected Strike","Cleave"],"picked":"SKIP","floor":12.0},{"not_picked":["Clothesline","Rupture"],"picked":"Offering","floor":14.0},{"not_picked":["Immolate","Demon Form"],"picked":"Berserk","floor":16.0},{"not_picked":["Sword Boomerang","Shockwave"],"picked":"Whirlwind","floor":17.0},{"not_picked":["Metallicize","Burning Pact"],"picked":"Entrench","floor":18.0},{"not_picked":["Headbutt","Dropkick+1","Flex"],"picked":"SKIP","floor":23.0},{"not_picked":["Clash","Warcry","Spot Weakness"],"picked":"SKIP","floor":25.0},{"not_picked":["Headbutt","Perfected Strike"],"picked":"Feel No Pain","floor":28.0},{"not_picked":["Metallicize","Sever Soul","Perfected Strike"],"picked":"SKIP","floor":30.0},{"not_picked":["Blood for Blood","Pommel Strike","True Grit"],"picked":"SKIP","floor":31.0}],"player_experience":643549,"relics_obtained":[{"floor":7.0,"key":"Letter Opener"},{"floor":9.0,"key":"Bronze Scales"},{"floor":23.0,"key":"Oddly Smooth Stone"},{"floor":26.0,"key":"Darkstone Periapt"},{"floor":31.0,"key":"Orichalcum"}],"event_choices":[{"damage_healed":0.0,"max_hp_gain":0.0,"max_hp_loss":0.0,"gold_gain":0.0,"event_name":"Lab","player_choice":"Got Potions","floor":2.0,"gold_loss":0.0,"damage_taken":0.0},{"damage_healed":0.0,"max_hp_gain":0.0,"max_hp_loss":0.0,"gold_gain":50.0,"event_name":"Nest","player_choice":"Stole From Cult","floor":21.0,"gold_loss":0.0,"damage_taken":0.0},{"damage_healed":0.0,"max_hp_gain":0.0,"max_hp_loss":0.0,"gold_gain":0.0,"event_name":"The Library","player_choice":"Read","floor":29.0,"gold_loss":0.0,"damage_taken":0.0,"cards_obtained":["Power Through"]}],"is_beta":false,"boss_relics":[{"not_picked":["Black Star","SlaversCollar"],"picked":"Tiny House"}],"items_purged_floors":[3,19],"is_endless":false,"potions_floor_spawned":[4,12,14,23,28],"killed_by":"Champ","ascension_level":20}}