{"host":"obza8r4x8ovwwhn2","time":1612127453,"event":{"mods":["BaseMod","Beaked The Cultist","BetterRewards","Colored Map","Downfall","Highlight Path","Infinite Spire","Minty Spire (QoL Compilation)","Permanent Neow","Quick Restart","StSLib","SuperFastMode"],"gold_per_floor":[111,111,131,149,159,159,190,33,58,75,107,122,154,154,154,250,250,266,286,21,21,21,21,52,70,93,128,148,148,182,182,182,278,278,293,293,311,330,330,358,358,385,412,442,442,442],"floor_reached":45,"language":"ENG","playtime":1644,"items_purged":["Strike_G","Decay"],"score":766,"play_id":"7d281a7d-fb3c-46e3-921c-5a127119697d","local_time":"20210131131053","is_ascension_mode":true,"campfire_choices":[{"data":"Cloak And Dagger","floor":6,"key":"SMITH"},{"data":"Infinite Blades","floor":15,"key":"SMITH"},{"data":"Apotheosis","floor":23,"key":"SMITH"},{"floor":29,"key":"REST"},{"floor":32,"key":"RECALL"}],"circlet_count":0,"master_deck":["Strike_G","Strike_G","Defend_G","Defend_G","Defend_G","Defend_G","Survivor","Neutralize","Dodge and Roll","Cloak And Dagger+1","Accuracy","Cloak And Dagger","Infinite Blades+1","Sucker Punch","Blade Dance","Accuracy","Adrenaline","Accuracy","Noxious Fumes","Apotheosis+1","Crippling Poison","After Image","Accuracy","infinitespire:Execution","Backstab+1","Blade Dance"],"relics":["Ring of the Snake","NeowsBlessing","NlothsMask","Snake Skull","Oddly Smooth Stone","Juzu Bracelet","InkBottle","Runic Dome","MutagenicStrength","Bag of Preparation","Bronze Scales","infinitespire:Bottled Soul","Empty Cage","bronze:MakeshiftBattery","Gremlin Horn","Eternal Feather","Smiling Mask","Pear"],"acts_visited":["Exordium","TheCity","TheBeyond"],"potions_floor_usage":[7,11,19,27,27,33,45],"damage_taken":[{"damage":0,"enemies":"Jaw Worm","floor":1,"turns":1},{"damage":0,"enemies":"Cultist","floor":3,"turns":1},{"damage":0,"enemies":"Small Slimes","floor":4,"turns":1},{"damage":4,"enemies":"Gremlin Gang","floor":5,"turns":5},{"damage":10,"enemies":"3 Sentries","floor":7,"turns":10},{"damage":0,"enemies":"3 Louse","floor":10,"turns":4},{"damage":14,"enemies":"Gremlin Nob","floor":11,"turns":4},{"damage":7,"enemies":"Looter","floor":12,"turns":3},{"damage":0,"enemies":"Lagavulin","floor":13,"turns":5},{"damage":1,"enemies":"Hexaghost","floor":16,"turns":7},{"damage":7,"enemies":"Chosen","floor":18,"turns":4},{"damage":5,"enemies":"3 Byrds","floor":19,"turns":4},{"damage":15,"enemies":"Gremlin Leader","floor":24,"turns":6},{"damage":0,"enemies":"3 Cultists","floor":25,"turns":4},{"damage":29,"enemies":"Slavers","floor":27,"turns":4},{"damage":10,"enemies":"Chosen and Byrds","floor":28,"turns":3},{"damage":9,"enemies":"Gremlin Leader","floor":30,"turns":4},{"damage":0,"enemies":"Collector","floor":33,"turns":4},{"damage":0,"enemies":"Orb Walker","floor":35,"turns":3},{"damage":30,"enemies":"3 Darklings","floor":37,"turns":5},{"damage":0,"enemies":"Transient","floor":38,"turns":5},{"damage":15,"enemies":"Reptomancer","floor":40,"turns":4},{"damage":0,"enemies":"Giant Head","floor":42,"turns":3},{"damage":8,"enemies":"beaked:SuperParasite","floor":44,"turns":4},{"damage":0,"enemies":"infinitespire:Three Voidlings","floor":45,"turns":1},{"damage":62,"enemies":"Nightmare_Alpha","floor":45,"turns":4}],"seed_played":"3018634220159259427","potions_obtained":[{"floor":3,"key":"Energy Potion"},{"floor":4,"key":"Explosive Potion"},{"floor":10,"key":"Weak Potion"},{"floor":13,"key":"Regen Potion"},{"floor":16,"key":"SkillPotion"},{"floor":25,"key":"Weak Potion"},{"floor":27,"key":"LiquidMemories"},{"floor":28,"key":"PowerPotion"},{"floor":33,"key":"Explosive Potion"},{"floor":35,"key":"PowerPotion"}],"is_trial":false,"path_per_floor":["M","?","M","M","M","R","E","$","T","M","E","M","E","?","R","B",null,"M","M","$","?","?","R","E","M","T","E","M","R","E","AVR","R","B",null,"M","?","M","M","?","E","?","E","T","E","?"],"character_chosen":"THE_SILENT","items_purchased":["Oddly Smooth Stone","Apotheosis"],"campfire_rested":1,"item_purchase_floors":[8,20],"current_hp_per_floor":[70,70,70,70,66,66,56,56,56,56,42,35,35,35,35,34,70,63,58,58,58,58,58,43,43,43,26,16,37,28,28,28,28,70,70,53,23,23,23,8,58,58,58,60,0,0],"gold":442,"neow_bonus":"THREE_ENEMY_KILL","is_daily":false,"chose_seed":false,"campfire_upgraded":3,"win_rate":0.0,"timestamp":1612127453,"path_taken":["M","?","M","M","M","R","E","$","T","?","E","M","E","?","R","BOSS","M","M","$","?","?","R","E","M","T","E","M","R","E","AVR","R","BOSS","M","?","M","M","?","E","?","E","T","E","?"],"items_purchased_type":["Relic","Card"],"build_version":"2020-12-22","purchased_purges":2,"victory":false,"max_hp_per_floor":[70,70,70,70,70,70,70,70,70,70,70,70,70,70,70,70,70,70,70,70,70,70,70,70,70,70,70,70,70,70,70,70,70,70,70,70,70,70,66,66,58,58,58,68,68,68],"card_choices":[{"not_picked":["Deflect","Bane"],"picked":"Dodge and Roll","floor":1},{"not_picked":["Catalyst","Choke"],"picked":"Cloak And Dagger","floor":3},{"not_picked":["Predator","Backflip"],"picked":"Accuracy","floor":4},{"not_picked":["Backstab","Deflect"],"picked":"Cloak And Dagger","floor":5},{"not_picked":["Prepared","Deflect"],"picked":"Infinite Blades","floor":7},{"not_picked":["Backstab","Outmaneuver"],"picked":"Sucker Punch","floor":10},{"not_picked":["Deadly Poison","Deflect"],"picked":"Blade Dance","floor":11},{"not_picked":["Bouncing Flask","Flying Knee"],"picked":"Accuracy","floor":12},{"not_picked":["Noxious Fumes","Acrobatics","Reflex"],"picked":"SKIP","floor":13},{"not_picked":["Envenom","Tools of the Trade"],"picked":"Adrenaline","floor":16},{"not_picked":["Underhanded Strike","PiercingWail"],"picked":"Accuracy","floor":18},{"not_picked":["Backflip","Expertise"],"picked":"Noxious Fumes","floor":19},{"not_picked":["Outmaneuver","Calculated Gamble","Dagger Throw"],"picked":"SKIP","floor":24},{"not_picked":["Heel Hook+1","Acrobatics+1","Deadly Poison"],"picked":"SKIP","floor":25},{"not_picked":["Slice","Endless Agony+1","Backflip"],"picked":"SKIP","floor":27},{"not_picked":["Dagger Throw","Sucker Punch","Dash"],"picked":"SKIP","floor":28},{"not_picked":["Glass Knife","Distraction+1"],"picked":"Crippling Poison","floor":30},{"not_picked":["Tools of the Trade","Burst"],"picked":"After Image","floor":33},{"not_picked":["Sucker Punch","Well Laid Plans"],"picked":"Accuracy","floor":35},{"not_picked":["infinitespire:SealOfDarkness+","infinitespire:SevenWalls"],"picked":"infinitespire:Execution","floor":36},{"not_picked":["Flying Knee+1","Underhanded Strike","Deadly Poison+1"],"picked":"SKIP","floor":37},{"not_picked":["Deflect","Riddle With Holes+1","Outmaneuver+1"],"picked":"SKIP","floor":38},{"not_picked":["Poisoned Stab","Dagger Throw+1"],"picked":"Backstab+1","floor":40},{"not_picked":["Bane+1","Deadly Poison+1"],"picked":"Blade Dance","floor":42},{"not_picked":["Deflect","Unload","Venomology"],"picked":"SKIP","floor":44}],"player_experience":624720,"relics_obtained":[{"floor":7,"key":"Snake Skull"},{"floor":11,"key":"Juzu Bracelet"},{"floor":13,"key":"InkBottle"},{"floor":24,"key":"Bag of Preparation"},{"floor":27,"key":"Bronze Scales"},{"floor":30,"key":"infinitespire:Bottled Soul"},{"floor":40,"key":"Gremlin Horn"},{"floor":42,"key":"Eternal Feather"},{"floor":43,"key":"Smiling Mask"},{"floor":44,"key":"Pear"}],"event_choices":[{"damage_healed":0,"gold_gain":0,"player_choice":"Trade","damage_taken":0,"relics_obtained":["NlothsMask"],"max_hp_gain":0,"max_hp_loss":0,"event_name":"FaceTrader","floor":2,"gold_loss":0},{"cards_removed":["Strike_G"],"damage_healed":0,"gold_gain":0,"player_choice":"Card Removal","damage_taken":0,"max_hp_gain":0,"max_hp_loss":0,"event_name":"Wheel of Change","floor":14,"gold_loss":0},{"damage_healed":0,"gold_gain":0,"player_choice":"Inject Mutagens","damage_taken":0,"relics_obtained":["MutagenicStrength"],"max_hp_gain":0,"max_hp_loss":0,"event_name":"Drug Dealer","floor":21,"gold_loss":0},{"damage_healed":0,"gold_gain":0,"player_choice":"Cursed","damage_taken":0,"max_hp_gain":0,"max_hp_loss":0,"event_name":"Wheel of Change","floor":22,"gold_loss":0,"cards_obtained":["Decay"]},{"damage_healed":0,"gold_gain":0,"player_choice":"Max HP","damage_taken":0,"max_hp_gain":0,"max_hp_loss":4,"event_name":"Winding Halls","floor":39,"gold_loss":0},{"damage_healed":58,"gold_gain":0,"player_choice":"Heal","damage_taken":0,"max_hp_gain":0,"max_hp_loss":8,"event_name":"The Moai Head","floor":41,"gold_loss":0}],"is_beta":false,"boss_relics":[{"not_picked":["Ring of the Serpent","Ectoplasm"],"picked":"Runic Dome"},{"not_picked":["Calling Bell","Tiny House"],"picked":"bronze:MakeshiftBattery"}],"items_purged_floors":[20,31],"is_endless":false,"potions_floor_spawned":[3,4,10,13,16,25,27,28,33,35,37,42],"killed_by":"Nightmare_Alpha","ascension_level":1}}