{"host":"ordk2y2ebcetabk6","time":1612137397,"event":{"mods":["AlwaysNeverKeys","BaseMod","Better Debug","Colored Map","Colored Powertips","Dark Map","Highlight Path","Minty Spire (QoL Compilation)","Morshu Shopkeeper","Permanent Neow","Rare Cards Sparkle","Spire Arcade","StSLib","The Widow"],"gold_per_floor":[109,34,34,49,49,83,103,132,132,164,164,64,79,79,79,187,187,197,197,220,232,245,245,259,317,338,350,378,390,277,288,288,401,401,419,78,78,78,96,96,125,125,125,158,171,0,19,28,28,28,28],"floor_reached":50,"language":"ENG","playtime":1269,"items_purged":["theWidow:StrikeWidow","theWidow:StrikeWidow","Pain"],"score":545,"play_id":"2735eeb1-e599-48ba-83e5-f5ddd4b6f035","local_time":"20210131165637","is_ascension_mode":false,"campfire_choices":[{"data":"theWidow:LaserRay","floor":15.0,"key":"SMITH"},{"data":"theWidow:BlackVenom","floor":23.0,"key":"SMITH"},{"data":"theWidow:RotaryBlade","floor":27.0,"key":"SMITH"},{"data":"theWidow:LaserRay+1","floor":29.0,"key":"SMITH"},{"data":"theWidow:RotaryBlade+1","floor":32.0,"key":"SMITH"},{"data":"Sadistic Nature","floor":40.0,"key":"SMITH"},{"floor":42.0,"key":"REST"},{"floor":49,"key":"REST"}],"circlet_count":0,"master_deck":["theWidow:DefendWidow","theWidow:DefendWidow","theWidow:DefendWidow","theWidow:Steelweave","theWidow:StringShot","theWidow:InForTheKill+1","theWidow:RotaryBlade+2","theWidow:LaserRay+2","theWidow:BlackVenom+1","theWidow:Toxic","theWidow:HydraulicLimbs","Sadistic Nature+1","theWidow:SludgeWave+1","Writhe"],"relics":["Black Star","CeramicFish","Question Card","Whetstone","Lantern","Mercury Hourglass","Anchor","Bag of Marbles","Cursed Key","MawBank","Shuriken","Empty Cage","HandDrill","Happy Flower","Bronze Scales","Smiling Mask","StrikeDummy","Red Mask"],"acts_visited":["Exordium","TheCity","TheBeyond"],"potions_floor_usage":[44,50,50,50],"damage_taken":[{"damage":0.0,"enemies":"Jaw Worm","floor":1.0,"turns":6.0},{"damage":0.0,"enemies":"2 Louse","floor":4.0,"turns":2.0},{"damage":23.0,"enemies":"Lagavulin","floor":6.0,"turns":9.0},{"damage":1.0,"enemies":"Small Slimes","floor":7.0,"turns":3.0},{"damage":27.0,"enemies":"3 Sentries","floor":8.0,"turns":10.0},{"damage":5.0,"enemies":"Gremlin Nob","floor":10.0,"turns":4.0},{"damage":0.0,"enemies":"Exordium Thugs","floor":13.0,"turns":2.0},{"damage":12.0,"enemies":"Hexaghost","floor":16.0,"turns":6.0},{"damage":4.0,"enemies":"3 Byrds","floor":18.0,"turns":5.0},{"damage":4.0,"enemies":"Shell Parasite","floor":20.0,"turns":3.0},{"damage":0.0,"enemies":"Centurion and Healer","floor":21.0,"turns":3.0},{"damage":0.0,"enemies":"Chosen and Byrds","floor":22.0,"turns":2.0},{"damage":1.0,"enemies":"Snake Plant","floor":24.0,"turns":2.0},{"damage":4.0,"enemies":"Cultist and Chosen","floor":28.0,"turns":5.0},{"damage":0.0,"enemies":"3 Cultists","floor":31.0,"turns":3.0},{"damage":2.0,"enemies":"Automaton","floor":33.0,"turns":3.0},{"damage":7.0,"enemies":"3 Darklings","floor":35.0,"turns":6.0},{"damage":5.0,"enemies":"3 Shapes","floor":39.0,"turns":3.0},{"damage":35.0,"enemies":"Reptomancer","floor":41.0,"turns":4.0},{"damage":11,"enemies":"Nemesis","floor":44,"turns":5},{"damage":10,"enemies":"3 Darklings","floor":45,"turns":4},{"damage":0,"enemies":"Jaw Worm Horde","floor":47,"turns":2},{"damage":72,"enemies":"Awakened One","floor":50,"turns":5}],"seed_played":"3672558267270505785","potions_obtained":[{"floor":1.0,"key":"Swift Potion"},{"floor":6.0,"key":"Block Potion"},{"floor":8.0,"key":"ColorlessPotion"},{"floor":16.0,"key":"Weak Potion"},{"floor":20.0,"key":"AttackPotion"},{"floor":21.0,"key":"DuplicationPotion"},{"floor":31.0,"key":"GamblersBrew"},{"floor":35.0,"key":"Strength Potion"},{"floor":39.0,"key":"SneckoOil"},{"floor":45,"key":"Fire Potion"},{"floor":47,"key":"DuplicationPotion"}],"is_trial":false,"path_per_floor":["M","$","?","M","?","E","M","E","T","E","?","$","M","?","R","B",null,"M","$","M","M","M","R","M","T","T","R","M","R","$","M","R","B",null,"M","$","?","?","M","R","E","R","T","E","M","?","M","?","R","B"],"character_chosen":"THE_WIDOW","items_purchased":["HandDrill","Sadistic Nature"],"campfire_rested":2,"item_purchase_floors":[36,36],"current_hp_per_floor":[75,75,75,75,75,52,51,29,29,24,24,24,24,24,24,12,75,71,71,67,67,67,67,66,66,66,66,62,62,62,62,62,60,75,68,68,68,68,63,63,28,50,50,39,29,29,29,48,70,0,0],"gold":28,"neow_bonus":"BOSS_RELIC","is_daily":false,"chose_seed":false,"campfire_upgraded":6,"win_rate":0.0,"timestamp":1612137397,"path_taken":["M","$","?","M","?","E","M","E","T","E","?","$","?","?","R","BOSS","M","$","?","?","M","R","M","?","T","R","M","R","$","M","R","BOSS","M","$","?","?","?","R","E","R","T","E","M","?","M","?","R","BOSS"],"items_purchased_type":["Relic","Card"],"build_version":"2020-12-22","purchased_purges":3,"victory":false,"max_hp_per_floor":[75,75,75,75,75,75,75,75,75,75,75,75,75,75,75,75,75,75,75,75,75,75,75,75,75,75,75,75,75,75,75,75,75,75,75,75,75,75,75,75,75,75,75,75,75,75,75,75,75,75,75],"card_choices":[{"not_picked":["theWidow:DischargeBattery","theWidow:Cocoon"],"picked":"theWidow:InForTheKill","floor":1.0},{"not_picked":["theWidow:MetalBurrs","theWidow:Weld"],"picked":"theWidow:RotaryBlade","floor":4.0},{"not_picked":["theWidow:Harden","theWidow:BackupBattery","theWidow:SelfImprovement"],"picked":"SKIP","floor":6.0},{"not_picked":["theWidow:Silkshield","theWidow:ExplosiveKick","theWidow:Underfoot"],"picked":"theWidow:LaserRay","floor":7.0},{"not_picked":["theWidow:Ambush","theWidow:Meltdown","theWidow:ImprobabilityDrive2","theWidow:SadisticIntent"],"picked":"SKIP","floor":8.0},{"not_picked":["theWidow:Desperation","theWidow:RocketDash","theWidow:FusionScythe2","theWidow:DischargeBattery"],"picked":"SKIP","floor":10.0},{"not_picked":["theWidow:Salvage","theWidow:ImprovisedExplosive","theWidow:Ironthread","theWidow:Silkshield"],"picked":"SKIP","floor":13.0},{"not_picked":["theWidow:FiberglassDagger","theWidow:OmniCannon","theWidow:Distill2"],"picked":"theWidow:BlackVenom","floor":16.0},{"not_picked":["theWidow:Hide+1","theWidow:Scrapper2","theWidow:Stinger","theWidow:RocketDash"],"picked":"SKIP","floor":18.0},{"not_picked":["theWidow:Desperation+1","theWidow:Restock+1","theWidow:GeminiBot"],"picked":"theWidow:Toxic","floor":20.0},{"not_picked":["theWidow:RotaryBlade","theWidow:ExplosiveKick","theWidow:Chemistry","theWidow:Grenadier+1"],"picked":"SKIP","floor":21.0},{"not_picked":["theWidow:MetalBurrs","theWidow:Stinger","theWidow:Exploit+1","theWidow:FusionScythe2"],"picked":"SKIP","floor":22.0},{"not_picked":["theWidow:Nanobots","theWidow:LinkUp+1","theWidow:Grenadier","theWidow:RocketDash"],"picked":"SKIP","floor":24.0},{"not_picked":["theWidow:Salvage","theWidow:SearingBlade","theWidow:Chemistry","theWidow:BioInformatics+1"],"picked":"SKIP","floor":28.0},{"not_picked":["theWidow:Exploit","theWidow:Nanobots+1","theWidow:LinkUp","theWidow:Ironthread"],"picked":"SKIP","floor":31.0},{"not_picked":["theWidow:OmniCannon","theWidow:Injection","theWidow:FusionScythe2"],"picked":"theWidow:HydraulicLimbs","floor":33.0},{"not_picked":["theWidow:LaserRay+1","theWidow:SludgeWave+1","theWidow:Neurojack+1","theWidow:Desperation+1"],"picked":"SKIP","floor":35.0},{"not_picked":["theWidow:Nanobots+1","theWidow:Hide+1","theWidow:BioInformatics+1","theWidow:RocketDash"],"picked":"SKIP","floor":39.0},{"not_picked":["theWidow:MetalBurrs","theWidow:LaserDrone+1","theWidow:Stinger+1","theWidow:Nanobots+1"],"picked":"SKIP","floor":41.0},{"not_picked":["theWidow:Underfoot","theWidow:Silkshield","theWidow:Toxic+1","theWidow:Lair"],"picked":"SKIP","floor":44},{"not_picked":["theWidow:Nanobots+1","theWidow:Weaving+1","theWidow:Refine+1","theWidow:GeminiBot"],"picked":"SKIP","floor":45},{"not_picked":["theWidow:SpiderDance+1","theWidow:ImprovisedExplosive","theWidow:BackupBattery+1"],"picked":"theWidow:SludgeWave+1","floor":47}],"player_experience":933485,"relics_obtained":[{"floor":6.0,"key":"CeramicFish"},{"floor":6.0,"key":"Question Card"},{"floor":8.0,"key":"Whetstone"},{"floor":8.0,"key":"Lantern"},{"floor":9.0,"key":"Mercury Hourglass"},{"floor":10.0,"key":"Anchor"},{"floor":10.0,"key":"Bag of Marbles"},{"floor":25.0,"key":"MawBank"},{"floor":26.0,"key":"Shuriken"},{"floor":41.0,"key":"Happy Flower"},{"floor":41.0,"key":"Bronze Scales"},{"floor":44,"key":"Smiling Mask"},{"floor":44,"key":"StrikeDummy"}],"event_choices":[{"cards_removed":["theWidow:StrikeWidow"],"damage_healed":0.0,"max_hp_gain":0.0,"max_hp_loss":0.0,"gold_gain":0.0,"event_name":"Living Wall","player_choice":"Forget","floor":3.0,"gold_loss":0.0,"damage_taken":0.0},{"cards_removed":["theWidow:StrikeWidow"],"damage_healed":0.0,"max_hp_gain":0.0,"max_hp_loss":0.0,"gold_gain":0.0,"event_name":"Purifier","player_choice":"Purged","floor":11.0,"gold_loss":0.0,"damage_taken":0.0},{"cards_removed":["theWidow:StrikeWidow"],"damage_healed":0.0,"max_hp_gain":0.0,"max_hp_loss":0.0,"gold_gain":0.0,"event_name":"Bonfire Elementals","player_choice":"Offered Basic","floor":14.0,"gold_loss":0.0,"damage_taken":0.0},{"damage_healed":0.0,"max_hp_gain":0.0,"max_hp_loss":0.0,"gold_gain":0.0,"event_name":"Mysterious Sphere","player_choice":"Ignored","floor":37.0,"gold_loss":0.0,"damage_taken":0.0},{"damage_healed":0.0,"max_hp_gain":0.0,"max_hp_loss":0.0,"gold_gain":0.0,"event_name":"Match and Keep!","player_choice":"0 cards matched","floor":38.0,"gold_loss":0.0,"damage_taken":0.0,"cards_obtained":[]},{"damage_healed":0,"gold_gain":0,"player_choice":"Paid","damage_taken":0,"relics_obtained":["Red Mask"],"max_hp_gain":0,"max_hp_loss":0,"event_name":"Tomb of Lord Red Mask","floor":46,"gold_loss":171},{"damage_healed":19,"gold_gain":0,"player_choice":"Writhe","damage_taken":0,"max_hp_gain":0,"max_hp_loss":0,"event_name":"Winding Halls","floor":48,"gold_loss":0,"cards_obtained":["Writhe"]}],"is_beta":false,"boss_relics":[{"not_picked":["Coffee Dripper","Snecko Eye"],"picked":"Cursed Key"},{"not_picked":["SlaversCollar","Tiny House"],"picked":"Empty Cage"}],"items_purged_floors":[2,12,30],"is_endless":false,"potions_floor_spawned":[1,6,8,16,20,21,31,35,39,45,47],"killed_by":"Awakened One","ascension_level":0}}