{"host":"at5b10nm0iti0w4x","time":1612128431,"event":{"mods":["AchievementEnabler","BaseMod","Bestiary","Block Reminder","Colored Map","Colored Powertips","Highlight Path","Keyboard Shortcuts","Minty Spire (QoL Compilation)","Relic Stats","StSLib","SuperFastMode"],"gold_per_floor":[115,126,146,146,15,15,15,15,15,46,60,60,94,106,106,211,211,226,226,246,246,261,261,288,14,37,65,65,65,77,92,92,92,92],"floor_reached":33,"language":"ENG","playtime":1214,"items_purged":[],"score":320,"play_id":"b5d35855-cf41-438d-b297-d790925b753a","local_time":"20210131162711","is_ascension_mode":false,"campfire_choices":[{"data":"Inflame","floor":6,"key":"SMITH"},{"data":"Shrug It Off","floor":8,"key":"SMITH"},{"data":"Rampage","floor":15,"key":"SMITH"},{"floor":23,"key":"REST"},{"floor":28,"key":"REST"},{"floor":32,"key":"REST"}],"circlet_count":0,"master_deck":["Strike_R","Strike_R","Strike_R","Strike_R","Defend_R","Defend_R","Defend_R","Defend_R","Bash","Thunderclap+1","Shrug It Off","Cleave","Shrug It Off+1","Inflame+1","Demon Form+1","Rampage+1","Battle Trance","Offering","Heavy Blade","Iron Wave","Whirlwind+1","Disarm","Impervious"],"relics":["Burning Blood","NeowsBlessing","Sundial","Nunchaku","Matryoshka","Torii","Black Star","Strawberry","Bag of Preparation","Paper Frog","Chemical X","Bottled Flame","Centennial Puzzle","Shuriken","Whetstone","Nilry\u0027s Codex"],"acts_visited":["Exordium","TheCity"],"potions_floor_usage":[18,22,27,27,33],"damage_taken":[{"damage":0,"enemies":"Cultist","floor":1,"turns":1},{"damage":0,"enemies":"2 Louse","floor":2,"turns":1},{"damage":0,"enemies":"Jaw Worm","floor":3,"turns":1},{"damage":26,"enemies":"Gremlin Nob","floor":10,"turns":5},{"damage":0,"enemies":"Large Slime","floor":11,"turns":6},{"damage":23,"enemies":"3 Sentries","floor":13,"turns":6},{"damage":0,"enemies":"3 Louse","floor":14,"turns":2},{"damage":22,"enemies":"Slime Boss","floor":16,"turns":7},{"damage":25,"enemies":"3 Byrds","floor":18,"turns":4},{"damage":1,"enemies":"Chosen","floor":20,"turns":6},{"damage":37,"enemies":"3 Cultists","floor":22,"turns":5},{"damage":45,"enemies":"Gremlin Leader","floor":24,"turns":7},{"damage":24,"enemies":"Slavers","floor":27,"turns":3},{"damage":8,"enemies":"Snake Plant","floor":30,"turns":3},{"damage":7,"enemies":"Chosen and Byrds","floor":31,"turns":4},{"damage":44,"enemies":"Automaton","floor":33,"turns":6}],"seed_played":"-6682995291016093304","potions_obtained":[{"floor":1,"key":"AttackPotion"},{"floor":10,"key":"BlessingOfTheForge"},{"floor":13,"key":"SkillPotion"},{"floor":14,"key":"EssenceOfSteel"},{"floor":20,"key":"PowerPotion"},{"floor":30,"key":"SpeedPotion"},{"floor":31,"key":"ColorlessPotion"}],"is_trial":false,"path_per_floor":["M","M","M","?","$","R","?","R","T","E","M","?","E","M","R","B",null,"M","?","M","?","M","R","E","$","T","E","R","?","M","M","R","B"],"character_chosen":"IRONCLAD","items_purchased":["Shrug It Off","Inflame","Chemical X","Whirlwind","PowerPotion"],"campfire_rested":3,"item_purchase_floors":[5,5,25,25,25],"current_hp_per_floor":[80,80,80,73,73,73,70,70,70,50,56,56,39,45,45,29,80,61,68,73,73,42,68,29,29,29,11,37,21,19,18,44,0,0],"gold":92,"neow_bonus":"THREE_ENEMY_KILL","is_daily":false,"chose_seed":false,"campfire_upgraded":3,"win_rate":0.0,"timestamp":1612128431,"path_taken":["M","M","?","?","$","R","?","R","T","E","M","?","E","M","R","BOSS","M","?","M","?","M","R","E","$","T","E","R","?","?","M","R","BOSS"],"items_purchased_type":["Card","Card","Relic","Card","Potion"],"build_version":"2020-12-22","purchased_purges":0,"victory":false,"max_hp_per_floor":[80,80,80,80,80,80,80,80,80,80,80,80,80,80,80,80,80,80,87,87,87,87,87,87,87,87,87,87,87,87,87,87,87,87],"relic_stats":{"Nunchaku":[9],"Centennial Puzzle":[12],"Torii":25,"counters":[16,67],"Sundial":[12],"Shuriken":[1],"Black Star":2,"Bag of Preparation":[8],"Chemical X":[6],"Whetstone":["Thunderclap","Whirlwind"],"obtain_stats":[{"NeowsBlessing":0,"Torii":13,"Nilry\u0027s Codex":29,"Bag of Preparation":24,"Whetstone":27,"Burning Blood":0,"Nunchaku":9,"Bottled Flame":26,"Centennial Puzzle":26,"Matryoshka":10,"Sundial":7,"Shuriken":27,"Strawberry":19,"Black Star":17,"Chemical X":25,"Paper Frog":24},{"NeowsBlessing":0,"Torii":6,"Nilry\u0027s Codex":13,"Bag of Preparation":12,"Whetstone":13,"Burning Blood":0,"Nunchaku":3,"Bottled Flame":12,"Centennial Puzzle":12,"Matryoshka":4,"Sundial":3,"Shuriken":13,"Strawberry":9,"Black Star":8,"Chemical X":12,"Paper Frog":12},{"NeowsBlessing":0,"Torii":20,"Nilry\u0027s Codex":54,"Bag of Preparation":51,"Whetstone":54,"Burning Blood":0,"Nunchaku":3,"Bottled Flame":51,"Centennial Puzzle":51,"Matryoshka":8,"Sundial":3,"Shuriken":54,"Strawberry":33,"Black Star":29,"Chemical X":51,"Paper Frog":51}],"Burning Blood":72},"card_choices":[{"not_picked":["Uppercut","Sword Boomerang"],"picked":"Thunderclap","floor":1},{"not_picked":["Heavy Blade","Second Wind"],"picked":"Shrug It Off","floor":2},{"not_picked":["Twin Strike","Heavy Blade"],"picked":"Cleave","floor":3},{"not_picked":["Anger","Body Slam"],"picked":"Demon Form","floor":10},{"not_picked":["Dropkick","Headbutt","Combust"],"picked":"SKIP","floor":11},{"not_picked":["Intimidate","Infernal Blade"],"picked":"Rampage","floor":13},{"not_picked":["Heavy Blade","Disarm"],"picked":"Battle Trance","floor":14},{"not_picked":["Double Tap","Immolate"],"picked":"Offering","floor":16},{"not_picked":["Flex","Twin Strike","Wild Strike"],"picked":"SKIP","floor":18},{"not_picked":["Flex","Evolve+1","Shrug It Off+1"],"picked":"SKIP","floor":20},{"not_picked":["Thunderclap","Twin Strike+1"],"picked":"Iron Wave","floor":22},{"not_picked":["Clash","Clothesline","Combust"],"picked":"SKIP","floor":24},{"not_picked":["Seeing Red+1","Clash+1"],"picked":"Disarm","floor":27},{"not_picked":["Warcry","Dark Embrace+1"],"picked":"Impervious","floor":30},{"not_picked":["Pommel Strike+1","Power Through+1","Blood for Blood+1"],"picked":"SKIP","floor":31}],"player_experience":10348,"relics_obtained":[{"floor":9,"key":"Nunchaku"},{"floor":10,"key":"Matryoshka"},{"floor":13,"key":"Torii"},{"floor":24,"key":"Bag of Preparation"},{"floor":24,"key":"Paper Frog"},{"floor":26,"key":"Bottled Flame"},{"floor":26,"key":"Centennial Puzzle"},{"floor":27,"key":"Shuriken"},{"floor":27,"key":"Whetstone"},{"floor":29,"key":"Nilry\u0027s Codex"}],"event_choices":[{"cards_removed":["Strike_R"],"damage_healed":0,"gold_gain":0,"player_choice":"Card Removal","damage_taken":7,"max_hp_gain":0,"max_hp_loss":0,"event_name":"Golden Wing","floor":4,"gold_loss":0},{"damage_healed":0,"gold_gain":0,"player_choice":"Success","damage_taken":3,"relics_obtained":["Sundial"],"max_hp_gain":0,"max_hp_loss":0,"event_name":"Scrap Ooze","floor":7,"gold_loss":0},{"damage_healed":0,"gold_gain":0,"player_choice":"Grow","damage_taken":0,"max_hp_gain":0,"max_hp_loss":0,"event_name":"Living Wall","floor":12,"gold_loss":0,"cards_upgraded":["Demon Form"]},{"damage_healed":0,"gold_gain":0,"player_choice":"Opened","damage_taken":0,"relics_obtained":["Strawberry"],"max_hp_gain":0,"max_hp_loss":0,"event_name":"The Mausoleum","floor":19,"gold_loss":0},{"damage_healed":0,"gold_gain":0,"player_choice":"Read","damage_taken":0,"max_hp_gain":0,"max_hp_loss":0,"event_name":"The Library","floor":21,"gold_loss":0,"cards_obtained":["Heavy Blade"]},{"damage_healed":0,"gold_gain":0,"player_choice":"Obtained Book","damage_taken":16,"max_hp_gain":0,"max_hp_loss":0,"event_name":"Cursed Tome","floor":29,"gold_loss":0}],"is_beta":false,"boss_relics":[{"not_picked":["Empty Cage","Astrolabe"],"picked":"Black Star"}],"items_purged_floors":[],"is_endless":false,"potions_floor_spawned":[1,10,13,14,20,30,31],"killed_by":"Automaton","ascension_level":0}}