{"host":"7qqg3hyzrz6apiso","time":1612072597,"event":{"mods":["AchievementEnabler","BaseMod","Better Debug","Colored Map","Keyboard Shortcuts","Minty Spire (QoL Compilation)","Permanent Neow","Quick Restart","StSLib","SuperFastMode"],"gold_per_floor":[11,11,11,25,38,38,50,20,43,43,43,56,56,72,72,172,172,154,167,180,180,192,192,209,22,72,72,33,33,67,67,67,163,163,183,193,243,243,243,243],"floor_reached":39,"language":"KOR","playtime":1948,"items_purged":["Strike_G"],"score":450,"play_id":"ed903fde-6275-4610-9a88-1330ef910cf4","local_time":"20210131145637","is_ascension_mode":true,"campfire_choices":[{"data":"Mayhem","floor":6.0,"key":"SMITH"},{"data":"Neutralize","floor":11.0,"key":"SMITH"},{"data":"PiercingWail","floor":13.0,"key":"SMITH"},{"floor":15.0,"key":"REST"},{"floor":23.0,"key":"REST"},{"floor":27.0,"key":"REST"},{"floor":32.0,"key":"REST"}],"circlet_count":0,"master_deck":["Defend_G","Defend_G","Defend_G","Defend_G","Defend_G","Survivor","Neutralize+1","Mayhem+1","Crippling Poison","PiercingWail+1","Caltrops","Poisoned Stab","Backflip","PiercingWail","Deadly Poison","Noxious Fumes","Backflip","Caltrops","Blind"],"relics":["Ring of the Snake","Nunchaku","Empty Cage","MealTicket","Membership Card","Regal Pillow","Lizard Tail","SlaversCollar","CaptainsWheel"],"acts_visited":["Exordium","TheCity","TheBeyond"],"potions_floor_usage":[],"damage_taken":[{"damage":1.0,"enemies":"Small Slimes","floor":1.0,"turns":4.0},{"damage":0.0,"enemies":"Jaw Worm","floor":4.0,"turns":5.0},{"damage":0.0,"enemies":"Cultist","floor":5.0,"turns":3.0},{"damage":11.0,"enemies":"Lots of Slimes","floor":7.0,"turns":5.0},{"damage":3.0,"enemies":"Looter","floor":8.0,"turns":4.0},{"damage":6.0,"enemies":"Red Slaver","floor":12.0,"turns":6.0},{"damage":7.0,"enemies":"Lots of Slimes","floor":14.0,"turns":4.0},{"damage":26.0,"enemies":"Hexaghost","floor":16.0,"turns":13.0},{"damage":14.0,"enemies":"2 Thieves","floor":18.0,"turns":4.0},{"damage":19.0,"enemies":"Chosen","floor":19.0,"turns":8.0},{"damage":13.0,"enemies":"Snecko","floor":20.0,"turns":10.0},{"damage":11.0,"enemies":"Centurion and Healer","floor":22.0,"turns":12.0},{"damage":24.0,"enemies":"Sentry and Sphere","floor":24.0,"turns":6.0},{"damage":32.0,"enemies":"Slavers","floor":30.0,"turns":6.0},{"damage":16.0,"enemies":"Automaton","floor":33.0,"turns":11.0},{"damage":46,"enemies":"3 Shapes","floor":35,"turns":6},{"damage":9,"enemies":"3 Darklings","floor":36,"turns":6},{"damage":6,"enemies":"Mind Bloom Boss Battle","floor":37,"turns":8},{"damage":0,"enemies":"Sphere and 2 Shapes","floor":39,"turns":1}],"seed_played":"-391062660637381628","potions_obtained":[{"floor":4.0,"key":"Energy Potion"},{"floor":5.0,"key":"GamblersBrew"},{"floor":12.0,"key":"LiquidMemories"},{"floor":16.0,"key":"ColorlessPotion"},{"floor":18.0,"key":"Strength Potion"},{"floor":24.0,"key":"ColorlessPotion"},{"floor":31.0,"key":"GhostInAJar"},{"floor":31.0,"key":"Dexterity Potion"},{"floor":31.0,"key":"Poison Potion"},{"floor":33.0,"key":"Explosive Potion"},{"floor":37,"key":"SpeedPotion"}],"is_trial":false,"path_per_floor":["M","$","?","M","M","R","M","M","T","?","R","M","R","M","R","B",null,"M","M","M","?","M","R","M","$","T","R","$","$","E","?","R","B",null,"M","M","?","?","M"],"character_chosen":"THE_SILENT","items_purchased":["Membership Card","Caltrops"],"campfire_rested":4,"item_purchase_floors":[25,28],"current_hp_per_floor":[69,69,69,69,69,69,58,55,55,55,55,49,49,42,63,37,70,56,37,24,24,13,34,10,25,25,61,70,70,38,38,70,54,70,24,15,9,9,9,9],"gold":243,"neow_bonus":"RANDOM_COLORLESS_2","is_daily":false,"chose_seed":false,"campfire_upgraded":3,"win_rate":0.0,"timestamp":1612072597,"path_taken":["M","$","?","M","M","R","M","M","T","?","R","?","R","M","R","BOSS","M","M","?","?","?","R","M","$","T","R","?","$","E","?","R","BOSS","M","M","?","?","M"],"items_purchased_type":["Relic","Card"],"build_version":"2020-12-22","purchased_purges":1,"victory":false,"max_hp_per_floor":[70,70,70,70,70,70,70,70,70,70,70,70,70,70,70,70,70,70,70,70,70,70,70,70,70,70,70,70,70,70,70,70,70,70,70,70,70,70,70,70],"card_choices":[{"not_picked":["Secret Weapon","Thinking Ahead"],"picked":"Mayhem","floor":0.0},{"not_picked":["Acrobatics","Bane"],"picked":"Crippling Poison","floor":1.0},{"not_picked":["Quick Slash","Skewer","Sucker Punch"],"picked":"SKIP","floor":4.0},{"not_picked":["Dagger Spray","Distraction"],"picked":"PiercingWail","floor":5.0},{"not_picked":["Doppelganger","Outmaneuver"],"picked":"Caltrops","floor":7.0},{"not_picked":["Escape Plan","Quick Slash","Dagger Throw"],"picked":"SKIP","floor":8.0},{"not_picked":["Outmaneuver","Dodge and Roll","Riddle With Holes"],"picked":"SKIP","floor":12.0},{"not_picked":["Cloak And Dagger","Choke","Infinite Blades"],"picked":"SKIP","floor":14.0},{"not_picked":["Distraction","PiercingWail"],"picked":"Backflip","floor":18.0},{"not_picked":["Endless Agony","Tactician"],"picked":"PiercingWail","floor":19.0},{"not_picked":["Underhanded Strike","Sucker Punch"],"picked":"Deadly Poison","floor":20.0},{"not_picked":["Eviscerate+1","Slice+1"],"picked":"Noxious Fumes","floor":22.0},{"not_picked":["Outmaneuver+1","Slice"],"picked":"Backflip","floor":24.0},{"not_picked":["Sucker Punch","Terror","Slice"],"picked":"SKIP","floor":30.0},{"not_picked":["Backflip","Backstab+1","Acrobatics"],"picked":"SKIP","floor":35},{"not_picked":["Dagger Spray","Acrobatics+1","Prepared+1"],"picked":"SKIP","floor":36},{"not_picked":["The Bomb","Violence"],"picked":"Blind","floor":38}],"player_experience":181557,"relics_obtained":[{"floor":9.0,"key":"Nunchaku"},{"floor":26.0,"key":"Regal Pillow"},{"floor":30.0,"key":"Lizard Tail"},{"floor":37,"key":"CaptainsWheel"}],"event_choices":[{"cards_removed":["Strike_G"],"damage_healed":0.0,"max_hp_gain":0.0,"max_hp_loss":0.0,"gold_gain":0.0,"event_name":"Living Wall","player_choice":"Forget","floor":3.0,"gold_loss":0.0,"damage_taken":0.0},{"damage_healed":0.0,"max_hp_gain":0.0,"max_hp_loss":0.0,"gold_gain":0.0,"cards_transformed":["Strike_G"],"event_name":"Transmorgrifier","player_choice":"Transformed","floor":10.0,"gold_loss":0.0,"damage_taken":0.0,"cards_obtained":["Poisoned Stab"]},{"damage_healed":0.0,"max_hp_gain":0.0,"max_hp_loss":0.0,"gold_gain":0.0,"event_name":"WeMeetAgain","player_choice":"Gave Potion","floor":21.0,"gold_loss":0.0,"damage_taken":0.0,"relics_obtained":["MealTicket"]},{"damage_healed":0.0,"max_hp_gain":0.0,"max_hp_loss":0.0,"gold_gain":0.0,"event_name":"Lab","player_choice":"Got Potions","floor":31.0,"gold_loss":0.0,"damage_taken":0.0},{"damage_healed":0,"gold_gain":0,"player_choice":"Fight","damage_taken":0,"max_hp_gain":0,"max_hp_loss":0,"event_name":"MindBloom","floor":37,"gold_loss":0},{"damage_healed":0,"gold_gain":0,"player_choice":"Memory 1","damage_taken":0,"max_hp_gain":0,"max_hp_loss":0,"event_name":"SensoryStone","floor":38,"gold_loss":0}],"is_beta":false,"boss_relics":[{"not_picked":["Runic Pyramid","HoveringKite"],"picked":"Empty Cage"},{"not_picked":["Fusion Hammer","Philosopher\u0027s Stone"],"picked":"SlaversCollar"}],"items_purged_floors":[25],"is_endless":false,"potions_floor_spawned":[4,5,12,16,18,24,33,37],"killed_by":"Sphere and 2 Shapes","ascension_level":3}}