{"host":"7tvb1em0d2fx72q7","time":1612137028,"event":{"mods":["BaseMod","Challenge The Spire","Minty Spire (QoL Compilation)","StSLib","everything is the same but u backflip on backflip"],"gold_per_floor":[119,135,135,135,135,161,215,215,285,285,89,89,101,134,134,209,209,224,224,224,224,93,123,123,135,216,231,231,261,295,220,220,220,220],"floor_reached":33,"language":"ENG","playtime":3938,"items_purged":["Strike_G","Strike_G"],"score":724,"play_id":"72ebec10-5d9b-4bbb-8571-ff0c99938795","local_time":"20210131185028","is_ascension_mode":true,"campfire_choices":[{"data":"Calculated Gamble","floor":8.0,"key":"SMITH"},{"data":"Neutralize","floor":10.0,"key":"SMITH"},{"data":"Crippling Poison","floor":15.0,"key":"SMITH"},{"data":"Calculated Gamble","floor":24.0,"key":"SMITH"},{"floor":32,"key":"REST"}],"circlet_count":0,"master_deck":["AscendersBane","Strike_G+1","Strike_G","Defend_G+1","Defend_G","Defend_G","Defend_G","Defend_G","Survivor","Neutralize+1","Calculated Gamble+1","Underhanded Strike+1","Dagger Throw","Leg Sweep","Poisoned Stab","Crippling Poison+1","Adrenaline","Predator","Endless Agony","Calculated Gamble+1","Dodge and Roll+1","Acrobatics+1","Reflex","Footwork"],"relics":["Ring of the Snake","NeowsBlessing","Smiling Mask","Ginger","Bottled Flame","Juzu Bracelet","Sozu","InkBottle","Incense Burner","Bottled Lightning","Darkstone Periapt","Red Mask","Ninja Scroll"],"acts_visited":["Exordium","TheCity"],"potions_floor_usage":[30],"damage_taken":[{"damage":0.0,"enemies":"Jaw Worm","floor":1.0,"turns":1.0},{"damage":0.0,"enemies":"Small Slimes","floor":2.0,"turns":1.0},{"damage":0.0,"enemies":"Lagavulin","floor":6.0,"turns":1.0},{"damage":0.0,"enemies":"2 Louse","floor":13.0,"turns":2.0},{"damage":0.0,"enemies":"Gremlin Nob","floor":14.0,"turns":3.0},{"damage":14.0,"enemies":"The Guardian","floor":16.0,"turns":15.0},{"damage":7.0,"enemies":"Shell Parasite","floor":18.0,"turns":7.0},{"damage":20.0,"enemies":"Slavers","floor":23.0,"turns":6.0},{"damage":13.0,"enemies":"Spheric Guardian","floor":25.0,"turns":5.0},{"damage":3.0,"enemies":"Centurion and Healer","floor":27.0,"turns":6.0},{"damage":8.0,"enemies":"Masked Bandits","floor":29.0,"turns":3.0},{"damage":0,"enemies":"Gremlin Leader","floor":30,"turns":5},{"damage":31,"enemies":"Champ","floor":33,"turns":10}],"seed_played":"9150809817390496857","potions_obtained":[{"floor":6.0,"key":"ColorlessPotion"},{"floor":14.0,"key":"Block Potion"},{"floor":16.0,"key":"Poison Potion"}],"is_trial":false,"path_per_floor":["M","M","?","?","?","E","T","R","T","R","$","?","M","E","R","B",null,"M","?","?","?","$","E","R","M","T","M","T","?","E","?","R","B"],"character_chosen":"THE_SILENT","items_purchased":["Leg Sweep","Fire Potion","Endless Agony"],"campfire_rested":1,"item_purchase_floors":[11,11,22],"current_hp_per_floor":[59,59,39,44,26,26,26,26,26,26,26,26,26,26,26,12,56,49,49,49,45,45,25,25,12,12,9,9,1,1,1,22,0,0],"gold":220,"neow_bonus":"THREE_ENEMY_KILL","is_daily":false,"chose_seed":false,"campfire_upgraded":4,"win_rate":0.0,"timestamp":1612137028,"path_taken":["M","M","?","?","?","E","?","R","T","R","?","?","M","E","R","BOSS","M","?","?","?","$","E","R","M","T","M","?","?","E","?","R","BOSS"],"items_purchased_type":["Card","Potion","Card"],"build_version":"2020-12-22","purchased_purges":2,"victory":false,"max_hp_per_floor":[66,66,66,71,71,71,71,71,71,71,71,71,71,71,71,71,71,71,71,71,71,71,71,71,71,71,71,71,71,71,71,71,71,71],"card_choices":[{"not_picked":["Backflip","Blur"],"picked":"Calculated Gamble","floor":1.0},{"not_picked":["Choke","Slice"],"picked":"Underhanded Strike","floor":2.0},{"not_picked":["Blade Dance","All Out Attack"],"picked":"Dagger Throw","floor":6.0},{"not_picked":["Backflip","Bane"],"picked":"Poisoned Stab","floor":13.0},{"not_picked":["Cloak And Dagger","Quick Slash"],"picked":"Crippling Poison","floor":14.0},{"not_picked":["Tools of the Trade","Phantasmal Killer"],"picked":"Adrenaline","floor":16.0},{"not_picked":["PiercingWail","Quick Slash"],"picked":"Predator","floor":18.0},{"not_picked":["Prepared","Acrobatics"],"picked":"Calculated Gamble","floor":23.0},{"not_picked":["All Out Attack","Flechettes+1"],"picked":"Dodge and Roll+1","floor":25.0},{"not_picked":["Quick Slash","Venomology"],"picked":"Acrobatics+1","floor":27.0},{"not_picked":["Crippling Poison","Concentrate"],"picked":"Reflex","floor":29.0},{"not_picked":["Prepared","PiercingWail"],"picked":"Footwork","floor":30}],"player_experience":1989083,"relics_obtained":[{"floor":6.0,"key":"Ginger"},{"floor":9.0,"key":"Bottled Flame"},{"floor":14.0,"key":"Juzu Bracelet"},{"floor":23.0,"key":"Incense Burner"},{"floor":26.0,"key":"Bottled Lightning"},{"floor":28.0,"key":"Darkstone Periapt"},{"floor":29.0,"key":"Red Mask"},{"floor":30,"key":"Ninja Scroll"}],"event_choices":[{"damage_healed":0.0,"max_hp_gain":0.0,"max_hp_loss":0.0,"gold_gain":0.0,"event_name":"Shining Light","player_choice":"Entered Light","floor":3.0,"gold_loss":0.0,"damage_taken":20.0,"cards_upgraded":["Strike_G","Defend_G"]},{"damage_healed":0.0,"max_hp_gain":5.0,"max_hp_loss":0.0,"gold_gain":0.0,"event_name":"Big Fish","player_choice":"Donut","floor":4.0,"gold_loss":0.0,"damage_taken":0.0},{"damage_healed":0.0,"max_hp_gain":0.0,"max_hp_loss":0.0,"gold_gain":0.0,"event_name":"Scrap Ooze","player_choice":"Success","floor":5.0,"gold_loss":0.0,"damage_taken":18.0,"relics_obtained":["Smiling Mask"]},{"damage_healed":0.0,"max_hp_gain":0.0,"max_hp_loss":0.0,"gold_gain":0.0,"event_name":"Living Wall","player_choice":"Grow","floor":12.0,"gold_loss":0.0,"damage_taken":0.0,"cards_upgraded":["Underhanded Strike"]},{"damage_healed":0.0,"max_hp_gain":0.0,"max_hp_loss":0.0,"gold_gain":0.0,"event_name":"The Mausoleum","player_choice":"Ignored","floor":19.0,"gold_loss":0.0,"damage_taken":0.0},{"damage_healed":0.0,"max_hp_gain":0.0,"max_hp_loss":0.0,"gold_gain":0.0,"event_name":"WeMeetAgain","player_choice":"Gave Potion","floor":20.0,"gold_loss":0.0,"damage_taken":0.0,"relics_obtained":["InkBottle"]},{"damage_healed":0.0,"max_hp_gain":0.0,"max_hp_loss":0.0,"gold_gain":0.0,"event_name":"The Woman in Blue","player_choice":"Bought 0 Potions","floor":21.0,"gold_loss":0.0,"damage_taken":0.0},{"damage_healed":0.0,"max_hp_gain":0.0,"max_hp_loss":0.0,"gold_gain":0.0,"event_name":"Masked Bandits","player_choice":"Fought Bandits","floor":29.0,"gold_loss":0.0,"damage_taken":0.0},{"cards_removed":["Strike_G"],"damage_healed":0,"gold_gain":0,"player_choice":"Gave Gold","damage_taken":0,"max_hp_gain":0,"max_hp_loss":0,"event_name":"Beggar","floor":31,"gold_loss":75}],"is_beta":false,"boss_relics":[{"not_picked":["SlaversCollar","Velvet Choker"],"picked":"Sozu"}],"items_purged_floors":[11,22],"is_endless":false,"potions_floor_spawned":[6,14,16,27,29,30],"killed_by":"Champ","ascension_level":20}}