{"host":"d5i1qeb9dejicw1z","time":1612129927,"event":{"mods":["AchievementEnabler","BaseMod","Better Note","BetterRewards","Evolution","Gold Saver","Minty Spire (QoL Compilation)","Permanent Neow","Relic Filter Mod","Reliquary","StSLib"],"gold_per_floor":[110,30,42,0,0,0,30,44,44,44,57,70,89,89,89,163,163,178,188,203,203,38,38,38,73,85,108,146,158,189,231,243,331,343,369,401,413,350,363,389,408,72,72,72,72,89,114,49,49,49,49],"floor_reached":50,"language":"ENG","playtime":2035,"items_purged":["Defend_B"],"score":1236,"play_id":"58dee798-6e94-4e2b-aa5f-aa46db9aadda","local_time":"20210131135207","is_ascension_mode":true,"campfire_choices":[{"data":"Defragment","floor":6,"key":"SMITH"},{"data":"Zap","floor":15,"key":"SMITH"},{"data":"Loop","floor":23,"key":"SMITH"},{"floor":29,"key":"REST"},{"data":"Capacitor","floor":32,"key":"SMITH"},{"floor":45,"key":"REST"},{"floor":49,"key":"DIG"}],"circlet_count":0,"master_deck":["AscendersBane","Compile Driver","Compile Driver+1","Compile Driver+1","Defend_B","Defend_B","Defend_B","Zap+1","Dualcast","Chill","Defragment+1","Loop","Cold Snap","Leap","Loop+1","Ball Lightning","Electrodynamics","Core Surge","Capacitor+1","Loop","White Noise+1","Lockon+1","Force Field+1","White Noise","White Noise"],"relics":["Cracked Core","EVO:Axolotl","NeowsBlessing","Bird Faced Urn","Bottled Lightning","SacredBark","Bird Faced Urn","Lantern","MawBank","reliquary:JackalopeAntler","Ginger","CeramicFish","Nuclear Battery","Blue Candle","Regal Pillow","Whetstone","Shovel","Bag of Preparation"],"acts_visited":["Exordium","TheCity","TheBeyond"],"potions_floor_usage":[7,11,12,18,20,27,31,40,40,46,46,47],"damage_taken":[{"damage":0,"enemies":"Cultist","floor":1,"turns":1},{"damage":0,"enemies":"2 Louse","floor":3,"turns":1},{"damage":0,"enemies":"Lagavulin","floor":7,"turns":1},{"damage":0,"enemies":"Jaw Worm","floor":8,"turns":4},{"damage":1,"enemies":"Blue Slaver","floor":11,"turns":3},{"damage":1,"enemies":"Exordium Thugs","floor":12,"turns":3},{"damage":1,"enemies":"Large Slime","floor":13,"turns":4},{"damage":0,"enemies":"Slime Boss","floor":16,"turns":6},{"damage":5,"enemies":"2 Thieves","floor":18,"turns":4},{"damage":30,"enemies":"Shell Parasite","floor":19,"turns":7},{"damage":10,"enemies":"Centurion and Healer","floor":20,"turns":7},{"damage":43,"enemies":"Book of Stabbing","floor":25,"turns":5},{"damage":15,"enemies":"Cultist and Chosen","floor":27,"turns":6},{"damage":28,"enemies":"Slavers","floor":28,"turns":5},{"damage":11,"enemies":"Chosen and Byrds","floor":30,"turns":4},{"damage":0,"enemies":"Gremlin Leader","floor":31,"turns":4},{"damage":36,"enemies":"Automaton","floor":33,"turns":9},{"damage":9,"enemies":"3 Shapes","floor":35,"turns":4},{"damage":11,"enemies":"Orb Walker","floor":36,"turns":3},{"damage":11,"enemies":"Maw","floor":39,"turns":6},{"damage":69,"enemies":"Giant Head","floor":40,"turns":7},{"damage":28,"enemies":"Sphere and 2 Shapes","floor":41,"turns":5},{"damage":38,"enemies":"Transient","floor":46,"turns":6},{"damage":5,"enemies":"Spire Growth","floor":47,"turns":5},{"damage":97,"enemies":"Donu and Deca","floor":50,"turns":10}],"seed_played":"-4038904969688173612","potions_obtained":[{"floor":1,"key":"Energy Potion"},{"floor":3,"key":"DistilledChaos"},{"floor":11,"key":"PowerPotion"},{"floor":16,"key":"Strength Potion"},{"floor":18,"key":"Dexterity Potion"},{"floor":25,"key":"PowerPotion"},{"floor":30,"key":"EssenceOfDarkness"},{"floor":33,"key":"PowerPotion"},{"floor":35,"key":"Weak Potion"},{"floor":44,"key":"Regen Potion"},{"floor":44,"key":"SpeedPotion"},{"floor":46,"key":"Block Potion"}],"is_trial":false,"path_per_floor":["M","$","M","$","?","R","E","M","T","?","M","M","M","?","R","B",null,"M","M","M","?","$","R","$","E","T","M","E","R","M","E","R","B",null,"M","M","?","$","M","E","M","$","T","?","R","M","M","$","R","B"],"character_chosen":"DEFECT","items_purchased":["Defragment","Loop","Lantern","Regal Pillow","Whetstone","White Noise"],"campfire_rested":2,"item_purchase_floors":[2,4,22,42,42,48],"current_hp_per_floor":[64,64,64,64,64,64,64,66,66,66,69,71,71,71,71,71,71,68,48,50,50,50,50,50,23,23,44,40,61,71,71,71,57,68,71,60,60,60,60,10,18,18,18,18,54,56,71,71,71,0,0],"gold":49,"neow_bonus":"THREE_ENEMY_KILL","is_daily":false,"chose_seed":false,"campfire_upgraded":4,"win_rate":0.0,"timestamp":1612129927,"path_taken":["M","?","M","$","?","R","E","M","T","?","M","M","?","?","R","BOSS","M","M","M","?","$","R","?","E","T","M","E","R","M","E","R","BOSS","M","M","?","$","M","E","M","$","T","?","R","?","M","$","R","BOSS"],"items_purchased_type":["Card","Card","Relic","Relic","Relic","Card"],"build_version":"2020-12-22","purchased_purges":1,"victory":false,"max_hp_per_floor":[71,71,71,71,71,71,71,71,71,71,71,71,71,71,71,71,71,71,71,71,71,71,71,71,71,71,71,71,71,71,71,71,71,71,71,71,71,71,71,71,71,71,71,71,71,71,71,71,71,71,71],"card_choices":[{"not_picked":["Conserve Battery","Lockon"],"picked":"Chill","floor":1},{"not_picked":["Sweeping Beam","Steam Power"],"picked":"Leap","floor":3},{"not_picked":["Meteor Strike","Hologram"],"picked":"Cold Snap","floor":7},{"not_picked":["Barrage","Rebound","Compile Driver"],"picked":"SKIP","floor":8},{"not_picked":["Beam Cell","Conserve Battery"],"picked":"Leap","floor":11},{"not_picked":["Tempest","Ball Lightning"],"picked":"Loop","floor":12},{"not_picked":["Go for the Eyes","Heatsinks"],"picked":"Ball Lightning","floor":13},{"not_picked":["Meteor Strike","Fission"],"picked":"Core Surge","floor":16},{"not_picked":["Reprogram","Hologram"],"picked":"Capacitor","floor":18},{"not_picked":["Scrape","Coolheaded"],"picked":"Loop","floor":19},{"not_picked":["Stack","Undo"],"picked":"White Noise+1","floor":20},{"not_picked":["Redo","Go for the Eyes","Barrage"],"picked":"SKIP","floor":25},{"not_picked":["Rebound+1","Cold Snap","Stack"],"picked":"SKIP","floor":27},{"not_picked":["BootSequence","Beam Cell","Biased Cognition"],"picked":"SKIP","floor":28},{"not_picked":["Redo","Streamline"],"picked":"Lockon+1","floor":30},{"not_picked":["Thunder Strike","Hologram","Beam Cell"],"picked":"SKIP","floor":31},{"not_picked":["Aggregate","Redo","Beam Cell"],"picked":"SKIP","floor":35},{"not_picked":["Barrage","Streamline+1","Compile Driver+1"],"picked":"SKIP","floor":36},{"not_picked":["Tempest+1","Stack","Gash"],"picked":"SKIP","floor":39},{"not_picked":["Doom and Gloom","Rebound","Chaos"],"picked":"SKIP","floor":40},{"not_picked":["Blizzard","Self Repair"],"picked":"Force Field+1","floor":41},{"not_picked":["Skim","Melter","Rebound"],"picked":"SKIP","floor":46},{"not_picked":["Compile Driver+1","Stack"],"picked":"White Noise","floor":47}],"player_experience":1204433,"relics_obtained":[{"floor":7,"key":"Bird Faced Urn"},{"floor":9,"key":"Bottled Lightning"},{"floor":25,"key":"MawBank"},{"floor":26,"key":"reliquary:JackalopeAntler"},{"floor":28,"key":"Ginger"},{"floor":31,"key":"CeramicFish"},{"floor":40,"key":"Blue Candle"},{"floor":43,"key":"Shovel"},{"floor":49,"key":"Bag of Preparation"}],"event_choices":[{"damage_healed":0,"gold_gain":0,"player_choice":"Ignored","damage_taken":0,"max_hp_gain":0,"max_hp_loss":0,"event_name":"Liars Game","floor":5,"gold_loss":0},{"damage_healed":0,"gold_gain":0,"player_choice":"Leave","damage_taken":0,"max_hp_gain":0,"max_hp_loss":0,"event_name":"The Cleric","floor":10,"gold_loss":0},{"damage_healed":0,"gold_gain":0,"player_choice":"Take","damage_taken":0,"max_hp_gain":0,"max_hp_loss":0,"event_name":"betterNote:BetterNote","floor":14,"gold_loss":0,"cards_obtained":["Electrodynamics"]},{"cards_removed":["Leap"],"damage_healed":0,"gold_gain":0,"player_choice":"Gave Card","damage_taken":0,"relics_obtained":["reliquary:SculptingSteel"],"max_hp_gain":0,"max_hp_loss":0,"event_name":"WeMeetAgain","floor":21,"gold_loss":0},{"cards_removed":["Compile Driver"],"damage_healed":0,"gold_gain":0,"player_choice":"Removed Attack","damage_taken":0,"max_hp_gain":0,"max_hp_loss":0,"event_name":"Falling","floor":37,"gold_loss":0},{"damage_healed":0,"gold_gain":0,"player_choice":"Got Potions","damage_taken":0,"max_hp_gain":0,"max_hp_loss":0,"event_name":"Lab","floor":44,"gold_loss":0}],"is_beta":false,"boss_relics":[{"not_picked":["Sozu","reliquary:WritOfMandamus"],"picked":"SacredBark"},{"not_picked":["Empty Cage","reliquary:Craggleroot"],"picked":"Nuclear Battery"}],"items_purged_floors":[38],"is_endless":false,"potions_floor_spawned":[1,3,11,16,18,25,30,33,35,46],"killed_by":"Donu and Deca","ascension_level":19}}