{"host":"toh0bbw446wnuexf","time":1612130719,"event":{"mods":["BaseMod","Downfall","Hermit","Minty Spire (QoL Compilation)","Random Character Button","StSLib"],"gold_per_floor":[99,116,116,130,147,159,159,169,169,194,194,194,194,212,227,332,332,332,351,364,364,374,374,374,374,374,374],"floor_reached":25,"language":"ENG","playtime":1731,"items_purged":[],"score":230,"play_id":"5f8b105e-a1bf-4518-91e8-6fd19a7b8b14","local_time":"20210201110519","is_ascension_mode":true,"campfire_choices":[{"data":"sneckomod:SerpentIdol","floor":13,"key":"SMITH"},{"floor":23,"key":"REST"}],"circlet_count":0,"master_deck":["sneckomod:Strike","sneckomod:Strike","sneckomod:Strike","sneckomod:Defend","sneckomod:Defend","sneckomod:Defend","sneckomod:TailWhip","sneckomod:SnekBite+1","champ:RisingSlash","sneckomod:SerpentIdol+1","sneckomod:SnekBite+1","sneckomod:SlitherStrike+1","sneckomod:UnknownBlock","bronze:Backtrace","sneckomod:UnknownRareAttack","sneckomod:UnknownClassTHE_BRONZE_AUTOMATON","sneckomod:UnknownClassTHE_BRONZE_AUTOMATON","sneckomod:UnknownClassTHE_BRONZE_AUTOMATON","sneckomod:UnknownClassTHE_BRONZE_AUTOMATON","sneckomod:UnknownClassTHE_BRONZE_AUTOMATON","champ:RapidStrikes","bronze:InfiniteLoop","sneckomod:UnknownDexterity","bronze:ChosenStrike"],"relics":["sneckomod:SneckoSoul","Sundial","Juzu Bracelet","sneckomod:SneckoBoss","hexamod:Sixitude"],"acts_visited":["Exordium","TheCity"],"potions_floor_usage":[20,25],"damage_taken":[{"damage":3,"enemies":"Jaw Worm","floor":2,"turns":2},{"damage":6,"enemies":"Cultist","floor":4,"turns":3},{"damage":1,"enemies":"2 Louse","floor":5,"turns":2},{"damage":3,"enemies":"Exordium Wildlife","floor":6,"turns":2},{"damage":0,"enemies":"3 Louse","floor":8,"turns":2},{"damage":8,"enemies":"Red Slaver","floor":14,"turns":3},{"damage":9,"enemies":"Blue Slaver","floor":15,"turns":3},{"damage":48,"enemies":"SI_SHIV_ARCHETYPE","floor":16,"turns":6},{"damage":2,"enemies":"3 Byrds","floor":19,"turns":3},{"damage":61,"enemies":"Centurion and Healer","floor":20,"turns":8},{"damage":20,"enemies":"3 Cultists","floor":22,"turns":7},{"damage":88,"enemies":"Slavers","floor":25,"turns":4}],"seed_played":"735663150185515667","potions_obtained":[{"floor":4,"key":"bronze:BurnAndBuffPotion"},{"floor":14,"key":"Weak Potion"},{"floor":20,"key":"Fruit Juice"},{"floor":22,"key":"Block Potion"}],"is_trial":false,"path_per_floor":["R","M","?","M","M","M","T","M","?","T","R","?","R","M","M","B",null,"R","M","M","?","M","R","T","E"],"character_chosen":"THE_SNECKO","items_purchased":[],"campfire_rested":1,"item_purchase_floors":[],"current_hp_per_floor":[90,87,87,81,80,77,77,77,82,82,82,82,82,74,65,17,95,95,93,37,70,50,80,80,0,0,0],"gold":374,"neow_bonus":"UPGRADE_CARD","is_daily":false,"chose_seed":false,"campfire_upgraded":1,"win_rate":0.0,"timestamp":1612130719,"path_taken":["R","M","?","M","?","M","T","M","?","?","R","?","R","M","M","BOSS","R","M","M","?","M","R","T","E"],"items_purchased_type":[],"build_version":"2020-12-22","purchased_purges":0,"victory":false,"max_hp_per_floor":[90,90,90,90,90,90,90,90,95,95,95,95,95,95,95,95,95,95,95,100,100,100,100,100,100,100,100],"card_choices":[{"not_picked":["sneckomod:SnekBeam","sneckomod:Nope"],"picked":"sneckomod:SerpentIdol","floor":2},{"not_picked":["sneckomod:IronFang","sneckomod:UnknownBlock"],"picked":"sneckomod:SlitherStrike","floor":4},{"not_picked":["sneckomod:IronFang","sneckomod:SoulRoll"],"picked":"sneckomod:UnknownBlock","floor":5},{"not_picked":["sneckomod:UnknownDraw","sneckomod:SoulCleanse","sneckomod:UnknownBlock"],"picked":"SKIP","floor":6},{"not_picked":["sneckomod:QuickBite","sneckomod:SoulDraw","sneckomod:SnakeSap"],"picked":"SKIP","floor":8},{"not_picked":["sneckomod:DangerNoodle","sneckomod:UnknownColorless","sneckomod:QuickMove"],"picked":"SKIP","floor":14},{"not_picked":["sneckomod:SlitherStrike","sneckomod:UnknownBlock"],"picked":"sneckomod:UnknownStrike","floor":15},{"not_picked":["sneckomod:Restock","sneckomod:GlitteringGambit"],"picked":"sneckomod:UnknownRareAttack","floor":16},{"not_picked":["bronze:HyperBeam","bronze:Repair"],"picked":"bronze:InfiniteLoop","floor":19},{"not_picked":["sneckomod:UnknownClassTHE_CHAMP_GRAY","sneckomod:IronFang"],"picked":"sneckomod:UnknownDexterity","floor":19},{"not_picked":["sneckomod:UnknownWeak+1","sneckomod:SoulDraw+1","sneckomod:UnknownExhaust"],"picked":"SKIP","floor":20},{"not_picked":["bronze:Deprecate","bronze:Boost"],"picked":"bronze:ChosenStrike","floor":22},{"not_picked":["sneckomod:UnknownVulnerable","sneckomod:UnknownClassTHE_BRONZE_AUTOMATON","sneckomod:UnknownClassTHE_CHAMP_GRAY+1"],"picked":"SKIP","floor":22}],"player_experience":643628,"relics_obtained":[{"floor":7,"key":"Sundial"},{"floor":10,"key":"Juzu Bracelet"},{"floor":24,"key":"hexamod:Sixitude"}],"event_choices":[{"damage_healed":0,"gold_gain":0,"player_choice":"Donut","damage_taken":0,"max_hp_gain":5,"max_hp_loss":0,"event_name":"Big Fish","floor":9,"gold_loss":0},{"damage_healed":0,"gold_gain":0,"player_choice":"Grow","damage_taken":0,"max_hp_gain":0,"max_hp_loss":0,"event_name":"Living Wall","floor":12,"gold_loss":0,"cards_upgraded":["sneckomod:SlitherStrike"]},{"damage_healed":33,"gold_gain":0,"player_choice":"Heal","damage_taken":0,"max_hp_gain":0,"max_hp_loss":0,"event_name":"The Library","floor":21,"gold_loss":0}],"is_beta":false,"boss_relics":[{"not_picked":["Astrolabe","Coffee Dripper"],"picked":"sneckomod:SneckoBoss"}],"items_purged_floors":[],"is_endless":false,"potions_floor_spawned":[4,14,20,22],"killed_by":"Slavers","ascension_level":1}}