{"host":"820xk69ekh5gtclf","time":1612132052,"event":{"mods":["Ascension Unlocker","BaseMod","Curses Come First","Custom Start","Gremlin Mod","Minty Spire (QoL Compilation)","StSLib"],"gold_per_floor":[116,135,151,26,26,26,0,0,25,51,51,66,87,102,102,201,201,201,201,201,201,201,201,201,201,201,201,201,201,201,201,201],"floor_reached":31,"language":"ENG","playtime":1847,"items_purged":["Gremlin:Strike"],"score":323,"play_id":"13bd282e-6538-4ebf-a73e-405214f3600c","local_time":"20210131172732","is_ascension_mode":true,"campfire_choices":[{"data":"Gremlin:TagTeam","floor":6.0,"key":"SMITH"},{"data":"Gremlin:Pretaliation","floor":8.0,"key":"SMITH"},{"data":"Gremlin:TargetWeakness","floor":11.0,"key":"SMITH"},{"data":"Gremlin:PourSalt","floor":15.0,"key":"SMITH"},{"data":"Gremlin:Pinprick","floor":23.0,"key":"SMITH"},{"data":"Gremlin:PourSalt","floor":25.0,"key":"SMITH"},{"data":"Gremlin:SecondVolley","floor":28,"key":"SMITH"}],"circlet_count":0,"master_deck":["Gremlin:Strike","Gremlin:Strike","Gremlin:Strike","Gremlin:Defend","Gremlin:Defend+1","Gremlin:Defend","Gremlin:Defend","Gremlin:TagTeam+1","Gremlin:GremlinDance","Gremlin:Pretaliation+1","Gremlin:Pinprick+1","Gremlin:ShadowShiv+1","Gremlin:Glimmer","Gremlin:Patsy","Gremlin:TargetWeakness+1","Gremlin:PourSalt+1","Gremlin:PourSalt+1","Gremlin:SecondVolley+1","Gremlin:ShowOfHands+1","RitualDagger","Gremlin:ToeStub","Gremlin:BubbleBarrier+1","Gremlin:PinNeedle+1"],"relics":["Gremlin:GremlinKnob","Blood Vial","Dream Catcher","Odd Mushroom","Ectoplasm","Boot","Oddly Smooth Stone","Ginger"],"acts_visited":["Exordium","TheCity"],"potions_floor_usage":[29,31,31,31],"damage_taken":[{"damage":0.0,"enemies":"Jaw Worm","floor":1.0,"turns":7.0},{"damage":0.0,"enemies":"2 Louse","floor":2.0,"turns":2.0},{"damage":0.0,"enemies":"Small Slimes","floor":3.0,"turns":3.0},{"damage":0.0,"enemies":"Gremlin Nob","floor":7.0,"turns":1.0},{"damage":21.0,"enemies":"3 Sentries","floor":10.0,"turns":7.0},{"damage":0.0,"enemies":"Gremlin Gang","floor":12.0,"turns":3.0},{"damage":4.0,"enemies":"The Mushroom Lair","floor":13.0,"turns":3.0},{"damage":0.0,"enemies":"Looter","floor":14.0,"turns":2.0},{"damage":10.0,"enemies":"Hexaghost","floor":16.0,"turns":8.0},{"damage":0.0,"enemies":"3 Byrds","floor":18.0,"turns":4.0},{"damage":0.0,"enemies":"Chosen","floor":20.0,"turns":2.0},{"damage":9.0,"enemies":"Book of Stabbing","floor":24.0,"turns":3.0},{"damage":0,"enemies":"Shelled Parasite and Fungi","floor":27,"turns":2},{"damage":6,"enemies":"Snake Plant","floor":29,"turns":4},{"damage":5,"enemies":"Slavers","floor":30,"turns":3},{"damage":13,"enemies":"Centurion and Healer","floor":31,"turns":2}],"seed_played":"4278415577596100315","potions_obtained":[{"floor":2.0,"key":"SpeedPotion"},{"floor":3.0,"key":"Strength Potion"},{"floor":10.0,"key":"BlessingOfTheForge"},{"floor":13.0,"key":"Fruit Juice"},{"floor":16.0,"key":"GamblersBrew"},{"floor":18.0,"key":"GamblersBrew"},{"floor":24.0,"key":"EntropicBrew"},{"floor":27,"key":"FearPotion"}],"is_trial":false,"path_per_floor":["M","M","M","$","?","R","E","R","T","E","R","M","?","M","R","B",null,"M","?","M","?","?","R","E","R","T","M","R","M","E","M"],"character_chosen":"GREMLIN","items_purchased":["Gremlin:Glimmer"],"campfire_rested":0,"item_purchase_floors":[4],"current_hp_per_floor":[21,21,21,21,17,17,17,17,17,19,19,20,8,10,10,6,22,22,20,20,20,20,20,13,13,13,20,20,9,6,20,20],"gold":201,"neow_bonus":"TEN_PERCENT_HP_BONUS","is_daily":false,"chose_seed":false,"campfire_upgraded":7,"win_rate":0.0,"timestamp":1612132052,"path_taken":["M","M","M","$","?","R","E","R","T","E","R","M","?","M","R","BOSS","M","?","M","?","?","R","E","R","T","?","R","M","E","M"],"items_purchased_type":["Card"],"build_version":"2020-12-22","purchased_purges":1,"victory":false,"max_hp_per_floor":[21,21,21,21,21,21,21,21,21,21,21,21,21,21,21,22,22,22,22,22,22,22,22,22,22,22,22,22,22,22,22,22],"card_choices":[{"not_picked":["Gremlin:Glimmer","Gremlin:PartyStick"],"picked":"Gremlin:Pretaliation","floor":1.0},{"not_picked":["Gremlin:BubbleBarrier","Gremlin:GremlinArms"],"picked":"Gremlin:Pinprick","floor":2.0},{"not_picked":["Gremlin:Tricksy","Gremlin:DaggerDance"],"picked":"Gremlin:ShadowShiv","floor":3.0},{"not_picked":["Gremlin:Tadah","Gremlin:RageBreak"],"picked":"Gremlin:Patsy","floor":7.0},{"not_picked":["Gremlin:Tricksy","Gremlin:TwistTheKnife"],"picked":"Gremlin:TargetWeakness","floor":10.0},{"not_picked":["Gremlin:EdibleArmor","Gremlin:BubbleBarrier"],"picked":"Gremlin:PourSalt","floor":12.0},{"not_picked":["Gremlin:Jeer","Gremlin:Presto"],"picked":"Gremlin:PourSalt","floor":14.0},{"not_picked":["Gremlin:ShadowShiv","Gremlin:Encore"],"picked":"Gremlin:SecondVolley","floor":16.0},{"not_picked":["Gremlin:SharpenBlades","Gremlin:GremlinToss+1"],"picked":"Gremlin:ShowOfHands+1","floor":18.0},{"not_picked":["Gremlin:Scatter","Gremlin:Jeer"],"picked":"Gremlin:ToeStub","floor":20.0},{"not_picked":["Gremlin:AggressiveDefense+1","Gremlin:Mockery"],"picked":"Gremlin:BubbleBarrier+1","floor":24.0},{"not_picked":["Gremlin:Tricksy","Gremlin:DaggerDance","Gremlin:Pretaliation"],"picked":"SKIP","floor":27},{"not_picked":["Gremlin:EdibleArmor","Gremlin:ShadowShiv","Gremlin:ArmsTheft"],"picked":"SKIP","floor":29},{"not_picked":["Gremlin:Tadah+1","Gremlin:ShowOfHands"],"picked":"Gremlin:PinNeedle+1","floor":30}],"player_experience":2228724,"relics_obtained":[{"floor":9.0,"key":"Blood Vial"},{"floor":10.0,"key":"Dream Catcher"},{"floor":13.0,"key":"Odd Mushroom"},{"floor":24.0,"key":"Boot"},{"floor":26.0,"key":"Oddly Smooth Stone"},{"floor":30,"key":"Ginger"}],"event_choices":[{"damage_healed":0.0,"max_hp_gain":0.0,"max_hp_loss":0.0,"gold_gain":0.0,"event_name":"Shining Light","player_choice":"Entered Light","floor":5.0,"gold_loss":0.0,"damage_taken":4.0,"cards_upgraded":["Gremlin:ShadowShiv","Gremlin:Defend"]},{"damage_healed":0.0,"max_hp_gain":0.0,"max_hp_loss":0.0,"gold_gain":0.0,"event_name":"Mushrooms","player_choice":"Fought Mushrooms","floor":13.0,"gold_loss":0.0,"damage_taken":0.0},{"damage_healed":0.0,"max_hp_gain":0.0,"max_hp_loss":0.0,"gold_gain":0.0,"event_name":"Nest","player_choice":"Joined the Cult","floor":19.0,"gold_loss":0.0,"damage_taken":6.0,"cards_obtained":["RitualDagger"]},{"damage_healed":0.0,"max_hp_gain":0.0,"max_hp_loss":0.0,"gold_gain":0.0,"event_name":"The Mausoleum","player_choice":"Ignored","floor":21.0,"gold_loss":0.0,"damage_taken":0.0},{"damage_healed":0.0,"max_hp_gain":0.0,"max_hp_loss":0.0,"gold_gain":0.0,"event_name":"The Woman in Blue","player_choice":"Bought 0 Potions","floor":22.0,"gold_loss":0.0,"damage_taken":0.0}],"is_beta":false,"boss_relics":[{"not_picked":["Velvet Choker","Black Star"],"picked":"Ectoplasm"}],"items_purged_floors":[4],"is_endless":false,"potions_floor_spawned":[2,3,10,13,16,18,24,27],"killed_by":"Centurion and Healer","ascension_level":1}}