{"host":"9kesdg97wkrx2bva","time":1612083383,"event":{"mods":["AchievementEnabler","BaseMod","Colored Map","GifTheSpireLib","Infinite Spire","Minty Spire (QoL Compilation)","Replay The Spire","StSLib"],"gold_per_floor":[119,44,44,54,69,69,101,119,119,119,129,29,56,68,68,145,145,157,157,205,36,36,36,56,56,104,114,114,144,144,144],"floor_reached":30,"language":"ENG","playtime":745,"items_purged":["Strike_B","Strike_B"],"score":486,"play_id":"bf2531dc-811d-49e1-9ace-1b9072d0d8de","local_time":"20210131025623","is_ascension_mode":true,"campfire_choices":[{"floor":6,"key":"REST"},{"data":"Zap","floor":10,"key":"SMITH"},{"floor":15,"key":"REST"},{"floor":23,"key":"REST"},{"floor":25,"key":"REST"}],"circlet_count":0,"master_deck":["AscendersBane","Strike_B","Strike_B","Defend_B","Defend_B+1","Defend_B","Defend_B","Zap+1","Dualcast+1","Gash","Gash","Rip and Tear","Beam Cell","Go for the Eyes","Streamline","Reprogram","Echo Form","ReplayGash","FIFO Queue","Pot Of Greed","Pot Of Greed"],"relics":["Cracked Core","ReplayTheSpireMod:Ninjato","CaptainsWheel","HornCleat","infinitespire:SolderingIron","Boot","SlaversCollar","Blue Doll","Gremlin Food","PreservedInsect","Grinning Jar"],"acts_visited":["Exordium","TheCity"],"potions_floor_usage":[7,13,14,29,29],"damage_taken":[{"damage":1,"enemies":"Cultist","floor":1,"turns":3},{"damage":4,"enemies":"Small Slimes","floor":4,"turns":3},{"damage":15,"enemies":"Gremlin Nob","floor":7,"turns":4},{"damage":0,"enemies":"Jaw Worm","floor":8,"turns":3},{"damage":1,"enemies":"2 Fungi Beasts","floor":11,"turns":3},{"damage":15,"enemies":"Lagavulin","floor":13,"turns":5},{"damage":4,"enemies":"Gremlin Gang","floor":14,"turns":3},{"damage":21,"enemies":"The Guardian","floor":16,"turns":9},{"damage":24,"enemies":"2 Thieves","floor":18,"turns":5},{"damage":6,"enemies":"Chosen","floor":24,"turns":4},{"damage":12,"enemies":"Snake Plant","floor":27,"turns":4},{"damage":12,"enemies":"Slavers","floor":29,"turns":4},{"damage":31,"enemies":"Snecko","floor":30,"turns":5}],"seed_played":"8115067063671154255","potions_obtained":[{"floor":4,"key":"SpeedPotion"},{"floor":7,"key":"ColorlessPotion"},{"floor":8,"key":"SpeedPotion"},{"floor":24,"key":"PowerPotion"},{"floor":27,"key":"AttackPotion"}],"is_trial":false,"path_per_floor":["M","$","?","M","?","R","E","M","T","R","M","$","E","M","R","B",null,"M","?","T","$","?","R","M","R","T","M","?","E","M"],"character_chosen":"DEFECT","items_purchased":["Gremlin Food"],"campfire_rested":4,"item_purchase_floors":[21],"current_hp_per_floor":[63,63,37,33,33,54,39,39,39,39,38,38,23,19,40,19,58,34,14,14,14,14,36,30,52,52,40,40,28,0,0],"gold":144,"neow_bonus":"THREE_CARDS","is_daily":false,"chose_seed":false,"campfire_upgraded":1,"win_rate":0.0,"timestamp":1612083383,"path_taken":["M","$","?","M","?","R","E","M","T","R","M","$","E","M","R","BOSS","M","?","?","$","?","R","M","R","T","?","?","E","M"],"items_purchased_type":["Relic"],"build_version":"2020-12-22","purchased_purges":2,"victory":false,"max_hp_per_floor":[71,71,71,71,71,71,71,71,71,71,71,71,71,71,71,71,71,71,76,76,76,76,76,76,76,76,76,76,76,76,76],"card_choices":[{"not_picked":["Turbo","Leap"],"picked":"Gash","floor":0},{"not_picked":["Recycle","Barrage"],"picked":"Gash","floor":1},{"not_picked":["Reinforced Body","ReplaySolidLightProjector"],"picked":"Rip and Tear","floor":4},{"not_picked":["Rainbow","Coolheaded","Stack"],"picked":"SKIP","floor":7},{"not_picked":["BasicCrystalCard","Coolheaded"],"picked":"Beam Cell","floor":8},{"not_picked":["Defragment","Hello World"],"picked":"Go for the Eyes","floor":11},{"not_picked":["Rainbow","Conserve Battery"],"picked":"Streamline","floor":13},{"not_picked":["Hologram","Cold Snap"],"picked":"Reprogram","floor":14},{"not_picked":["Rainbow","Seek"],"picked":"Echo Form","floor":16},{"not_picked":["Steam","Go for the Eyes"],"picked":"ReplayGash","floor":18},{"not_picked":["Go for the Eyes","Doom and Gloom","Cold Snap"],"picked":"SKIP","floor":24},{"not_picked":["Amplify","Crystallizer","Darkness+1"],"picked":"SKIP","floor":27},{"not_picked":["Barrage","BasicCrystalCard","Coolheaded"],"picked":"SKIP","floor":29}],"player_experience":991204,"relics_obtained":[{"floor":5,"key":"CaptainsWheel"},{"floor":7,"key":"HornCleat"},{"floor":9,"key":"infinitespire:SolderingIron"},{"floor":13,"key":"Boot"},{"floor":20,"key":"Blue Doll"},{"floor":26,"key":"PreservedInsect"},{"floor":29,"key":"Grinning Jar"}],"event_choices":[{"damage_healed":0,"gold_gain":0,"player_choice":"Success","damage_taken":26,"relics_obtained":["ReplayTheSpireMod:Ninjato"],"max_hp_gain":0,"max_hp_loss":0,"event_name":"Scrap Ooze","floor":3,"gold_loss":0},{"damage_healed":0,"gold_gain":0,"player_choice":"Shed Blood","damage_taken":25,"max_hp_gain":5,"max_hp_loss":0,"event_name":"Forgotten Altar","floor":19,"gold_loss":0},{"damage_healed":0,"gold_gain":0,"player_choice":"1 cards matched","damage_taken":0,"max_hp_gain":0,"max_hp_loss":0,"event_name":"Match and Keep!","floor":22,"gold_loss":0,"cards_obtained":["FIFO Queue"]}],"is_beta":false,"boss_relics":[{"not_picked":["FrozenCore","Ring of Chaos"],"picked":"SlaversCollar"}],"items_purged_floors":[2,12],"is_endless":false,"potions_floor_spawned":[4,7,8,11,24,27],"killed_by":"Snecko","ascension_level":18}}