{"host":"y6zg4wwu39otf01a","time":1612122670,"event":{"mods":["Act Like it!","Aspiration","BaseMod","Better Altar","Better Match","Better Note","Better Sensory Stone","Better Skull","Better Third Choice","Challenge The Spire","Colored Map","Colored Powertips","Conspire","GifTheSpireLib","Glutton Mod","Halation","Hermit","Highlight Path","Hubris","Infinite Spire","Mimic Mod","Minty Spire (QoL Compilation)","Puzzle Mod","Quick Restart","Random Character Button","Rare Cards Sparkle","Replay The Spire","Retaliation","Robot Space Explorer","Shade Mod","Spicy Shops","Spire Arcade","StSLib","Stuff the Spire","The Blue Laboratory","The Jungle","The Marked","thorton"],"gold_per_floor":[114,114,8,8,115,158,158,201,201],"floor_reached":8,"language":"ENG","playtime":538,"items_purged":[],"score":62,"play_id":"2045b8c0-0bc5-4eed-b2fc-898b5c6d7bcd","local_time":"20210131145110","daily_mods":["Allstar","Diverse","Elite Swarm"],"is_ascension_mode":false,"campfire_choices":[{"data":"DevaForm","floor":7,"key":"SMITH"}],"circlet_count":0,"master_deck":["Strike_B","Strike_B","Strike_B","Strike_B+1","Defend_B","Defend_B","Defend_B","Defend_B","Zap","Dualcast","Magnetism","PanicButton","Magnetism+1","ReplayUltimateDefense","StuffTheSpire:FreeRealEstate+1","thethorton:TakeAccounts","Glutton:Treat","Injury","Glutton:Devour","DevaForm+1"],"relics":["Cracked Core","hubris:EmptyBottle","hubris:SphereOfDissonance","hubris:RGBLights"],"acts_visited":["Exordium"],"potions_floor_usage":[],"damage_taken":[{"damage":0,"enemies":"Small Slimes","floor":1,"turns":2},{"damage":18,"enemies":"Lagavulin","floor":6,"turns":6},{"damage":18,"enemies":"3 Sentries","floor":8,"turns":7}],"seed_played":"7510361231737359051","potions_obtained":[],"is_trial":false,"path_per_floor":["M","?","$","?","?","E","R","E"],"character_chosen":"DEFECT","items_purchased":["Glutton:Treat","hubris:EmptyBottle"],"campfire_rested":0,"item_purchase_floors":[3,3],"current_hp_per_floor":[75,75,75,75,44,26,26,8,8],"gold":201,"neow_bonus":"","is_daily":true,"chose_seed":false,"campfire_upgraded":1,"win_rate":0.0,"timestamp":1612122670,"path_taken":["M","?","$","?","?","E","R","E"],"items_purchased_type":["Card","Relic"],"build_version":"2020-12-22","purchased_purges":0,"victory":false,"max_hp_per_floor":[75,75,75,75,75,75,75,75,75],"card_choices":[{"not_picked":["Ghostly Armor","StuffTheSpire:Plugnplay"],"picked":"thethorton:TakeAccounts","floor":1},{"not_picked":["Demon Form","Glutton:Hemophilia"],"picked":"DevaForm","floor":6}],"player_experience":742039,"relics_obtained":[{"floor":6,"key":"hubris:SphereOfDissonance"},{"floor":8,"key":"hubris:RGBLights"}],"event_choices":[{"damage_healed":0,"gold_gain":107,"player_choice":"UP GO UP ","damage_taken":36,"relics_obtained":[],"max_hp_gain":0,"max_hp_loss":0,"event_name":"betterSkull:BetterSkull","floor":5,"gold_loss":0,"cards_upgraded":["Magnetism","Strike_B"]}],"is_beta":false,"boss_relics":[],"items_purged_floors":[],"is_endless":false,"potions_floor_spawned":[],"killed_by":"3 Sentries","ascension_level":0}}