{"host":"neeznpvpgo0qgfkd","time":1612084076,"event":{"mods":["AchievementEnabler","BaseMod","BetterRewards","Colored Map","Colored Powertips","Exacting","Minty Spire (QoL Compilation)","Permanent Neow","Quick Restart","Shop Mod"],"gold_per_floor":[110,110,130,130,130,158,170,197,197,232,281,281,24,34,34,108,108,141,191,241,302,267,267,309,112,183,195,229,241,241,252,252,329,329,358,40,90,10,60,86,156,156,156],"floor_reached":42,"language":"ENG","playtime":1693,"items_purged":[],"score":1458,"play_id":"8daf4cb9-25a0-41d0-9ec6-b9e300278c60","local_time":"20210131040756","is_ascension_mode":true,"campfire_choices":[{"floor":12.0,"key":"REST"},{"floor":15.0,"key":"DIG"},{"floor":23.0,"key":"DIG"},{"floor":30.0,"key":"REST"},{"data":"1","floor":32.0,"key":"LIFT"}],"circlet_count":0,"master_deck":["AscendersBane","Strike_G","Strike_G","Strike_G","Strike_G","Strike_G","Defend_G","Defend_G","Defend_G","Defend_G","Survivor","Neutralize","Infinite Blades","Cloak And Dagger","Corpse Explosion","Blade Dance","Apotheosis","Catalyst","Dodge and Roll","Crippling Poison","Slice","Flying Knee","Finisher","Caltrops","Corpse Explosion","RitualDagger","Blade Dance","Accuracy","Blade Dance","Flying Knee+1","After Image","Cloak And Dagger","Madness","Madness","Accuracy"],"relics":["Ring of the Snake","Lantern","TwistedFunnel","Ancient Tea Set","Snake Skull","Shovel","SsserpentHead","Potion Belt","Du-Vu Doll","Ornamental Fan","MerchantsRug","Ginger","Bottled Lightning","WristBlade","Strawberry","Centennial Puzzle","MawBank","Girya","OrangePellets","Calipers","SlaversCollar","Vajra","Akabeko","Oddly Smooth Stone"],"acts_visited":["Exordium","TheCity","TheBeyond"],"potions_floor_usage":[],"damage_taken":[{"damage":0.0,"enemies":"2 Louse","floor":1.0,"turns":1.0},{"damage":0.0,"enemies":"Cultist","floor":3.0,"turns":2.0},{"damage":37.0,"enemies":"Gremlin Nob","floor":6.0,"turns":5.0},{"damage":0.0,"enemies":"Small Slimes","floor":7.0,"turns":1.0},{"damage":25.0,"enemies":"Lagavulin","floor":8.0,"turns":4.0},{"damage":0.0,"enemies":"3 Sentries","floor":10.0,"turns":2.0},{"damage":0.0,"enemies":"2 Fungi Beasts","floor":11.0,"turns":1.0},{"damage":10.0,"enemies":"Red Slaver","floor":14.0,"turns":2.0},{"damage":4.0,"enemies":"Hexaghost","floor":16.0,"turns":6.0},{"damage":2.0,"enemies":"3 Byrds","floor":18.0,"turns":2.0},{"damage":22.0,"enemies":"2 Thieves","floor":21.0,"turns":3.0},{"damage":11.0,"enemies":"Slavers","floor":24.0,"turns":2.0},{"damage":10.0,"enemies":"Sentry and Sphere","floor":27.0,"turns":4.0},{"damage":20.0,"enemies":"Book of Stabbing","floor":28.0,"turns":2.0},{"damage":0.0,"enemies":"Snecko","floor":29.0,"turns":3.0},{"damage":0.0,"enemies":"Cultist and Chosen","floor":31.0,"turns":2.0},{"damage":0.0,"enemies":"Automaton","floor":33.0,"turns":5.0},{"damage":20.0,"enemies":"3 Shapes","floor":35.0,"turns":3.0},{"damage":30.0,"enemies":"Reptomancer","floor":40.0,"turns":4.0},{"damage":4.0,"enemies":"3 Darklings","floor":41.0,"turns":3.0},{"damage":10,"enemies":"Nemesis","floor":42,"turns":2}],"seed_played":"-811089842125551560","potions_obtained":[{"floor":6.0,"key":"FearPotion"},{"floor":7.0,"key":"Ancient Potion"},{"floor":8.0,"key":"CunningPotion"},{"floor":10.0,"key":"Fruit Juice"},{"floor":16.0,"key":"Weak Potion"},{"floor":27.0,"key":"SteroidPotion"},{"floor":28.0,"key":"CunningPotion"},{"floor":31.0,"key":"ColorlessPotion"},{"floor":35.0,"key":"Poison Potion"}],"is_trial":false,"path_per_floor":["M","?","M","?","?","E","M","E","T","E","M","R","$","M","R","B",null,"M","?","?","M","?","R","E","$","T","M","E","M","R","M","R","B",null,"M","$","?","$","?","E","M","E"],"character_chosen":"THE_SILENT","items_purchased":["Lantern","TwistedFunnel","Pear","Infinite Blades","Cloak And Dagger","Ancient Tea Set","Corpse Explosion","Blade Dance","Snake Skull","Apotheosis","Bag of Preparation","Footwork","MerchantsRug","Ginger","OrangePellets","Accuracy","Vajra","Akabeko","Accuracy"],"campfire_rested":2,"item_purchase_floors":[0,0,0,0,0,0,0,0,0,0,0,0,13,13,25,25,36,36,38],"current_hp_per_floor":[69,76,76,76,76,39,39,14,14,30,30,54,54,44,44,40,71,69,63,70,48,48,48,37,37,37,27,7,7,33,33,33,33,74,54,54,38,38,38,8,4,0,0],"gold":156,"neow_bonus":"","is_daily":false,"chose_seed":false,"campfire_upgraded":0,"win_rate":0.0,"timestamp":1612084076,"path_taken":["M","?","?","?","?","E","M","E","T","E","M","R","$","M","R","BOSS","M","?","?","?","?","R","E","$","T","M","E","M","R","M","R","BOSS","M","$","?","$","?","E","?","E"],"items_purchased_type":["Relic","Relic","Relic","Card","Card","Relic","Card","Card","Relic","Card","Relic","Card","Relic","Relic","Relic","Card","Relic","Relic","Card"],"build_version":"2020-12-22","purchased_purges":0,"victory":false,"max_hp_per_floor":[76,76,76,76,76,76,76,76,76,81,81,81,81,81,81,81,81,81,81,88,88,88,88,88,88,88,88,88,88,88,88,88,88,88,88,88,88,88,88,88,88,88,88],"card_choices":[{"not_picked":["Expertise","All Out Attack"],"picked":"Catalyst","floor":1.0},{"not_picked":["Catalyst","Dagger Throw"],"picked":"Dodge and Roll","floor":3.0},{"not_picked":["Blur","Deadly Poison"],"picked":"Crippling Poison","floor":6.0},{"not_picked":["Deadly Poison","Reflex"],"picked":"Slice","floor":7.0},{"not_picked":["Underhanded Strike","PiercingWail"],"picked":"Flying Knee","floor":8.0},{"not_picked":["Doppelganger","Blur"],"picked":"Finisher","floor":10.0},{"not_picked":["Underhanded Strike","Well Laid Plans","Flying Knee"],"picked":"SKIP","floor":11.0},{"not_picked":["Escape Plan","Prepared"],"picked":"Caltrops","floor":14.0},{"not_picked":["Phantasmal Killer","Night Terror"],"picked":"Corpse Explosion","floor":16.0},{"not_picked":["Cloak And Dagger","Acrobatics+1","Masterful Stab"],"picked":"SKIP","floor":18.0},{"not_picked":["Backflip","Tactician"],"picked":"Blade Dance","floor":21.0},{"not_picked":["Tactician","Quick Slash","Phantasmal Killer"],"picked":"SKIP","floor":24.0},{"not_picked":["Blur","Prepared"],"picked":"Blade Dance","floor":27.0},{"not_picked":["Backflip","PiercingWail"],"picked":"Flying Knee+1","floor":28.0},{"not_picked":["Sucker Punch","PiercingWail","Acrobatics+1"],"picked":"SKIP","floor":29.0},{"not_picked":["Bane+1","Prepared","Terror"],"picked":"SKIP","floor":31.0},{"not_picked":["Corpse Explosion","Malaise"],"picked":"After Image","floor":33.0},{"not_picked":["Backflip","Eviscerate"],"picked":"Cloak And Dagger","floor":35.0},{"not_picked":["Tactician","Flying Knee","Sucker Punch+1"],"picked":"SKIP","floor":40.0},{"not_picked":["Underhanded Strike+1","Skewer+1","Quick Slash"],"picked":"SKIP","floor":41.0}],"player_experience":1947245,"relics_obtained":[{"floor":6.0,"key":"Potion Belt"},{"floor":8.0,"key":"Du-Vu Doll"},{"floor":9.0,"key":"Ornamental Fan"},{"floor":10.0,"key":"Orichalcum"},{"floor":15.0,"key":"Bottled Lightning"},{"floor":23.0,"key":"MawBank"},{"floor":24.0,"key":"Girya"},{"floor":28.0,"key":"Calipers"},{"floor":40.0,"key":"Oddly Smooth Stone"}],"event_choices":[{"cards_removed":["Footwork"],"damage_healed":7.0,"max_hp_gain":0.0,"max_hp_loss":0.0,"gold_gain":0.0,"event_name":"Bonfire Elementals","player_choice":"Offered Uncommon","floor":2.0,"gold_loss":0.0,"damage_taken":0.0},{"damage_healed":0.0,"max_hp_gain":0.0,"max_hp_loss":0.0,"gold_gain":0.0,"event_name":"The Cleric","player_choice":"Leave","floor":4.0,"gold_loss":0.0,"damage_taken":0.0},{"damage_healed":0.0,"max_hp_gain":0.0,"max_hp_loss":0.0,"gold_gain":0.0,"event_name":"FaceTrader","player_choice":"Trade","floor":5.0,"gold_loss":0.0,"damage_taken":0.0,"relics_obtained":["SsserpentHead"]},{"damage_healed":0.0,"max_hp_gain":0.0,"max_hp_loss":0.0,"gold_gain":0.0,"event_name":"Nest","player_choice":"Joined the Cult","floor":19.0,"gold_loss":0.0,"damage_taken":6.0,"cards_obtained":["RitualDagger"]},{"damage_healed":0.0,"max_hp_gain":0.0,"max_hp_loss":0.0,"gold_gain":0.0,"event_name":"WeMeetAgain","player_choice":"Gave Potion","floor":20.0,"gold_loss":0.0,"damage_taken":0.0,"relics_obtained":["Strawberry"]},{"damage_healed":0.0,"max_hp_gain":0.0,"max_hp_loss":0.0,"gold_gain":0.0,"event_name":"Addict","player_choice":"Obtained Relic","floor":22.0,"gold_loss":85.0,"damage_taken":0.0,"relics_obtained":["Centennial Puzzle"]},{"damage_healed":0.0,"max_hp_gain":0.0,"max_hp_loss":0.0,"gold_gain":0.0,"event_name":"Winding Halls","player_choice":"Embrace Madness","floor":37.0,"gold_loss":0.0,"damage_taken":16.0,"cards_obtained":["Madness","Madness"]},{"cards_removed":["Defend_G"],"damage_healed":0.0,"max_hp_gain":0.0,"max_hp_loss":0.0,"gold_gain":0.0,"event_name":"Falling","player_choice":"Removed Skill","floor":39.0,"gold_loss":0.0,"damage_taken":0.0}],"is_beta":false,"boss_relics":[{"not_picked":["Runic Pyramid","Philosopher\u0027s Stone"],"picked":"WristBlade"},{"not_picked":["Cursed Key","Empty Cage"],"picked":"SlaversCollar"}],"items_purged_floors":[],"is_endless":false,"potions_floor_spawned":[6,7,8,10,16,27,28,31,35],"killed_by":"Nemesis","ascension_level":19}}