{"host":"7rmsgc3rayi00cdt","time":1612100369,"event":{"mods":["BaseMod","Minty Spire (QoL Compilation)"],"gold_per_floor":[119,130,130,102,102,102,117,153,153,153,153,172,172,192,192,285,285,299,299,313,276,290,290,290],"floor_reached":23,"language":"ENG","playtime":711,"items_purged":[],"score":372,"play_id":"40145abe-1b4f-4ead-bdc9-5a5e5ac09f0f","local_time":"20210131133929","is_ascension_mode":true,"campfire_choices":[{"floor":6,"key":"REST"},{"data":"Go for the Eyes","floor":10,"key":"SMITH"},{"data":"Rebound","floor":13,"key":"SMITH"},{"floor":15,"key":"REST"}],"circlet_count":0,"master_deck":["AscendersBane","Strike_B","Strike_B","Strike_B+1","Strike_B","Defend_B","Defend_B+1","Defend_B","Defend_B","Zap","Dualcast","Hologram","Injury","Go for the Eyes+1","Rebound+1","BootSequence","FTL","Reboot","Go for the Eyes","Streamline","Scrape","Leap"],"relics":["Philosopher\u0027s Stone","Golden Idol","Emotion Chip","Meat on the Bone","Nuclear Battery"],"acts_visited":["Exordium","TheCity"],"potions_floor_usage":[8,16,22,22],"damage_taken":[{"damage":11,"enemies":"2 Louse","floor":1,"turns":3},{"damage":5,"enemies":"Jaw Worm","floor":2,"turns":4},{"damage":0,"enemies":"Cultist","floor":7,"turns":4},{"damage":9,"enemies":"Lagavulin","floor":8,"turns":5},{"damage":10,"enemies":"Exordium Wildlife","floor":12,"turns":4},{"damage":0,"enemies":"Looter","floor":14,"turns":3},{"damage":32,"enemies":"The Guardian","floor":16,"turns":15},{"damage":36,"enemies":"3 Byrds","floor":18,"turns":5},{"damage":25,"enemies":"Spheric Guardian","floor":20,"turns":5},{"damage":9,"enemies":"3 Cultists","floor":22,"turns":5},{"damage":30,"enemies":"Book of Stabbing","floor":23,"turns":4}],"seed_played":"6671444664421745385","potions_obtained":[{"floor":2,"key":"Dexterity Potion"},{"floor":7,"key":"Strength Potion"},{"floor":16,"key":"SteroidPotion"},{"floor":20,"key":"SkillPotion"}],"is_trial":false,"path_per_floor":["M","M","?","$","?","R","M","E","T","R","$","M","R","M","R","B",null,"M","$","M","$","M","E"],"character_chosen":"DEFECT","items_purchased":["Go for the Eyes","Scrape"],"campfire_rested":2,"item_purchase_floors":[4,21],"current_hp_per_floor":[53,48,48,48,27,48,48,39,39,39,39,41,41,41,62,42,64,40,40,27,27,30,0,0],"gold":290,"neow_bonus":"BOSS_RELIC","is_daily":false,"chose_seed":false,"campfire_upgraded":2,"win_rate":0.0,"timestamp":1612100369,"path_taken":["M","M","?","$","?","R","M","E","T","R","?","?","R","M","R","BOSS","M","$","M","$","?","E"],"items_purchased_type":["Card","Card"],"build_version":"2020-12-22","purchased_purges":0,"victory":false,"max_hp_per_floor":[71,71,71,71,71,71,71,71,71,71,71,71,71,71,71,71,71,71,71,71,71,71,71,71],"card_choices":[{"not_picked":["Cold Snap","Ball Lightning"],"picked":"Hologram","floor":1},{"not_picked":["Sweeping Beam","Darkness","Turbo"],"picked":"SKIP","floor":2},{"not_picked":["Consume","Cold Snap"],"picked":"Rebound","floor":7},{"not_picked":["Sunder","Lockon","Glacier"],"picked":"SKIP","floor":8},{"not_picked":["Barrage","Compile Driver"],"picked":"BootSequence","floor":12},{"not_picked":["Machine Learning","Leap"],"picked":"FTL","floor":14},{"not_picked":["Machine Learning","Electrodynamics"],"picked":"Reboot","floor":16},{"not_picked":["Blizzard","Reprogram"],"picked":"Go for the Eyes","floor":18},{"not_picked":["Barrage","Static Discharge"],"picked":"Streamline","floor":20},{"not_picked":["Double Energy","Steam"],"picked":"Leap","floor":22}],"player_experience":791276,"relics_obtained":[{"floor":8,"key":"Emotion Chip"},{"floor":9,"key":"Meat on the Bone"}],"event_choices":[{"damage_healed":0,"gold_gain":0,"player_choice":"Take Wound","damage_taken":0,"relics_obtained":["Golden Idol"],"max_hp_gain":0,"max_hp_loss":0,"event_name":"Golden Idol","floor":3,"gold_loss":0,"cards_obtained":["Injury"]},{"damage_healed":0,"gold_gain":0,"player_choice":"Entered Light","damage_taken":21,"max_hp_gain":0,"max_hp_loss":0,"event_name":"Shining Light","floor":5,"gold_loss":0,"cards_upgraded":["Strike_B","Defend_B"]}],"is_beta":false,"boss_relics":[{"not_picked":["Black Star","Tiny House"],"picked":"Nuclear Battery"}],"items_purged_floors":[],"is_endless":false,"potions_floor_spawned":[2,7,16,20],"killed_by":"Book of Stabbing","ascension_level":19}}