{"host":"gyzmxzq2gvvih6do","time":1612098981,"event":{"mods":["BaseMod","BetterRewards","Colored Map","Colored Powertips","Duelist Mod","GifTheSpireLib","Googly Eyes","Hermit","Marisa????????","Minty Spire (QoL Compilation)","Quick Restart","StSLib","SuperFastMode","The Cursed","The Necromancer","The Servant 0.9.4","slay the spire mod where everything is the same but ironclad has a cowboy hat"],"gold_per_floor":[115,127,137,149,160,160,176,176,201,201,215,215,215,38,38,38,38],"floor_reached":16,"language":"ENG","playtime":957,"items_purged":[],"score":94,"play_id":"bc90d834-ab5d-4ce7-8751-88649fb3d2d2","local_time":"20210131061621","is_ascension_mode":false,"campfire_choices":[{"floor":6,"key":"RECALL"},{"data":"hermit:Snipe","floor":8,"key":"SMITH"},{"data":"hermit:Quickdraw","floor":10,"key":"SMITH"},{"data":"hermit:ItchyTrigger","floor":13,"key":"SMITH"},{"data":"hermit:Glare","floor":15,"key":"SMITH"}],"circlet_count":0,"master_deck":["hermit:Strike_Hermit","hermit:Strike_Hermit","hermit:Strike_Hermit","hermit:Strike_Hermit","hermit:Defend_Hermit","hermit:Defend_Hermit","hermit:Defend_Hermit","hermit:Defend_Hermit","hermit:Snapshot","hermit:Covet","hermit:Gestalt","hermit:ItchyTrigger","hermit:Quickdraw+1","hermit:ItchyTrigger+1","hermit:ItchyTrigger","hermit:Snipe+1","hermit:Cheat","hermit:Glare+1"],"relics":["hermit:Momento","NeowsBlessing","Ornamental Fan","Juzu Bracelet"],"acts_visited":["Exordium"],"potions_floor_usage":[5,16,16,16],"damage_taken":[{"damage":0,"enemies":"Cultist","floor":1,"turns":1},{"damage":0,"enemies":"Small Slimes","floor":2,"turns":1},{"damage":0,"enemies":"2 Louse","floor":3,"turns":1},{"damage":6,"enemies":"Looter","floor":4,"turns":4},{"damage":1,"enemies":"Blue Slaver","floor":5,"turns":4},{"damage":4,"enemies":"3 Louse","floor":7,"turns":3},{"damage":0,"enemies":"Exordium Wildlife","floor":11,"turns":4},{"damage":73,"enemies":"Slime Boss","floor":16,"turns":12}],"seed_played":"6791740029361557745","potions_obtained":[{"floor":1,"key":"SteroidPotion"},{"floor":2,"key":"Regen Potion"},{"floor":4,"key":"DuplicationPotion"},{"floor":11,"key":"Swift Potion"}],"is_trial":false,"path_per_floor":["M","M","M","M","M","R","M","R","T","R","M","T","R","$","R","B"],"character_chosen":"HERMIT","items_purchased":["Juzu Bracelet","hermit:Glare"],"campfire_rested":0,"item_purchase_floors":[14,14],"current_hp_per_floor":[75,75,75,69,75,75,71,71,71,71,71,71,71,71,71,0,0],"gold":38,"neow_bonus":"THREE_ENEMY_KILL","is_daily":false,"chose_seed":false,"campfire_upgraded":4,"win_rate":0.0,"timestamp":1612098981,"path_taken":["M","M","M","?","?","R","M","R","T","R","M","?","R","$","R","BOSS"],"items_purchased_type":["Relic","Card"],"build_version":"2020-12-22","purchased_purges":0,"victory":false,"max_hp_per_floor":[75,75,75,75,75,75,75,75,75,75,75,75,75,75,75,75,75],"card_choices":[{"not_picked":["hermit:FullyLoaded","hermit:Grudge"],"picked":"hermit:Gestalt","floor":1},{"not_picked":["hermit:HighCaliber","hermit:Feint"],"picked":"hermit:ItchyTrigger","floor":2},{"not_picked":["hermit:Snipe","hermit:Coalescence"],"picked":"hermit:Quickdraw","floor":3},{"not_picked":["hermit:GhostlyPresence","hermit:Glare"],"picked":"hermit:ItchyTrigger","floor":4},{"not_picked":["hermit:Quickdraw","hermit:Midnight"],"picked":"hermit:ItchyTrigger","floor":5},{"not_picked":["hermit:ShadowCloak","hermit:OverwhelmingPower"],"picked":"hermit:Snipe","floor":7},{"not_picked":["hermit:Coalescence","hermit:CalledShot"],"picked":"hermit:Cheat","floor":11}],"player_experience":92888,"relics_obtained":[{"floor":12,"key":"Ornamental Fan"}],"event_choices":[],"is_beta":false,"boss_relics":[],"items_purged_floors":[],"is_endless":false,"potions_floor_spawned":[1,2,4,11],"killed_by":"Slime Boss","ascension_level":0}}