{"host":"1qqxmg542u37e44m","time":1612079188,"event":{"mods":["BaseMod","Card Forge","Colored Map","Minty Spire (QoL Compilation)","Quick Restart","Relic Sorter","Shop Mod","StSLib","SuperFastMode"],"gold_per_floor":[116,116,66,86,97,97,127,127,152,178,178,178,103,122,122,122,122],"floor_reached":16,"language":"ENG","playtime":631,"items_purged":["Strike_G"],"score":119,"play_id":"04492ee9-bc1d-4d55-bc09-78f35fddd61e","local_time":"20210131084628","is_ascension_mode":true,"campfire_choices":[{"data":"Neutralize","floor":6,"key":"SMITH"},{"data":"Footwork","floor":8,"key":"SMITH"},{"data":"PiercingWail","floor":11,"key":"SMITH"},{"data":"Poisoned Stab","floor":15,"key":"SMITH"}],"circlet_count":0,"master_deck":["Strike_G","Strike_G","Strike_G","Defend_G","Defend_G","Defend_G","Defend_G","Defend_G","Survivor","Neutralize+1","Poisoned Stab+1","PiercingWail+1","Footwork+1"],"relics":["Ring of the Snake","Hammer of Thor","Seething Fire","Anvil of the Gods","Snake Skull","Art of War","Blood Vial"],"acts_visited":["Exordium"],"potions_floor_usage":[10,16],"damage_taken":[{"damage":1,"enemies":"Cultist","floor":1,"turns":4},{"damage":0,"enemies":"Jaw Worm","floor":4,"turns":4},{"damage":0,"enemies":"Small Slimes","floor":5,"turns":4},{"damage":42,"enemies":"3 Sentries","floor":7,"turns":16},{"damage":12,"enemies":"Lagavulin","floor":10,"turns":8},{"damage":1,"enemies":"Blue Slaver","floor":14,"turns":5},{"damage":30,"enemies":"Hexaghost","floor":16,"turns":12}],"seed_played":"-1889325846624277206","potions_obtained":[{"floor":4,"key":"SteroidPotion"},{"floor":7,"key":"AttackPotion"},{"floor":10,"key":"Ancient Potion"}],"is_trial":false,"path_per_floor":["M","?","?","M","M","R","E","R","T","E","R","T","$","M","R","B"],"character_chosen":"THE_SILENT","items_purchased":[],"campfire_rested":0,"item_purchase_floors":[],"current_hp_per_floor":[76,81,81,81,81,81,39,39,39,27,27,27,27,28,28,0,0],"gold":122,"neow_bonus":"TEN_PERCENT_HP_BONUS","is_daily":false,"chose_seed":false,"campfire_upgraded":4,"win_rate":0.0,"timestamp":1612079188,"path_taken":["M","?","?","M","M","R","E","R","T","E","R","?","$","M","R","BOSS"],"items_purchased_type":[],"build_version":"2020-12-22","purchased_purges":1,"victory":false,"max_hp_per_floor":[77,82,82,82,82,82,82,82,82,82,82,82,82,82,82,82,82],"card_choices":[{"not_picked":["Outmaneuver","Terror"],"picked":"Poisoned Stab","floor":1},{"not_picked":["Eviscerate","Acrobatics"],"picked":"PiercingWail","floor":4},{"not_picked":["Deadly Poison","Sucker Punch","Dodge and Roll"],"picked":"SKIP","floor":5},{"not_picked":["Expertise","Dash"],"picked":"Footwork","floor":7},{"not_picked":["Blade Dance","Grand Finale","Outmaneuver"],"picked":"SKIP","floor":10},{"not_picked":["Dagger Throw","PiercingWail","Deadly Poison"],"picked":"SKIP","floor":14}],"player_experience":203591,"relics_obtained":[{"floor":7,"key":"Snake Skull"},{"floor":9,"key":"Art of War"},{"floor":10,"key":"Blood Vial"}],"event_choices":[{"damage_healed":0,"gold_gain":0,"player_choice":"Donut","damage_taken":0,"max_hp_gain":5,"max_hp_loss":0,"event_name":"Big Fish","floor":2,"gold_loss":0},{"cards_removed":["Strike_G"],"damage_healed":0,"gold_gain":0,"player_choice":"Card Removal","damage_taken":0,"max_hp_gain":0,"max_hp_loss":0,"event_name":"The Cleric","floor":3,"gold_loss":50}],"is_beta":false,"boss_relics":[],"items_purged_floors":[13],"is_endless":false,"potions_floor_spawned":[4,7,10],"killed_by":"Hexaghost","ascension_level":2}}