{"host":"utqe55yv0jihe4d6","time":1612068412,"event":{"mods":["2.2 Compatiblity","AchievementEnabler","BaseMod","Block Reminder","Colored Map","Colored Powertips","Minty Spire (QoL Compilation)","Quick Restart","Rare Cards Sparkle","Relic Stats","SuperFastMode"],"gold_per_floor":[99,99,99,124,148,148,182,11,11,11,31,31,0,34,34,128,128,152,152,169,196,246,246,275,1,1,1,14,25,25,55,55,55,55],"floor_reached":33,"language":"ENG","playtime":819,"items_purged":["Strike_G"],"score":582,"play_id":"d2e67967-fbaf-48f2-a04e-d837105094f4","local_time":"20210130234652","is_ascension_mode":true,"campfire_choices":[{"data":"Dagger Throw","floor":6.0,"key":"SMITH"},{"data":"Deadly Poison","floor":10.0,"key":"SMITH"},{"floor":15.0,"key":"REST"},{"data":"Blade Dance","floor":23.0,"key":"SMITH"},{"floor":27.0,"key":"REST"},{"floor":32.0,"key":"REST"}],"circlet_count":0,"master_deck":["AscendersBane","Strike_G+1","Strike_G+1","Strike_G+1","Defend_G+1","Defend_G+1","Defend_G+1","Defend_G+1","Defend_G+1","Survivor","Neutralize+1","Deflect","Dagger Throw+1","Underhanded Strike","Deadly Poison+1","Caltrops+1","Flying Knee","Blade Dance+1","Predator","Backflip","Escape Plan","Predator+1"],"relics":["Busted Crown","Bloody Idol","Frozen Egg 2","OrangePellets","Ornamental Fan","Mercury Hourglass","Sozu","Blood Vial","Bag of Marbles","Bronze Scales","Singing Bowl","Art of War"],"acts_visited":["Exordium","TheCity"],"potions_floor_usage":[],"damage_taken":[{"damage":6.0,"enemies":"Jaw Worm","floor":1.0,"turns":4.0},{"damage":1.0,"enemies":"Small Slimes","floor":4.0,"turns":5.0},{"damage":1.0,"enemies":"Cultist","floor":5.0,"turns":4.0},{"damage":14.0,"enemies":"3 Sentries","floor":7.0,"turns":10.0},{"damage":0.0,"enemies":"Blue Slaver","floor":11.0,"turns":4.0},{"damage":18.0,"enemies":"Gremlin Nob","floor":14.0,"turns":5.0},{"damage":27.0,"enemies":"Hexaghost","floor":16.0,"turns":10.0},{"damage":16.0,"enemies":"3 Byrds","floor":18.0,"turns":3.0},{"damage":7.0,"enemies":"Chosen","floor":20.0,"turns":5.0},{"damage":24.0,"enemies":"Gremlin Leader","floor":24.0,"turns":6.0},{"damage":21.0,"enemies":"Snake Plant","floor":28.0,"turns":3.0},{"damage":0.0,"enemies":"3 Cultists","floor":29.0,"turns":4.0},{"damage":23.0,"enemies":"Slavers","floor":31.0,"turns":4.0},{"damage":55,"enemies":"Collector","floor":33,"turns":6}],"seed_played":"6586073698426444114","potions_obtained":[{"floor":4.0,"key":"EssenceOfSteel"},{"floor":11.0,"key":"GamblersBrew"},{"floor":14.0,"key":"Weak Potion"},{"floor":16.0,"key":"SpeedPotion"}],"is_trial":false,"path_per_floor":["M","?","?","M","M","R","E","$","T","R","M","?","?","E","R","B",null,"M","?","M","T","?","R","E","$","T","R","M","M","?","E","R","B"],"character_chosen":"THE_SILENT","items_purchased":["OrangePellets","Predator","Bronze Scales"],"campfire_rested":3,"item_purchase_floors":[8,25,25],"current_hp_per_floor":[53,53,53,52,51,51,37,37,37,37,37,30,30,12,30,3,46,30,30,28,33,38,38,21,21,21,39,25,32,32,16,34,0,0],"gold":55,"neow_bonus":"BOSS_RELIC","is_daily":false,"chose_seed":false,"campfire_upgraded":3,"win_rate":0.0,"timestamp":1612068412,"path_taken":["M","?","?","M","?","R","E","$","T","R","M","?","?","E","R","BOSS","M","?","M","?","?","R","E","$","T","R","M","M","?","E","R","BOSS"],"items_purchased_type":["Relic","Card","Relic"],"build_version":"2020-12-22","purchased_purges":1,"victory":false,"max_hp_per_floor":[66,60,60,60,60,60,60,60,60,60,60,60,60,60,60,60,60,60,60,60,60,60,60,60,60,60,60,60,60,60,60,60,60,60],"relic_stats":{"Sozu":3,"Blood Vial":10,"OrangePellets":[4],"Busted Crown":26,"Singing Bowl":0,"counters":[14,73],"Ornamental Fan":[100],"Bloody Idol":35,"Bronze Scales":[63],"Art of War":[0],"obtain_stats":[{"Singing Bowl":26,"Golden Idol":2,"Frozen Egg 2":7,"Mercury Hourglass":14,"Sozu":17,"Blood Vial":21,"OrangePellets":8,"Busted Crown":0,"Ornamental Fan":9,"Bloody Idol":19,"Bronze Scales":25,"Bag of Marbles":24,"Art of War":31,"Ring of the Snake":0},{"Singing Bowl":10,"Golden Idol":1,"Frozen Egg 2":4,"Mercury Hourglass":6,"Sozu":7,"Blood Vial":9,"OrangePellets":4,"Busted Crown":0,"Ornamental Fan":4,"Bloody Idol":8,"Bronze Scales":10,"Bag of Marbles":10,"Art of War":13,"Ring of the Snake":0},{"Singing Bowl":56,"Golden Idol":4,"Frozen Egg 2":23,"Mercury Hourglass":32,"Sozu":42,"Blood Vial":50,"OrangePellets":23,"Busted Crown":0,"Ornamental Fan":23,"Bloody Idol":45,"Bronze Scales":56,"Bag of Marbles":56,"Art of War":67,"Ring of the Snake":0}],"Mercury Hourglass":[201]},"card_choices":[{"not_picked":[],"picked":"Deflect","floor":1.0},{"not_picked":[],"picked":"Dagger Throw","floor":4.0},{"not_picked":[],"picked":"Underhanded Strike","floor":5.0},{"not_picked":[],"picked":"Deadly Poison","floor":7.0},{"not_picked":[],"picked":"Caltrops+1","floor":11.0},{"not_picked":[],"picked":"Flying Knee","floor":14.0},{"not_picked":["Accuracy+1"],"picked":"SKIP","floor":18.0},{"not_picked":[],"picked":"Blade Dance","floor":20.0},{"not_picked":["Slice+1"],"picked":"SKIP","floor":24.0},{"not_picked":[],"picked":"Backflip","floor":28.0},{"not_picked":[],"picked":"Escape Plan","floor":29.0},{"not_picked":[],"picked":"Predator+1","floor":31.0}],"player_experience":2968570,"relics_obtained":[{"floor":7.0,"key":"Frozen Egg 2"},{"floor":9.0,"key":"Ornamental Fan"},{"floor":14.0,"key":"Mercury Hourglass"},{"floor":21.0,"key":"Blood Vial"},{"floor":24.0,"key":"Bag of Marbles"},{"floor":26.0,"key":"Singing Bowl"},{"floor":31.0,"key":"Art of War"}],"event_choices":[{"damage_healed":0.0,"max_hp_gain":0.0,"max_hp_loss":6.0,"gold_gain":0.0,"event_name":"Golden Idol","player_choice":"Lose Max HP","floor":2.0,"gold_loss":0.0,"damage_taken":0.0,"relics_obtained":["Golden Idol"]},{"damage_healed":0.0,"max_hp_gain":0.0,"max_hp_loss":0.0,"gold_gain":0.0,"event_name":"Upgrade Shrine","player_choice":"Upgraded","floor":3.0,"gold_loss":0.0,"damage_taken":0.0,"cards_upgraded":["Neutralize"]},{"cards_removed":["Strike_G"],"damage_healed":0.0,"max_hp_gain":0.0,"max_hp_loss":0.0,"gold_gain":0.0,"event_name":"Golden Wing","player_choice":"Card Removal","floor":12.0,"gold_loss":0.0,"damage_taken":7.0},{"damage_healed":0.0,"max_hp_gain":0.0,"max_hp_loss":0.0,"gold_gain":0.0,"event_name":"World of Goop","player_choice":"Left Gold","floor":13.0,"gold_loss":31.0,"damage_taken":0.0},{"damage_healed":0.0,"max_hp_gain":0.0,"max_hp_loss":0.0,"gold_gain":0.0,"event_name":"Forgotten Altar","player_choice":"Gave Idol","floor":19.0,"relics_lost":["Golden Idol"],"gold_loss":0.0,"damage_taken":0.0,"relics_obtained":["Bloody Idol"]},{"damage_healed":0.0,"max_hp_gain":0.0,"max_hp_loss":0.0,"gold_gain":50.0,"event_name":"Nest","player_choice":"Stole From Cult","floor":22.0,"gold_loss":0.0,"damage_taken":0.0},{"damage_healed":0.0,"max_hp_gain":0.0,"max_hp_loss":0.0,"gold_gain":0.0,"event_name":"Back to Basics","player_choice":"Simplicity","floor":30.0,"gold_loss":0.0,"damage_taken":0.0,"cards_upgraded":["Strike_G","Strike_G","Strike_G","Defend_G","Defend_G","Defend_G","Defend_G","Defend_G"]}],"is_beta":false,"boss_relics":[{"not_picked":["SacredBark","Empty Cage"],"picked":"Sozu"}],"items_purged_floors":[25],"is_endless":false,"potions_floor_spawned":[4,11,14,16,20,24,29],"killed_by":"Collector","ascension_level":20}}