{"host":"g1wmg2w41xhsnw8g","time":1612080181,"event":{"mods":["2.2 Compatiblity","Act Like it!","Aspiration","BaseMod","Better Altar","Better Match","Better Note","Better Sensory Stone","Better Skull","Better Third Choice","BetterRewards","Booster Modes","CapriCore","Colored Map","Colored Powertips","Defuse TimeMaze Blight","Displayed Cursed Tome","Evolution","Fox Events","Friendly Minions","GifTheSpireLib","Good Game Mod","Googly Eyes","Hubris","Infinite Spire","Ironclad Rager","Jedi Mod","Minty Spire (QoL Compilation)","Monster B Gone","Red Circlet Mod","Relic Filter Mod","Relic Sorter","Reliquary","SCP261 Mod","Shop Mod","Smile Girya","Spicy Shops","Spikes Relics","StSLib","Strawberry Spire","Stuff the Spire","The Runesmith","The Sage","Trackpad","Transform Curses","Wandering Minibosses","Weighted Paths","????"],"gold_per_floor":[14,14,30,30,42,73,73,101,153,4,18,18,53,21,21,120,120,137,137,60,60,60,60,88,88,88,88,98,110,128,128,128,231,231,247,258,271,285,296,65,98,98,98,108,108,123,123,143,143,240,240,248,251,258,266,270,270,245,245],"floor_reached":58,"language":"ENG","playtime":4025,"items_purged":["Normality"],"score":904,"play_id":"ed697b4a-4bad-44cc-aaa7-7fab0fc5a838","local_time":"20210131030301","is_ascension_mode":true,"campfire_choices":[{"data":"Zap","floor":7.0,"key":"SMITH"},{"floor":15.0,"key":"REST"},{"data":"DiskWipe","floor":32,"key":"SMITH"},{"data":"Storm","floor":45,"key":"SMITH"},{"data":"StuffTheSpire:Ambrosia","floor":49,"key":"SMITH"},{"data":"hubris:DuctTapeCard","floor":57,"key":"SMITH"}],"circlet_count":0,"master_deck":["StuffTheSpire:Harmony","Rebound","Compile Driver","Barrage","jedi:blockon","jedi:BurstFrost","Conserve Battery","Leap","Dualcast","StuffTheSpire:ShieldGenerator","Seek","jedi:locknload","Recycle+1","Genetic Algorithm+1","Glacier+1","infinitespire:Oblivion","strawberrySpire:AnotherWinter","Go for the Eyes","Echo Form","jedi:spotbugs+1","Doom and Gloom+1","hubris:EnhanceAbility+1","hubris:DuctTapeCard+2","strawberrySpire:FocalLaser","Double Energy+1","Melter","DiskWipe+1","jedi:gatheringstorm+1","Redo+1","Storm+1","hubris:DoWhile+1","infinitespire:NeuralNetwork","StuffTheSpire:Snapshot+1","strawberrySpire:AngeryBot+1","StuffTheSpire:Ambrosia+1","Creative AI","jedi:hex+1"],"relics":["Cracked Core","EVO:Axolotl","Rawhide","Toxic Egg 2","hubris:DuctTape","aspiration:ArtOfWarUpgrade","Black Blood","Nloth\u0027s Gift","strawberrySpire:KineticCharger","hubris:RGBLights","AncientExoskeleton","MerchantsRug","Bottled Lightning","trackpad:BottledShadow","Nuclear Battery","Molten Egg 2","wanderingMiniBosses:CarrionFlame","aspiration:BursterCore"],"acts_visited":["Exordium","TheCity","TheBeyond","Exordium"],"potions_floor_usage":[33,38,41,50,50,55,58,58],"damage_taken":[{"damage":0.0,"enemies":"Jaw Worm","floor":1.0,"turns":2.0},{"damage":0.0,"enemies":"Small Slimes","floor":3.0,"turns":3.0},{"damage":0.0,"enemies":"2 Louse","floor":5.0,"turns":1.0},{"damage":21.0,"enemies":"Gremlin Nob","floor":6.0,"turns":4.0},{"damage":19.0,"enemies":"strawberrySpire:EnergyPylons","floor":8.0,"turns":4.0},{"damage":4.0,"enemies":"2 Fungi Beasts","floor":11.0,"turns":3.0},{"damage":19.0,"enemies":"Gremlin Nob","floor":13.0,"turns":5.0},{"damage":7.0,"enemies":"Hexaghost","floor":16.0,"turns":10.0},{"damage":1.0,"enemies":"Chosen","floor":18.0,"turns":2.0},{"damage":8,"enemies":"Nightmare","floor":24,"turns":8},{"damage":0,"enemies":"Shell Parasite","floor":28,"turns":3},{"damage":7,"enemies":"Sentry and Sphere","floor":29,"turns":3},{"damage":18,"enemies":"Chosen and Byrds","floor":30,"turns":5},{"damage":15,"enemies":"hubris:MusketHawk","floor":33,"turns":6},{"damage":1,"enemies":"Orb Walker","floor":35,"turns":3},{"damage":0,"enemies":"3 Shapes","floor":36,"turns":5},{"damage":15,"enemies":"Maw","floor":37,"turns":6},{"damage":3,"enemies":"Jaw Worm Horde","floor":38,"turns":4},{"damage":19,"enemies":"Writhing Mass","floor":39,"turns":6},{"damage":26,"enemies":"Nightmare","floor":41,"turns":8},{"damage":27,"enemies":"Spire Growth","floor":44,"turns":5},{"damage":12,"enemies":"Maw","floor":46,"turns":5},{"damage":0,"enemies":"Jaw Worm Horde","floor":48,"turns":3},{"damage":0,"enemies":"Donu and Deca","floor":50,"turns":5},{"damage":0,"enemies":"Small Slimes","floor":52,"turns":2},{"damage":0,"enemies":"Cultist","floor":53,"turns":3},{"damage":0,"enemies":"Jaw Worm","floor":54,"turns":2},{"damage":0,"enemies":"Looter","floor":55,"turns":2},{"damage":0,"enemies":"Gremlin Gang","floor":56,"turns":2},{"damage":83,"enemies":"Nightmare","floor":58,"turns":4}],"seed_played":"-6188768133091993079","potions_obtained":[{"floor":6.0,"key":"sagemod:Wine"},{"floor":13.0,"key":"PotionOfCapacity"},{"floor":30,"key":"SCP261:ThunderBarPotion"},{"floor":33,"key":"Explosive Potion"},{"floor":35,"key":"LiquidMemories"},{"floor":38,"key":"SteroidPotion"},{"floor":44,"key":"Energy Potion"},{"floor":46,"key":"ColorlessPotion"},{"floor":48,"key":"PowerPotion"},{"floor":52,"key":"SkillPotion"},{"floor":54,"key":"Swift Potion"},{"floor":56,"key":"Explosive Potion"}],"is_trial":false,"path_per_floor":["M","?","M","?","M","E","R","E","T","R","M","?","E","$","R","B",null,"M","$","?","?","?","R","NM","R","T","?","M","M","M","?","R","B",null,"M","M","M","M","M","R","NM","AVR","T","M","R","M","?","M","R","B",null,"M","M","M","M","M","R","NM"],"character_chosen":"DEFECT","items_purchased":["Genetic Algorithm+1","Go for the Eyes","MerchantsRug","DataDisk","Storm"],"campfire_rested":1,"item_purchase_floors":[10,14,40,40,40],"current_hp_per_floor":[57,57,58,58,58,38,38,22,22,22,21,21,8,8,32,31,80,79,79,79,60,60,60,60,60,60,63,63,63,60,60,60,62,63,63,63,60,63,58,58,52,52,52,47,47,57,57,64,64,66,66,68,70,72,74,76,76,0,0],"gold":245,"neow_bonus":"DEFECT_STORMLORD","is_daily":false,"chose_seed":false,"campfire_upgraded":5,"win_rate":0.0,"timestamp":1612080181,"path_taken":["M","?","M","?","M","E","R","E","T","R","M","?","E","$","R","BOSS","M","$","?","?","?","R","NM","R","T","?","M","M","?","?","R","BOSS","M","M","M","M","M","R","NM","AVR","T","?","R","M","?","?","R","BOSS","M","M","M","?","M","R","NM"],"items_purchased_type":["Card","Card","Relic","Relic","Card"],"build_version":"2020-12-22","purchased_purges":1,"victory":false,"max_hp_per_floor":[80,80,80,80,80,80,80,80,80,80,80,80,80,80,80,80,80,80,80,80,60,60,60,60,60,60,63,63,63,63,63,63,63,63,63,63,63,63,63,63,63,63,63,63,63,63,63,64,64,66,66,68,70,72,74,76,76,78,78],"card_choices":[{"not_picked":["strawberrySpire:DataDump","Compile Driver"],"picked":"StuffTheSpire:ShieldGenerator","floor":1.0},{"not_picked":["jedi:BurstLightning","Barrage","strawberrySpire:Disconnect"],"picked":"SKIP","floor":3.0},{"not_picked":["Blizzard","StuffTheSpire:NuclearReactor","jedi:overflow"],"picked":"SKIP","floor":5.0},{"not_picked":["Machine Learning","StuffTheSpire:LoadUp"],"picked":"jedi:locknload","floor":6.0},{"not_picked":["StuffTheSpire:GlassShard","Stack+1"],"picked":"Recycle+1","floor":8.0},{"not_picked":["Loop","Go for the Eyes"],"picked":"Glacier+1","floor":11.0},{"not_picked":["hubris:InfiniteBlow+2496","infinitespire:SevenWalls"],"picked":"infinitespire:Oblivion","floor":12.0},{"not_picked":["StuffTheSpire:Rend+1","Conserve Battery+1"],"picked":"strawberrySpire:AnotherWinter","floor":13.0},{"not_picked":["jedi:meditation","strawberrySpire:Gammacceleration+1"],"picked":"Echo Form","floor":16.0},{"not_picked":["jedi:blockon+1","jedi:spotbugs+1","strawberrySpire:DataDump"],"picked":"SKIP","floor":18.0},{"not_picked":["Coolheaded+1","Reprogram+1"],"picked":"strawberrySpire:FocalLaser","floor":24},{"not_picked":["StuffTheSpire:Rend+1","FTL"],"picked":"Double Energy+1","floor":28},{"not_picked":["Compile Driver+1","jedi:BurstFrost+1"],"picked":"Melter","floor":29},{"not_picked":["Sunder","hubris:Ukulele+1"],"picked":"DiskWipe","floor":30},{"not_picked":["jedi:darknesscall+1","hubris:SpecializedCircuitry"],"picked":"jedi:gatheringstorm+1","floor":33},{"not_picked":["Conserve Battery+1","Stack+1","Leap+1"],"picked":"SKIP","floor":35},{"not_picked":["Machine Learning","Capacitor","strawberrySpire:DataDump"],"picked":"SKIP","floor":36},{"not_picked":["Ball Lightning","FTL+1"],"picked":"Redo+1","floor":37},{"not_picked":["Go for the Eyes","strawberrySpire:Gammacceleration+1"],"picked":"StuffTheSpire:SnapShoot+1","floor":38},{"not_picked":["Compile Driver","Redo+1","Conserve Battery+1"],"picked":"SKIP","floor":39},{"not_picked":["strawberrySpire:DataDump+1","Lockon+1"],"picked":"hubris:DoWhile+1","floor":41},{"not_picked":["strawberrySpire:DataDump+1","Streamline+1","Barrage+1"],"picked":"SKIP","floor":44},{"not_picked":["Thunder Strike+1","Steam+1"],"picked":"strawberrySpire:AngeryBot+1","floor":46},{"not_picked":["StuffTheSpire:Vigor","StuffTheSpire:BrainWave"],"picked":"StuffTheSpire:Ambrosia","floor":47},{"not_picked":["Seek+1","Sweeping Beam+1","Gash+1"],"picked":"SKIP","floor":48},{"not_picked":["StuffTheSpire:ForEach+1","Machine Learning"],"picked":"Creative AI","floor":50},{"not_picked":["strawberrySpire:Adapter+1","strawberrySpire:NeonFlight+1"],"picked":"jedi:hex+1","floor":52},{"not_picked":["Genetic Algorithm+1","Go for the Eyes+1","jedi:blockon+1"],"picked":"SKIP","floor":53},{"not_picked":["FTL+1","DiskWipe","Coolheaded+1"],"picked":"SKIP","floor":54},{"not_picked":["strawberrySpire:Adapter+1","strawberrySpire:THEL+1","StuffTheSpire:SnapShoot+1"],"picked":"SKIP","floor":55},{"not_picked":["Beam Cell+1","Leap+1","strawberrySpire:AnotherWinter"],"picked":"SKIP","floor":56}],"player_experience":954608,"relics_obtained":[{"floor":6.0,"key":"Rawhide"},{"floor":8.0,"key":"Toxic Egg 2"},{"floor":13.0,"key":"hubris:DuctTape"},{"floor":24,"key":"strawberrySpire:KineticCharger"},{"floor":26,"key":"hubris:RGBLights"},{"floor":41,"key":"Bottled Lightning"},{"floor":43,"key":"Molten Egg 2"},{"floor":44,"key":"wanderingMiniBosses:CarrionFlame"}],"event_choices":[{"damage_healed":57.0,"max_hp_gain":0.0,"max_hp_loss":80.0,"gold_gain":0.0,"event_name":"betterThird:BetterShining","player_choice":"Embrace Burn","floor":2.0,"gold_loss":0.0,"damage_taken":0.0},{"damage_healed":0,"gold_gain":0,"player_choice":"Paid Gold","damage_taken":0,"relics_obtained":["Art of War"],"max_hp_gain":0,"max_hp_loss":0,"event_name":"WeMeetAgain","floor":20,"gold_loss":77},{"damage_healed":0,"gold_gain":0,"player_choice":"Traded Relic","damage_taken":0,"relics_obtained":["Nloth\u0027s Gift"],"max_hp_gain":0,"max_hp_loss":0,"event_name":"N\u0027loth","floor":22,"relics_lost":["REME:ComplimentaryCards"],"gold_loss":0},{"damage_healed":0,"gold_gain":0,"player_choice":"Bought 0 Potions","damage_taken":0,"max_hp_gain":0,"max_hp_loss":0,"event_name":"The Woman in Blue","floor":31,"gold_loss":0}],"is_beta":false,"boss_relics":[{"not_picked":["aspiration:WatcherSkillbook","Calling Bell"],"picked":"Astrolabe"},{"not_picked":["SacredBark","Philosopher\u0027s Stone"],"picked":"AncientExoskeleton"},{"not_picked":["Sandwich","CosmicIsotope"],"picked":"aspiration:BursterCore"}],"items_purged_floors":[10],"is_endless":true,"potions_floor_spawned":[6,13,30,33,35,38,44,46,48,52,54,56],"killed_by":"Nightmare","ascension_level":1}}