{"host":"56d873i5r3uhle0q","time":1612063017,"event":{"mods":["100% Spire Juice","Act Like it!","Aspiration","BaseMod","Block Reminder","Conspire","Dota2Spire","Downfall","Gensokyo","Hermit","Hubris","Infinite Spire","Jedi Mod","Lobotomy","LobotomyExtend","Marisa????????","Marked Mod","Minty Spire (QoL Compilation)","Reliquary","Replay The Spire","StSLib","The Animator","The Bug Knight","The Cursed","The Marked","The Servant 0.9.4","everything is the same but u backflip on backflip","??????REMEMod"],"gold_per_floor":[119,119,138,138,157,157,182,182,228,228,228,228,247,266,266,266,266],"floor_reached":16,"language":"ENG","playtime":726,"items_purged":[],"score":100,"play_id":"05a473be-ff33-4222-80d3-d22d83a52cc5","local_time":"20210130201657","is_ascension_mode":false,"campfire_choices":[{"floor":6,"key":"REST"},{"data":"Zap","floor":8,"key":"PURGE"},{"floor":15,"key":"REST"}],"circlet_count":0,"master_deck":["Strike_B","Strike_B","Strike_B","Strike_B","Defend_B","Defend_B","Defend_B","Defend_B","DeusExMachina","Sadistic Nature","Reprogram","Go for the Eyes","Fusion"],"relics":["Cracked Core","REME_ComplimentaryCards","LetterFromLob","Pear","Peace Pipe","Art of War"],"acts_visited":["Gensokyo:Gensokyo"],"potions_floor_usage":[16],"damage_taken":[{"damage":0,"enemies":"Gensokyo:2_Kodama","floor":1,"turns":5},{"damage":2,"enemies":"Gensokyo:Gryphon","floor":3,"turns":2},{"damage":6,"enemies":"Gensokyo:3_Fairies","floor":5,"turns":3},{"damage":31,"enemies":"Gensokyo:Cirno","floor":7,"turns":8},{"damage":1,"enemies":"Gensokyo:CorruptedTreant","floor":13,"turns":5},{"damage":26,"enemies":"Gensokyo:LivingMonolith","floor":14,"turns":6},{"damage":47,"enemies":"Gensokyo:Reimu","floor":16,"turns":11}],"seed_played":"4469314758464435967","potions_obtained":[{"floor":3,"key":"PowerPotion"},{"floor":7,"key":"LiquidBronze"}],"is_trial":false,"path_per_floor":["M","?","M","?","M","R","E","R","T","R","$","?","M","M","R","B"],"character_chosen":"DEFECT","items_purchased":[],"campfire_rested":2,"item_purchase_floors":[],"current_hp_per_floor":[54,49,47,47,41,66,35,35,35,35,35,44,43,17,42,0,0],"gold":266,"neow_bonus":"RANDOM_COLORLESS_2","is_daily":false,"chose_seed":false,"campfire_upgraded":0,"win_rate":0.0,"timestamp":1612063017,"path_taken":["M","?","M","?","M","R","E","R","T","R","$","?","M","M","R","BOSS"],"items_purchased_type":[],"build_version":"2020-12-22","purchased_purges":0,"victory":false,"max_hp_per_floor":[75,85,85,85,85,85,85,85,85,85,85,85,85,85,85,85,85],"card_choices":[{"not_picked":["REME_MawOfCthun","The Bomb"],"picked":"Sadistic Nature","floor":0},{"not_picked":["Doom and Gloom","Conserve Battery","Self Repair"],"picked":"SKIP","floor":1},{"not_picked":["Leap","Chaos"],"picked":"Reprogram","floor":3},{"not_picked":["jedi:sharpshooter","Sweeping Beam"],"picked":"Go for the Eyes","floor":5},{"not_picked":["Time Bomb","Redo"],"picked":"Fusion","floor":7},{"not_picked":["jedi:BurstLightning","Steam","Turbo"],"picked":"SKIP","floor":13},{"not_picked":["Streamline","Stack","REME_SelfUpgrade"],"picked":"SKIP","floor":14}],"player_experience":689832,"relics_obtained":[{"floor":1,"key":"LetterFromLob"},{"floor":7,"key":"Peace Pipe"},{"floor":9,"key":"Art of War"}],"event_choices":[],"is_beta":false,"boss_relics":[],"items_purged_floors":[],"is_endless":false,"potions_floor_spawned":[3,7],"killed_by":"Gensokyo:Reimu","ascension_level":0}}