{"host":"edndssuekvzbh3is","time":1612062613,"event":{"mods":["BaseMod","Colored Map","Colored Powertips","Minty Spire (QoL Compilation)","SuperFastMode"],"gold_per_floor":[113,126,126,141,151,151,168,168,192,208,208,12,37,55,55,158,158,129,228,247,266,266,301,311,311,334,14,14,14,114,131,131,234,234,249,3,23,40,54,54,69,69,95,20,20,20],"floor_reached":45,"language":"ENG","playtime":1697,"items_purged":["Strike_P"],"score":695,"play_id":"a8ed3c6d-a869-45d1-8d3a-a1e46821ec9a","local_time":"20210130221013","is_ascension_mode":true,"campfire_choices":[{"data":"Eruption","floor":6,"key":"SMITH"},{"data":"TalkToTheHand","floor":11,"key":"SMITH"},{"data":"Tantrum","floor":15,"key":"SMITH"},{"data":"TalkToTheHand","floor":25,"key":"SMITH"},{"data":"Halt","floor":28,"key":"SMITH"},{"data":"Adaptation","floor":32,"key":"SMITH"},{"floor":40,"key":"RECALL"}],"circlet_count":0,"master_deck":["Strike_P+1","Defend_P","Defend_P","Defend_P","Defend_P+1","Eruption+1","Vigilance+1","CarveReality","LikeWater","EmptyBody+1","Vault","TalkToTheHand+1","EmptyFist+1","Halt+1","JustLucky","Tantrum+1","LessonLearned","WheelKick","TalkToTheHand+1","MentalFortress","Protect+1","EmptyFist","MentalFortress","Adaptation+1","WaveOfTheHand","Wallop+1","DeusExMachina","Indignation+1","BattleHymn","ThirdEye","JustLucky+1","Parasite","ClearTheMind+1","FollowUp+1","Fasting2","Pain"],"relics":["PureWater","Dream Catcher","FaceOfCleric","War Paint","Sling","Bag of Marbles","Coffee Dripper","Regal Pillow","Bronze Scales","Vajra","Calipers","Pantograph","Cursed Key","Lee\u0027s Waffle"],"acts_visited":["Exordium","TheCity","TheBeyond"],"potions_floor_usage":[13,16,23,30,45],"damage_taken":[{"damage":4,"enemies":"Cultist","floor":1,"turns":6},{"damage":10,"enemies":"2 Louse","floor":2,"turns":2},{"damage":0,"enemies":"Jaw Worm","floor":4,"turns":4},{"damage":1,"enemies":"Looter","floor":5,"turns":4},{"damage":3,"enemies":"3 Louse","floor":7,"turns":3},{"damage":0,"enemies":"Large Slime","floor":10,"turns":3},{"damage":0,"enemies":"Lagavulin","floor":13,"turns":5},{"damage":0,"enemies":"Exordium Wildlife","floor":14,"turns":3},{"damage":0,"enemies":"Slime Boss","floor":16,"turns":3},{"damage":19,"enemies":"2 Thieves","floor":18,"turns":5},{"damage":0,"enemies":"Shell Parasite","floor":20,"turns":4},{"damage":40,"enemies":"Cultist and Chosen","floor":21,"turns":11},{"damage":3,"enemies":"Slavers","floor":23,"turns":4},{"damage":0,"enemies":"Centurion and Healer","floor":24,"turns":3},{"damage":24,"enemies":"Colosseum Slavers","floor":30,"turns":7},{"damage":0,"enemies":"Colosseum Nobs","floor":30,"turns":3},{"damage":4,"enemies":"Snake Plant","floor":31,"turns":3},{"damage":0,"enemies":"Champ","floor":33,"turns":10},{"damage":0,"enemies":"Orb Walker","floor":35,"turns":5},{"damage":38,"enemies":"3 Darklings","floor":37,"turns":5},{"damage":0,"enemies":"Writhing Mass","floor":38,"turns":6},{"damage":8,"enemies":"Spire Growth","floor":39,"turns":5},{"damage":35,"enemies":"3 Darklings","floor":41,"turns":9},{"damage":27,"enemies":"Transient","floor":45,"turns":5}],"seed_played":"1407589839083202856","potions_obtained":[{"floor":1,"key":"CultistPotion"},{"floor":5,"key":"Fire Potion"},{"floor":10,"key":"SpeedPotion"},{"floor":13,"key":"Weak Potion"},{"floor":16,"key":"SpeedPotion"},{"floor":18,"key":"PowerPotion"},{"floor":20,"key":"Ambrosia"},{"floor":24,"key":"FearPotion"},{"floor":31,"key":"StancePotion"},{"floor":33,"key":"Fire Potion"},{"floor":39,"key":"Weak Potion"}],"is_trial":false,"path_per_floor":["M","M","?","M","M","R","M","?","T","M","R","$","E","M","R","B",null,"M","?","M","M","?","E","M","R","T","$","R","?","?","M","R","B",null,"M","$","M","M","M","R","M","$","T","$","M"],"character_chosen":"WATCHER","items_purchased":["Halt","Sling","FairyPotion","Vajra","MentalFortress","BattleHymn","Lee\u0027s Waffle","ThirdEye"],"campfire_rested":0,"item_purchase_floors":[12,12,27,27,27,36,36,36],"current_hp_per_floor":[68,58,58,58,57,57,54,54,54,55,55,55,56,57,57,58,76,58,58,59,20,5,3,4,4,4,4,4,4,15,12,12,38,90,91,98,61,62,55,55,21,21,21,21,0,0],"gold":20,"neow_bonus":"RANDOM_COMMON_RELIC","is_daily":false,"chose_seed":false,"campfire_upgraded":6,"win_rate":0.0,"timestamp":1612062613,"path_taken":["M","M","?","M","M","R","M","?","T","?","R","$","E","M","R","BOSS","M","?","M","M","?","E","M","R","T","$","R","?","?","M","R","BOSS","M","$","M","M","M","R","M","$","T","$","M"],"items_purchased_type":["Card","Relic","Potion","Relic","Card","Card","Relic","Card"],"build_version":"2020-12-22","purchased_purges":1,"victory":false,"max_hp_per_floor":[72,72,72,72,72,72,72,72,72,73,73,73,74,75,75,76,76,77,77,78,79,84,85,86,86,86,86,86,86,88,89,89,90,90,91,98,99,100,101,101,102,102,102,102,102,102],"card_choices":[{"not_picked":["Weave","SashWhip"],"picked":"CarveReality","floor":1},{"not_picked":["Consecrate","FollowUp"],"picked":"LikeWater","floor":2},{"not_picked":["CrushJoints","CarveReality"],"picked":"EmptyBody","floor":4},{"not_picked":["Prostrate","Collect"],"picked":"Vault","floor":5},{"not_picked":["CrushJoints","CutThroughFate"],"picked":"TalkToTheHand","floor":7},{"not_picked":["CrushJoints","PathToVictory"],"picked":"EmptyFist","floor":10},{"not_picked":["Worship","Indignation"],"picked":"JustLucky","floor":13},{"not_picked":["Consecrate","JustLucky"],"picked":"Tantrum","floor":14},{"not_picked":["Omniscience","Vault"],"picked":"LessonLearned","floor":16},{"not_picked":["CutThroughFate","BowlingBash"],"picked":"WheelKick","floor":18},{"not_picked":["Halt","Fasting2"],"picked":"TalkToTheHand","floor":20},{"not_picked":["Halt+1","FollowUp"],"picked":"MentalFortress","floor":21},{"not_picked":["DeceiveReality","EmptyFist"],"picked":"Protect+1","floor":23},{"not_picked":["Protect+1","BowlingBash"],"picked":"EmptyFist","floor":24},{"not_picked":["EmptyFist+1","BattleHymn"],"picked":"Wallop+1","floor":30},{"not_picked":["Alpha","Weave","MentalFortress"],"picked":"SKIP","floor":31},{"not_picked":["Omniscience","Alpha"],"picked":"DeusExMachina","floor":33},{"not_picked":["ClearTheMind+1","ThirdEye"],"picked":"Indignation+1","floor":35},{"not_picked":["Sanctity","EmptyMind"],"picked":"JustLucky+1","floor":37},{"not_picked":["Crescendo+1","SandsOfTime+1"],"picked":"ClearTheMind+1","floor":38},{"not_picked":["Devotion","Crescendo"],"picked":"FollowUp+1","floor":39},{"not_picked":["Adaptation","Consecrate"],"picked":"Fasting2","floor":41}],"player_experience":338212,"relics_obtained":[{"floor":9,"key":"War Paint"},{"floor":13,"key":"Bag of Marbles"},{"floor":23,"key":"Regal Pillow"},{"floor":26,"key":"Bronze Scales"},{"floor":30,"key":"Calipers"},{"floor":30,"key":"Pantograph"}],"event_choices":[{"damage_healed":0,"gold_gain":0,"player_choice":"Grow","damage_taken":0,"max_hp_gain":0,"max_hp_loss":0,"event_name":"Living Wall","floor":3,"gold_loss":0,"cards_upgraded":["Vigilance"]},{"damage_healed":0,"gold_gain":0,"player_choice":"Trade","damage_taken":0,"relics_obtained":["FaceOfCleric"],"max_hp_gain":0,"max_hp_loss":0,"event_name":"FaceTrader","floor":8,"gold_loss":0},{"damage_healed":0,"gold_gain":99,"player_choice":"Stole From Cult","damage_taken":0,"max_hp_gain":0,"max_hp_loss":0,"event_name":"Nest","floor":19,"gold_loss":0},{"damage_healed":0,"gold_gain":0,"player_choice":"Shed Blood","damage_taken":20,"max_hp_gain":5,"max_hp_loss":0,"event_name":"Forgotten Altar","floor":22,"gold_loss":0},{"damage_healed":0,"gold_gain":0,"cards_transformed":["Strike_P","Strike_P"],"player_choice":"Became Test Subject","damage_taken":0,"max_hp_gain":0,"max_hp_loss":0,"event_name":"Drug Dealer","floor":29,"gold_loss":0,"cards_obtained":["Adaptation","WaveOfTheHand"]},{"damage_healed":0,"gold_gain":0,"player_choice":"Fight","damage_taken":0,"max_hp_gain":0,"max_hp_loss":0,"event_name":"Colosseum","floor":30,"gold_loss":0},{"damage_healed":0,"gold_gain":0,"player_choice":"Fought Nobs","damage_taken":0,"max_hp_gain":0,"max_hp_loss":0,"event_name":"Colosseum","floor":30,"gold_loss":0}],"is_beta":false,"boss_relics":[{"not_picked":["Fusion Hammer","Ectoplasm"],"picked":"Coffee Dripper"},{"not_picked":["SacredBark","Philosopher\u0027s Stone"],"picked":"Cursed Key"}],"items_purged_floors":[44],"is_endless":false,"potions_floor_spawned":[1,5,10,13,16,18,20,24,31,33,39],"killed_by":"Transient","ascension_level":2}}