{"host":"rq7gz685gkaokql0","time":1612069415,"event":{"mods":["BaseMod","Hubris","Infinite Spire","Minty Spire (QoL Compilation)","Replay The Spire","StSLib"],"gold_per_floor":[111,122,316,316,45,45,71,71,117,131,42,55,87,103,103,177,227,246,246,246,258,275,275,308,318,318,318,0,14,14,34,34,34,34],"floor_reached":33,"language":"ENG","playtime":2579,"items_purged":[],"score":604,"play_id":"02a7d701-29e5-48d8-b762-71104835188d","local_time":"20210130190335","is_ascension_mode":true,"campfire_choices":[{"data":"Inflame","floor":6,"key":"SMITH"},{"data":"Whirlwind","floor":8,"key":"SMITH"},{"data":"Perfected Strike","floor":15,"key":"SMITH"},{"floor":23,"key":"REST"},{"floor":27,"key":"REST"},{"data":"Flex","floor":30,"key":"SMITH"},{"floor":32,"key":"REST"}],"circlet_count":0,"master_deck":["AscendersBane","Strike_R","Strike_R","Strike_R","Strike_R","Strike_R","Defend_R","Defend_R","Defend_R+1","Defend_R","Bash","Perfected Strike+1","Inflame+1","Offering","Replay:Parry","Whirlwind+1","Pot Of Greed","Pot Of Greed","Pummel","ReplayTheSpireMod:Strike From Hell+1","Sword Boomerang","Body Slam","Thunderclap","Sword Boomerang","Reaper+1","Thunderclap","Pot Of Greed","Flex+1","Replay:Undeath\u0027s Touch","Carnage","Second Wind","Disarm+1","hubris:CleavingFinish","Cleave+1"],"relics":["Burning Blood","NeowsBlessing","hubris:Towel","hubris:EmptyBottle","Anchor","Grinning Jar","infinitespire:CursedDice","Tiny House","Replay:Wax Seal","Ginger","HandDrill","Nunchaku"],"acts_visited":["Exordium","TheCity"],"potions_floor_usage":[16,16,16,24,24,24,25,29,33,33,33,33],"damage_taken":[{"damage":0,"enemies":"Cultist","floor":1,"turns":1},{"damage":0,"enemies":"2 Louse","floor":2,"turns":1},{"damage":0,"enemies":"3 Sentries","floor":7,"turns":2},{"damage":6,"enemies":"Jaw Worm","floor":10,"turns":3},{"damage":12,"enemies":"Looter","floor":12,"turns":3},{"damage":8,"enemies":"Gremlin Nob","floor":13,"turns":3},{"damage":3,"enemies":"Blue Slaver","floor":14,"turns":2},{"damage":39,"enemies":"Hexaghost","floor":16,"turns":7},{"damage":28,"enemies":"3 Byrds","floor":18,"turns":4},{"damage":7,"enemies":"Chosen","floor":21,"turns":3},{"damage":14,"enemies":"Snake Plant","floor":22,"turns":2},{"damage":84,"enemies":"Gremlin Leader","floor":24,"turns":7},{"damage":47,"enemies":"Shelled Parasite and Fungi","floor":25,"turns":4},{"damage":32,"enemies":"Chosen and Byrds","floor":29,"turns":5},{"damage":20,"enemies":"Snake Plant","floor":31,"turns":2},{"damage":89,"enemies":"Pondfish","floor":33,"turns":10}],"seed_played":"-7650683805605237889","potions_obtained":[{"floor":2,"key":"Ancient Potion"},{"floor":12,"key":"LiquidMemories"},{"floor":17,"key":"DuplicationPotion"},{"floor":24,"key":"DistilledChaos"},{"floor":29,"key":"Explosive Potion"},{"floor":31,"key":"FearPotion"}],"is_trial":false,"path_per_floor":["M","M","?","?","$","R","E","R","T","M","$","M","E","M","R","B",null,"M","?","?","M","M","R","E","M","T","R","$","M","R","M","R","B"],"character_chosen":"IRONCLAD","items_purchased":["hubris:EmptyBottle","Replay:Parry","ReplayTheSpireMod:Strike From Hell+1","Sword Boomerang","HandDrill","Nunchaku"],"campfire_rested":3,"item_purchase_floors":[5,5,11,11,28,28],"current_hp_per_floor":[74,75,45,45,45,45,51,51,51,51,51,45,43,46,46,13,65,43,43,43,42,34,58,55,29,29,53,53,37,37,23,47,0,0],"gold":34,"neow_bonus":"THREE_ENEMY_KILL","is_daily":false,"chose_seed":false,"campfire_upgraded":4,"win_rate":0.0,"timestamp":1612069415,"path_taken":["M","M","?","?","$","R","E","R","T","M","$","M","E","M","R","BOSS","M","?","?","?","M","R","E","M","T","R","$","M","R","M","R","BOSS"],"items_purchased_type":["Relic","Card","Card","Card","Relic","Relic"],"build_version":"2020-12-22","purchased_purges":0,"victory":false,"max_hp_per_floor":[75,75,75,75,75,75,75,75,75,75,75,75,75,75,75,75,80,80,80,80,80,80,80,80,80,80,80,80,80,80,80,80,80,80],"card_choices":[{"not_picked":["Wild Strike","Pommel Strike"],"picked":"Perfected Strike","floor":1},{"not_picked":["Clothesline","Second Wind"],"picked":"Inflame","floor":2},{"not_picked":["Pommel Strike","ReplayTheSpireMod:Corrosion Curse"],"picked":"Offering","floor":3},{"not_picked":["Hemokinesis","Life Link"],"picked":"Whirlwind","floor":7},{"not_picked":["Sword Boomerang","Twin Strike"],"picked":"Pummel","floor":10},{"not_picked":["Havoc","Bloodletting"],"picked":"Body Slam","floor":12},{"not_picked":["Clash","Replay:Undeath\u0027s Touch"],"picked":"Thunderclap","floor":13},{"not_picked":["Sentinel","Entrench"],"picked":"Sword Boomerang","floor":14},{"not_picked":["Corruption","Double Tap"],"picked":"Reaper","floor":16},{"not_picked":["Entrench","Twin Strike"],"picked":"Thunderclap","floor":17},{"not_picked":["Fire Breathing","Replay:Undeath\u0027s Touch"],"picked":"Flex","floor":18},{"not_picked":["Shrug It Off","Second Wind"],"picked":"Replay:Undeath\u0027s Touch","floor":21},{"not_picked":["Warcry","Headbutt"],"picked":"Carnage","floor":22},{"not_picked":["Heavy Blade","Battle Trance"],"picked":"Second Wind","floor":24},{"not_picked":["Shrug It Off","Feel No Pain+1"],"picked":"Disarm+1","floor":25},{"not_picked":["Wild Strike","Shrug It Off"],"picked":"hubris:CleavingFinish","floor":29},{"not_picked":["Shrug It Off","Massacre+1"],"picked":"Cleave+1","floor":31}],"player_experience":1222784,"relics_obtained":[{"floor":7,"key":"Anchor"},{"floor":9,"key":"Grinning Jar"},{"floor":13,"key":"infinitespire:CursedDice"},{"floor":24,"key":"Replay:Wax Seal"},{"floor":26,"key":"Ginger"}],"event_choices":[{"damage_healed":0,"gold_gain":0,"player_choice":"Ignored","damage_taken":0,"max_hp_gain":0,"max_hp_loss":0,"event_name":"Beggar","floor":19,"gold_loss":0},{"damage_healed":0,"gold_gain":0,"player_choice":"Upgraded","damage_taken":0,"max_hp_gain":0,"max_hp_loss":0,"event_name":"Upgrade Shrine","floor":20,"gold_loss":0,"cards_upgraded":["Reaper"]}],"is_beta":false,"boss_relics":[{"not_picked":["hubris:BlackHole","hubris:HollowSoul"],"picked":"Tiny House"}],"items_purged_floors":[],"is_endless":false,"potions_floor_spawned":[2,12,24,29,31],"killed_by":"Pondfish","ascension_level":20}}