{"host":"aw6ta4ll26ap9lu8","time":1612069177,"event":{"mods":["AchievementEnabler","AlwaysNeverKeys","BaseMod","Bestiary","Block Reminder","Colored Map","Colored Powertips","Dark Map","DeckTracker","Highlight Path","Minty Spire (QoL Compilation)","Permanent Neow","Quick Restart","Relic Stats","StSLib"],"gold_per_floor":[135,189,222,222,265,265,350,393,419,101,101,175,19,19,19,138,138,213,213,35,75,116,176,176,176,176,176,176,176,176,217,217,217,217],"floor_reached":33,"language":"ENG","playtime":998,"items_purged":["Regret","Defend_P"],"score":414,"play_id":"805d3d24-106b-4e84-8a2b-d2dfc5bb8bc8","local_time":"20210130235937","is_ascension_mode":true,"campfire_choices":[{"data":"HandOfGreed","floor":6.0,"key":"SMITH"},{"floor":15.0,"key":"REST"},{"floor":24.0,"key":"REST"},{"data":"Scrawl","floor":27.0,"key":"SMITH"},{"data":"Eruption","floor":29.0,"key":"SMITH"},{"data":"CutThroughFate","floor":32.0,"key":"SMITH"}],"circlet_count":0,"master_deck":["AscendersBane","Strike_P","Strike_P","Defend_P","Defend_P","Eruption+1","Vigilance","HandOfGreed+1","CutThroughFate+1","FollowUp","Consecrate","Halt","Scrawl+1","Judgement+1","Evaluate+1","TalkToTheHand+1","FearNoEvil","Scrawl+1","Pray+1"],"relics":["PureWater","Golden Idol","Ice Cream","PreservedInsect","Kunai","Lantern","Centennial Puzzle","Astrolabe","Juzu Bracelet","MutagenicStrength","Incense Burner"],"acts_visited":["Exordium","TheCity"],"potions_floor_usage":[],"damage_taken":[{"damage":6.0,"enemies":"Cultist","floor":1.0,"turns":4.0},{"damage":5.0,"enemies":"2 Louse","floor":2.0,"turns":4.0},{"damage":6.0,"enemies":"Jaw Worm","floor":3.0,"turns":4.0},{"damage":11.0,"enemies":"Exordium Thugs","floor":5.0,"turns":3.0},{"damage":30.0,"enemies":"3 Sentries","floor":7.0,"turns":7.0},{"damage":0.0,"enemies":"Looter","floor":8.0,"turns":1.0},{"damage":1.0,"enemies":"Exordium Wildlife","floor":12.0,"turns":4.0},{"damage":4.0,"enemies":"Hexaghost","floor":16.0,"turns":6.0},{"damage":15.0,"enemies":"3 Byrds","floor":18.0,"turns":5.0},{"damage":0.0,"enemies":"2 Thieves","floor":19.0,"turns":1.0},{"damage":0.0,"enemies":"Chosen and Byrds","floor":21.0,"turns":2.0},{"damage":0.0,"enemies":"Sentry and Sphere","floor":22.0,"turns":2.0},{"damage":18.0,"enemies":"Book of Stabbing","floor":23.0,"turns":3.0},{"damage":0.0,"enemies":"Snecko","floor":31.0,"turns":1.0},{"damage":72,"enemies":"Collector","floor":33,"turns":3}],"seed_played":"5457626446758908584","potions_obtained":[{"floor":1.0,"key":"StancePotion"},{"floor":3.0,"key":"SkillPotion"},{"floor":7.0,"key":"Weak Potion"},{"floor":11.0,"key":"EntropicBrew"},{"floor":16.0,"key":"SmokeBomb"},{"floor":21.0,"key":"Ambrosia"},{"floor":22.0,"key":"Dexterity Potion"}],"is_trial":false,"path_per_floor":["M","M","M","?","M","R","E","M","T","$","?","M","$","?","R","B",null,"M","M","$","M","M","E","R","?","T","R","?","R","?","M","R","B"],"character_chosen":"WATCHER","items_purchased":["Kunai","Lantern","FearNoEvil"],"campfire_rested":2,"item_purchase_floors":[10,13,20],"current_hp_per_floor":[59,54,48,48,37,37,7,7,7,7,7,6,6,3,23,19,55,40,40,40,40,40,22,42,42,42,42,42,42,42,42,42,0,0],"gold":217,"neow_bonus":"RANDOM_COLORLESS_2","is_daily":false,"chose_seed":false,"campfire_upgraded":4,"win_rate":0.0,"timestamp":1612069177,"path_taken":["M","?","?","?","M","R","E","M","T","$","?","?","$","?","R","BOSS","M","M","$","M","M","E","R","?","T","R","?","R","?","M","R","BOSS"],"items_purchased_type":["Relic","Relic","Card"],"build_version":"2020-12-22","purchased_purges":2,"victory":false,"max_hp_per_floor":[72,72,72,67,67,67,67,67,67,67,67,67,67,67,67,67,67,67,67,67,67,67,67,67,67,67,67,67,67,67,67,67,67,67],"relic_stats":{"Centennial Puzzle":[12],"counters":[15,50],"Golden Idol":71,"Astrolabe":["Judgement","Evaluate","TalkToTheHand"],"PreservedInsect":43,"Juzu Bracelet":0,"Kunai":[15],"obtain_stats":[{"Ice Cream":7,"Lantern":13,"Centennial Puzzle":14,"Golden Idol":4,"Astrolabe":17,"MutagenicStrength":25,"PreservedInsect":9,"Juzu Bracelet":23,"Incense Burner":26,"Kunai":10,"PureWater":0},{"Ice Cream":5,"Lantern":7,"Centennial Puzzle":7,"Golden Idol":3,"Astrolabe":8,"MutagenicStrength":13,"PreservedInsect":6,"Juzu Bracelet":13,"Incense Burner":13,"Kunai":6,"PureWater":0},{"Ice Cream":22,"Lantern":27,"Centennial Puzzle":27,"Golden Idol":12,"Astrolabe":33,"MutagenicStrength":46,"PreservedInsect":23,"Juzu Bracelet":46,"Incense Burner":46,"Kunai":23,"PureWater":0}]},"card_choices":[{"not_picked":["Apotheosis","Magnetism"],"picked":"HandOfGreed","floor":0.0},{"not_picked":["Fasting2","PathToVictory"],"picked":"CutThroughFate","floor":1.0},{"not_picked":["Collect","Crescendo"],"picked":"FollowUp","floor":2.0},{"not_picked":["CrushJoints","Protect"],"picked":"Consecrate","floor":3.0},{"not_picked":["WheelKick","FlurryOfBlows","Conclude"],"picked":"SKIP","floor":5.0},{"not_picked":["FlyingSleeves","Perseverance"],"picked":"Halt","floor":7.0},{"not_picked":["EmptyBody","Halt","LikeWater"],"picked":"SKIP","floor":8.0},{"not_picked":["Halt","PathToVictory","SashWhip"],"picked":"SKIP","floor":12.0},{"not_picked":["LessonLearned","ConjureBlade"],"picked":"Scrawl","floor":16.0},{"not_picked":["ThirdEye","SandsOfTime","FlurryOfBlows"],"picked":"SKIP","floor":18.0},{"not_picked":["CrushJoints+1","Crescendo","Prostrate"],"picked":"SKIP","floor":21.0},{"not_picked":["Halt","BowlingBash","Alpha"],"picked":"SKIP","floor":22.0},{"not_picked":["Halt","Study","Pray+1"],"picked":"SKIP","floor":23.0},{"not_picked":["Protect","FlyingSleeves"],"picked":"Pray+1","floor":31.0}],"player_experience":623126,"relics_obtained":[{"floor":7.0,"key":"Ice Cream"},{"floor":9.0,"key":"PreservedInsect"},{"floor":23.0,"key":"Juzu Bracelet"},{"floor":26.0,"key":"Incense Burner"}],"event_choices":[{"damage_healed":0.0,"max_hp_gain":0.0,"max_hp_loss":5.0,"gold_gain":0.0,"event_name":"Golden Idol","player_choice":"Lose Max HP","floor":4.0,"gold_loss":0.0,"damage_taken":0.0,"relics_obtained":["Golden Idol"]},{"damage_healed":0.0,"max_hp_gain":0.0,"max_hp_loss":0.0,"gold_gain":0.0,"event_name":"Lab","player_choice":"Got Potions","floor":11.0,"gold_loss":0.0,"damage_taken":0.0},{"damage_healed":0.0,"max_hp_gain":0.0,"max_hp_loss":0.0,"gold_gain":0.0,"event_name":"Scrap Ooze","player_choice":"Success","floor":14.0,"gold_loss":0.0,"damage_taken":3.0,"relics_obtained":["Centennial Puzzle"]},{"damage_healed":0.0,"max_hp_gain":0.0,"max_hp_loss":0.0,"gold_gain":0.0,"event_name":"Drug Dealer","player_choice":"Inject Mutagens","floor":25.0,"gold_loss":0.0,"damage_taken":0.0,"relics_obtained":["MutagenicStrength"]},{"damage_healed":0.0,"max_hp_gain":0.0,"max_hp_loss":0.0,"gold_gain":0.0,"event_name":"Vampires","player_choice":"Ignored","floor":28.0,"gold_loss":0.0,"damage_taken":0.0},{"damage_healed":0.0,"max_hp_gain":0.0,"max_hp_loss":0.0,"gold_gain":0.0,"event_name":"Duplicator","player_choice":"Copied","floor":30.0,"gold_loss":0.0,"damage_taken":0.0,"cards_obtained":["Scrawl"]}],"is_beta":false,"boss_relics":[{"not_picked":["Velvet Choker","Ectoplasm"],"picked":"Astrolabe"}],"items_purged_floors":[10,20],"is_endless":false,"potions_floor_spawned":[1,3,7,12,16,21,22],"killed_by":"Collector","ascension_level":11}}