{"host":"3wjhqusk9g745quy","time":1612095564,"event":{"mods":["BaseMod","Marked Mod","Minty Spire (QoL Compilation)","MostiFishMod","Shop Mod","Spicy Shops","StSLib","UnlockEverythingMod","Waifu the Spire"],"gold_per_floor":[119,47,61,61,81,108,146,146,146,158,258,283,283,307,307,307,307],"floor_reached":16,"language":"ZHS","playtime":593,"items_purged":[],"score":102,"play_id":"2a1f1dd6-adbb-40ff-8d89-7e29f687b299","local_time":"20210131201924","is_ascension_mode":false,"campfire_choices":[{"floor":8.0,"key":"REST"},{"data":"MarkedMod:OneThousandNeedles","floor":13.0,"key":"SMITH"},{"floor":15.0,"key":"REST"}],"circlet_count":0,"master_deck":["Strike_P","Strike_P","Strike_P","Defend_P","Defend_P","Defend_P","Defend_P","Eruption","Vigilance","MostiFishMod:StarWish+1","MarkedMod:GentlePulse","MarkedMod:FirstStrike","MarkedMod:GentlePulse","MarkedMod:OneThousandNeedles+1","PathToVictory"],"relics":["PureWater","DaveBox","BrkXgEgg","SynthV:TestCard","PreservedInsect","Question Card","CeramicFish","Odd Mushroom","Frozen Egg 2"],"acts_visited":["Exordium"],"potions_floor_usage":[],"damage_taken":[{"damage":0.0,"enemies":"2 Louse","floor":1.0,"turns":2.0},{"damage":1.0,"enemies":"Jaw Worm","floor":3.0,"turns":3.0},{"damage":0.0,"enemies":"Small Slimes","floor":5.0,"turns":3.0},{"damage":21.0,"enemies":"3 Sentries","floor":6.0,"turns":5.0},{"damage":30.0,"enemies":"The Mushroom Lair","floor":7.0,"turns":6.0},{"damage":4.0,"enemies":"Exordium Thugs","floor":10.0,"turns":6.0},{"damage":2.0,"enemies":"Blue Slaver","floor":12.0,"turns":5.0},{"damage":18.0,"enemies":"Lots of Slimes","floor":14.0,"turns":7.0},{"damage":0,"enemies":"Slime Boss","floor":16,"turns":3}],"seed_played":"8858080270330729111","potions_obtained":[{"floor":3.0,"key":"DistilledChaos"},{"floor":5.0,"key":"LiquidMemories"},{"floor":12.0,"key":"FearPotion"},{"floor":14.0,"key":"FearPotion"}],"is_trial":false,"path_per_floor":["M","$","M","?","M","E","?","R","T","M","?","M","R","M","R","B"],"character_chosen":"WATCHER","items_purchased":["PreservedInsect"],"campfire_rested":2,"item_purchase_floors":[2],"current_hp_per_floor":[72,72,71,59,59,38,8,29,29,25,25,23,23,5,26,26,26],"gold":307,"neow_bonus":"TRANSFORM_CARD","is_daily":false,"chose_seed":false,"campfire_upgraded":1,"win_rate":0.0,"timestamp":1612095564,"path_taken":["M","$","M","?","M","E","?","R","T","M","?","M","R","M","R","BOSS"],"items_purchased_type":["Relic"],"build_version":"2020-12-22","purchased_purges":0,"victory":false,"max_hp_per_floor":[72,72,72,72,72,72,72,72,72,72,72,72,72,72,72,72,72],"card_choices":[{"not_picked":["SashWhip","Indignation"],"picked":"MarkedMod:GentlePulse","floor":1.0},{"not_picked":["Halt","SashWhip","ClearTheMind","JustLucky"],"picked":"MarkedMod:FirstStrike","floor":3.0},{"not_picked":["MostiFishMod:OutWit+1","Swivel","Crescendo","Evaluate","InnerPeace","BattleHymn"],"picked":"SKIP","floor":5.0},{"not_picked":["Weave","Swivel","MarkedMod:FirstStrike","WreathOfFlame","BowlingBash","CutThroughFate"],"picked":"SKIP","floor":6.0},{"not_picked":["Wireheading","Halt","ThirdEye","Weave","Protect"],"picked":"MarkedMod:GentlePulse","floor":7.0},{"not_picked":["ThirdEye","MarkedMod:FirstStrike","MostiFishMod:FlowState","Adaptation+1","MostiFishMod:KamiSmash+1","Protect"],"picked":"SKIP","floor":10.0},{"not_picked":["Protect","Consecrate","Study+1","Worship","Brilliance+1"],"picked":"MarkedMod:OneThousandNeedles","floor":12.0},{"not_picked":["Meditate","Fasting2+1","Halt","MostiFishMod:Clarity","BowlingBash"],"picked":"PathToVictory","floor":14.0}],"player_experience":43159,"relics_obtained":[{"floor":1.0,"key":"SynthV:TestCard"},{"floor":6.0,"key":"CeramicFish"},{"floor":7.0,"key":"Odd Mushroom"},{"floor":9.0,"key":"Frozen Egg 2"}],"event_choices":[{"damage_healed":0.0,"max_hp_gain":0.0,"max_hp_loss":0.0,"gold_gain":0.0,"event_name":"Scrap Ooze","player_choice":"Success","floor":4.0,"gold_loss":0.0,"damage_taken":12.0,"relics_obtained":["Question Card"]},{"damage_healed":0.0,"max_hp_gain":0.0,"max_hp_loss":0.0,"gold_gain":0.0,"event_name":"Mushrooms","player_choice":"Fought Mushrooms","floor":7.0,"gold_loss":0.0,"damage_taken":0.0},{"damage_healed":0.0,"max_hp_gain":0.0,"max_hp_loss":0.0,"gold_gain":100.0,"event_name":"Golden Shrine","player_choice":"Pray","floor":11.0,"gold_loss":0.0,"damage_taken":0.0}],"is_beta":false,"boss_relics":[],"items_purged_floors":[],"is_endless":false,"potions_floor_spawned":[3,5,12,14],"killed_by":"Slime Boss","ascension_level":0}}