{"host":"6xsbn6ynqlzwllfm","time":1612086179,"event":{"mods":["2.2 Compatiblity","BaseMod","Bestiary","Colored Map","Colored Powertips","Curses Come First","Highlight Path","Keyboard Shortcuts","Minty Spire (QoL Compilation)","Relic Stats","Slay the Relics Exporter","StSLib","SuperFastMode"],"gold_per_floor":[116,116,14,29,79,114,114,132,132,163,194,206,206],"floor_reached":12,"language":"ENG","playtime":228,"items_purged":["Strike_P"],"score":176,"play_id":"6e16dec4-8ada-4903-a35d-f6adfdb8ea50","local_time":"20210131044259","is_ascension_mode":true,"campfire_choices":[{"data":"CrushJoints","floor":7,"key":"SMITH"}],"circlet_count":0,"master_deck":["AscendersBane","Strike_P","Strike_P","Strike_P","Defend_P","Defend_P","Defend_P","Defend_P","Eruption","Vigilance","Consecrate","MentalFortress","CrushJoints+1","Establishment","BattleHymn","Protect"],"relics":["Coffee Dripper","SsserpentHead","Blue Candle","Regal Pillow","MawBank"],"acts_visited":["Exordium"],"potions_floor_usage":[],"damage_taken":[{"damage":4.0,"enemies":"Jaw Worm","floor":1.0,"turns":3.0},{"damage":2.0,"enemies":"Cultist","floor":4.0,"turns":5.0},{"damage":30,"enemies":"3 Sentries","floor":6,"turns":5},{"damage":0,"enemies":"2 Louse","floor":8,"turns":1},{"damage":17,"enemies":"Gremlin Nob","floor":10,"turns":3},{"damage":2,"enemies":"Looter","floor":11,"turns":5},{"damage":10,"enemies":"3 Sentries","floor":12,"turns":1}],"seed_played":"-3553921883598161367","potions_obtained":[{"floor":4.0,"key":"Ancient Potion"},{"floor":11,"key":"DuplicationPotion"}],"is_trial":false,"path_per_floor":["M","?","$","M","?","E","R","M","T","E","M","E"],"character_chosen":"WATCHER","items_purchased":["MentalFortress"],"campfire_rested":0,"item_purchase_floors":[3],"current_hp_per_floor":[57,57,57,55,55,25,25,25,25,8,6,0,0],"gold":206,"neow_bonus":"BOSS_RELIC","is_daily":false,"chose_seed":false,"campfire_upgraded":1,"win_rate":0.0,"timestamp":1612086179,"path_taken":["M","?","?","M","?","E","R","M","T","E","M","E"],"items_purchased_type":["Card"],"build_version":"2020-12-22","purchased_purges":1,"victory":false,"max_hp_per_floor":[68,68,68,68,68,68,68,68,68,68,68,68,68],"relic_stats":{"SsserpentHead":100,"Regal Pillow":0,"counters":[7,23],"Blue Candle":[0],"MawBank":24,"obtain_stats":[{"SsserpentHead":2,"Regal Pillow":9,"Blue Candle":6,"Coffee Dripper":0,"PureWater":0,"MawBank":10},{"SsserpentHead":1,"Regal Pillow":4,"Blue Candle":3,"Coffee Dripper":0,"PureWater":0,"MawBank":5},{"SsserpentHead":3,"Regal Pillow":14,"Blue Candle":13,"Coffee Dripper":0,"PureWater":0,"MawBank":17}]},"card_choices":[{"not_picked":["SashWhip","Crescendo"],"picked":"Consecrate","floor":1.0},{"not_picked":["JustLucky","Vengeance"],"picked":"CrushJoints","floor":4.0},{"not_picked":["Protect","Study"],"picked":"Establishment","floor":6},{"not_picked":["JustLucky","CrushJoints"],"picked":"BattleHymn","floor":8},{"not_picked":["FlurryOfBlows","ReachHeaven"],"picked":"Protect","floor":10}],"player_experience":1337672,"relics_obtained":[{"floor":6,"key":"Blue Candle"},{"floor":9,"key":"Regal Pillow"},{"floor":10,"key":"MawBank"}],"event_choices":[{"damage_healed":0.0,"max_hp_gain":0.0,"max_hp_loss":0.0,"gold_gain":0.0,"event_name":"FaceTrader","player_choice":"Trade","floor":2.0,"gold_loss":0.0,"damage_taken":0.0,"relics_obtained":["SsserpentHead"]},{"damage_healed":0.0,"max_hp_gain":0.0,"max_hp_loss":0.0,"gold_gain":0.0,"event_name":"Liars Game","player_choice":"Ignored","floor":5.0,"gold_loss":0.0,"damage_taken":0.0}],"is_beta":false,"boss_relics":[],"items_purged_floors":[3],"is_endless":false,"potions_floor_spawned":[4,11],"killed_by":"3 Sentries","ascension_level":20}}