{"host":"kiehjq3lc4w5t4uc","time":1612110063,"event":{"mods":["AchievementEnabler","BaseMod","BetterRewards","Colored Map","Colored Powertips","DeckTracker","Good Game Mod","Minty Spire (QoL Compilation)","Quick Restart","Rare Cards Sparkle","Relic Stats","Shop Mod","StSLib","SuperFastMode"],"gold_per_floor":[115,115,125,136,156,156,190,190,190,203,214,214,245,245,245,348,348,364,364,374,10,10,10,10,10,10,24,24,24,34,59,59,154,154,164,183,195,195,43,43,76,91,170,203,203,203,219,237,237,237],"floor_reached":51,"language":"KOR","playtime":3511,"items_purged":["Self Repair+1"],"score":1074,"play_id":"7d7caab7-480b-4ff3-b3ec-75bb6c895548","local_time":"20210201012103","is_ascension_mode":true,"campfire_choices":[{"floor":6.0,"key":"DIG"},{"floor":8.0,"key":"DIG"},{"floor":12.0,"key":"DIG"},{"floor":15.0,"key":"REST"},{"data":"Defragment","floor":23.0,"key":"SMITH"},{"data":"Zap","floor":25.0,"key":"SMITH"},{"data":"Coolheaded","floor":28.0,"key":"SMITH"},{"floor":32.0,"key":"DIG"},{"floor":40.0,"key":"DIG"},{"floor":45.0,"key":"REST"},{"floor":49.0,"key":"DIG"}],"circlet_count":0,"master_deck":["Defend_B","Defend_B","Defend_B","Zap+1","Dualcast+1","Sweeping Beam","Heatsinks","Go for the Eyes","Ball Lightning","Gash","Defragment+1","Capacitor","Creative AI+1","Reboot+1","Biased Cognition+1","Conserve Battery+1","Loop+1","Lockon","Coolheaded+1","Force Field","Machine Learning+1","Defragment+1","Reboot+1","Recycle+1"],"relics":["Cracked Core","REME:ComplimentaryCards","Shovel","Pocketwatch","PreservedInsect","Bottled Tornado","Frozen Egg 2","Vajra","Meat on the Bone","Question Card","Blood Vial","Astrolabe","Torii","Du-Vu Doll","War Paint","Letter Opener","Fusion Hammer","Boot","Mango","Eternal Feather","Gremlin Horn","Cables","Bottled Flame"],"acts_visited":["Exordium","TheCity","TheBeyond"],"potions_floor_usage":[50,50,50],"damage_taken":[{"damage":9.0,"enemies":"Jaw Worm","floor":1.0,"turns":3.0},{"damage":0.0,"enemies":"Cultist","floor":3.0,"turns":3.0},{"damage":0.0,"enemies":"Small Slimes","floor":4.0,"turns":3.0},{"damage":15.0,"enemies":"3 Louse","floor":5.0,"turns":3.0},{"damage":16.0,"enemies":"Gremlin Nob","floor":7.0,"turns":3.0},{"damage":4.0,"enemies":"Looter","floor":10.0,"turns":3.0},{"damage":10.0,"enemies":"2 Fungi Beasts","floor":11.0,"turns":3.0},{"damage":5.0,"enemies":"3 Sentries","floor":13.0,"turns":3.0},{"damage":26.0,"enemies":"Hexaghost","floor":16.0,"turns":9.0},{"damage":15.0,"enemies":"3 Byrds","floor":18.0,"turns":5.0},{"damage":51.0,"enemies":"2 Thieves","floor":20.0,"turns":4.0},{"damage":16.0,"enemies":"Centurion and Healer","floor":27.0,"turns":4.0},{"damage":9.0,"enemies":"Snake Plant","floor":30.0,"turns":3.0},{"damage":0.0,"enemies":"Gremlin Leader","floor":31.0,"turns":4.0},{"damage":25.0,"enemies":"Collector","floor":33.0,"turns":7.0},{"damage":2.0,"enemies":"Orb Walker","floor":35.0,"turns":4.0},{"damage":27.0,"enemies":"3 Shapes","floor":36.0,"turns":4.0},{"damage":23.0,"enemies":"Writhing Mass","floor":37.0,"turns":4.0},{"damage":1.0,"enemies":"Giant Head","floor":41.0,"turns":5.0},{"damage":38.0,"enemies":"Sphere and 2 Shapes","floor":42.0,"turns":3.0},{"damage":28.0,"enemies":"Nemesis","floor":44.0,"turns":5.0},{"damage":0.0,"enemies":"Transient","floor":47.0,"turns":5.0},{"damage":16.0,"enemies":"Jaw Worm Horde","floor":48.0,"turns":3.0},{"damage":15,"enemies":"Time Eater","floor":50,"turns":8}],"seed_played":"-8328826781183692757","potions_obtained":[{"floor":1.0,"key":"SteroidPotion"},{"floor":5.0,"key":"SpeedPotion"},{"floor":11.0,"key":"AttackPotion"},{"floor":16.0,"key":"Dexterity Potion"},{"floor":20.0,"key":"SkillPotion"},{"floor":27.0,"key":"PotionOfCapacity"},{"floor":36.0,"key":"BlessingOfTheForge"},{"floor":37.0,"key":"FocusPotion"},{"floor":44.0,"key":"Ancient Potion"},{"floor":48.0,"key":"Weak Potion"}],"is_trial":false,"path_per_floor":["M","?","M","M","M","R","E","R","T","M","M","R","E","?","R","B",null,"M","?","M","$","?","R","$","R","T","M","R","$","M","E","R","B",null,"M","M","M","?","$","R","E","M","T","E","R","?","M","M","R","B",null],"character_chosen":"DEFECT","items_purchased":["Sweeping Beam","Heatsinks","SteroidPotion","Torii","Boot"],"campfire_rested":2,"item_purchase_floors":[0,0,0,21,39],"current_hp_per_floor":[66,66,66,66,51,51,35,35,35,31,21,21,28,21,43,31,75,60,60,33,33,33,33,33,33,33,31,31,31,36,38,38,27,75,73,48,39,39,39,53,54,30,30,16,54,54,56,54,66,53],"gold":237,"neow_bonus":"","is_daily":false,"chose_seed":false,"campfire_upgraded":3,"win_rate":0.0,"timestamp":1612110063,"path_taken":["M","?","?","M","M","R","E","R","T","M","M","R","E","?","R","BOSS","M","?","M","$","?","R","$","R","T","M","R","$","M","E","R","BOSS","M","M","M","?","$","R","E","M","T","E","R","?","?","M","R","BOSS"],"items_purchased_type":["Card","Card","Potion","Relic","Relic"],"build_version":"2020-12-22","purchased_purges":1,"victory":true,"max_hp_per_floor":[75,75,75,75,75,75,75,75,75,75,75,75,75,75,75,75,75,75,75,75,75,75,75,75,75,75,75,75,75,75,75,75,75,75,75,75,75,75,75,89,89,89,89,89,89,89,89,89,89,89],"relic_stats":{"Torii":62,"Gremlin Horn":[2,2],"counters":[108,527],"Astrolabe":["Self Repair","Biased Cognition","Conserve Battery"],"Eternal Feather":24,"PreservedInsect":273,"Letter Opener":[100],"War Paint":["Dualcast","Reboot"],"Question Card":15,"Boot":[30],"Cables":[16,12,4,0,0],"Blood Vial":41,"Shovel":6,"obtain_stats":[{"Whetstone":33,"Ginger":0,"Bottled Tornado":14,"Boot":40,"Sling":0,"Old Coin":44,"FrozenCore":0,"Blood Vial":0,"Sundial":0,"MealTicket":29,"Fusion Hammer":34,"HandDrill":0,"Kunai":27,"MerchantsRug":0,"Eternal Feather":41,"Pen Nib":20,"Cables":44,"SlaversCollar":34,"Bird Faced Urn":0,"Pandora\u0027s Box":17,"Unceasing Top":0,"Lantern":0,"Torii":0,"Singing Bowl":0,"StoneCalendar":0,"Bag of Preparation":0,"Ancient Tea Set":17,"Shovel":8,"Matryoshka":21,"Toolbox":0,"WingedGreaves":0,"Chemical X":0,"InkBottle":0,"Ring of the Snake":0,"Potion Belt":0,"Lee\u0027s Waffle":0,"Inserter":0,"Golden Idol":7,"Circlet":0,"Thread and Needle":0,"PreservedInsect":13,"Omamori":44,"Frozen Egg 2":8,"Busted Crown":0,"Ornamental Fan":0,"Orrery":0,"Art of War":33,"Bottled Lightning":42,"Toy Ornithopter":0,"Ice Cream":0,"Calipers":0,"Gremlin Horn":0,"Vajra":10,"Lizard Tail":0,"HornCleat":30,"DollysMirror":0,"Strawberry":12,"Philosopher\u0027s Stone":19,"Prayer Wheel":42,"Toxic Egg 2":43,"Happy Flower":48,"Dead Branch":0,"Astrolabe":17,"Oddly Smooth Stone":0,"Letter Opener":11,"War Paint":28,"Question Card":9,"WarpedTongs":0,"Du-Vu Doll":0,"Bottled Flame":49,"Bronze Scales":45,"Molten Egg 2":25,"Black Star":0,"Meat on the Bone":0,"Pocketwatch":0,"Darkstone Periapt":0,"SacredBark":0,"Mango":0,"Snake Skull":0,"Incense Burner":45,"Juzu Bracelet":6,"Empty Cage":36,"ClockworkSouvenir":0,"SsserpentHead":0,"Nunchaku":9,"Dream Catcher":0,"TheAbacus":0,"Gambling Chip":0,"Pantograph":22,"Red Mask":48,"Cracked Core":0,"Orichalcum":0,"Mercury Hourglass":0,"Peace Pipe":0,"Strange Spoon":0,"Cauldron":0,"Anchor":30,"CaptainsWheel":0,"REME:ComplimentaryCards":0,"Bag of Marbles":26,"Coffee Dripper":0,"Membership Card":13,"TungstenRod":41,"FossilizedHelix":0},{"Whetstone":16,"Ginger":52,"Bottled Tornado":6,"Boot":46,"Sling":52,"Old Coin":21,"FrozenCore":52,"Blood Vial":52,"Sundial":52,"MealTicket":14,"Fusion Hammer":99,"HandDrill":52,"Kunai":13,"MerchantsRug":52,"Eternal Feather":103,"Pen Nib":34,"Cables":105,"SlaversCollar":41,"Bird Faced Urn":52,"Pandora\u0027s Box":32,"Unceasing Top":52,"Lantern":52,"Torii":52,"Singing Bowl":52,"StoneCalendar":52,"Bag of Preparation":52,"Ancient Tea Set":7,"Shovel":5,"Matryoshka":72,"Toolbox":52,"WingedGreaves":52,"Chemical X":52,"InkBottle":52,"Ring of the Snake":0,"Potion Belt":52,"Lee\u0027s Waffle":52,"Inserter":52,"Golden Idol":4,"Circlet":52,"Thread and Needle":24,"PreservedInsect":6,"Omamori":48,"Frozen Egg 2":89,"Busted Crown":52,"Ornamental Fan":52,"Orrery":52,"Art of War":16,"Bottled Lightning":48,"Toy Ornithopter":52,"Ice Cream":52,"Calipers":52,"Gremlin Horn":52,"Vajra":6,"Lizard Tail":52,"HornCleat":40,"DollysMirror":52,"Strawberry":6,"Philosopher\u0027s Stone":8,"Prayer Wheel":20,"Toxic Egg 2":48,"Happy Flower":51,"Dead Branch":0,"Astrolabe":93,"Oddly Smooth Stone":52,"Letter Opener":6,"War Paint":13,"Question Card":56,"WarpedTongs":52,"Du-Vu Doll":52,"Bottled Flame":107,"Bronze Scales":21,"Molten Egg 2":12,"Black Star":52,"Meat on the Bone":0,"Pocketwatch":52,"Darkstone Periapt":52,"SacredBark":52,"Mango":52,"Snake Skull":0,"Incense Burner":49,"Juzu Bracelet":67,"Empty Cage":17,"ClockworkSouvenir":52,"SsserpentHead":52,"Nunchaku":28,"Dream Catcher":52,"TheAbacus":52,"Gambling Chip":52,"Pantograph":61,"Red Mask":22,"Cracked Core":52,"Orichalcum":52,"Mercury Hourglass":52,"Peace Pipe":52,"Strange Spoon":52,"Cauldron":52,"Anchor":14,"CaptainsWheel":52,"REME:ComplimentaryCards":52,"Bag of Marbles":13,"Coffee Dripper":52,"Membership Card":6,"TungstenRod":19,"FossilizedHelix":52},{"Whetstone":84,"Ginger":295,"Bottled Tornado":26,"Boot":260,"Sling":295,"Old Coin":118,"FrozenCore":295,"Blood Vial":295,"Sundial":295,"MealTicket":70,"Fusion Hammer":486,"HandDrill":295,"Kunai":64,"MerchantsRug":295,"Eternal Feather":503,"Pen Nib":195,"Cables":511,"SlaversCollar":236,"Bird Faced Urn":295,"Pandora\u0027s Box":186,"Unceasing Top":295,"Lantern":295,"Torii":295,"Singing Bowl":295,"StoneCalendar":295,"Bag of Preparation":295,"Ancient Tea Set":28,"Shovel":21,"Matryoshka":376,"Toolbox":295,"WingedGreaves":295,"Chemical X":295,"InkBottle":295,"Ring of the Snake":0,"Potion Belt":295,"Lee\u0027s Waffle":295,"Inserter":295,"Golden Idol":17,"Circlet":295,"Thread and Needle":138,"PreservedInsect":26,"Omamori":274,"Frozen Egg 2":442,"Busted Crown":295,"Ornamental Fan":295,"Orrery":295,"Art of War":84,"Bottled Lightning":274,"Toy Ornithopter":295,"Ice Cream":295,"Calipers":295,"Gremlin Horn":295,"Vajra":26,"Lizard Tail":295,"HornCleat":229,"DollysMirror":295,"Strawberry":26,"Philosopher\u0027s Stone":43,"Prayer Wheel":111,"Toxic Egg 2":274,"Happy Flower":286,"Dead Branch":0,"Astrolabe":460,"Oddly Smooth Stone":295,"Letter Opener":26,"War Paint":64,"Question Card":308,"WarpedTongs":295,"Du-Vu Doll":295,"Bottled Flame":519,"Bronze Scales":118,"Molten Egg 2":60,"Black Star":295,"Meat on the Bone":0,"Pocketwatch":295,"Darkstone Periapt":295,"SacredBark":295,"Mango":295,"Snake Skull":0,"Incense Burner":278,"Juzu Bracelet":353,"Empty Cage":95,"ClockworkSouvenir":295,"SsserpentHead":295,"Nunchaku":157,"Dream Catcher":295,"TheAbacus":295,"Gambling Chip":295,"Pantograph":329,"Red Mask":123,"Cracked Core":295,"Orichalcum":295,"Mercury Hourglass":295,"Peace Pipe":295,"Strange Spoon":295,"Cauldron":295,"Anchor":70,"CaptainsWheel":295,"REME:ComplimentaryCards":295,"Bag of Marbles":64,"Coffee Dripper":295,"Membership Card":26,"TungstenRod":104,"FossilizedHelix":295}],"Pocketwatch":[44],"Meat on the Bone":204},"card_choices":[{"not_picked":["Rip and Tear","Barrage"],"picked":"Go for the Eyes","floor":1.0},{"not_picked":["Lockon","Turbo"],"picked":"Ball Lightning","floor":3.0},{"not_picked":["Sunder","Compile Driver"],"picked":"Gash","floor":4.0},{"not_picked":["Gash","FTL"],"picked":"Defragment","floor":5.0},{"not_picked":["Steam","Chaos"],"picked":"Capacitor","floor":7.0},{"not_picked":["Sunder","Turbo","Stack"],"picked":"SKIP","floor":10.0},{"not_picked":["Rebound","Static Discharge+1","Reprogram"],"picked":"SKIP","floor":11.0},{"not_picked":["Beam Cell","Reinforced Body"],"picked":"Creative AI+1","floor":13.0},{"not_picked":["Hyperbeam","Rainbow","Creative AI+1"],"picked":"Reboot","floor":16.0},{"not_picked":["Self Repair+1","White Noise+1","Redo","Go for the Eyes"],"picked":"SKIP","floor":18.0},{"not_picked":["Stack","Streamline+1","Go for the Eyes","Rip and Tear+1"],"picked":"SKIP","floor":20.0},{"not_picked":["Doom and Gloom","Steam Power","Skim+1"],"picked":"Coolheaded","floor":27.0},{"not_picked":["Redo","Streamline","Cold Snap","Capacitor+1"],"picked":"SKIP","floor":30.0},{"not_picked":["Double Energy","Multi-Cast","Meteor Strike"],"picked":"Force Field","floor":31.0},{"not_picked":["Electrodynamics+1","Echo Form+1","Creative AI+1"],"picked":"Machine Learning+1","floor":33.0},{"not_picked":["Loop+1","Turbo+1","Streamline","Compile Driver+1"],"picked":"SKIP","floor":35.0},{"not_picked":["Turbo","Steam+1","Streamline","Leap"],"picked":"SKIP","floor":36.0},{"not_picked":["Gash","Undo","Turbo+1","Redo"],"picked":"SKIP","floor":37.0},{"not_picked":["Turbo+1","Conserve Battery+1","Amplify"],"picked":"Defragment+1","floor":41.0},{"not_picked":["Sunder","Capacitor+1","Chaos","Go for the Eyes"],"picked":"SKIP","floor":42.0},{"not_picked":["Go for the Eyes+1","Biased Cognition+1","Streamline+1","Barrage+1"],"picked":"SKIP","floor":44.0},{"not_picked":["BootSequence","Fusion","Streamline","Gash"],"picked":"SKIP","floor":47.0},{"not_picked":["Leap","Blizzard","Reprogram"],"picked":"Recycle+1","floor":48.0}],"player_experience":116263,"relics_obtained":[{"floor":6.0,"key":"PreservedInsect"},{"floor":7.0,"key":"Bottled Tornado"},{"floor":8.0,"key":"Frozen Egg 2"},{"floor":9.0,"key":"Vajra"},{"floor":12.0,"key":"Meat on the Bone"},{"floor":13.0,"key":"Question Card"},{"floor":26.0,"key":"Du-Vu Doll"},{"floor":31.0,"key":"War Paint"},{"floor":32.0,"key":"Letter Opener"},{"floor":40.0,"key":"Mango"},{"floor":41.0,"key":"Eternal Feather"},{"floor":43.0,"key":"Gremlin Horn"},{"floor":44.0,"key":"Cables"},{"floor":49.0,"key":"Bottled Flame"}],"event_choices":[{"damage_healed":0.0,"max_hp_gain":0.0,"max_hp_loss":0.0,"gold_gain":0.0,"cards_transformed":["Strike_B"],"event_name":"Transmorgrifier","player_choice":"Transformed","floor":2.0,"gold_loss":0.0,"damage_taken":0.0,"cards_obtained":["Go for the Eyes"]},{"damage_healed":0.0,"max_hp_gain":0.0,"max_hp_loss":0.0,"gold_gain":0.0,"event_name":"Scrap Ooze","player_choice":"Success","floor":14.0,"gold_loss":0.0,"damage_taken":7.0,"relics_obtained":["Blood Vial"]},{"damage_healed":0.0,"max_hp_gain":0.0,"max_hp_loss":0.0,"gold_gain":0.0,"cards_transformed":["Defend_B","Go for the Eyes"],"event_name":"Drug Dealer","player_choice":"Became Test Subject","floor":19.0,"gold_loss":0.0,"damage_taken":0.0,"cards_obtained":["Loop","Lockon"]},{"damage_healed":0.0,"max_hp_gain":0.0,"max_hp_loss":0.0,"gold_gain":0.0,"event_name":"Vampires","player_choice":"Ignored","floor":22.0,"gold_loss":0.0,"damage_taken":0.0},{"damage_healed":0.0,"max_hp_gain":0.0,"max_hp_loss":0.0,"gold_gain":0.0,"event_name":"Tomb of Lord Red Mask","player_choice":"Ignored","floor":38.0,"gold_loss":0.0,"damage_taken":0.0},{"damage_healed":0.0,"max_hp_gain":0.0,"max_hp_loss":0.0,"gold_gain":0.0,"event_name":"Duplicator","player_choice":"Copied","floor":46.0,"gold_loss":0.0,"damage_taken":0.0,"cards_obtained":["Reboot"]}],"is_beta":false,"boss_relics":[{"not_picked":["SlaversCollar","FrozenCore"],"picked":"Astrolabe"},{"not_picked":["Runic Dome","Snecko Eye"],"picked":"Fusion Hammer"}],"items_purged_floors":[21],"is_endless":false,"potions_floor_spawned":[1,5,11,16,20,27,36,37,44,48],"ascension_level":3}}