{"host":"28l6rxaym5axvxqh","time":1612098817,"event":{"mods":["Act Like it!","Arknights","BaseMod","Downfall","Gensokyo","Hermit","KomeijiMod","Minty Spire (QoL Compilation)","Pale of the Ancients","Reliquary","StSLib","The Alterego","The Blackbeard"],"gold_per_floor":[177,22,33,352,366,377,307,307,307,407,417,417,446,457,457,555,555,567,581,458,74,94,94,94],"floor_reached":23,"language":"ZHS","playtime":1797,"items_purged":["Defend_Remirira"],"score":245,"play_id":"f2550d15-c63c-4acb-8d92-a7bef3425185","local_time":"20210131211337","is_ascension_mode":false,"campfire_choices":[{"data":"1","floor":8,"key":"LIFT"},{"data":"2","floor":12,"key":"LIFT"},{"data":"3","floor":15,"key":"LIFT"}],"circlet_count":0,"master_deck":["Strike_Remiria","Strike_Remiria","Strike_Remiria+1","Strike_Remiria","Defend_Remirira","Defend_Remirira","Defend_Remirira","Absorbed","Scratch","BloodySuit","Feint","QueenOfMidnight+1","ThePrice+1","NightDance","Warpath","FateCollect+1","StarOfDavid","RedtheNightlessCastle","BloodCleaner","ChainGang"],"relics":["ThirstyCrossSpe","Girya","reliquary:BallBearing","reliquary:Buckler","reliquary:Craggleroot","GoodDreamPillow","Orichalcum","Oddly Smooth Stone"],"acts_visited":["Gensokyo:Gensokyo","Gensokyo:Gensokyoer"],"potions_floor_usage":[16,22],"damage_taken":[{"damage":4,"enemies":"Gensokyo:2_Kodama","floor":1,"turns":4},{"damage":12,"enemies":"Gensokyo:3_Fairies","floor":3,"turns":6},{"damage":22,"enemies":"Gensokyo:Gryphon","floor":4,"turns":5},{"damage":0,"enemies":"Gensokyo:LivingMonolith","floor":5,"turns":3},{"damage":1,"enemies":"Gensokyo:VengefulSpirit","floor":6,"turns":4},{"damage":7,"enemies":"Gensokyo:3_Kodama","floor":11,"turns":5},{"damage":1,"enemies":"Gensokyo:Mamizou","floor":13,"turns":4},{"damage":1,"enemies":"Gensokyo:2_Rabbits","floor":14,"turns":3},{"damage":40,"enemies":"Gensokyo:Reimu","floor":16,"turns":9},{"damage":4,"enemies":"Gensokyo:Chomper","floor":18,"turns":3},{"damage":15,"enemies":"Gensokyo:3_Dogs","floor":19,"turns":4},{"damage":70,"enemies":"Gensokyo:3_Gloops","floor":22,"turns":6},{"damage":26,"enemies":"Gensokyo:Wraith","floor":23,"turns":5}],"seed_played":"-7496538431648105694","potions_obtained":[{"floor":3,"key":"Ancient Potion"},{"floor":6,"key":"Strength Potion"},{"floor":14,"key":"Fire Potion"},{"floor":16,"key":"Dexterity Potion"},{"floor":19,"key":"Fruit Juice"}],"is_trial":false,"path_per_floor":["M","COS","M","M","M","M","?","R","T","?","M","R","E","M","R","B",null,"M","M","?","$","M","M"],"character_chosen":"RemiriaScarlet","items_purchased":["Orichalcum","Oddly Smooth Stone"],"campfire_rested":0,"item_purchase_floors":[21,21],"current_hp_per_floor":[106,106,94,72,72,71,71,71,71,71,64,64,63,62,62,24,110,106,91,91,91,26,0,0],"gold":94,"neow_bonus":"TEN_PERCENT_HP_BONUS","is_daily":false,"chose_seed":false,"campfire_upgraded":0,"win_rate":0.0,"timestamp":1612098817,"path_taken":["M","COS","M","M","M","M","?","R","T","?","M","R","E","M","R","BOSS","M","?","?","$","M","M"],"items_purchased_type":["Relic","Relic"],"build_version":"2020-12-22","purchased_purges":1,"victory":false,"max_hp_per_floor":[110,110,110,110,110,110,110,110,110,110,110,110,110,110,110,110,110,110,110,110,110,115,115,115],"card_choices":[{"not_picked":["FastHealing","FierceSweep"],"picked":"BloodySuit","floor":1},{"not_picked":["BodyStrengthen","BloodCleaner"],"picked":"Feint","floor":3},{"not_picked":["RedMagic","Coercion"],"picked":"QueenOfMidnight","floor":4},{"not_picked":["TricksterDevil","ScarletNetherworld"],"picked":"ThePrice","floor":4},{"not_picked":["SealingFear","TrickFate","FateMeister"],"picked":"SKIP","floor":5},{"not_picked":["Impregnable","Culling"],"picked":"NightDance","floor":6},{"not_picked":["CruelSlaughter","Exsanguinate"],"picked":"Warpath","floor":11},{"not_picked":["DoubleEdge","TricksterDevil"],"picked":"FateCollect","floor":13},{"not_picked":["BodyStrengthen","Culling"],"picked":"StarOfDavid","floor":14},{"not_picked":["FitfulNightmare","RedMagic"],"picked":"RedtheNightlessCastle","floor":16},{"not_picked":["ScarletNetherworld","StigmaNizer","Feint+1"],"picked":"SKIP","floor":18},{"not_picked":["ServantFlier","DamonLordCradle_Remiria"],"picked":"BloodCleaner","floor":19},{"not_picked":["BloodPact","LifeBreak"],"picked":"ChainGang","floor":22}],"player_experience":13599,"relics_obtained":[{"floor":9,"key":"reliquary:BallBearing"},{"floor":13,"key":"reliquary:Buckler"}],"event_choices":[],"is_beta":false,"boss_relics":[{"not_picked":["Astrolabe","SacredBark"],"picked":"reliquary:Craggleroot"}],"items_purged_floors":[21],"is_endless":false,"potions_floor_spawned":[3,6,14,16,18,19],"killed_by":"Gensokyo:Wraith","ascension_level":0}}