{"host":"8p5c6x4qt9411139","time":1612081948,"event":{"mods":["Aspiration","BaseMod","BetterRewards","Hubris","Infinite Spire","Minty Spire (QoL Compilation)","Quick Restart","Replay The Spire","Shop Mod","StSLib","The Animator","The Jungle"],"gold_per_floor":[113,127,127,76,76,76,119,119,119,141,161,161,200,225,225,225,225],"floor_reached":16,"language":"ENG","playtime":459,"items_purged":["Strike_G"],"score":108,"play_id":"73921e31-29c2-43bd-b6eb-b4196f17dcbb","local_time":"20210131003228","is_ascension_mode":false,"campfire_choices":[{"data":"Flechettes","floor":6.0,"key":"SMITH"},{"floor":12.0,"key":"REST"},{"data":"Poisoned Stab","floor":15,"key":"SMITH"}],"circlet_count":0,"master_deck":["Strike_G","Strike_G","Strike_G","Strike_G","Defend_G","Defend_G","Defend_G","Defend_G","Defend_G","Survivor","Neutralize","Flechettes+1","Masterful Stab","All Out Attack","Acrobatics","Bane","Calculated Gamble","Backflip","Poisoned Stab+1"],"relics":["Ring of the Snake","Turnip","TwistedFunnel","CeramicFish","hubris:Icosahedron","Calipers","Odd Mushroom","Meat on the Bone"],"acts_visited":["Exordium"],"potions_floor_usage":[],"damage_taken":[{"damage":0.0,"enemies":"Small Slimes","floor":1.0,"turns":2.0},{"damage":0.0,"enemies":"Cultist","floor":2.0,"turns":2.0},{"damage":11.0,"enemies":"3 Sentries","floor":7.0,"turns":7.0},{"damage":18.0,"enemies":"The Mushroom Lair","floor":10.0,"turns":3.0},{"damage":6.0,"enemies":"Jaw Worm","floor":11.0,"turns":2.0},{"damage":10,"enemies":"Lagavulin","floor":13,"turns":5},{"damage":0,"enemies":"Looter","floor":14,"turns":2},{"damage":0,"enemies":"Fading Forest","floor":16,"turns":1}],"seed_played":"-2920197531086111552","potions_obtained":[{"floor":1.0,"key":"SkillPotion"},{"floor":3.0,"key":"infinitespire:BlackPotion"},{"floor":3.0,"key":"Block Potion"},{"floor":14,"key":"GamblersBrew"}],"is_trial":false,"path_per_floor":["M","M","?","$","$","R","E","?","T","?","M","R","E","M","R","B"],"character_chosen":"THE_SILENT","items_purchased":["Flechettes","TwistedFunnel","Acrobatics"],"campfire_rested":1,"item_purchase_floors":[0,0,4],"current_hp_per_floor":[56,56,56,56,56,56,45,45,45,27,21,42,32,44,44,44,44],"gold":225,"neow_bonus":"","is_daily":false,"chose_seed":false,"campfire_upgraded":2,"win_rate":0.0,"timestamp":1612081948,"path_taken":["M","M","?","?","$","R","E","?","T","?","M","R","E","M","R","BOSS"],"items_purchased_type":["Card","Relic","Card"],"build_version":"2020-12-22","purchased_purges":1,"victory":false,"max_hp_per_floor":[70,70,70,70,70,70,70,70,70,70,70,70,70,70,70,70,70],"card_choices":[{"not_picked":["Distraction","PiercingWail"],"picked":"Masterful Stab","floor":1.0},{"not_picked":["Underhanded Strike","Infinite Blades"],"picked":"All Out Attack","floor":2.0},{"not_picked":["Sucker Punch","Flying Knee"],"picked":"Bane","floor":7.0},{"not_picked":["Bane","Blade Dance"],"picked":"Calculated Gamble","floor":11.0},{"not_picked":["Grand Finale","Flying Knee"],"picked":"Backflip","floor":13},{"not_picked":["Flying Knee","PiercingWail"],"picked":"Poisoned Stab","floor":14}],"player_experience":407190,"relics_obtained":[{"floor":7.0,"key":"CeramicFish"},{"floor":9.0,"key":"Calipers"},{"floor":10.0,"key":"Odd Mushroom"},{"floor":13,"key":"Meat on the Bone"}],"event_choices":[{"damage_healed":0.0,"max_hp_gain":0.0,"max_hp_loss":0.0,"gold_gain":0.0,"event_name":"Lab","player_choice":"Got Potions","floor":3.0,"gold_loss":0.0,"damage_taken":0.0},{"damage_healed":0.0,"max_hp_gain":0.0,"max_hp_loss":0.0,"gold_gain":0.0,"event_name":"Mushrooms","player_choice":"Fought Mushrooms","floor":10.0,"gold_loss":0.0,"damage_taken":0.0}],"is_beta":false,"boss_relics":[],"items_purged_floors":[0],"is_endless":false,"potions_floor_spawned":[1,14],"killed_by":"Fading Forest","ascension_level":0}}