{"host":"yq2wmfr0u0wuvxc0","time":1612074161,"event":{"mods":["Act Like it!","Aspiration","BaseMod","Curses Come First","Downfall","Friendly Minions","Gensokyo","Hubris","Infinite Spire","Marisa????????","Minty Spire (QoL Compilation)","Pale of the Ancients","Remilia??????","Shop Mod","Smile Girya","Spicy Shops","StSLib","The Jungle","The Servant 0.9.4","Wide Potions"],"gold_per_floor":[99,115,130,130,140,140,140,140,154,154,166,177,77,87,97,97,97],"floor_reached":16,"language":"ZHS","playtime":441,"items_purged":[],"score":96,"play_id":"826d1179-14a3-4e3a-a0ac-148213231522","local_time":"20210130222241","is_ascension_mode":false,"campfire_choices":[{"data":"Bash","floor":1,"key":"SMITH"},{"data":"Clash","floor":6,"key":"SMITH"},{"data":"Armaments","floor":10,"key":"SMITH"},{"data":"Second Wind","floor":13,"key":"SMITH"}],"circlet_count":3,"master_deck":["Strike_R","Strike_R","Strike_R","Strike_R","Strike_R","Defend_R","Defend_R","Defend_R","Defend_R","Bash+1","Clash+1","Second Wind+1","Pummel","Armaments+1","Rampage","Impervious"],"relics":["Burning Blood","bronze:MakeshiftBattery","Medical Kit","bronze:DonusWashers","bronze:DecasWashers","bronze:BronzeIdol","Circlet"],"acts_visited":["Exordium"],"potions_floor_usage":[16],"damage_taken":[{"damage":0,"enemies":"2 Louse","floor":2,"turns":3},{"damage":5,"enemies":"Jaw Worm","floor":3,"turns":3},{"damage":0,"enemies":"Cultist","floor":5,"turns":2},{"damage":0,"enemies":"Blue Slaver","floor":9,"turns":2},{"damage":0,"enemies":"Exordium Wildlife","floor":11,"turns":3},{"damage":0,"enemies":"Large Slime","floor":12,"turns":4},{"damage":2,"enemies":"Exordium Thugs","floor":14,"turns":3},{"damage":0,"enemies":"2 Fungi Beasts","floor":15,"turns":3},{"damage":82,"enemies":"WA_ARCHETYPE_RETAIN","floor":16,"turns":12}],"seed_played":"-6960153114758257617","potions_obtained":[{"floor":2,"key":"GamblersBrew"},{"floor":11,"key":"ColorlessPotion"}],"is_trial":true,"path_per_floor":["R","M","M","?","M","R","T","?","M","R","M","M","R","M","M","B"],"character_chosen":"IRONCLAD","items_purchased":[],"campfire_rested":0,"item_purchase_floors":[],"current_hp_per_floor":[80,80,80,80,80,80,80,80,80,80,80,80,80,80,80,0,0],"gold":97,"neow_bonus":"","is_daily":false,"chose_seed":false,"campfire_upgraded":4,"win_rate":0.0,"timestamp":1612074161,"path_taken":["R","M","M","?","M","R","T","?","M","R","M","?","R","M","M","BOSS"],"items_purchased_type":[],"build_version":"2020-12-22","purchased_purges":0,"victory":false,"max_hp_per_floor":[80,80,80,80,80,80,80,80,80,80,80,80,80,80,80,80,80],"card_choices":[{"not_picked":["Infernal Blade","Shrug It Off"],"picked":"Clash","floor":2},{"not_picked":["Twin Strike","Rage"],"picked":"Second Wind","floor":3},{"not_picked":["Headbutt","Thunderclap"],"picked":"Pummel","floor":5},{"not_picked":["True Grit","Combust"],"picked":"Armaments","floor":9},{"not_picked":["Shrug It Off","Sword Boomerang","Warcry"],"picked":"SKIP","floor":11},{"not_picked":["Cleave","Heavy Blade"],"picked":"Rampage","floor":12},{"not_picked":["Havoc","True Grit","Body Slam"],"picked":"SKIP","floor":14},{"not_picked":["Carnage","hubris:ReadiedAction"],"picked":"Impervious","floor":15}],"player_experience":290207,"relics_obtained":[],"event_choices":[{"damage_healed":0,"gold_gain":0,"player_choice":"Trade","damage_taken":0,"relics_obtained":["FaceOfCleric"],"max_hp_gain":0,"max_hp_loss":0,"event_name":"FaceTrader","floor":8,"gold_loss":0}],"is_beta":false,"boss_relics":[],"items_purged_floors":[],"is_endless":false,"potions_floor_spawned":[2,3,11,14],"killed_by":"WA_ARCHETYPE_RETAIN","ascension_level":0}}