{"host":"fv1cjvqplxezqiss","time":1612103377,"event":{"mods":["BaseMod","Colored Map","Minty Spire (QoL Compilation)","StSLib"],"gold_per_floor":[319,338,338,9,27,27,54,132,132,158,170,181,181,181,181,281,281,293,313,34,34,34,34,68,68,68,79,79,99,118,137,137,232,232,244,259,274,285,302,334,351,366,366,399,399,410,19,33,33,33],"floor_reached":51,"language":"ENG","playtime":3985,"items_purged":["Strike_G","Strike_G"],"score":1133,"play_id":"b9248c90-4d4f-4ea7-9cb4-f6874d2a8064","local_time":"20210131092937","is_ascension_mode":true,"campfire_choices":[{"data":"Noxious Fumes","floor":6.0,"key":"SMITH"},{"data":"Noxious Fumes","floor":13.0,"key":"SMITH"},{"data":"Acrobatics","floor":15.0,"key":"SMITH"},{"data":"After Image","floor":23.0,"key":"SMITH"},{"data":"Dagger Spray","floor":25.0,"key":"SMITH"},{"data":"Adrenaline","floor":32.0,"key":"SMITH"},{"data":"Caltrops","floor":45,"key":"SMITH"},{"data":"Grand Finale","floor":49,"key":"SMITH"}],"circlet_count":0,"master_deck":["AscendersBane","Defend_G","Defend_G","Defend_G","Defend_G","Survivor","Neutralize","Dagger Spray+1","Escape Plan","Acrobatics+1","Caltrops+1","Noxious Fumes+1","All Out Attack","Grand Finale+1","Dodge and Roll","Noxious Fumes+1","After Image+1","Acrobatics+1","Slice","Quick Slash+1","Adrenaline+1","Footwork+1","After Image+1","Escape Plan+1","Prepared+1","Acrobatics+1","Tools of the Trade+1","Dark Shackles","Mayhem+1","Leg Sweep+1"],"relics":["Ring of the Snake","Old Coin","Bird Faced Urn","Singing Bowl","Question Card","Eternal Feather","Runic Pyramid","PreservedInsect","Lizard Tail","Frozen Egg 2","Empty Cage","Letter Opener","Centennial Puzzle","FossilizedHelix"],"acts_visited":["Exordium","TheCity","TheBeyond"],"potions_floor_usage":[36,40],"damage_taken":[{"damage":0.0,"enemies":"2 Louse","floor":1.0,"turns":4.0},{"damage":0.0,"enemies":"Small Slimes","floor":2.0,"turns":3.0},{"damage":2.0,"enemies":"Cultist","floor":5.0,"turns":4.0},{"damage":33.0,"enemies":"Lagavulin","floor":7.0,"turns":9.0},{"damage":27.0,"enemies":"Gremlin Nob","floor":10.0,"turns":5.0},{"damage":7.0,"enemies":"2 Fungi Beasts","floor":11.0,"turns":3.0},{"damage":5.0,"enemies":"Large Slime","floor":12.0,"turns":7.0},{"damage":18.0,"enemies":"Hexaghost","floor":16.0,"turns":9.0},{"damage":20.0,"enemies":"Shell Parasite","floor":18.0,"turns":6.0},{"damage":25.0,"enemies":"3 Byrds","floor":19.0,"turns":4.0},{"damage":41.0,"enemies":"Gremlin Leader","floor":24.0,"turns":5.0},{"damage":6.0,"enemies":"Centurion and Healer","floor":27.0,"turns":3.0},{"damage":6.0,"enemies":"Chosen and Byrds","floor":28.0,"turns":6.0},{"damage":24.0,"enemies":"Snake Plant","floor":29.0,"turns":4.0},{"damage":14.0,"enemies":"Snecko","floor":30.0,"turns":6.0},{"damage":8.0,"enemies":"3 Cultists","floor":31.0,"turns":3.0},{"damage":28.0,"enemies":"Collector","floor":33.0,"turns":7.0},{"damage":13,"enemies":"3 Darklings","floor":35,"turns":4},{"damage":18,"enemies":"3 Shapes","floor":36,"turns":3},{"damage":29,"enemies":"Sphere and 2 Shapes","floor":37,"turns":6},{"damage":9,"enemies":"Writhing Mass","floor":38,"turns":7},{"damage":7,"enemies":"4 Shapes","floor":39,"turns":5},{"damage":41,"enemies":"Reptomancer","floor":40,"turns":6},{"damage":12,"enemies":"Sphere and 2 Shapes","floor":41,"turns":4},{"damage":0,"enemies":"Maw","floor":42,"turns":7},{"damage":0,"enemies":"Giant Head","floor":44,"turns":6},{"damage":49,"enemies":"Transient","floor":46,"turns":5},{"damage":16,"enemies":"Sphere and 2 Shapes","floor":48,"turns":3},{"damage":1,"enemies":"Time Eater","floor":50,"turns":8}],"seed_played":"5190437573493655557","potions_obtained":[{"floor":7.0,"key":"EssenceOfSteel"},{"floor":11.0,"key":"Dexterity Potion"},{"floor":12.0,"key":"BlessingOfTheForge"},{"floor":16.0,"key":"SmokeBomb"},{"floor":24.0,"key":"Energy Potion"},{"floor":30.0,"key":"Weak Potion"},{"floor":31.0,"key":"Fruit Juice"},{"floor":35,"key":"Swift Potion"},{"floor":37,"key":"EssenceOfSteel"},{"floor":42,"key":"BlessingOfTheForge"},{"floor":46,"key":"Fire Potion"}],"is_trial":false,"path_per_floor":["M","M","?","$","M","R","E","?","T","E","M","M","R","?","R","B",null,"M","M","$","?","?","R","E","R","T","M","M","M","M","M","R","B",null,"M","M","M","M","M","E","M","M","T","E","R","M","$","M","R","B",null],"character_chosen":"THE_SILENT","items_purchased":["Bird Faced Urn","Caltrops","PreservedInsect","Slice","Dark Shackles","Mayhem+1"],"campfire_rested":0,"item_purchase_floors":[4,4,20,20,47,47],"current_hp_per_floor":[63,63,63,63,63,63,34,34,34,11,6,5,17,17,29,17,57,45,28,28,28,28,40,9,21,21,25,27,9,3,8,23,5,62,63,59,42,45,50,21,25,41,41,57,72,39,39,39,57,72],"gold":33,"neow_bonus":"ONE_RARE_RELIC","is_daily":false,"chose_seed":false,"campfire_upgraded":8,"win_rate":0.0,"timestamp":1612103377,"path_taken":["M","M","?","$","M","R","E","?","T","E","M","M","R","?","R","BOSS","M","?","$","?","?","R","E","R","T","M","M","M","?","M","R","BOSS","M","M","M","M","M","E","M","M","T","E","R","?","$","M","R","BOSS"],"items_purchased_type":["Relic","Card","Relic","Card","Card","Card"],"build_version":"2020-12-22","purchased_purges":2,"victory":true,"max_hp_per_floor":[70,70,70,70,70,70,70,70,70,70,70,70,70,70,70,70,70,70,72,72,72,72,72,74,74,74,76,76,76,76,81,81,81,81,83,85,85,85,85,85,87,89,89,91,91,93,93,93,93,93],"card_choices":[{"not_picked":["Sucker Punch","PiercingWail"],"picked":"Dagger Spray","floor":1.0},{"not_picked":["Poisoned Stab","Outmaneuver"],"picked":"Escape Plan","floor":2.0},{"not_picked":["Outmaneuver","Bouncing Flask"],"picked":"Noxious Fumes","floor":5.0},{"not_picked":["Poisoned Stab","Setup"],"picked":"All Out Attack","floor":7.0},{"not_picked":["Skewer","Quick Slash","Bouncing Flask"],"picked":"Grand Finale","floor":10.0},{"not_picked":["Choke","Distraction","Cloak And Dagger"],"picked":"Dodge and Roll","floor":11.0},{"not_picked":["Well Laid Plans","Cloak And Dagger","Slice"],"picked":"Noxious Fumes","floor":12.0},{"not_picked":["Burst","Glass Knife","Adrenaline"],"picked":"After Image","floor":16.0},{"not_picked":["Distraction+1","Skewer+1","Catalyst+1"],"picked":"Acrobatics+1","floor":18.0},{"not_picked":["Sucker Punch+1","Outmaneuver","PiercingWail","Blade Dance"],"picked":"Singing Bowl","floor":19.0},{"not_picked":["Crippling Poison","Expertise","Choke","Slice"],"picked":"Singing Bowl","floor":24.0},{"not_picked":["Deadly Poison+1","Quick Slash+1","Heel Hook","Dagger Spray"],"picked":"Singing Bowl","floor":27.0},{"not_picked":["Cloak And Dagger","Dodge and Roll","Bouncing Flask"],"picked":"Quick Slash+1","floor":29.0},{"not_picked":["Underhanded Strike+1","Accuracy+1","Blade Dance+1"],"picked":"Adrenaline","floor":30.0},{"not_picked":["Deadly Poison","Flechettes+1","Predator"],"picked":"Footwork+1","floor":31.0},{"not_picked":["Unload","Phantasmal Killer","Wraith Form v2+1"],"picked":"After Image+1","floor":33.0},{"not_picked":["Bane","Dodge and Roll+1","Blade Dance","Caltrops+1"],"picked":"Singing Bowl","floor":35},{"not_picked":["Sucker Punch","Poisoned Stab","Infinite Blades+1","Choke"],"picked":"Singing Bowl","floor":36},{"not_picked":["Blade Dance+1","Dodge and Roll+1","Prepared"],"picked":"Escape Plan+1","floor":37},{"not_picked":["Skewer+1","Acrobatics","Eviscerate+1"],"picked":"Prepared+1","floor":38},{"not_picked":["Setup","Backflip","Dagger Throw+1"],"picked":"Acrobatics+1","floor":39},{"not_picked":["Bouncing Flask","Accuracy+1","Poisoned Stab"],"picked":"Tools of the Trade+1","floor":40},{"not_picked":["Dodge and Roll","Deadly Poison","Night Terror","Flying Knee"],"picked":"Singing Bowl","floor":41},{"not_picked":["Predator+1","Underhanded Strike","Expertise+1","PiercingWail"],"picked":"Singing Bowl","floor":42},{"not_picked":["Bane+1","All Out Attack+1","Endless Agony+1","Corpse Explosion"],"picked":"Singing Bowl","floor":44},{"not_picked":["Deadly Poison+1","Acrobatics","Eviscerate","Deflect"],"picked":"Singing Bowl","floor":46},{"not_picked":["Infinite Blades+1","Slice","Sucker Punch"],"picked":"Leg Sweep+1","floor":48}],"player_experience":620006,"relics_obtained":[{"floor":7.0,"key":"Singing Bowl"},{"floor":9.0,"key":"Question Card"},{"floor":10.0,"key":"Eternal Feather"},{"floor":24.0,"key":"Lizard Tail"},{"floor":26.0,"key":"Frozen Egg 2"},{"floor":40,"key":"Letter Opener"},{"floor":43,"key":"Centennial Puzzle"},{"floor":44,"key":"FossilizedHelix"}],"event_choices":[{"damage_healed":0.0,"max_hp_gain":0.0,"max_hp_loss":0.0,"gold_gain":0.0,"cards_transformed":["Defend_G"],"event_name":"Living Wall","player_choice":"Change","floor":3.0,"gold_loss":0.0,"damage_taken":0.0,"cards_obtained":["Acrobatics"]},{"damage_healed":0.0,"max_hp_gain":0.0,"max_hp_loss":0.0,"gold_gain":78.0,"event_name":"Golden Wing","player_choice":"Gained Gold","floor":8.0,"gold_loss":0.0,"damage_taken":0.0},{"damage_healed":0.0,"max_hp_gain":0.0,"max_hp_loss":0.0,"gold_gain":0.0,"event_name":"Match and Keep!","player_choice":"0 cards matched","floor":14.0,"gold_loss":0.0,"damage_taken":0.0,"cards_obtained":[]},{"cards_removed":["Strike_G"],"damage_healed":0.0,"max_hp_gain":0.0,"max_hp_loss":0.0,"gold_gain":0.0,"event_name":"Back to Basics","player_choice":"Elegance","floor":21.0,"gold_loss":0.0,"damage_taken":0.0},{"damage_healed":0.0,"max_hp_gain":0.0,"max_hp_loss":0.0,"gold_gain":0.0,"event_name":"Vampires","player_choice":"Ignored","floor":22.0,"gold_loss":0.0,"damage_taken":0.0}],"is_beta":false,"boss_relics":[{"not_picked":["SlaversCollar","Philosopher\u0027s Stone"],"picked":"Runic Pyramid"},{"not_picked":["Runic Dome","Pandora\u0027s Box"],"picked":"Empty Cage"}],"items_purged_floors":[20,47],"is_endless":false,"potions_floor_spawned":[7,11,12,16,24,27,30,31,35,37,42,46],"ascension_level":10}}