{"host":"jlcm6ljyvzfcs06u","time":1612054231,"event":{"mods":["Act Like it!","BaseMod","Better Note","Better Vampires","Downfall","Gensokyo","Hallownest","Jorbs\u0027s Wanderer Trilogy","Marisa£®ÏF”Í°°ƒß¿Ì…≥£©","Minty Spire (QoL Compilation)","Rare Cards Sparkle","Reimu£®≤©¿ˆ¡È√Œ£©","StSLib","The Construct","The Cursed","The Hierophant","The Runesmith","The Servant 0.9.4","UnlockEverythingMod","Yakumo Yukari mod"],"gold_per_floor":[139,139,61,75,94,314,327,345,345,345,363,396,396,407,407,510,510,525,81,101,120,140,140,168,187,187,187,216,228,247,263,263,263,263],"floor_reached":33,"language":"ZHS","playtime":3243,"items_purged":["Mirror_FormAndEmptin_purple"],"score":347,"play_id":"3e9b4873-40be-4e0d-9a16-6baba6baf3f4","local_time":"20210131085031","is_ascension_mode":false,"campfire_choices":[{"data":"Nest_LightFlightworm_purple","floor":13,"key":"SMITH"},{"data":"OmniscientAndOmnipotent_Monster_purple","floor":15,"key":"SMITH"},{"floor":23,"key":"REST"},{"floor":32,"key":"REST"}],"circlet_count":0,"master_deck":["AT_purpleEX","AT_purpleEX","AT_purpleEX","AT_purpleEX","Defend_purpleEX","Defend_purpleEX+1","Defend_purpleEX","Defend_purpleEX","Observe_purple_2+1","MeetDecomposer_purple","Worldmountain_purple","Shallow_ocean_purpleEX","Mirror_WaveAndshot_purple","Fancifulhole_purple","Nest_LightFlightworm_purple+1","OmniscientAndOmnipotent_Monster_purple+1","ContainerChange_purple","StateErode_purple","MonsterNeedle_purple+1","ExternalForce_HighSpeedFlying_purple+1","WingOfChimera_purple+1"],"relics":["Boundary_crack","Memoryfragments_purpleEX","Gensokyo:Mercy","War Paint","Toxic Egg 2","Gensokyo:OccultBall","Ancient Tea Set","RedLine:ReiMu","Pen Nib","Happy Flower","StoneCalendar","Akabeko","Blue Candle","Singing Bowl"],"acts_visited":["Gensokyo:Gensokyo","Gensokyo:Gensokyoer"],"potions_floor_usage":[6,16,24,28],"damage_taken":[{"damage":4,"enemies":"Gensokyo:Python","floor":1,"turns":4},{"damage":1,"enemies":"Gensokyo:2_Kodama","floor":4,"turns":7},{"damage":2,"enemies":"Gensokyo:Gryphon","floor":5,"turns":7},{"damage":6,"enemies":"Gensokyo:LivingMonolith","floor":6,"turns":6},{"damage":4,"enemies":"Gensokyo:CorruptedTreant","floor":7,"turns":5},{"damage":0,"enemies":"Gensokyo:Kitsune","floor":8,"turns":5},{"damage":8,"enemies":"Gensokyo:3_Kodama","floor":11,"turns":4},{"damage":29,"enemies":"Gensokyo:Cirno","floor":12,"turns":7},{"damage":0,"enemies":"Gensokyo:Python_and_Kodama","floor":14,"turns":4},{"damage":26,"enemies":"Gensokyo:Reimu","floor":16,"turns":6},{"damage":15,"enemies":"Gensokyo:2_Gloops","floor":18,"turns":5},{"damage":9,"enemies":"Gensokyo:AngelMirror","floor":20,"turns":3},{"damage":23,"enemies":"Gensokyo:3_Gloops","floor":21,"turns":7},{"damage":0,"enemies":"Gensokyo:Swordslinger","floor":22,"turns":3},{"damage":22,"enemies":"Gensokyo:Tenshi","floor":24,"turns":4},{"damage":16,"enemies":"Gensokyo:Monolith_and_Dog","floor":25,"turns":6},{"damage":6,"enemies":"Gensokyo:Koishi","floor":28,"turns":4},{"damage":0,"enemies":"Gensokyo:Chomper_and_Gloop","floor":29,"turns":3},{"damage":0,"enemies":"Gensokyo:3_Gloops","floor":30,"turns":1},{"damage":0,"enemies":"Gensokyo:Monolith_and_Dog","floor":31,"turns":3},{"damage":48,"enemies":"Gensokyo:Eternal_Rivals","floor":33,"turns":3}],"seed_played":"-5601771248776489106","potions_obtained":[{"floor":4,"key":"DuplicationPotion"},{"floor":5,"key":"DuplicationPotion"},{"floor":6,"key":"Strength Potion"},{"floor":12,"key":"SkillPotion"},{"floor":16,"key":"Block Potion"},{"floor":21,"key":"BlessingOfTheForge"},{"floor":30,"key":"Fire Potion"},{"floor":31,"key":"Guardian:BlockOnCardUsePotion"}],"is_trial":false,"path_per_floor":["M","?","COS","M","M","M","M","M","T","?","M","E","R","M","R","B",null,"M","$","M","M","M","R","E","M","T","?","E","M","M","M","R","B"],"character_chosen":"Youkari","items_purchased":["MonsterNeedle_purple+1","Pen Nib","Happy Flower"],"campfire_rested":2,"item_purchase_floors":[19,19,19],"current_hp_per_floor":[74,74,74,74,72,70,70,74,74,74,68,44,44,48,48,23,77,64,64,55,32,32,55,33,17,17,12,8,11,13,17,42,0,0],"gold":263,"neow_bonus":"TEN_PERCENT_HP_BONUS","is_daily":false,"chose_seed":false,"campfire_upgraded":2,"win_rate":0.0,"timestamp":1612054231,"path_taken":["M","?","COS","M","M","M","M","M","T","?","?","E","R","M","R","BOSS","M","$","M","M","M","R","E","M","T","?","E","M","M","M","R","BOSS"],"items_purchased_type":["Card","Relic","Relic"],"build_version":"2020-12-22","purchased_purges":1,"victory":false,"max_hp_per_floor":[77,77,77,77,77,77,77,77,77,77,77,77,77,77,77,77,77,77,77,77,77,77,77,77,77,77,77,79,81,83,85,85,85,85],"card_choices":[{"not_picked":["Realm_recovery_purpleEX","Umbrella_purple"],"picked":"MeetDecomposer_purple","floor":1},{"not_picked":["Mirror_Drifter_purple","Umbrella_purple"],"picked":"Worldmountain_purple","floor":4},{"not_picked":["Boundary_of_Extermination_purpleEX","ButterflyHabitatTemple_purple"],"picked":"Mirror_FormAndEmptin_purple","floor":5},{"not_picked":["AdvanceAttack_purple","Mirror_FormAndEmptin_purple"],"picked":"Shallow_ocean_purpleEX","floor":6},{"not_picked":["StateDuplicate_purple","Mirror_FormAndEmptin_purple"],"picked":"WatchEChange_purple","floor":7},{"not_picked":["AdvanceAttack_purple","Realm_recovery_purpleEX"],"picked":"Mirror_WaveAndshot_purple","floor":8},{"not_picked":["StateDuplicate_purple+1","WorldDissolvedintheRealm_purple"],"picked":"Fancifulhole_purple","floor":11},{"not_picked":["StateDuplicate_purple+1","RuleDissolution_purple+1"],"picked":"Nest_LightFlightworm_purple","floor":12},{"not_picked":["SfantasyHide_purple+1","Mirror_WaveAndshot_purple+1"],"picked":"OmniscientAndOmnipotent_Monster_purple","floor":14},{"not_picked":["MagicEyes_LaplaceDemon_purple+1","Fancifulhole_purple"],"picked":"ContainerChange_purple","floor":16},{"not_picked":["RuleDissolution_purple+1","Shallow_ocean_purpleEX"],"picked":"StateErode_purple","floor":18},{"not_picked":["SfantasyHide_purple+1","SharpContractionReality_purple","Boundary_DynamicStaticEquilibrium_purple+1"],"picked":"SKIP","floor":20},{"not_picked":["Line_surface_state_purple+1","ExistenceContinue_purple"],"picked":"ExternalForce_HighSpeedFlying_purple+1","floor":21},{"not_picked":["RuleDissolution_purple+1","Boundary_DynamicStaticEquilibrium_purple+1"],"picked":"WingOfChimera_purple+1","floor":22},{"not_picked":["WangLiang_LineAndCurveDreams_purple","StateDuplicate_purple+1","WatchEChange_purple+1"],"picked":"SKIP","floor":24},{"not_picked":["Umbrella_purple","Boundary_of_Extermination_purpleEX","AdvanceAttack_purple"],"picked":"SKIP","floor":25},{"not_picked":["CommonSense_AntiCommonSense_purple","Boundary_of_Extermination_purpleEX+1","RealityDreamConfluencek_purple+1"],"picked":"Singing Bowl","floor":28},{"not_picked":["Line_surface_state_purple+1","OpenedBox_purple+1","Shallow_ocean_purpleEX+1"],"picked":"Singing Bowl","floor":29},{"not_picked":["Line_surface_state_purple+1","Mirror_WaveAndshot_purple+1","WeekHit_purple"],"picked":"Singing Bowl","floor":30},{"not_picked":["AdvanceAttack_purple","DarkRealmRedLine_purple","StateDuplicate_purple+1"],"picked":"Singing Bowl","floor":31}],"player_experience":267030,"relics_obtained":[{"floor":9,"key":"Toxic Egg 2"},{"floor":12,"key":"Ancient Tea Set"},{"floor":16,"key":"Gensokyo:OccultBall"},{"floor":24,"key":"Gensokyo:OccultBall"},{"floor":24,"key":"StoneCalendar"},{"floor":26,"key":"Akabeko"},{"floor":28,"key":"Singing Bowl"},{"floor":29,"key":"Gensokyo:OccultBall"}],"event_choices":[],"is_beta":false,"boss_relics":[{"not_picked":["SacredBark","Astrolabe"],"picked":"RedLine:ReiMu"}],"items_purged_floors":[19],"is_endless":false,"potions_floor_spawned":[4,5,6,12,16,21,22,30,31],"killed_by":"Gensokyo:Eternal_Rivals","ascension_level":0}}