{"host":"6xsbn6ynqlzwllfm","time":1612078830,"event":{"mods":["2.2 Compatiblity","BaseMod","Bestiary","Colored Map","Colored Powertips","Curses Come First","Highlight Path","Keyboard Shortcuts","Minty Spire (QoL Compilation)","Relic Stats","Slay the Relics Exporter","StSLib","SuperFastMode"],"gold_per_floor":[111,111,127,127,140,180,180,214,214,247,247,268,268,309,309,408,408,428,428,498,513,513,853,853,888,949,961,961],"floor_reached":27,"language":"ENG","playtime":642,"items_purged":[],"score":604,"play_id":"3ef5c5c5-09ca-4462-b4d2-b389443b662a","local_time":"20210131024030","is_ascension_mode":true,"campfire_choices":[{"data":"Fasting2","floor":11.0,"key":"SMITH"},{"data":"Worship","floor":15.0,"key":"SMITH"},{"data":"WaveOfTheHand","floor":24.0,"key":"SMITH"}],"circlet_count":0,"master_deck":["AscendersBane","Strike_P+1","Strike_P+1","Defend_P+1","Defend_P","Eruption","Vigilance","FearNoEvil","Perseverance","Fasting2+1","CarveReality","Consecrate+1","Worship+1","Swivel","Prostrate","LessonLearned","WheelKick+1","Wallop","WaveOfTheHand+1","Wish"],"relics":["Coffee Dripper","Golden Idol","Matryoshka","Whetstone","Pear","The Courier","Lantern","Bag of Preparation","Runic Pyramid","Pen Nib","InkBottle","Old Coin","MawBank","Potion Belt"],"acts_visited":["Exordium","TheCity"],"potions_floor_usage":[25],"damage_taken":[{"damage":2.0,"enemies":"Jaw Worm","floor":1.0,"turns":4.0},{"damage":0.0,"enemies":"Cultist","floor":3.0,"turns":4.0},{"damage":1.0,"enemies":"Small Slimes","floor":5.0,"turns":4.0},{"damage":0.0,"enemies":"Lagavulin","floor":6.0,"turns":4.0},{"damage":2.0,"enemies":"3 Sentries","floor":8.0,"turns":6.0},{"damage":2.0,"enemies":"Lagavulin","floor":10.0,"turns":5.0},{"damage":7.0,"enemies":"2 Fungi Beasts","floor":12.0,"turns":3.0},{"damage":8.0,"enemies":"Gremlin Nob","floor":14.0,"turns":3.0},{"damage":13.0,"enemies":"Slime Boss","floor":16.0,"turns":5.0},{"damage":0.0,"enemies":"Spheric Guardian","floor":18.0,"turns":1.0},{"damage":6.0,"enemies":"3 Byrds","floor":21.0,"turns":4.0},{"damage":20.0,"enemies":"Slavers","floor":23.0,"turns":4.0},{"damage":33,"enemies":"Book of Stabbing","floor":25,"turns":6},{"damage":3,"enemies":"Gremlin Leader","floor":27,"turns":2}],"seed_played":"4971101005224433838","potions_obtained":[{"floor":1.0,"key":"StancePotion"},{"floor":3.0,"key":"SpeedPotion"},{"floor":6.0,"key":"AttackPotion"},{"floor":12.0,"key":"Block Potion"},{"floor":18.0,"key":"GamblersBrew"},{"floor":25,"key":"CultistPotion"}],"is_trial":false,"path_per_floor":["M","?","M","?","M","E","?","E","T","E","R","M","?","E","R","B",null,"M","?","T","M","?","E","R","E","T","E"],"character_chosen":"WATCHER","items_purchased":[],"campfire_rested":0,"item_purchase_floors":[],"current_hp_per_floor":[59,59,59,59,58,58,51,49,59,57,57,50,50,42,42,29,61,61,61,61,55,55,35,35,2,2,0,0],"gold":961,"neow_bonus":"BOSS_RELIC","is_daily":false,"chose_seed":false,"campfire_upgraded":3,"win_rate":0.0,"timestamp":1612078830,"path_taken":["M","?","?","?","M","E","?","E","T","E","R","M","?","E","R","BOSS","M","?","?","M","?","E","R","E","T","E"],"items_purchased_type":[],"build_version":"2020-12-22","purchased_purges":0,"victory":false,"max_hp_per_floor":[68,68,68,62,62,62,62,62,72,72,72,72,72,72,72,72,72,72,72,72,72,72,72,72,72,72,72,72],"relic_stats":{"counters":[14,55],"Golden Idol":79,"Pen Nib":[3],"Bag of Preparation":[12],"Whetstone":["Strike_P","Consecrate"],"MawBank":24,"obtain_stats":[{"Potion Belt":26,"Lantern":10,"Pear":9,"Golden Idol":4,"The Courier":9,"Pen Nib":20,"Bag of Preparation":14,"Whetstone":8,"MawBank":25,"Old Coin":23,"Matryoshka":6,"Coffee Dripper":0,"PureWater":0,"InkBottle":20,"Runic Pyramid":17},{"Potion Belt":13,"Lantern":6,"Pear":5,"Golden Idol":2,"The Courier":5,"Pen Nib":10,"Bag of Preparation":8,"Whetstone":5,"MawBank":13,"Old Coin":12,"Matryoshka":4,"Coffee Dripper":0,"PureWater":0,"InkBottle":10,"Runic Pyramid":9},{"Potion Belt":53,"Lantern":27,"Pear":22,"Golden Idol":8,"The Courier":22,"Pen Nib":39,"Bag of Preparation":33,"Whetstone":22,"MawBank":53,"Old Coin":47,"Matryoshka":16,"Coffee Dripper":0,"PureWater":0,"InkBottle":39,"Runic Pyramid":38}],"InkBottle":[5]},"card_choices":[{"not_picked":["WaveOfTheHand","Sanctity"],"picked":"FearNoEvil","floor":1.0},{"not_picked":["Perseverance","FollowUp"],"picked":"Fasting2","floor":3.0},{"not_picked":["Wireheading","WheelKick"],"picked":"CarveReality","floor":5.0},{"not_picked":["ThirdEye","Nirvana"],"picked":"Consecrate","floor":6.0},{"not_picked":["FollowUp","Establishment"],"picked":"Worship","floor":8.0},{"not_picked":["EmptyMind","Halt","ThirdEye"],"picked":"SKIP","floor":10.0},{"not_picked":["Evaluate","BowlingBash"],"picked":"Swivel","floor":12.0},{"not_picked":["Judgement","Alpha"],"picked":"LessonLearned","floor":16.0},{"not_picked":["Nirvana","Crescendo"],"picked":"WheelKick","floor":18.0},{"not_picked":["FearNoEvil","Evaluate"],"picked":"Wallop","floor":21.0},{"not_picked":["BowlingBash","FlurryOfBlows"],"picked":"Wish","floor":25}],"player_experience":1331027,"relics_obtained":[{"floor":6.0,"key":"Matryoshka"},{"floor":8.0,"key":"Whetstone"},{"floor":9.0,"key":"Pear"},{"floor":9.0,"key":"The Courier"},{"floor":10.0,"key":"Lantern"},{"floor":14.0,"key":"Bag of Preparation"},{"floor":20.0,"key":"Pen Nib"},{"floor":20.0,"key":"InkBottle"},{"floor":23.0,"key":"Old Coin"},{"floor":25,"key":"MawBank"},{"floor":26,"key":"Potion Belt"}],"event_choices":[{"damage_healed":0.0,"max_hp_gain":0.0,"max_hp_loss":0.0,"gold_gain":0.0,"cards_transformed":["Strike_P"],"event_name":"Transmorgrifier","player_choice":"Transformed","floor":2.0,"gold_loss":0.0,"damage_taken":0.0,"cards_obtained":["Perseverance"]},{"damage_healed":0.0,"max_hp_gain":0.0,"max_hp_loss":6.0,"gold_gain":0.0,"event_name":"Golden Idol","player_choice":"Lose Max HP","floor":4.0,"gold_loss":0.0,"damage_taken":0.0,"relics_obtained":["Golden Idol"]},{"cards_removed":["Strike_P"],"damage_healed":0.0,"max_hp_gain":0.0,"max_hp_loss":0.0,"gold_gain":0.0,"event_name":"Golden Wing","player_choice":"Card Removal","floor":7.0,"gold_loss":0.0,"damage_taken":7.0},{"damage_healed":0.0,"max_hp_gain":0.0,"max_hp_loss":0.0,"gold_gain":0.0,"cards_transformed":["Defend_P"],"event_name":"Transmorgrifier","player_choice":"Transformed","floor":13.0,"gold_loss":0.0,"damage_taken":0.0,"cards_obtained":["Prostrate"]},{"cards_removed":["Defend_P"],"damage_healed":0.0,"max_hp_gain":0.0,"max_hp_loss":0.0,"gold_gain":0.0,"event_name":"Back to Basics","player_choice":"Elegance","floor":19.0,"gold_loss":0.0,"damage_taken":0.0},{"damage_healed":0.0,"max_hp_gain":0.0,"max_hp_loss":0.0,"gold_gain":0.0,"event_name":"The Library","player_choice":"Read","floor":22.0,"gold_loss":0.0,"damage_taken":0.0,"cards_obtained":["WaveOfTheHand"]}],"is_beta":false,"boss_relics":[{"not_picked":["Busted Crown","VioletLotus"],"picked":"Runic Pyramid"}],"items_purged_floors":[],"is_endless":false,"potions_floor_spawned":[1,3,6,12,18,25],"killed_by":"Gremlin Leader","ascension_level":20}}