{"host":"1gvb6a86y1wh8blq","time":1612089658,"event":{"mods":["Ascension Reborn","Aspiration","BaseMod","Conspire","Emptier Cage","Minty Spire (QoL Compilation)","MostiFishMod","Shop Mod","Spicy Shops","StSLib","【功能Mod】强力的原版药水","没有小屋子和绿帽子啦","篝火指南"],"gold_per_floor":[113,113,113,113,129,129,160,69,157,157,175,222,239,280,226,376,376,400,325,325,193,222,129,157,157,157,37,77,101,153,177,216,373,373,396,420,820,842,855,717,748,434,434,494,508,719,605,605,513,513,513,353,185,223,223],"floor_reached":56,"language":"ZHS","playtime":1004,"items_purged":["Strike_R+1","Strike_R+1","MostiFishMod:BrokenBlackCloak","Strike_R+1","Strike_R+1","Defend_R+1","Defend_R+1","Defend_R+1","Defend_R+1"],"score":600,"play_id":"2eba041b-baca-40c6-8b98-9d93cdb05ded","local_time":"20210131184058","is_ascension_mode":true,"campfire_choices":[{"floor":6,"key":"RECALL"}],"circlet_count":0,"master_deck":["Whirlwind+1","Seeing Red+1"],"relics":["DaveBox","FeatherPendant","SynthV:TestCard","MerchantsRug","TheAbacus","Boot","Mummified Hand","PreservedInsect","Dodecahedron","TungstenRod","conspire:RunicOctahedron","Sling","Vajra","Ornamental Fan","MutagenicStrength","Anchor","Coffee Dripper","Sundial","Frozen Egg 2","PrismaticShard","Ice Cream","Membership Card","BionicSphere","Omamori","ClockworkSouvenir","aspiration:SeaSaltIceCream","Medical Kit","BirthdayGift-Tetrahedron","Chemical X","Akabeko","Bag of Marbles"],"acts_visited":["Exordium","TheCity","TheBeyond","TheEnding"],"potions_floor_usage":[12],"damage_taken":[{"damage":0,"enemies":"Jaw Worm","floor":1,"turns":1},{"damage":0,"enemies":"2 Louse","floor":5,"turns":1},{"damage":0,"enemies":"Lagavulin","floor":7,"turns":2},{"damage":0,"enemies":"Small Slimes","floor":11,"turns":1},{"damage":0,"enemies":"Gremlin Nob","floor":12,"turns":1},{"damage":0,"enemies":"Looter","floor":13,"turns":1},{"damage":0,"enemies":"3 Sentries","floor":14,"turns":2},{"damage":0,"enemies":"Slime Boss","floor":16,"turns":2},{"damage":0,"enemies":"2 Thieves","floor":18,"turns":1},{"damage":0,"enemies":"Chosen","floor":22,"turns":2},{"damage":0,"enemies":"Snake Plant","floor":24,"turns":1},{"damage":0,"enemies":"Gremlin Leader","floor":28,"turns":1},{"damage":0,"enemies":"3 Cultists","floor":29,"turns":1},{"damage":0,"enemies":"Book of Stabbing","floor":30,"turns":1},{"damage":0,"enemies":"Centurion and Healer","floor":31,"turns":1},{"damage":0,"enemies":"Champ","floor":33,"turns":3},{"damage":0,"enemies":"3 Darklings","floor":35,"turns":1},{"damage":0,"enemies":"3 Shapes","floor":36,"turns":1},{"damage":0,"enemies":"Maw","floor":38,"turns":1},{"damage":0,"enemies":"Writhing Mass","floor":39,"turns":1},{"damage":0,"enemies":"Nemesis","floor":41,"turns":1},{"damage":0,"enemies":"Mind Bloom Boss Battle","floor":44,"turns":1},{"damage":0,"enemies":"4 Shapes","floor":45,"turns":1},{"damage":0,"enemies":"Awakened One","floor":50,"turns":2},{"damage":0,"enemies":"Shield and Spear","floor":54,"turns":1},{"damage":0,"enemies":"The Heart","floor":55,"turns":3}],"seed_played":"2342762793678006","potions_obtained":[{"floor":1,"key":"LiquidMemories"},{"floor":5,"key":"Swift Potion"},{"floor":5,"key":"EssenceOfSteel"},{"floor":11,"key":"BlessingOfTheForge"},{"floor":11,"key":"Fire Potion"},{"floor":12,"key":"PowerPotion"},{"floor":13,"key":"Swift Potion"},{"floor":16,"key":"GamblersBrew"},{"floor":18,"key":"Explosive Potion"},{"floor":18,"key":"LiquidBronze"},{"floor":22,"key":"Explosive Potion"},{"floor":22,"key":"SpeedPotion"},{"floor":24,"key":"Ancient Potion"},{"floor":28,"key":"DistilledChaos"},{"floor":29,"key":"AttackPotion"},{"floor":30,"key":"Fire Potion"},{"floor":33,"key":"DistilledChaos"},{"floor":35,"key":"Block Potion"},{"floor":35,"key":"Strength Potion"},{"floor":41,"key":"SteroidPotion"},{"floor":44,"key":"SneckoOil"},{"floor":44,"key":"BloodPotion"},{"floor":54,"key":"ElixirPotion"}],"is_trial":false,"path_per_floor":["M","?","?","?","M","R","E","R","T","?","M","E","M","E","R","B",null,"M","?","?","$","M","R","M","?","T","$","E","M","E","M","R","B",null,"M","M","?","M","M","R","E","R","T","?","M","$","R","?","R","B",null,"R","$","E","B",null],"character_chosen":"IRONCLAD","items_purchased":["MerchantsRug","TheAbacus","Dodecahedron","Sling","Vajra","Frozen Egg 2","PrismaticShard","aspiration:ChemicalBlood","Ice Cream","Membership Card","BionicSphere","Omamori","ClockworkSouvenir","aspiration:SeaSaltIceCream","BirthdayGift-Tetrahedron","Chemical X","Akabeko","Bag of Marbles"],"campfire_rested":0,"item_purchase_floors":[8,8,15,21,21,40,42,42,42,46,46,47,47,49,52,53,53,53],"current_hp_per_floor":[69,69,69,69,77,77,85,85,85,64,64,64,64,64,72,79,90,90,90,90,90,90,90,90,90,90,90,90,90,90,90,90,95,95,95,95,95,95,95,95,95,95,95,109,109,109,109,109,109,114,114,114,114,114,119],"gold":223,"neow_bonus":"RANDOM_COLORLESS_2","is_daily":false,"chose_seed":false,"campfire_upgraded":0,"win_rate":0.0,"timestamp":1612089658,"path_taken":["M","?","?","?","M","R","E","R","T","?","M","E","?","E","R","BOSS","M","?","?","$","M","R","M","?","T","?","E","M","E","M","R","BOSS","M","M","?","M","M","R","E","R","T","?","M","$","R","?","R","BOSS","R","$","E","BOSS"],"items_purchased_type":["Relic","Relic","Relic","Relic","Relic","Relic","Relic","Relic","Relic","Relic","Relic","Relic","Relic","Relic","Relic","Relic","Relic","Relic"],"build_version":"2020-12-22","purchased_purges":9,"victory":true,"max_hp_per_floor":[85,85,85,85,85,85,85,85,85,85,85,85,85,85,85,90,90,90,90,90,90,90,90,90,90,90,90,90,90,90,90,90,95,95,95,95,95,95,95,95,95,95,95,109,109,109,109,109,109,114,114,114,114,114,119],"card_choices":[{"not_picked":["Sadistic Nature","Apotheosis"],"picked":"MostiFishMod:BrokenBlackCloak","floor":0},{"not_picked":["Shrug It Off","Twin Strike","Blood for Blood"],"picked":"SKIP","floor":1},{"not_picked":["Perfected Strike+1","Flex","Sever Soul","Sentinel","Clash+1"],"picked":"SKIP","floor":5},{"not_picked":["Body Slam","Uppercut","Shrug It Off","MostiFishMod:HellRitual"],"picked":"Whirlwind+1","floor":7},{"not_picked":["conspire:ExplosiveBarrier","Body Slam+1","Dual Wield","MostiFishMod:BrandingRite","Pommel Strike"],"picked":"SKIP","floor":7},{"not_picked":["Body Slam+1","Havoc","Searing Blow","Shockwave","Uppercut"],"picked":"SKIP","floor":11},{"not_picked":["Evolve","Shrug It Off","Sword Boomerang","Feel No Pain","Hemokinesis"],"picked":"SKIP","floor":12},{"not_picked":["MostiFishMod:CullingBlade","MostiFishMod:#F4004","Heavy Blade+1","Sever Soul+1","Thunderclap"],"picked":"SKIP","floor":12},{"not_picked":["Rupture+1","Shrug It Off","Anger","Whirlwind","Ghostly Armor+1"],"picked":"SKIP","floor":13},{"not_picked":["Cleave+1","Shrug It Off","Perfected Strike","Seeing Red","True Grit"],"picked":"SKIP","floor":14},{"not_picked":["Intimidate","Infernal Blade+1","conspire:ExplosiveBarrier","Rage+1","MostiFishMod:#F4004"],"picked":"SKIP","floor":14},{"not_picked":["Pummel","Twin Strike","Clothesline","Shrug It Off","Perfected Strike"],"picked":"SKIP","floor":18},{"not_picked":["Searing Blow+1","Armaments+1","Carnage+1","Rage"],"picked":"Seeing Red+1","floor":22},{"not_picked":["Bludgeon","Havoc","Shrug It Off","Heavy Blade","Headbutt+1"],"picked":"SKIP","floor":24},{"not_picked":["Pummel+1","Thunderclap+1","Sever Soul+1","Clash","Rampage+1"],"picked":"SKIP","floor":28},{"not_picked":["Hemokinesis","Iron Wave+1","Twin Strike+1","Burning Pact","Wild Strike"],"picked":"SKIP","floor":29},{"not_picked":["Carnage","Blood for Blood","Dropkick+1","Heavy Blade","Clash"],"picked":"SKIP","floor":30},{"not_picked":["Sword Boomerang+1","Rage+1","Whirlwind+1","Flex","Perfected Strike+1"],"picked":"SKIP","floor":31},{"not_picked":["Warcry+1","Combust+1","Searing Blow+1","Clash","Anger+1"],"picked":"SKIP","floor":35},{"not_picked":["Havoc+1","Corruption","Perfected Strike","Dark Embrace+1","Fire Breathing"],"picked":"SKIP","floor":36},{"not_picked":["Iron Wave+1","Headbutt+1","Wild Strike+1","Whirlwind+1","Perfected Strike+1"],"picked":"SKIP","floor":38},{"not_picked":["Flex+1","Perfected Strike+1","Clash+1","Shrug It Off","Dark Embrace+1"],"picked":"SKIP","floor":39},{"not_picked":["True Grit+1","MostiFishMod:TemporaryOutbreak+1","Clash+1","Feel No Pain+1","Sword Boomerang+1"],"picked":"SKIP","floor":41},{"not_picked":["Clash+1","Glacier+1","Blade Dance+1","Good Instincts+1","Rip and Tear+1"],"picked":"SKIP","floor":45},{"not_picked":["Steam+1","Coolheaded+1","Prostrate+1","Purity+1","Leap+1"],"picked":"SKIP","floor":54}],"player_experience":2769163,"relics_obtained":[{"floor":1,"key":"Bronze Scales"},{"floor":1,"key":"SynthV:TestCard"},{"floor":7,"key":"Eternal Feather"},{"floor":9,"key":"Boot"},{"floor":9,"key":"Mummified Hand"},{"floor":12,"key":"Mercury Hourglass"},{"floor":13,"key":"conspire:BottledYoYo"},{"floor":14,"key":"PreservedInsect"},{"floor":16,"key":"TungstenRod"},{"floor":24,"key":"Ornamental Fan"},{"floor":26,"key":"Juzu Bracelet"},{"floor":28,"key":"SynthV:C4"},{"floor":29,"key":"Tiny Chest"},{"floor":30,"key":"Anchor"},{"floor":33,"key":"Magic Flower"},{"floor":35,"key":"Sundial"},{"floor":39,"key":"Pantograph"},{"floor":41,"key":"CeramicFish"},{"floor":43,"key":"conspire:GiftBox"},{"floor":43,"key":"Darkstone Periapt"},{"floor":44,"key":"Mango"},{"floor":45,"key":"Lizard Tail"}],"event_choices":[{"damage_healed":0,"gold_gain":0,"player_choice":"Leave","damage_taken":0,"max_hp_gain":0,"max_hp_loss":0,"event_name":"conspire:Investor","floor":4,"gold_loss":0},{"damage_healed":0,"gold_gain":0,"player_choice":"Take Damage","damage_taken":21,"relics_obtained":["Golden Idol"],"max_hp_gain":0,"max_hp_loss":0,"event_name":"Golden Idol","floor":10,"gold_loss":0},{"cards_removed":["Strike_R"],"damage_healed":0,"gold_gain":0,"player_choice":"Gave Gold","damage_taken":0,"max_hp_gain":0,"max_hp_loss":0,"event_name":"Beggar","floor":19,"gold_loss":75},{"cards_removed":["Bash"],"damage_healed":0,"gold_gain":0,"player_choice":"Elegance","damage_taken":0,"max_hp_gain":0,"max_hp_loss":0,"event_name":"Back to Basics","floor":20,"gold_loss":0},{"damage_healed":0,"gold_gain":0,"player_choice":"Inject Mutagens","damage_taken":0,"relics_obtained":["MutagenicStrength"],"max_hp_gain":0,"max_hp_loss":0,"event_name":"Drug Dealer","floor":25,"gold_loss":0},{"damage_healed":0,"gold_gain":333,"player_choice":"Gave Idol","damage_taken":0,"max_hp_gain":0,"max_hp_loss":0,"event_name":"The Moai Head","floor":37,"relics_lost":["Golden Idol"],"gold_loss":0},{"damage_healed":0,"gold_gain":0,"player_choice":"Fight","damage_taken":0,"max_hp_gain":0,"max_hp_loss":0,"event_name":"MindBloom","floor":44,"gold_loss":0},{"damage_healed":0,"gold_gain":0,"player_choice":"Ignored","damage_taken":0,"max_hp_gain":0,"max_hp_loss":0,"event_name":"Upgrade Shrine","floor":48,"gold_loss":0}],"is_beta":false,"boss_relics":[{"not_picked":["SlaversCollar","GreenFoldingFan"],"picked":"conspire:RunicOctahedron"},{"not_picked":["xbg","JellyFishMachine"],"picked":"Coffee Dripper"}],"items_purged_floors":[8,15,15,21,23,27,32,40,42],"is_endless":false,"potions_floor_spawned":[5,7,11,13,18,22,30,31,35,39,41,44],"ascension_level":-20}}