{"host":"d9m9v0h6vo0edadb","time":1612082165,"event":{"mods":["BaseMod","Hermit","Keyboard Shortcuts","Minty Spire (QoL Compilation)","StSLib","SuperFastMode","The Cursed"],"gold_per_floor":[117,117,140,164,7,41,41,57,103,28,28,28],"floor_reached":11,"language":"KOR","playtime":158,"items_purged":[],"score":146,"play_id":"45e22470-26ab-4f0f-9cb5-03aacfe172b8","local_time":"20210131173605","is_ascension_mode":true,"campfire_choices":[{"data":"Crippling Poison","floor":7,"key":"SMITH"}],"circlet_count":0,"master_deck":["AscendersBane","Strike_G","Strike_G","Strike_G","Strike_G","Defend_G","Defend_G","Defend_G","Defend_G","Defend_G","Survivor","Neutralize","Poisoned Stab","Poisoned Stab","Tactician","Burst","Crippling Poison+1","Acrobatics","Deadly Poison"],"relics":["Ring of the Snake","Golden Idol","Orrery","Pantograph","Art of War"],"acts_visited":["Exordium"],"potions_floor_usage":[6],"damage_taken":[{"damage":0,"enemies":"2 Louse","floor":1,"turns":5},{"damage":0,"enemies":"Jaw Worm","floor":3,"turns":5},{"damage":2,"enemies":"Cultist","floor":4,"turns":5},{"damage":29,"enemies":"Lagavulin","floor":6,"turns":8},{"damage":18,"enemies":"Large Slime","floor":8,"turns":8},{"damage":43,"enemies":"Gremlin Nob","floor":11,"turns":3}],"seed_played":"8260455390110498994","potions_obtained":[{"floor":3,"key":"Poison Potion"},{"floor":8,"key":"Dexterity Potion"}],"is_trial":false,"path_per_floor":["M","?","M","M","$","E","R","M","T","?","E"],"character_chosen":"THE_SILENT","items_purchased":["Orrery"],"campfire_rested":0,"item_purchase_floors":[5],"current_hp_per_floor":[65,65,65,63,63,34,34,16,16,16,0,0],"gold":28,"neow_bonus":"TEN_PERCENT_HP_BONUS","is_daily":false,"chose_seed":false,"campfire_upgraded":1,"win_rate":0.0,"timestamp":1612082165,"path_taken":["M","?","M","M","$","E","R","M","T","?","E"],"items_purchased_type":["Relic"],"build_version":"2020-12-22","purchased_purges":0,"victory":false,"max_hp_per_floor":[72,65,65,65,65,65,65,65,65,65,65,65],"card_choices":[{"not_picked":["Flying Knee","Blur"],"picked":"Poisoned Stab","floor":1},{"not_picked":["Prepared","Dash"],"picked":"Poisoned Stab","floor":3},{"not_picked":["Distraction","Sucker Punch","Concentrate"],"picked":"SKIP","floor":4},{"not_picked":["Heel Hook","Dagger Throw"],"picked":"Tactician","floor":5},{"not_picked":["Blur","PiercingWail"],"picked":"Burst","floor":5},{"not_picked":["Riddle With Holes","Skewer"],"picked":"Crippling Poison","floor":5},{"not_picked":["Calculated Gamble","PiercingWail"],"picked":"Acrobatics","floor":5},{"not_picked":["Dagger Spray","Outmaneuver","Riddle With Holes"],"picked":"SKIP","floor":6},{"not_picked":["Flying Knee","Slice"],"picked":"Deadly Poison","floor":8}],"player_experience":1001553,"relics_obtained":[{"floor":6,"key":"Pantograph"},{"floor":9,"key":"Art of War"}],"event_choices":[{"damage_healed":0,"gold_gain":0,"player_choice":"Lose Max HP","damage_taken":0,"relics_obtained":["Golden Idol"],"max_hp_gain":0,"max_hp_loss":7,"event_name":"Golden Idol","floor":2,"gold_loss":0},{"cards_removed":["Strike_G"],"damage_healed":0,"gold_gain":0,"player_choice":"Card Removal","damage_taken":0,"max_hp_gain":0,"max_hp_loss":0,"event_name":"The Cleric","floor":10,"gold_loss":75}],"is_beta":false,"boss_relics":[],"items_purged_floors":[],"is_endless":false,"potions_floor_spawned":[3,8],"killed_by":"Gremlin Nob","ascension_level":20}}