{"host":"xg4r5pv6chpuampg","time":1612129191,"event":{"mods":["AchievementEnabler","BaseMod","Googly Eyes","Minty Spire (QoL Compilation)"],"gold_per_floor":[111,111,111,127,12,40,40,40,64,64,89,13,29,29,29,126,126,146,146,146,98,111,111,141,141,141,96,125,139,139,139,139,237,237,247,247,267,267,282,282,282,282,282,5,17,17,28,28,28],"floor_reached":48,"language":"ENG","playtime":3099,"items_purged":[],"score":497,"play_id":"b2877844-f3c3-4a7c-9030-4ca0a4c9333e","local_time":"20210201003951","is_ascension_mode":false,"campfire_choices":[{"floor":7,"key":"REST"},{"floor":15,"key":"REST"},{"floor":23,"key":"REST"},{"floor":25,"key":"REST"},{"floor":30,"key":"REST"},{"floor":32,"key":"REST"},{"floor":40,"key":"REST"},{"floor":42,"key":"REST"},{"floor":46,"key":"REST"}],"circlet_count":0,"master_deck":["Strike_G+1","Strike_G+1","Strike_G+1","Strike_G+1","Strike_G+1","Defend_G+1","Defend_G+1","Defend_G+1","Defend_G+1","Survivor","Neutralize","Finisher","Quick Slash","Noxious Fumes","Catalyst+1","Bane","Noxious Fumes","Quick Slash+1","Deadly Poison","Poisoned Stab+1","Catalyst","Bane","All Out Attack+1","Flying Knee+1","Die Die Die","Deadly Poison","Enlightenment","Poisoned Stab+1","Terror","Masterful Stab+1","Backstab+1"],"relics":["Fusion Hammer","Thread and Needle","The Specimen","Vajra","Calipers","HoveringKite","Snake Skull","Torii","Bottled Flame","Whetstone","Question Card"],"acts_visited":["Exordium","TheCity","TheBeyond"],"potions_floor_usage":[11,11,33,33,47,48,48],"damage_taken":[{"damage":0,"enemies":"Jaw Worm","floor":1,"turns":6},{"damage":0,"enemies":"2 Louse","floor":4,"turns":2},{"damage":23,"enemies":"3 Sentries","floor":6,"turns":10},{"damage":0,"enemies":"Lagavulin","floor":11,"turns":5},{"damage":0,"enemies":"Small Slimes","floor":13,"turns":3},{"damage":33,"enemies":"Slime Boss","floor":16,"turns":9},{"damage":12,"enemies":"2 Thieves","floor":18,"turns":4},{"damage":14,"enemies":"Shell Parasite","floor":22,"turns":5},{"damage":11,"enemies":"Book of Stabbing","floor":24,"turns":5},{"damage":37,"enemies":"Gremlin Leader","floor":28,"turns":5},{"damage":2,"enemies":"Snecko","floor":29,"turns":4},{"damage":48,"enemies":"Champ","floor":33,"turns":9},{"damage":23,"enemies":"3 Shapes","floor":35,"turns":4},{"damage":15,"enemies":"3 Darklings","floor":37,"turns":3},{"damage":31,"enemies":"Jaw Worm Horde","floor":39,"turns":4},{"damage":8,"enemies":"4 Shapes","floor":45,"turns":4},{"damage":50,"enemies":"Sphere and 2 Shapes","floor":47,"turns":4},{"damage":46,"enemies":"Writhing Mass","floor":48,"turns":4}],"seed_played":"-5179853250612005933","potions_obtained":[{"floor":1,"key":"Block Potion"},{"floor":4,"key":"Fire Potion"},{"floor":6,"key":"SteroidPotion"},{"floor":16,"key":"BlessingOfTheForge"},{"floor":22,"key":"Fire Potion"},{"floor":29,"key":"CultistPotion"},{"floor":33,"key":"SpeedPotion"},{"floor":37,"key":"Dexterity Potion"}],"is_trial":false,"path_per_floor":["M","?","?","M","$","E","R","?","T","$","E","$","M","?","R","B",null,"M","?","?","$","M","R","E","R","T","$","E","M","R","?","R","B",null,"M","?","M","?","M","R","?","R","T","$","M","R","M","M"],"character_chosen":"THE_SILENT","items_purchased":["Noxious Fumes","Catalyst","Noxious Fumes","Deadly Poison","Bane","Terror","Question Card"],"campfire_rested":9,"item_purchase_floors":[5,5,12,21,27,44,44],"current_hp_per_floor":[70,70,75,75,75,52,74,67,67,67,67,67,67,67,75,42,75,63,63,63,63,49,71,60,75,75,75,38,36,58,42,64,16,75,52,52,37,37,6,28,66,66,66,66,58,66,16,0,0],"gold":28,"neow_bonus":"BOSS_RELIC","is_daily":false,"chose_seed":false,"campfire_upgraded":0,"win_rate":0.0,"timestamp":1612129191,"path_taken":["M","?","?","M","$","E","R","?","T","?","E","$","M","?","R","BOSS","M","?","?","$","M","R","E","R","T","$","E","M","R","?","R","BOSS","M","?","M","?","M","R","?","R","T","$","?","R","?","M"],"items_purchased_type":["Card","Card","Card","Card","Card","Card","Relic"],"build_version":"2020-12-22","purchased_purges":0,"victory":false,"max_hp_per_floor":[70,70,75,75,75,75,75,75,75,75,75,75,75,75,75,75,75,75,75,75,75,75,75,75,75,75,75,75,75,75,75,75,75,75,75,75,75,75,75,75,66,66,66,66,66,66,66,66,66],"card_choices":[{"not_picked":["Acrobatics","Riddle With Holes"],"picked":"Finisher","floor":1},{"not_picked":["Dagger Spray","Tools of the Trade"],"picked":"Quick Slash","floor":4},{"not_picked":["Dodge and Roll","Leg Sweep","Footwork"],"picked":"SKIP","floor":6},{"not_picked":["Riddle With Holes","Infinite Blades"],"picked":"Bane","floor":11},{"not_picked":["Endless Agony","Cloak And Dagger","Underhanded Strike"],"picked":"SKIP","floor":13},{"not_picked":["Finisher","Deflect+1"],"picked":"Quick Slash","floor":18},{"not_picked":["Slice+1","Bane"],"picked":"Poisoned Stab","floor":22},{"not_picked":["Leg Sweep","Unload"],"picked":"Catalyst","floor":24},{"not_picked":["Quick Slash+1","Deadly Poison"],"picked":"All Out Attack+1","floor":28},{"not_picked":["Escape Plan+1","Footwork"],"picked":"Flying Knee+1","floor":29},{"not_picked":["Doppelganger","Phantasmal Killer"],"picked":"Die Die Die","floor":33},{"not_picked":["Prepared+1","Acrobatics+1"],"picked":"Deadly Poison","floor":35},{"not_picked":["Quick Slash","Sucker Punch+1","Prepared"],"picked":"SKIP","floor":37},{"not_picked":["Madness","Flash of Steel"],"picked":"Enlightenment","floor":38},{"not_picked":["Skewer","Backflip+1"],"picked":"Poisoned Stab+1","floor":39},{"not_picked":["Dagger Throw+1","Backflip","Cloak And Dagger"],"picked":"Masterful Stab+1","floor":45},{"not_picked":["All Out Attack","Acrobatics","Tactician+1"],"picked":"Backstab+1","floor":47}],"player_experience":29295,"relics_obtained":[{"floor":6,"key":"Thread and Needle"},{"floor":9,"key":"Vajra"},{"floor":11,"key":"Calipers"},{"floor":24,"key":"Snake Skull"},{"floor":26,"key":"Torii"},{"floor":28,"key":"Bottled Flame"},{"floor":43,"key":"Whetstone"}],"event_choices":[{"damage_healed":0,"gold_gain":0,"player_choice":"Ignored","damage_taken":0,"max_hp_gain":0,"max_hp_loss":0,"event_name":"Golden Wing","floor":2,"gold_loss":0},{"damage_healed":0,"gold_gain":0,"player_choice":"Donut","damage_taken":0,"max_hp_gain":5,"max_hp_loss":0,"event_name":"Big Fish","floor":3,"gold_loss":0},{"damage_healed":0,"gold_gain":0,"player_choice":"Success","damage_taken":7,"relics_obtained":["The Specimen"],"max_hp_gain":0,"max_hp_loss":0,"event_name":"Scrap Ooze","floor":8,"gold_loss":0},{"damage_healed":0,"gold_gain":0,"player_choice":"Grow","damage_taken":0,"max_hp_gain":0,"max_hp_loss":0,"event_name":"Living Wall","floor":14,"gold_loss":0,"cards_upgraded":["Catalyst"]},{"damage_healed":0,"gold_gain":0,"player_choice":"Simplicity","damage_taken":0,"max_hp_gain":0,"max_hp_loss":0,"event_name":"Back to Basics","floor":19,"gold_loss":0,"cards_upgraded":["Strike_G","Strike_G","Strike_G","Strike_G","Strike_G","Defend_G","Defend_G","Defend_G","Defend_G","Defend_G"]},{"damage_healed":0,"gold_gain":0,"player_choice":"Ignored","damage_taken":0,"max_hp_gain":0,"max_hp_loss":0,"event_name":"Vampires","floor":20,"gold_loss":0},{"damage_healed":0,"gold_gain":0,"player_choice":"Obtained Book","damage_taken":16,"max_hp_gain":0,"max_hp_loss":0,"event_name":"Cursed Tome","floor":31,"gold_loss":0},{"cards_removed":["Defend_G"],"damage_healed":0,"gold_gain":0,"player_choice":"Removed Skill","damage_taken":0,"max_hp_gain":0,"max_hp_loss":0,"event_name":"Falling","floor":36,"gold_loss":0},{"damage_healed":0,"gold_gain":0,"player_choice":"Memory 1","damage_taken":0,"max_hp_gain":0,"max_hp_loss":0,"event_name":"SensoryStone","floor":38,"gold_loss":0},{"damage_healed":66,"gold_gain":0,"player_choice":"Heal","damage_taken":0,"max_hp_gain":0,"max_hp_loss":9,"event_name":"The Moai Head","floor":41,"gold_loss":0}],"is_beta":false,"boss_relics":[{"not_picked":["WristBlade","Velvet Choker"],"picked":"HoveringKite"},{"not_picked":["Cursed Key","Coffee Dripper","Sozu"]}],"items_purged_floors":[],"is_endless":false,"potions_floor_spawned":[1,4,6,16,22,29,33,37,45],"killed_by":"Writhing Mass","ascension_level":0}}