{"host":"1vfpjvae9xcvmh7u","time":1612078689,"event":{"mods":["BaseMod","Downfall","Hermit","Hubris","Minty Spire (QoL Compilation)","Reliquary","StSLib","The Cursed","The Forsaken","TheSurvivalist"],"gold_per_floor":[110,110,128,142,161,161,236,266,344,344,54,54,75,100,100,230,230,248,71,71,96,96,96,96,139,139,182,182,195,235,235,235,356,356,370,388,191,204,204,238,238,282,282,282,67,67,67,67,67,67,67],"floor_reached":50,"language":"ENG","playtime":3203,"items_purged":[],"score":765,"play_id":"8a1caba1-dd35-4a8d-b828-ff0e6720298f","local_time":"20210130233809","is_ascension_mode":true,"campfire_choices":[{"data":"survmod:VersatileOffense","floor":6,"key":"SMITH"},{"data":"survmod:ConcussiveShot","floor":12,"key":"SMITH"},{"floor":15,"key":"REST"},{"data":"survmod:VersatileDefense","floor":23,"key":"SMITH"},{"data":"survmod:ConcussiveShot","floor":32,"key":"SMITH"},{"floor":41,"key":"RECALL"},{"floor":44,"key":"REST"},{"data":"survmod:DesperateAmbush","floor":46,"key":"SMITH"},{"data":"Good Instincts","floor":49,"key":"SMITH"}],"circlet_count":0,"master_deck":["survmod:Strike+1","survmod:Strike+1","survmod:Strike+1","survmod:Defend+1","survmod:Defend+1","survmod:Defend+1","survmod:Defend+1","survmod:VersatileOffense+1","survmod:TacticalManeuver+1","Injury","survmod:VersatileDefense+1","survmod:ConcussiveShot+1","survmod:ConcussiveShot+1","survmod:QuickDash+1","survmod:FocusedFire+1","hubris:Despair","hubris:DuctTapeCard+2","survmod:GoForFace+1","survmod:EscapeMechanism+1","survmod:BearTrap+1","survmod:OverwhelmingAssault+1","Injury","survmod:DesperateAmbush+1","Good Instincts+1"],"relics":["Busted Crown","reliquary:RosewoodLute","Du-Vu Doll","Blue Candle","Golden Idol","hubris:TenFootPole","Cursed Key","Membership Card","hubris:BottledHeart","Bag of Marbles","hubris:DuctTape","reliquary:TuningFork","Guardian:PocketSentry","hubris:Icosahedron","Black Star","Matryoshka","Sling","Mark of the Bloom","Toy Ornithopter","hubris:TinFlute","reliquary:BallBearing","survmod:ShotGlass","hubris:ToyBattleship","hubris:BottledRain"],"acts_visited":["Exordium","TheCity","TheBeyond"],"potions_floor_usage":[8,16,25,40,50,50],"damage_taken":[{"damage":0,"enemies":"Cultist","floor":1,"turns":3},{"damage":0,"enemies":"Small Slimes","floor":3,"turns":3},{"damage":0,"enemies":"2 Louse","floor":4,"turns":2},{"damage":0,"enemies":"Blue Slaver","floor":5,"turns":4},{"damage":14,"enemies":"3 Sentries","floor":8,"turns":9},{"damage":0,"enemies":"Exordium Thugs","floor":13,"turns":6},{"damage":3,"enemies":"Large Slime","floor":14,"turns":6},{"damage":11,"enemies":"Slime Boss","floor":16,"turns":24},{"damage":0,"enemies":"Chosen","floor":18,"turns":5},{"damage":0,"enemies":"3 Byrds","floor":21,"turns":8},{"damage":0,"enemies":"Book of Stabbing","floor":25,"turns":7},{"damage":0,"enemies":"Slavers","floor":27,"turns":6},{"damage":0,"enemies":"Sentry and Sphere","floor":29,"turns":4},{"damage":0,"enemies":"Gremlin Leader","floor":30,"turns":6},{"damage":0,"enemies":"hubris:MusketHawk","floor":33,"turns":8},{"damage":0,"enemies":"3 Darklings","floor":35,"turns":7},{"damage":0,"enemies":"Orb Walker","floor":36,"turns":3},{"damage":0,"enemies":"4 Shapes","floor":38,"turns":6},{"damage":0,"enemies":"Nemesis","floor":40,"turns":8},{"damage":0,"enemies":"Reptomancer","floor":42,"turns":6},{"damage":5,"enemies":"hubris:GrandSnecko","floor":50,"turns":6}],"seed_played":"6177603018626672715","potions_obtained":[{"floor":3,"key":"AttackPotion"},{"floor":14,"key":"EssenceOfSteel"},{"floor":18,"key":"AttackPotion"},{"floor":25,"key":"Swift Potion"},{"floor":29,"key":"Block Potion"},{"floor":35,"key":"CultistPotion"}],"is_trial":false,"path_per_floor":["M","T","M","M","M","R","?","E","T","?","$","R","M","M","R","B",null,"M","$","?","M","?","R","?","E","T","E","?","M","E","?","R","B",null,"M","M","$","M","?","E","R","E","T","R","$","R","$","?","R","B"],"character_chosen":"THE_SURVIVOR","items_purchased":["hubris:TenFootPole","survmod:VersatileDefense","survmod:ConcussiveShot","Membership Card","survmod:QuickDash","Matryoshka","Sling","hubris:BottledRain","survmod:DesperateAmbush","Good Instincts"],"campfire_rested":2,"item_purchase_floors":[11,11,11,19,19,37,37,45,45,45],"current_hp_per_floor":[50,50,50,50,50,50,39,25,25,25,25,25,25,22,37,26,50,50,50,1,1,1,1,1,1,1,1,1,1,1,1,1,1,1,1,1,1,1,1,1,1,1,1,1,1,1,1,1,1,0,0],"gold":67,"neow_bonus":"BOSS_RELIC","is_daily":false,"chose_seed":false,"campfire_upgraded":6,"win_rate":0.0,"timestamp":1612078689,"path_taken":["M","?","?","M","M","R","?","E","T","?","?","R","M","M","R","BOSS","M","$","?","M","?","R","?","E","T","E","?","M","E","?","R","BOSS","M","M","$","M","?","E","R","E","T","R","$","R","$","?","R","BOSS"],"items_purchased_type":["Relic","Card","Card","Relic","Card","Relic","Relic","Relic","Card","Card"],"build_version":"2020-12-22","purchased_purges":0,"victory":false,"max_hp_per_floor":[50,50,50,50,50,50,50,50,50,50,50,50,50,50,50,50,50,50,50,1,1,1,1,1,1,1,1,1,1,1,1,1,1,1,1,1,1,1,1,1,1,1,1,1,1,1,1,1,1,1,1],"card_choices":[{"not_picked":["survmod:TwinShot"],"picked":"SKIP","floor":1},{"not_picked":["survmod:DuckAndFlare"],"picked":"SKIP","floor":3},{"not_picked":["survmod:LongShot"],"picked":"SKIP","floor":4},{"not_picked":["survmod:PenetratingShot"],"picked":"SKIP","floor":5},{"not_picked":[],"picked":"survmod:TacticalManeuver","floor":8},{"not_picked":["survmod:OverexertingShot"],"picked":"SKIP","floor":13},{"not_picked":[],"picked":"survmod:SurpriseTrap","floor":14},{"not_picked":[],"picked":"survmod:ConcussiveShot","floor":16},{"not_picked":["survmod:TwinShot+1"],"picked":"SKIP","floor":18},{"not_picked":["survmod:UnfortunateEscape"],"picked":"SKIP","floor":21},{"not_picked":[],"picked":"survmod:FocusedFire+1","floor":25},{"not_picked":["survmod:FindCover"],"picked":"SKIP","floor":27},{"not_picked":["survmod:UnfortunateEscape"],"picked":"SKIP","floor":29},{"not_picked":[],"picked":"survmod:GoForFace+1","floor":30},{"not_picked":[],"picked":"survmod:EscapeMechanism","floor":33},{"not_picked":[],"picked":"survmod:BearTrap+1","floor":35},{"not_picked":["survmod:PinningSnipe+1"],"picked":"SKIP","floor":36},{"not_picked":["survmod:LongShot+1"],"picked":"SKIP","floor":38},{"not_picked":[],"picked":"survmod:OverwhelmingAssault+1","floor":40},{"not_picked":["survmod:DuckAndFlare"],"picked":"SKIP","floor":42}],"player_experience":1631879,"relics_obtained":[{"floor":2,"key":"reliquary:RosewoodLute"},{"floor":8,"key":"Du-Vu Doll"},{"floor":9,"key":"Blue Candle"},{"floor":25,"key":"Bag of Marbles"},{"floor":26,"key":"hubris:DuctTape"},{"floor":27,"key":"reliquary:TuningFork"},{"floor":30,"key":"Guardian:PocketSentry"},{"floor":40,"key":"Toy Ornithopter"},{"floor":40,"key":"hubris:TinFlute"},{"floor":42,"key":"reliquary:BallBearing"},{"floor":42,"key":"survmod:ShotGlass"},{"floor":43,"key":"hubris:ToyBattleship"}],"event_choices":[{"damage_healed":0,"gold_gain":75,"player_choice":"Gather Gold","damage_taken":11,"max_hp_gain":0,"max_hp_loss":0,"event_name":"World of Goop","floor":7,"gold_loss":0},{"damage_healed":0,"gold_gain":0,"player_choice":"Take Wound","damage_taken":0,"relics_obtained":["Golden Idol"],"max_hp_gain":0,"max_hp_loss":0,"event_name":"Golden Idol","floor":10,"gold_loss":0,"cards_obtained":["Injury"]},{"damage_healed":0,"gold_gain":0,"player_choice":"Shed Blood","damage_taken":0,"max_hp_gain":5,"max_hp_loss":0,"event_name":"Forgotten Altar","floor":28,"gold_loss":0},{"damage_healed":0,"gold_gain":0,"player_choice":"Upgrade","damage_taken":0,"relics_obtained":["Mark of the Bloom"],"max_hp_gain":0,"max_hp_loss":0,"event_name":"MindBloom","floor":39,"gold_loss":0,"cards_upgraded":["survmod:Strike","survmod:Strike","survmod:Strike","survmod:Strike","survmod:Defend","survmod:Defend","survmod:Defend","survmod:Defend","survmod:TacticalManeuver","survmod:QuickDash","hubris:DuctTapeCard","survmod:EscapeMechanism"]},{"cards_removed":["survmod:Strike"],"damage_healed":0,"gold_gain":0,"player_choice":"Removed Attack","damage_taken":0,"max_hp_gain":0,"max_hp_loss":0,"event_name":"Falling","floor":48,"gold_loss":0}],"is_beta":false,"boss_relics":[{"not_picked":["hubris:GrandSneckoEye","reliquary:Ember"],"picked":"Cursed Key"},{"not_picked":["hubris:BlackHole","Snecko Eye"],"picked":"Black Star"}],"items_purged_floors":[],"is_endless":false,"potions_floor_spawned":[3,14,18,25,29,35,38],"killed_by":"hubris:GrandSnecko","ascension_level":1}}