{"host":"pnjthw6sukprvbcr","time":1612113133,"event":{"mods":["AchievementEnabler","BaseMod","Block Reminder","Highlight Path","Minty Spire (QoL Compilation)","Relic Stats"],"gold_per_floor":[118,133,143,61,71,71,71,37,37,37,71,82,82,67,67,163,163,179,278,77,77,89,119,119,136,136,136,136,148,158,173,173,268,318,329,347,397,286,296,296,316,332,332,332,362,362,362,378,378,378,378,378,43,75,75,75],"floor_reached":55,"language":"ENG","playtime":4089,"items_purged":["Scrape","Madness"],"score":921,"play_id":"11db638b-bd83-4d4e-8731-bbb4572eff15","local_time":"20210131121213","is_ascension_mode":false,"campfire_choices":[{"floor":7.0,"key":"RECALL"},{"data":"Consume","floor":10.0,"key":"SMITH"},{"data":"Blizzard","floor":13.0,"key":"SMITH"},{"data":"Glacier","floor":15.0,"key":"SMITH"},{"floor":24.0,"key":"REST"},{"data":"Chaos","floor":27.0,"key":"SMITH"},{"floor":32.0,"key":"REST"},{"floor":40.0,"key":"REST"},{"floor":44.0,"key":"REST"},{"data":"Thunder Strike","floor":46.0,"key":"SMITH"},{"data":"Fusion","floor":49.0,"key":"SMITH"},{"data":"Reinforced Body","floor":52.0,"key":"SMITH"}],"circlet_count":0,"master_deck":["Dualcast","Consume+1","Cold Snap","Glacier+1","Self Repair","Ball Lightning","Blizzard+1","Defragment+1","Electrodynamics+1","Conserve Battery","Buffer+1","Fission","Electrodynamics+1","Defragment+1","Chaos+1","Thunder Strike+1","Meteor Strike","Sunder+1","Defragment+1","Leap+1","Undo","Doom and Gloom+1","Static Discharge+1","Gash","Redo","Ball Lightning+1","Go for the Eyes+1","Seek","Reinforced Body+1","Lockon+1","Fusion+1","Leap+1","Skim","Static Discharge+1","Reprogram+1","Capacitor+1","Heatsinks+1","Madness","Turbo+1","Static Discharge+1","Blind","Aggregate+1"],"relics":["Philosopher\u0027s Stone","Anchor","Frozen Egg 2","Pandora\u0027s Box","Turnip","Tiny House","FossilizedHelix","Singing Bowl","Strawberry","Bag of Preparation"],"acts_visited":["TheCity","TheBeyond","TheEnding"],"potions_floor_usage":[55],"damage_taken":[{"damage":2.0,"enemies":"Jaw Worm","floor":1.0,"turns":5.0},{"damage":0.0,"enemies":"Cultist","floor":2.0,"turns":3.0},{"damage":0.0,"enemies":"Small Slimes","floor":3.0,"turns":4.0},{"damage":8.0,"enemies":"Red Slaver","floor":5.0,"turns":4.0},{"damage":19.0,"enemies":"3 Sentries","floor":11.0,"turns":10.0},{"damage":5.0,"enemies":"2 Fungi Beasts","floor":12.0,"turns":4.0},{"damage":2.0,"enemies":"Exordium Thugs","floor":14.0,"turns":4.0},{"damage":14.0,"enemies":"The Guardian","floor":16.0,"turns":11.0},{"damage":0.0,"enemies":"2 Thieves","floor":18.0,"turns":2.0},{"damage":7.0,"enemies":"Shell Parasite","floor":22.0,"turns":3.0},{"damage":40.0,"enemies":"Gremlin Leader","floor":23.0,"turns":6.0},{"damage":9.0,"enemies":"Snecko","floor":25.0,"turns":5.0},{"damage":0.0,"enemies":"Centurion and Healer","floor":29.0,"turns":2.0},{"damage":22.0,"enemies":"Snake Plant","floor":30.0,"turns":3.0},{"damage":18.0,"enemies":"Cultist and Chosen","floor":31.0,"turns":4.0},{"damage":4.0,"enemies":"Automaton","floor":33.0,"turns":7.0},{"damage":21.0,"enemies":"3 Shapes","floor":35.0,"turns":3.0},{"damage":19.0,"enemies":"Orb Walker","floor":36.0,"turns":4.0},{"damage":8.0,"enemies":"Mind Bloom Boss Battle","floor":37.0,"turns":6.0},{"damage":0.0,"enemies":"Transient","floor":39.0,"turns":5.0},{"damage":17.0,"enemies":"4 Shapes","floor":41.0,"turns":2.0},{"damage":3.0,"enemies":"Sphere and 2 Shapes","floor":42.0,"turns":4.0},{"damage":0.0,"enemies":"Reptomancer","floor":45.0,"turns":4.0},{"damage":11.0,"enemies":"Jaw Worm Horde","floor":48.0,"turns":2.0},{"damage":53.0,"enemies":"Awakened One","floor":50.0,"turns":8.0},{"damage":64.0,"enemies":"Shield and Spear","floor":54.0,"turns":6.0},{"damage":47,"enemies":"The Heart","floor":55,"turns":3}],"seed_played":"1606225781386755719","potions_obtained":[{"floor":1.0,"key":"FearPotion"},{"floor":2.0,"key":"EssenceOfSteel"},{"floor":5.0,"key":"SpeedPotion"},{"floor":16.0,"key":"FocusPotion"},{"floor":22.0,"key":"Dexterity Potion"},{"floor":23.0,"key":"BlessingOfTheForge"},{"floor":25.0,"key":"SpeedPotion"},{"floor":30.0,"key":"Fire Potion"},{"floor":34.0,"key":"Ancient Potion"},{"floor":35.0,"key":"Energy Potion"},{"floor":39.0,"key":"FocusPotion"},{"floor":45.0,"key":"PowerPotion"}],"is_trial":false,"path_per_floor":["M","M","M","$","M","?","R","$","T","R","E","M","R","M","R","B",null,"M","?","$","?","M","E","R","M","T","R","?","M","M","M","R","B",null,"M","M","?","$","M","R","M","M","T","R","E","R","?","M","R","B",null,"R","$","E","B"],"character_chosen":"DEFECT","items_purchased":["Self Repair","Blizzard","Defragment+1","Leap","Skim","Static Discharge+1","DuplicationPotion","Static Discharge+1","Blind"],"campfire_rested":4,"item_purchase_floors":[4,8,20,20,38,38,53,53,53],"current_hp_per_floor":[73,73,73,73,72,72,72,72,72,72,60,62,62,67,67,53,75,75,75,75,75,75,35,57,55,55,55,55,55,40,29,51,47,80,59,47,46,46,53,77,60,57,57,80,87,87,76,72,72,19,87,87,87,30,0,0],"gold":75,"neow_bonus":"BOSS_RELIC","is_daily":false,"chose_seed":false,"campfire_upgraded":7,"win_rate":0.0,"timestamp":1612113133,"path_taken":["M","M","M","$","M","?","R","$","T","R","E","M","R","M","R","BOSS","M","?","$","?","M","E","R","?","T","R","?","M","?","M","R","BOSS","M","M","?","$","M","R","M","M","T","R","E","R","?","M","R","BOSS","R","$","E","BOSS"],"items_purchased_type":["Card","Card","Card","Card","Card","Card","Potion","Card","Card"],"build_version":"2020-12-22","purchased_purges":2,"victory":false,"max_hp_per_floor":[75,75,75,75,75,75,75,75,75,75,75,75,75,75,75,75,75,75,75,75,75,75,75,75,75,75,75,75,75,75,75,75,75,80,80,80,80,80,80,80,80,80,80,80,87,87,87,87,87,87,87,87,87,87,87,87],"relic_stats":{"Singing Bowl":0,"counters":[27,124],"Pandora\u0027s Box":["Fission","Scrape","Sweeping Beam","Chill","Electrodynamics","Defragment","Chaos","Thunder Strike","Meteor Strike"],"Turnip":[11],"Bag of Preparation":[2],"obtain_stats":[{"Anchor":9,"Tiny House":34,"Singing Bowl":43,"Strawberry":45,"Philosopher\u0027s Stone":0,"Pandora\u0027s Box":17,"Turnip":23,"Bag of Preparation":54,"Frozen Egg 2":11,"FossilizedHelix":37},{"Anchor":4,"Tiny House":16,"Singing Bowl":22,"Strawberry":23,"Philosopher\u0027s Stone":0,"Pandora\u0027s Box":8,"Turnip":11,"Bag of Preparation":26,"Frozen Egg 2":5,"FossilizedHelix":19},{"Anchor":16,"Tiny House":77,"Singing Bowl":101,"Strawberry":105,"Philosopher\u0027s Stone":0,"Pandora\u0027s Box":45,"Turnip":56,"Bag of Preparation":121,"Frozen Egg 2":26,"FossilizedHelix":90}]},"card_choices":[{"not_picked":["FTL","Streamline"],"picked":"Consume","floor":1.0},{"not_picked":["Conserve Battery","Steam"],"picked":"Cold Snap","floor":2.0},{"not_picked":["Gash","Reprogram"],"picked":"Glacier","floor":3.0},{"not_picked":["Conserve Battery","Cold Snap"],"picked":"Ball Lightning","floor":5.0},{"not_picked":["Blizzard","Heatsinks+1"],"picked":"Defragment+1","floor":11.0},{"not_picked":["Coolheaded","Steam"],"picked":"Electrodynamics+1","floor":12.0},{"not_picked":["Aggregate","Cold Snap"],"picked":"Conserve Battery","floor":14.0},{"not_picked":["Creative AI+1","Fission"],"picked":"Buffer+1","floor":16.0},{"not_picked":["Self Repair+1","Gash"],"picked":"Sunder+1","floor":18.0},{"not_picked":["White Noise","Streamline"],"picked":"Undo","floor":22.0},{"not_picked":["Melter","Hello World+1"],"picked":"Doom and Gloom+1","floor":23.0},{"not_picked":["Heatsinks+1","Cold Snap"],"picked":"Static Discharge+1","floor":25.0},{"not_picked":["Hologram","Rebound"],"picked":"Redo","floor":29.0},{"not_picked":["Rebound","Gash"],"picked":"Ball Lightning+1","floor":30.0},{"not_picked":["Genetic Algorithm","Redo"],"picked":"Go for the Eyes+1","floor":31.0},{"not_picked":["Thunder Strike","Rainbow"],"picked":"Seek","floor":33.0},{"not_picked":["Leap","Ball Lightning"],"picked":"Reinforced Body","floor":34.0},{"not_picked":["Storm+1","Blizzard+1"],"picked":"Lockon+1","floor":35.0},{"not_picked":["Ball Lightning+1","Beam Cell"],"picked":"Fusion","floor":36.0},{"not_picked":["Beam Cell+1","Genetic Algorithm+1"],"picked":"Leap+1","floor":37.0},{"not_picked":["Leap","Ball Lightning+1"],"picked":"Reprogram+1","floor":39.0},{"not_picked":["Cold Snap+1","Undo+1","Glacier+1"],"picked":"SKIP","floor":41.0},{"not_picked":["Melter","Ball Lightning+1"],"picked":"Capacitor+1","floor":42.0},{"not_picked":["Coolheaded+1","Capacitor+1"],"picked":"Heatsinks+1","floor":45.0},{"not_picked":["Hologram","Electrodynamics+1"],"picked":"Turbo+1","floor":48.0},{"not_picked":["Fusion+1","Defragment+1"],"picked":"Aggregate+1","floor":54.0}],"player_experience":184599,"relics_obtained":[{"floor":9.0,"key":"Anchor"},{"floor":11.0,"key":"Frozen Egg 2"},{"floor":23.0,"key":"Turnip"},{"floor":37.0,"key":"FossilizedHelix"},{"floor":43.0,"key":"Singing Bowl"},{"floor":45.0,"key":"Strawberry"},{"floor":54.0,"key":"Bag of Preparation"}],"event_choices":[{"cards_removed":["Zap"],"damage_healed":0.0,"max_hp_gain":0.0,"max_hp_loss":0.0,"gold_gain":0.0,"event_name":"NoteForYourself","player_choice":"Took Card","floor":6.0,"gold_loss":0.0,"damage_taken":0.0,"cards_obtained":["Strike_R"]},{"damage_healed":0.0,"max_hp_gain":0.0,"max_hp_loss":0.0,"gold_gain":99.0,"event_name":"Nest","player_choice":"Stole From Cult","floor":19.0,"gold_loss":0.0,"damage_taken":0.0},{"cards_removed":["Sweeping Beam"],"damage_healed":5.0,"max_hp_gain":0.0,"max_hp_loss":0.0,"gold_gain":0.0,"event_name":"Bonfire Elementals","player_choice":"Offered Common","floor":21.0,"gold_loss":0.0,"damage_taken":0.0},{"cards_removed":["Sweeping Beam"],"damage_healed":5.0,"max_hp_gain":0.0,"max_hp_loss":0.0,"gold_gain":0.0,"event_name":"Bonfire Elementals","player_choice":"Offered Special","floor":21.0,"gold_loss":0.0,"damage_taken":0.0},{"damage_healed":0.0,"max_hp_gain":0.0,"max_hp_loss":0.0,"gold_gain":0.0,"cards_transformed":["Chill"],"event_name":"Transmorgrifier","player_choice":"Transformed","floor":28.0,"gold_loss":0.0,"damage_taken":0.0,"cards_obtained":["Gash"]},{"damage_healed":0.0,"max_hp_gain":0.0,"max_hp_loss":0.0,"gold_gain":0.0,"event_name":"MindBloom","player_choice":"Fight","floor":37.0,"gold_loss":0.0,"damage_taken":0.0},{"damage_healed":0.0,"max_hp_gain":0.0,"max_hp_loss":0.0,"gold_gain":0.0,"event_name":"Winding Halls","player_choice":"Embrace Madness","floor":47.0,"gold_loss":0.0,"damage_taken":11.0,"cards_obtained":["Madness","Madness"]}],"is_beta":false,"boss_relics":[{"not_picked":["Runic Pyramid","Fusion Hammer"],"picked":"Pandora\u0027s Box"},{"not_picked":["Calling Bell","SacredBark"],"picked":"Tiny House"}],"items_purged_floors":[20,53],"is_endless":false,"potions_floor_spawned":[1,2,5,16,22,23,25,30,35,39,42,45],"killed_by":"The Heart","ascension_level":0}}