{"host":"gbufj6hc0ay5hojx","time":1612051431,"event":{"mods":["AchievementEnabler","BaseMod","Colored Map","Colored Powertips","Hermit","Highlight Path","Minty Spire (QoL Compilation)","StSLib","SuperFastMode","The Cursed","The Servant 0.9.4"],"gold_per_floor":[365,385,560,510,510,535,535,535,580,605,605,625,31,45,45,251,251,283,301,76,76,97,142,142,183,208,220,245,257,310,343,355,488,500,536,562,643,725,424,424,439,439,439],"floor_reached":42,"language":"KOR","playtime":3511,"items_purged":[],"score":481,"play_id":"5c09c3e5-a064-4bf0-8824-af8d5b0b372c","local_time":"20210131090351","is_ascension_mode":false,"campfire_choices":[{"data":"hermit:Covet","floor":7.0,"key":"SMITH"},{"data":"hermit:Feint","floor":15.0,"key":"SMITH"},{"data":"hermit:GhostlyPresence","floor":24.0,"key":"SMITH"},{"data":"hermit:Malice","floor":27.0,"key":"SMITH"},{"data":"hermit:GoldenBullet","floor":29.0,"key":"SMITH"},{"floor":32.0,"key":"RECALL"},{"floor":40.0,"key":"DIG"}],"circlet_count":0,"master_deck":["hermit:Strike_Hermit","hermit:Strike_Hermit","hermit:Strike_Hermit","hermit:Defend_Hermit","hermit:Defend_Hermit","hermit:Defend_Hermit","hermit:Defend_Hermit","hermit:Snapshot","hermit:Covet+1","hermit:WideOpen+1","hermit:Enervate","hermit:Enervate","hermit:GhostlyPresence+1","hermit:Feint+1","Bandage Up+1","hermit:Scavenge+1","hermit:RoundhouseKick","CurseOfTheBell","hermit:WideOpen+1","hermit:CalledShot+1","hermit:Midnight+1","hermit:Ricochet+1","hermit:Dissolve+1","hermit:Malice+1","hermit:GoldenBullet+1","hermit:DeadMansHand+1","hermit:Ricochet+1","hermit:FromBeyond+1","hermit:NoHoldsBarred+1","hermit:Quickdraw+1","hermit:Dive+1","hermit:NoHoldsBarred+1"],"relics":["hermit:Momento","Anchor","Golden Idol","Potion Belt","Toxic Egg 2","Medical Kit","Calling Bell","Omamori","Ornamental Fan","Ice Cream","ClockworkSouvenir","Eternal Feather","Boot","MawBank","Darkstone Periapt","Empty Cage","Shovel","Incense Burner","hermit:Spyglass","Bag of Marbles"],"acts_visited":["Exordium","TheCity","TheBeyond"],"potions_floor_usage":[42,42,42],"damage_taken":[{"damage":5.0,"enemies":"Small Slimes","floor":1.0,"turns":3.0},{"damage":1.0,"enemies":"Cultist","floor":2.0,"turns":3.0},{"damage":37.0,"enemies":"3 Sentries","floor":6.0,"turns":10.0},{"damage":0.0,"enemies":"Jaw Worm","floor":10.0,"turns":2.0},{"damage":0.0,"enemies":"Lots of Slimes","floor":12.0,"turns":3.0},{"damage":4.0,"enemies":"Large Slime","floor":14.0,"turns":3.0},{"damage":22.0,"enemies":"Slime Boss","floor":16.0,"turns":10.0},{"damage":10.0,"enemies":"Spheric Guardian","floor":18.0,"turns":7.0},{"damage":1.0,"enemies":"2 Thieves","floor":19.0,"turns":4.0},{"damage":17.0,"enemies":"Snecko","floor":22.0,"turns":6.0},{"damage":18.0,"enemies":"Book of Stabbing","floor":23.0,"turns":8.0},{"damage":20.0,"enemies":"Slavers","floor":25.0,"turns":4.0},{"damage":6.0,"enemies":"Snake Plant","floor":28.0,"turns":5.0},{"damage":31.0,"enemies":"Gremlin Leader","floor":30.0,"turns":6.0},{"damage":0.0,"enemies":"Cultist and Chosen","floor":31.0,"turns":5.0},{"damage":55.0,"enemies":"Collector","floor":33.0,"turns":12.0},{"damage":9.0,"enemies":"3 Shapes","floor":35.0,"turns":5.0},{"damage":0.0,"enemies":"Orb Walker","floor":36.0,"turns":2.0},{"damage":69.0,"enemies":"2 Orb Walkers","floor":37.0,"turns":6.0},{"damage":0.0,"enemies":"Mind Bloom Boss Battle","floor":38.0,"turns":5.0},{"damage":16.0,"enemies":"Spire Growth","floor":41.0,"turns":5.0},{"damage":21,"enemies":"Nemesis","floor":42,"turns":5}],"seed_played":"-4957951338826031690","potions_obtained":[{"floor":1.0,"key":"Regen Potion"},{"floor":6.0,"key":"AttackPotion"},{"floor":10.0,"key":"hermit:Tonic"},{"floor":22.0,"key":"CultistPotion"},{"floor":23.0,"key":"Swift Potion"},{"floor":28.0,"key":"BlessingOfTheForge"},{"floor":30.0,"key":"Explosive Potion"},{"floor":37.0,"key":"PowerPotion"}],"is_trial":false,"path_per_floor":["M","M","?","?","?","E","R","?","T","M","?","M","$","M","R","B",null,"M","M","$","?","M","E","R","E","T","R","M","R","E","M","R","B",null,"M","M","?","?","$","R","M","E"],"character_chosen":"HERMIT","items_purchased":["Toxic Egg 2","Bandage Up+1","Medical Kit","EntropicBrew","hermit:Midnight+1","ClockworkSouvenir","hermit:Spyglass","Fire Potion"],"campfire_rested":0,"item_purchase_floors":[13,13,13,13,20,20,39,39],"current_hp_per_floor":[70,69,69,69,69,47,47,47,47,47,47,47,47,49,49,33,75,71,75,75,75,58,46,61,47,47,62,62,75,44,50,65,16,75,66,72,7,13,13,31,21,6,6],"gold":439,"neow_bonus":"TWO_FIFTY_GOLD","is_daily":false,"chose_seed":false,"campfire_upgraded":5,"win_rate":0.0,"timestamp":1612051431,"path_taken":["M","M","?","?","?","E","R","?","T","M","?","M","$","M","R","BOSS","M","?","$","?","M","E","R","E","T","R","M","R","E","M","R","BOSS","M","?","?","?","$","R","M","E"],"items_purchased_type":["Relic","Card","Relic","Potion","Card","Relic","Relic","Potion"],"build_version":"2020-12-22","purchased_purges":0,"victory":false,"max_hp_per_floor":[75,75,75,75,75,75,75,75,75,75,75,75,75,75,75,75,75,75,75,75,75,75,75,75,75,75,75,75,75,75,75,75,75,75,75,75,75,75,75,75,75,75,75],"card_choices":[{"not_picked":["hermit:Manifest","hermit:BodyArmor"],"picked":"hermit:WideOpen","floor":1.0},{"not_picked":["hermit:LowProfile","hermit:Gestalt"],"picked":"hermit:Enervate","floor":2.0},{"not_picked":["hermit:Midnight","hermit:CalledShot"],"picked":"hermit:Enervate","floor":6.0},{"not_picked":["hermit:Enervate","hermit:BigShot"],"picked":"hermit:GhostlyPresence","floor":10.0},{"not_picked":["hermit:SprayPray","hermit:Enervate"],"picked":"hermit:Feint","floor":12.0},{"not_picked":["hermit:OverwhelmingPower","hermit:Headshot"],"picked":"hermit:Scavenge+1","floor":14.0},{"not_picked":["hermit:Adapt","hermit:Roughhouse"],"picked":"hermit:RoundhouseKick","floor":16.0},{"not_picked":["hermit:LoneWolf+1","hermit:Desperado"],"picked":"hermit:WideOpen+1","floor":18.0},{"not_picked":["hermit:BigShot","hermit:Misfire"],"picked":"hermit:CalledShot","floor":19.0},{"not_picked":["hermit:Brawl","hermit:HighCaliber+1"],"picked":"hermit:Ricochet+1","floor":22.0},{"not_picked":["hermit:LowProfile+1","hermit:TrackingShot"],"picked":"hermit:Dissolve+1","floor":23.0},{"not_picked":["hermit:Misfire+1","hermit:HighCaliber"],"picked":"hermit:Malice","floor":25.0},{"not_picked":["hermit:Coalescence+1","hermit:LowProfile+1"],"picked":"hermit:GoldenBullet","floor":28.0},{"not_picked":["hermit:Horror+1","hermit:Malice"],"picked":"hermit:DeadMansHand+1","floor":30.0},{"not_picked":["hermit:TrackingShot","hermit:Misfire"],"picked":"hermit:Ricochet+1","floor":31.0},{"not_picked":["hermit:OverwhelmingPower","hermit:Gambit+1"],"picked":"hermit:FromBeyond+1","floor":33.0},{"not_picked":["hermit:Headshot+1","hermit:TakeCover+1"],"picked":"hermit:NoHoldsBarred+1","floor":35.0},{"not_picked":["hermit:ShadowCloak","hermit:Spite","hermit:Roulette"],"picked":"SKIP","floor":36.0},{"not_picked":["hermit:Scavenge+1","hermit:ShadowCloak+1"],"picked":"hermit:Quickdraw+1","floor":37.0},{"not_picked":["hermit:TrackingShot+1","hermit:Horror+1"],"picked":"hermit:Dive+1","floor":38.0},{"not_picked":["hermit:BodyArmor+1","hermit:DeadMansHand+1"],"picked":"hermit:NoHoldsBarred+1","floor":41.0}],"player_experience":516714,"relics_obtained":[{"floor":6.0,"key":"Anchor"},{"floor":9.0,"key":"Potion Belt"},{"floor":17.0,"key":"Omamori"},{"floor":17.0,"key":"Ornamental Fan"},{"floor":17.0,"key":"Ice Cream"},{"floor":23.0,"key":"Eternal Feather"},{"floor":25.0,"key":"Boot"},{"floor":26.0,"key":"MawBank"},{"floor":30.0,"key":"Darkstone Periapt"},{"floor":37.0,"key":"Shovel"},{"floor":38.0,"key":"Incense Burner"},{"floor":40.0,"key":"Bag of Marbles"}],"event_choices":[{"damage_healed":0.0,"max_hp_gain":0.0,"max_hp_loss":0.0,"gold_gain":175.0,"event_name":"Liars Game","player_choice":"AGREE","floor":3.0,"gold_loss":0.0,"damage_taken":0.0,"cards_obtained":["Doubt"]},{"cards_removed":["Doubt"],"damage_healed":0.0,"max_hp_gain":0.0,"max_hp_loss":0.0,"gold_gain":0.0,"event_name":"The Cleric","player_choice":"Card Removal","floor":4.0,"gold_loss":50.0,"damage_taken":0.0},{"damage_healed":0.0,"max_hp_gain":0.0,"max_hp_loss":0.0,"gold_gain":0.0,"event_name":"Living Wall","player_choice":"Grow","floor":5.0,"gold_loss":0.0,"damage_taken":0.0,"cards_upgraded":["hermit:WideOpen"]},{"damage_healed":0.0,"max_hp_gain":0.0,"max_hp_loss":0.0,"gold_gain":0.0,"event_name":"Golden Idol","player_choice":"Take Wound","floor":8.0,"gold_loss":0.0,"damage_taken":0.0,"relics_obtained":["Golden Idol"],"cards_obtained":["Injury"]},{"cards_removed":["Writhe"],"damage_healed":0.0,"max_hp_gain":0.0,"max_hp_loss":0.0,"gold_gain":0.0,"event_name":"Purifier","player_choice":"Purged","floor":11.0,"gold_loss":0.0,"damage_taken":0.0},{"damage_healed":0.0,"max_hp_gain":0.0,"max_hp_loss":0.0,"gold_gain":0.0,"event_name":"Upgrade Shrine","player_choice":"Upgraded","floor":21.0,"gold_loss":0.0,"damage_taken":0.0,"cards_upgraded":["hermit:CalledShot"]},{"damage_healed":0.0,"max_hp_gain":0.0,"max_hp_loss":0.0,"gold_gain":0.0,"event_name":"Mysterious Sphere","player_choice":"Fight","floor":37.0,"gold_loss":0.0,"damage_taken":0.0},{"damage_healed":0.0,"max_hp_gain":0.0,"max_hp_loss":0.0,"gold_gain":0.0,"event_name":"MindBloom","player_choice":"Fight","floor":38.0,"gold_loss":0.0,"damage_taken":0.0}],"is_beta":false,"boss_relics":[{"not_picked":["Snecko Eye","Astrolabe"],"picked":"Calling Bell"},{"not_picked":["Tiny House","Philosopher\u0027s Stone"],"picked":"Empty Cage"}],"items_purged_floors":[],"is_endless":false,"potions_floor_spawned":[1,6,10,22,23,28,30,37],"killed_by":"Nemesis","ascension_level":0}}