{"host":"yecadp3kwkksam5a","time":1612071854,"event":{"mods":["100% Spire Juice","Arknights","BaseMod","Minty Spire (QoL Compilation)","StSLib","SuperFastMode","The Cursed","WarShipGirlsR/??á´Ò³R mod"],"gold_per_floor":[113,128,146,166,185,185,213,232,257,267,267,283,283,300,300,300,300],"floor_reached":16,"language":"KOR","playtime":497,"items_purged":[],"score":184,"play_id":"e1fb9eeb-ce29-404d-a3b6-c25fa45a6d4f","local_time":"20210131144414","is_ascension_mode":true,"campfire_choices":[{"data":"Searing Blow","floor":6.0,"key":"SMITH"},{"data":"Searing Blow+1","floor":11.0,"key":"SMITH"},{"data":"Searing Blow+2","floor":13.0,"key":"SMITH"},{"data":"Armaments","floor":15,"key":"SMITH"}],"circlet_count":0,"master_deck":["AscendersBane","Strike_R","Strike_R","Strike_R","Strike_R","Defend_R","Defend_R","Defend_R","Defend_R","Bash","Second Wind","Searing Blow+3","Uppercut","Armaments+1","Bludgeon","Seeing Red"],"relics":["Burning Blood","Boot","Strawberry"],"acts_visited":["Exordium"],"potions_floor_usage":[],"damage_taken":[{"damage":6.0,"enemies":"Cultist","floor":1.0,"turns":4.0},{"damage":3.0,"enemies":"2 Louse","floor":2.0,"turns":4.0},{"damage":7.0,"enemies":"Small Slimes","floor":3.0,"turns":4.0},{"damage":10.0,"enemies":"Red Slaver","floor":4.0,"turns":4.0},{"damage":9.0,"enemies":"Looter","floor":5.0,"turns":3.0},{"damage":25.0,"enemies":"Lagavulin","floor":7.0,"turns":7.0},{"damage":10.0,"enemies":"2 Fungi Beasts","floor":8.0,"turns":3.0},{"damage":24.0,"enemies":"Lots of Slimes","floor":10.0,"turns":5.0},{"damage":8.0,"enemies":"Blue Slaver","floor":12.0,"turns":2.0},{"damage":9.0,"enemies":"Red Slaver","floor":14.0,"turns":3.0},{"damage":24,"enemies":"Hexaghost","floor":16,"turns":9}],"seed_played":"-5807396496438847907","potions_obtained":[{"floor":2.0,"key":"BloodPotion"},{"floor":3.0,"key":"Ancient Potion"}],"is_trial":false,"path_per_floor":["M","M","M","M","M","R","E","M","T","M","R","M","R","M","R","B"],"character_chosen":"IRONCLAD","items_purchased":[],"campfire_rested":0,"item_purchase_floors":[],"current_hp_per_floor":[68,71,70,66,63,63,44,40,47,29,29,27,27,24,24,0,0],"gold":300,"neow_bonus":"REMOVE_CARD","is_daily":false,"chose_seed":false,"campfire_upgraded":4,"win_rate":0.0,"timestamp":1612071854,"path_taken":["M","M","M","M","?","R","E","M","T","M","R","M","R","M","R","BOSS"],"items_purchased_type":[],"build_version":"2020-12-22","purchased_purges":0,"victory":false,"max_hp_per_floor":[75,75,75,75,75,75,75,75,82,82,82,82,82,82,82,82,82],"card_choices":[{"not_picked":["Havoc","Sentinel"],"picked":"Second Wind","floor":1.0},{"not_picked":["Headbutt","Perfected Strike"],"picked":"Searing Blow","floor":2.0},{"not_picked":["Perfected Strike","Pummel"],"picked":"Uppercut","floor":3.0},{"not_picked":["Thunderclap","Body Slam"],"picked":"Armaments","floor":4.0},{"not_picked":["Clash","Pommel Strike","Rampage"],"picked":"SKIP","floor":5.0},{"not_picked":["Thunderclap","Cleave"],"picked":"Bludgeon","floor":7.0},{"not_picked":["Infernal Blade","Thunderclap","Iron Wave"],"picked":"SKIP","floor":8.0},{"not_picked":["Heavy Blade","Clothesline","Sword Boomerang"],"picked":"SKIP","floor":10.0},{"not_picked":["Body Slam","Rage"],"picked":"Seeing Red","floor":12.0},{"not_picked":["Armaments","Pommel Strike","Carnage"],"picked":"SKIP","floor":14}],"player_experience":568501,"relics_obtained":[{"floor":7.0,"key":"Boot"},{"floor":9.0,"key":"Strawberry"}],"event_choices":[],"is_beta":false,"boss_relics":[],"items_purged_floors":[],"is_endless":false,"potions_floor_spawned":[2,3,5,7,12],"killed_by":"Hexaghost","ascension_level":14}}