{"host":"928gv66myv2vlnsd","time":1612069441,"event":{"mods":["BaseMod","Highlight Path","Minty Spire (QoL Compilation)","StSLib"],"gold_per_floor":[117,117,117,13,13,47,47,78,78,117,140,140,140,158,158,252,252,216,231,255,255,39,73,96,129,129,129,150,75,93,93,93,186,186,202,202,226,60,81,121,141,141,165,201,222,260,260,294,294,294],"floor_reached":51,"language":"ENG","playtime":2717,"items_purged":["Strike_G"],"score":1826,"play_id":"b98ffd41-60ba-4073-bffd-27d415b2c0dd","local_time":"20210131000401","is_ascension_mode":true,"campfire_choices":[{"floor":7,"key":"REST"},{"floor":12,"key":"REST"},{"floor":15,"key":"REST"},{"floor":32,"key":"REST"},{"data":"Wraith Form v2","floor":42,"key":"SMITH"},{"floor":47,"key":"REST"},{"data":"Noxious Fumes","floor":49,"key":"SMITH"}],"circlet_count":0,"master_deck":["AscendersBane","Survivor","Neutralize","Backflip+1","Backflip+1","Poisoned Stab","Blade Dance","Backstab","Terror","Wraith Form v2+1","Blur","Backstab","Crippling Poison","Blade Dance","Quick Slash","Backflip","Leg Sweep","Dodge and Roll","Infinite Blades","Noxious Fumes+1","Caltrops","Blade Dance","Adrenaline","Well Laid Plans+1","Deadly Poison+1"],"relics":["Ring of the Snake","NeowsBlessing","Golden Idol","Kunai","Ancient Tea Set","FossilizedHelix","Orichalcum","Pandora\u0027s Box","OrangePellets","Shuriken","Nunchaku","Busted Crown","Bag of Marbles","Molten Egg 2","Omamori","Paper Crane","HornCleat","Letter Opener"],"acts_visited":["Exordium","TheCity","TheBeyond"],"potions_floor_usage":[25],"damage_taken":[{"damage":0,"enemies":"Small Slimes","floor":1,"turns":1},{"damage":0,"enemies":"Lagavulin","floor":6,"turns":1},{"damage":0,"enemies":"Gremlin Nob","floor":8,"turns":1},{"damage":32,"enemies":"3 Sentries","floor":10,"turns":16},{"damage":0,"enemies":"Cultist","floor":11,"turns":4},{"damage":0,"enemies":"Jaw Worm","floor":14,"turns":1},{"damage":14,"enemies":"Hexaghost","floor":16,"turns":11},{"damage":0,"enemies":"2 Thieves","floor":18,"turns":5},{"damage":1,"enemies":"Shell Parasite","floor":19,"turns":4},{"damage":5,"enemies":"Snake Plant","floor":20,"turns":7},{"damage":14,"enemies":"Slavers","floor":23,"turns":10},{"damage":0,"enemies":"Chosen and Byrds","floor":24,"turns":5},{"damage":26,"enemies":"Book of Stabbing","floor":25,"turns":7},{"damage":2,"enemies":"Colosseum Slavers","floor":27,"turns":4},{"damage":0,"enemies":"Centurion and Healer","floor":28,"turns":6},{"damage":0,"enemies":"Cultist and Chosen","floor":30,"turns":5},{"damage":0,"enemies":"Champ","floor":33,"turns":10},{"damage":0,"enemies":"Orb Walker","floor":35,"turns":3},{"damage":10,"enemies":"3 Darklings","floor":37,"turns":4},{"damage":0,"enemies":"Transient","floor":39,"turns":6},{"damage":0,"enemies":"Nemesis","floor":40,"turns":5},{"damage":0,"enemies":"Maw","floor":41,"turns":5},{"damage":9,"enemies":"Reptomancer","floor":44,"turns":7},{"damage":0,"enemies":"Spire Growth","floor":45,"turns":4},{"damage":0,"enemies":"Giant Head","floor":46,"turns":6},{"damage":0,"enemies":"Nemesis","floor":48,"turns":5},{"damage":22,"enemies":"Time Eater","floor":50,"turns":13}],"seed_played":"94903721101025093","potions_obtained":[{"floor":1,"key":"Poison Potion"},{"floor":11,"key":"Ancient Potion"},{"floor":25,"key":"Ancient Potion"},{"floor":45,"key":"FairyPotion"}],"is_trial":false,"path_per_floor":["M","?","?","$","?","E","R","E","T","E","M","R","?","M","R","B",null,"M","M","M","?","$","E","M","E","T","?","M","?","M","$","R","B",null,"M","?","M","$","M","E","M","R","T","E","M","E","R","E","R","B",null],"character_chosen":"THE_SILENT","items_purchased":["Backflip","Noxious Fumes","OrangePellets","Bag of Marbles"],"campfire_rested":5,"item_purchase_floors":[4,22,22,38],"current_hp_per_floor":[59,52,52,52,34,34,52,52,52,20,20,38,38,38,56,42,56,56,55,50,50,50,36,36,10,10,8,8,8,8,8,26,26,52,52,52,42,42,42,42,42,42,42,33,33,33,51,51,51,29],"gold":294,"neow_bonus":"THREE_ENEMY_KILL","is_daily":false,"chose_seed":false,"campfire_upgraded":2,"win_rate":0.0,"timestamp":1612069441,"path_taken":["M","?","?","$","?","E","R","E","T","E","M","R","?","M","R","BOSS","M","M","?","?","$","E","M","E","T","?","M","?","M","$","R","BOSS","M","?","M","$","M","E","M","R","T","E","M","E","R","E","R","BOSS"],"items_purchased_type":["Card","Card","Relic","Relic"],"build_version":"2020-12-22","purchased_purges":1,"victory":true,"max_hp_per_floor":[66,66,60,60,60,60,60,60,60,60,60,60,60,60,60,60,60,60,60,60,60,60,60,60,60,60,60,60,60,60,60,60,60,60,60,60,60,60,60,60,60,60,60,60,60,60,60,60,60,60],"card_choices":[{"not_picked":["Bouncing Flask","Bane"],"picked":"Backflip","floor":1},{"not_picked":["Dash","Deadly Poison"],"picked":"Poisoned Stab","floor":6},{"not_picked":["Riddle With Holes","Distraction"],"picked":"Dagger Throw","floor":8},{"not_picked":["Crippling Poison","Slice"],"picked":"Blade Dance","floor":10},{"not_picked":["Envenom","Outmaneuver"],"picked":"Backstab","floor":11},{"not_picked":["Prepared","Sucker Punch"],"picked":"Terror","floor":14},{"not_picked":["Adrenaline","Malaise"],"picked":"Wraith Form v2","floor":16},{"not_picked":["Outmaneuver","Poisoned Stab+1"],"picked":"Dodge and Roll","floor":18},{"not_picked":["Flying Knee","Dash"],"picked":"Infinite Blades","floor":19},{"not_picked":["Underhanded Strike","Quick Slash","Flying Knee"],"picked":"SKIP","floor":20},{"not_picked":["Outmaneuver","Tools of the Trade"],"picked":"Caltrops","floor":23},{"not_picked":["Prepared","Dagger Spray"],"picked":"Blade Dance","floor":24},{"not_picked":["Poisoned Stab","Underhanded Strike","Blade Dance"],"picked":"SKIP","floor":25},{"not_picked":["Sucker Punch","Blade Dance","All Out Attack"],"picked":"SKIP","floor":28},{"not_picked":["Bane","Flying Knee+1","Riddle With Holes"],"picked":"SKIP","floor":30},{"not_picked":["Doppelganger","Glass Knife"],"picked":"Adrenaline","floor":33},{"not_picked":["Flying Knee"],"picked":"SKIP","floor":35},{"not_picked":["Tactician"],"picked":"SKIP","floor":37},{"not_picked":["Quick Slash"],"picked":"SKIP","floor":39},{"not_picked":["Prepared"],"picked":"SKIP","floor":40},{"not_picked":["Deflect+1"],"picked":"SKIP","floor":41},{"not_picked":["Outmaneuver+1"],"picked":"SKIP","floor":44},{"not_picked":["Slice+1"],"picked":"SKIP","floor":45},{"not_picked":[],"picked":"Well Laid Plans+1","floor":46},{"not_picked":[],"picked":"Deadly Poison+1","floor":48}],"player_experience":1405340,"relics_obtained":[{"floor":6,"key":"Kunai"},{"floor":8,"key":"Ancient Tea Set"},{"floor":9,"key":"FossilizedHelix"},{"floor":10,"key":"Orichalcum"},{"floor":23,"key":"Shuriken"},{"floor":25,"key":"Nunchaku"},{"floor":40,"key":"Molten Egg 2"},{"floor":43,"key":"Omamori"},{"floor":44,"key":"Paper Crane"},{"floor":46,"key":"HornCleat"},{"floor":48,"key":"Letter Opener"}],"event_choices":[{"cards_removed":["Defend_G"],"damage_healed":0,"gold_gain":0,"player_choice":"Card Removal","damage_taken":7,"max_hp_gain":0,"max_hp_loss":0,"event_name":"Golden Wing","floor":2,"gold_loss":0},{"damage_healed":0,"gold_gain":0,"player_choice":"Lose Max HP","damage_taken":0,"relics_obtained":["Golden Idol"],"max_hp_gain":0,"max_hp_loss":6,"event_name":"Golden Idol","floor":3,"gold_loss":0},{"damage_healed":0,"gold_gain":0,"player_choice":"Entered Light","damage_taken":18,"max_hp_gain":0,"max_hp_loss":0,"event_name":"Shining Light","floor":5,"gold_loss":0,"cards_upgraded":["Backflip","Backflip"]},{"damage_healed":0,"gold_gain":0,"player_choice":"0 cards matched","damage_taken":0,"max_hp_gain":0,"max_hp_loss":0,"event_name":"Match and Keep!","floor":13,"gold_loss":0,"cards_obtained":[]},{"damage_healed":0,"gold_gain":0,"player_choice":"Ignored","damage_taken":0,"max_hp_gain":0,"max_hp_loss":0,"event_name":"Cursed Tome","floor":21,"gold_loss":0},{"damage_healed":0,"gold_gain":0,"player_choice":"Fight","damage_taken":0,"max_hp_gain":0,"max_hp_loss":0,"event_name":"Colosseum","floor":27,"gold_loss":0},{"damage_healed":0,"gold_gain":0,"player_choice":"Fled From Nobs","damage_taken":0,"max_hp_gain":0,"max_hp_loss":0,"event_name":"Colosseum","floor":27,"gold_loss":0},{"cards_removed":["Dash"],"damage_healed":0,"gold_gain":0,"player_choice":"Gave Gold","damage_taken":0,"max_hp_gain":0,"max_hp_loss":0,"event_name":"Beggar","floor":29,"gold_loss":75},{"cards_removed":["Dagger Throw"],"damage_healed":0,"gold_gain":0,"player_choice":"Removed Attack","damage_taken":0,"max_hp_gain":0,"max_hp_loss":0,"event_name":"Falling","floor":36,"gold_loss":0}],"is_beta":false,"boss_relics":[{"not_picked":["Runic Dome","Black Star"],"picked":"Pandora\u0027s Box"},{"not_picked":["Snecko Eye","Astrolabe"],"picked":"Busted Crown"}],"items_purged_floors":[4],"is_endless":false,"potions_floor_spawned":[1,11,14,18,25,30,33,37,40,45,48],"ascension_level":18}}