{"host":"x730sfaw5rd1mxd8","time":1612060599,"event":{"mods":["BaseMod","BetterRewards","Colored Powertips","Highlight Path","Minty Spire (QoL Compilation)","Relic Sorter","Relic Stats","Replay The Spire","StSLib"],"gold_per_floor":[118,118,118,118,132,159,159,184,184,197,197,226,226,255,255,333,333,345,355,367,385,25,58,69,98,98,117,149,149,149],"floor_reached":29,"language":"ENG","playtime":1378,"items_purged":["Strike_R","Strike_R","Strike_R"],"score":903,"play_id":"d4b20526-6633-4136-8c74-fdb73f1464bd","local_time":"20210130213639","is_ascension_mode":true,"campfire_choices":[{"data":"Bash","floor":7,"key":"SMITH"},{"data":"Evolve","floor":15,"key":"SMITH"}],"circlet_count":0,"master_deck":["AscendersBane","Strike_R","Defend_R","Defend_R","Defend_R","Defend_R","Bash+1","Apotheosis+1","Fire Breathing+1","Combust","True Grit+1","Spot Weakness","Thunderclap+1","Hemokinesis","Flame Barrier","Feel No Pain","Sword Boomerang","ReplayTheSpireMod:Stacked","True Grit","Immolate","Evolve+1","Berserk","Pummel","Shrug It Off","Feel No Pain","Demon Form"],"relics":["Burning Blood","Pocketwatch","BargainBundle","Oddly Smooth Stone","Replay:Bottled Flurry","Guide Book","Question Card","The Courier","WingedGreaves","Eternal Feather","Bag of Marbles","Akabeko","Painkiller Herb","Membership Card","Incense Burner","Self Forming Clay","Vajra","Letter Opener","Girya"],"acts_visited":["Exordium","TheCity"],"potions_floor_usage":[8,28,28],"damage_taken":[{"damage":2,"enemies":"Small Slimes","floor":1,"turns":3},{"damage":0,"enemies":"2 Louse","floor":5,"turns":2},{"damage":9,"enemies":"Replay:BlueRogue","floor":6,"turns":6},{"damage":13,"enemies":"3 Sentries","floor":8,"turns":5},{"damage":0,"enemies":"Cultist","floor":10,"turns":4},{"damage":2,"enemies":"Lagavulin","floor":12,"turns":6},{"damage":2,"enemies":"Replay:BlueRogue","floor":14,"turns":5},{"damage":5,"enemies":"Slime Boss","floor":16,"turns":5},{"damage":8,"enemies":"Shell Parasite","floor":18,"turns":6},{"damage":2,"enemies":"Spheric Guardian","floor":19,"turns":1},{"damage":13,"enemies":"Centurion and Healer","floor":20,"turns":4},{"damage":12,"enemies":"Sentry and Sphere","floor":21,"turns":6},{"damage":24,"enemies":"Book of Stabbing","floor":23,"turns":5},{"damage":9,"enemies":"Shelled Parasite and Fungi","floor":24,"turns":3},{"damage":28,"enemies":"Replay:Snechameleon","floor":25,"turns":4},{"damage":0,"enemies":"Snecko","floor":27,"turns":2},{"damage":19,"enemies":"Slavers","floor":28,"turns":2},{"damage":12,"enemies":"Centurion and Healer","floor":29,"turns":1}],"seed_played":"9060946225094513657","potions_obtained":[{"floor":5,"key":"AttackPotion"},{"floor":8,"key":"FairyPotion"},{"floor":10,"key":"PowerPotion"}],"is_trial":false,"path_per_floor":["M","?","$","?","M","E","R","E","T","M","?","E","$","E","R","B",null,"?","?","?","?","T","E","?","E","T","?","E","?"],"character_chosen":"IRONCLAD","items_purchased":["Apotheosis","Pocketwatch","Fire Breathing","BargainBundle","Combust","True Grit","Spot Weakness","Thunderclap+1","Hemokinesis","Oddly Smooth Stone","Replay:Bottled Flurry","Flame Barrier","Guide Book","Feel No Pain","Question Card","Strength Potion","Explosive Potion","Membership Card","Incense Burner","Self Forming Clay"],"campfire_rested":0,"item_purchase_floors":[0,0,0,0,0,0,0,0,0,0,0,0,0,0,0,0,0,22,22,22],"current_hp_per_floor":[72,72,72,72,75,72,72,65,65,71,64,68,68,72,75,75,75,73,75,68,62,62,44,41,19,19,25,12,0,0],"gold":149,"neow_bonus":"","is_daily":false,"chose_seed":false,"campfire_upgraded":2,"win_rate":0.0,"timestamp":1612060599,"path_taken":["M","?","$","?","M","E","R","E","T","?","?","E","?","E","R","BOSS","?","?","?","?","T","E","?","E","T","?","E","?"],"items_purchased_type":["Card","Relic","Card","Relic","Card","Card","Card","Card","Card","Relic","Relic","Card","Relic","Card","Relic","Potion","Potion","Relic","Relic","Relic"],"build_version":"2020-12-22","purchased_purges":3,"victory":false,"max_hp_per_floor":[75,75,75,75,75,75,75,75,75,75,75,75,75,75,75,75,75,75,75,75,75,75,75,75,75,75,75,75,75,75],"relic_stats":{"counters":[269,1203],"Self Forming Clay":[42],"Eternal Feather":3,"Letter Opener":[0],"Question Card":46,"obtain_stats":[{"Golden Egg":8,"Replay:Accelerometer":52,"Whetstone":14,"Bottled Tornado":44,"Boot":53,"Old Coin":47,"Blood Vial":20,"Replay:Wanted Poster":34,"Replay:Ringing Soul":54,"Sundial":28,"MealTicket":27,"Replay:Bottled Flurry":0,"Kunai":53,"Electric Blood":17,"Blue Candle":30,"Velvet Choker":19,"Eternal Feather":9,"Akabeko":27,"SlaversCollar":17,"Bird Faced Urn":12,"Pandora\u0027s Box":34,"Mark of Pain":0,"Abe\u0027s Treasure":17,"Unceasing Top":49,"Singing Bowl":10,"Torii":0,"Magic Flower":11,"StoneCalendar":14,"Painkiller Herb":17,"Bag of Preparation":9,"Cursed Key":34,"Smiling Mask":24,"Burning Blood":0,"Pet Ghost":23,"Replay:Rubber Ducky":0,"Matryoshka":0,"Shovel":46,"WingedGreaves":8,"Chemical X":41,"Replay:Bottled Eggs":27,"Paper Frog":9,"Potion Belt":48,"Golden Idol":11,"Self Forming Clay":7,"Thread and Needle":50,"The Courier":14,"PreservedInsect":22,"Omamori":40,"Frozen Egg 2":0,"MawBank":26,"Busted Crown":17,"Ornamental Fan":50,"Turnip":46,"Art of War":40,"Garlic":32,"Champion Belt":56,"Bottled Lightning":9,"ReplayTheSpireMod:Lightbulb":0,"Ice Cream":14,"Divine Protection":42,"Gremlin Horn":9,"CeramicFish":43,"Vajra":0,"Centennial Puzzle":9,"Strawberry":28,"Honey Jar":17,"Philosopher\u0027s Stone":17,"Iron Hammer":0,"Toxic Egg 2":9,"Girya":19,"Happy Flower":27,"ReplayTheSpireMod:CursedCoin":0,"Dead Branch":13,"Oddly Smooth Stone":26,"Charon\u0027s Ashes":39,"Letter Opener":25,"War Paint":8,"Question Card":0,"OrangePellets":53,"Replay:Baseball":38,"ReplayTheSpireMod:Spearhead":24,"ReplayTheSpireMod:Shallot":30,"Shuriken":55,"Bronze Scales":12,"Simple Rune":28,"Onion Ring":45,"Molten Egg 2":7,"ReplayTheSpireMod:TigerMarble":13,"Grinning Jar":25,"Pocketwatch":0,"Darkstone Periapt":5,"ReplayFunnel":19,"Iron Core":3,"Mango":6,"Juzu Bracelet":42,"Incense Burner":12,"Replay:Mystery Machine":0,"ClockworkSouvenir":0,"Dream Catcher":43,"Nunchaku":38,"Replay:Bandana":0,"TheAbacus":0,"Chameleon Ring":24,"Mummified Hand":0,"Pantograph":23,"Gambling Chip":24,"Replay:Bottled Snecko":6,"Red Skull":6,"Runic Pyramid":34,"Gremlin Food":0,"BargainBundle":0,"Quantum Egg":32,"Guide Book":53,"Replay:WaspNest":0,"Orichalcum":48,"White Beast Statue":0,"Mercury Hourglass":43,"Anchor":10,"CaptainsWheel":49,"Another Sword":42,"Snack Pack":8,"Bag of Marbles":12,"Membership Card":0,"TungstenRod":40,"FossilizedHelix":28},{"Golden Egg":68,"Replay:Accelerometer":153,"Whetstone":70,"Bottled Tornado":247,"Boot":153,"Old Coin":88,"Blood Vial":26,"Replay:Wanted Poster":241,"Replay:Ringing Soul":220,"Sundial":108,"MealTicket":58,"Replay:Bottled Flurry":251,"Kunai":153,"Electric Blood":51,"Blue Candle":30,"Velvet Choker":72,"Eternal Feather":255,"Akabeko":138,"SlaversCollar":24,"Bird Faced Urn":22,"Pandora\u0027s Box":208,"Mark of Pain":0,"Abe\u0027s Treasure":102,"Unceasing Top":120,"Singing Bowl":21,"Torii":186,"Magic Flower":49,"StoneCalendar":166,"Painkiller Herb":259,"Bag of Preparation":68,"Cursed Key":31,"Smiling Mask":106,"Burning Blood":0,"Pet Ghost":56,"Replay:Rubber Ducky":93,"Matryoshka":93,"Shovel":151,"WingedGreaves":255,"Chemical X":114,"Replay:Bottled Eggs":78,"Paper Frog":226,"Potion Belt":119,"Golden Idol":5,"Self Forming Clay":97,"Thread and Needle":90,"The Courier":7,"PreservedInsect":11,"Omamori":245,"Frozen Egg 2":14,"MawBank":106,"Busted Crown":8,"Ornamental Fan":120,"Turnip":38,"Art of War":36,"Garlic":109,"Champion Belt":92,"Bottled Lightning":129,"ReplayTheSpireMod:Lightbulb":93,"Ice Cream":23,"Divine Protection":148,"Gremlin Horn":20,"CeramicFish":115,"Vajra":221,"Centennial Puzzle":5,"Strawberry":13,"Honey Jar":231,"Philosopher\u0027s Stone":167,"Iron Hammer":155,"Toxic Egg 2":192,"Girya":134,"Happy Flower":203,"ReplayTheSpireMod:CursedCoin":155,"Dead Branch":165,"Oddly Smooth Stone":57,"Charon\u0027s Ashes":213,"Letter Opener":266,"War Paint":163,"Question Card":221,"OrangePellets":219,"Replay:Baseball":83,"ReplayTheSpireMod:Spearhead":202,"ReplayTheSpireMod:Shallot":206,"Shuriken":91,"Bronze Scales":6,"Simple Rune":78,"Onion Ring":116,"Molten Egg 2":226,"ReplayTheSpireMod:TigerMarble":132,"Grinning Jar":137,"Pocketwatch":41,"Darkstone Periapt":18,"ReplayFunnel":103,"Iron Core":188,"Mango":19,"Juzu Bracelet":87,"Incense Burner":131,"Replay:Mystery Machine":93,"ClockworkSouvenir":123,"Dream Catcher":37,"Nunchaku":83,"Replay:Bandana":123,"TheAbacus":61,"Chameleon Ring":170,"Mummified Hand":155,"Pantograph":12,"Gambling Chip":27,"Replay:Bottled Snecko":161,"Red Skull":47,"Runic Pyramid":142,"Gremlin Food":155,"BargainBundle":251,"Quantum Egg":80,"Guide Book":249,"Replay:WaspNest":93,"Orichalcum":218,"White Beast Statue":155,"Mercury Hourglass":181,"Anchor":69,"CaptainsWheel":152,"Another Sword":181,"Snack Pack":48,"Bag of Marbles":257,"Membership Card":93,"TungstenRod":214,"FossilizedHelix":239},{"Golden Egg":270,"Replay:Accelerometer":693,"Whetstone":276,"Bottled Tornado":1111,"Boot":693,"Old Coin":374,"Blood Vial":107,"Replay:Wanted Poster":1084,"Replay:Ringing Soul":1002,"Sundial":475,"MealTicket":230,"Replay:Bottled Flurry":1133,"Kunai":693,"Electric Blood":208,"Blue Candle":123,"Velvet Choker":287,"Eternal Feather":1149,"Akabeko":613,"SlaversCollar":100,"Bird Faced Urn":86,"Pandora\u0027s Box":935,"Mark of Pain":0,"Abe\u0027s Treasure":449,"Unceasing Top":539,"Singing Bowl":82,"Torii":830,"Magic Flower":200,"StoneCalendar":746,"Painkiller Herb":1169,"Bag of Preparation":270,"Cursed Key":130,"Smiling Mask":466,"Burning Blood":0,"Pet Ghost":224,"Replay:Rubber Ducky":411,"Matryoshka":411,"Shovel":679,"WingedGreaves":1149,"Chemical X":510,"Replay:Bottled Eggs":311,"Paper Frog":1023,"Potion Belt":538,"Golden Idol":17,"Self Forming Clay":425,"Thread and Needle":385,"The Courier":25,"PreservedInsect":40,"Omamori":1101,"Frozen Egg 2":51,"MawBank":466,"Busted Crown":30,"Ornamental Fan":539,"Turnip":156,"Art of War":146,"Garlic":481,"Champion Belt":400,"Bottled Lightning":578,"ReplayTheSpireMod:Lightbulb":411,"Ice Cream":93,"Divine Protection":660,"Gremlin Horn":78,"CeramicFish":521,"Vajra":1010,"Centennial Puzzle":17,"Strawberry":48,"Honey Jar":1045,"Philosopher\u0027s Stone":751,"Iron Hammer":713,"Toxic Egg 2":857,"Girya":598,"Happy Flower":908,"ReplayTheSpireMod:CursedCoin":713,"Dead Branch":743,"Oddly Smooth Stone":226,"Charon\u0027s Ashes":957,"Letter Opener":1198,"War Paint":736,"Question Card":1010,"OrangePellets":999,"Replay:Baseball":343,"ReplayTheSpireMod:Spearhead":903,"ReplayTheSpireMod:Shallot":922,"Shuriken":395,"Bronze Scales":20,"Simple Rune":311,"Onion Ring":524,"Molten Egg 2":1023,"ReplayTheSpireMod:TigerMarble":589,"Grinning Jar":609,"Pocketwatch":170,"Darkstone Periapt":65,"ReplayFunnel":454,"Iron Core":838,"Mango":73,"Juzu Bracelet":367,"Incense Burner":585,"Replay:Mystery Machine":411,"ClockworkSouvenir":554,"Dream Catcher":151,"Nunchaku":343,"Replay:Bandana":554,"TheAbacus":244,"Chameleon Ring":764,"Mummified Hand":713,"Pantograph":44,"Gambling Chip":111,"Replay:Bottled Snecko":730,"Red Skull":189,"Runic Pyramid":629,"Gremlin Food":713,"BargainBundle":1133,"Quantum Egg":320,"Guide Book":1122,"Replay:WaspNest":411,"Orichalcum":988,"White Beast Statue":713,"Mercury Hourglass":808,"Anchor":273,"CaptainsWheel":682,"Another Sword":808,"Snack Pack":196,"Bag of Marbles":1159,"Membership Card":411,"TungstenRod":963,"FossilizedHelix":1074}],"Burning Blood":217,"Pocketwatch":[276]},"card_choices":[{"not_picked":["ReplayTheSpireMod:Corrosion Curse","Flex","Body Slam","Hemokinesis"],"picked":"SKIP","floor":1},{"not_picked":["Clothesline","Thunderclap","Havoc"],"picked":"Sword Boomerang","floor":5},{"not_picked":["Infernal Blade","Clash","Hemokinesis"],"picked":"ReplayTheSpireMod:Stacked","floor":6},{"not_picked":["ReplayTheSpireMod:Strike From Hell","Havoc","Pommel Strike"],"picked":"True Grit","floor":8},{"not_picked":["Thunderclap","Warcry","Ghostly Armor"],"picked":"Immolate","floor":10},{"not_picked":["Perfected Strike","Armaments","Replay:Undeath\u0027s Touch"],"picked":"Evolve","floor":12},{"not_picked":["Clash","Iron Wave","Perfected Strike","Warcry"],"picked":"SKIP","floor":14},{"not_picked":["Double Tap","Corruption","Demonic Infusion"],"picked":"Berserk","floor":16},{"not_picked":["Sentinel","Body Slam","Flex+1","Dark Embrace"],"picked":"SKIP","floor":18},{"not_picked":["Body Slam+1","Searing Blow","Heavy Blade","Havoc"],"picked":"SKIP","floor":19},{"not_picked":["Sword Boomerang","Thunderclap","Pommel Strike","Clothesline"],"picked":"SKIP","floor":20},{"not_picked":["Dropkick","Thunderclap","Double Tap","Pommel Strike"],"picked":"SKIP","floor":21},{"not_picked":["Body Slam","ReplayTheSpireMod:Stacked","Hemokinesis"],"picked":"Pummel","floor":23},{"not_picked":["Perfected Strike","True Grit","Combust"],"picked":"Shrug It Off","floor":24},{"not_picked":["Run Through","Flex","Clash","Uppercut"],"picked":"SKIP","floor":25},{"not_picked":["Whirlwind","Rage","Clash"],"picked":"Feel No Pain","floor":27},{"not_picked":["Sever Soul","ReplayTheSpireMod:Strike From Hell","Thunderclap"],"picked":"Demon Form","floor":28}],"player_experience":4056791,"relics_obtained":[{"floor":6,"key":"The Courier"},{"floor":8,"key":"WingedGreaves"},{"floor":9,"key":"Eternal Feather"},{"floor":12,"key":"Bag of Marbles"},{"floor":14,"key":"Akabeko"},{"floor":23,"key":"Vajra"},{"floor":25,"key":"Letter Opener"},{"floor":28,"key":"Girya"}],"event_choices":[{"damage_healed":0,"gold_gain":0,"player_choice":"Ignored","damage_taken":0,"max_hp_gain":0,"max_hp_loss":0,"event_name":"Liars Game","floor":2,"gold_loss":0},{"damage_healed":0,"gold_gain":0,"player_choice":"Upgraded","damage_taken":0,"max_hp_gain":0,"max_hp_loss":0,"event_name":"Upgrade Shrine","floor":4,"gold_loss":0,"cards_upgraded":["True Grit"]},{"cards_removed":["Strike_R"],"damage_healed":0,"gold_gain":0,"player_choice":"Card Removal","damage_taken":7,"max_hp_gain":0,"max_hp_loss":0,"event_name":"Golden Wing","floor":11,"gold_loss":0}],"is_beta":false,"boss_relics":[{"not_picked":["Astrolabe","Calling Bell"],"picked":"Painkiller Herb"}],"items_purged_floors":[0,0,0],"is_endless":false,"potions_floor_spawned":[5,8,10,16,18,20,24,27],"killed_by":"Centurion and Healer","ascension_level":17}}