{"host":"yfdtuf6ojcxn06xg","time":1612070079,"event":{"mods":["2.2 Compatiblity","AchievementEnabler","BaseMod","Colored Map","Colored Powertips","Curses Come First","Hermit","JesterMod","Jorbs\u0027s Wanderer Trilogy","Minty Spire (QoL Compilation)","Quick Restart","Rare Cards Sparkle","Relic Stats","Replay The Spire","StSLib","The Cursed","The Disciple","The Hierophant","The Jungle","The Marked","The Necromancer","The Servant 0.9.4"],"gold_per_floor":[114,36,48,48,48,79,0,28,51,51,16,33,45,72,72,167,167,180,90,75,0,14,14,14,24,24,36,36,36],"floor_reached":28,"language":"ENG","playtime":1320,"items_purged":["Strike_B"],"score":250,"play_id":"0e540ed9-f2e8-4470-91a2-602aeb8a0625","local_time":"20210131001439","is_ascension_mode":true,"campfire_choices":[{"floor":10,"key":"REST"},{"data":"BasicCrystalCard","floor":15,"key":"SMITH"},{"floor":23,"key":"REST"}],"circlet_count":0,"master_deck":["Strike_B","Strike_B","Defend_B","Defend_B","Defend_B","Defend_B+1","Zap+1","Dualcast","BasicCrystalCard+1","Defragment+1","Sweeping Beam","Self Repair","White Noise","Time Bomb","Stack","Seek","Turbo","Time Bomb","Panic Button","ReplayTheSpireMod:Repulse"],"relics":["Cracked Core","Solar Panel","Orichalcum","ReplayFunnel","Ancient Tea Set","Regal Pillow","Replay:Grab Bag","Philosopher\u0027s Stone","ChewingGum","Runic Pyramid","FaceOfCleric","Ornamental Fan"],"acts_visited":["Exordium","TheCity"],"potions_floor_usage":[6,16,20,28],"damage_taken":[{"damage":1,"enemies":"Cultist","floor":1,"turns":3},{"damage":1,"enemies":"Jaw Worm","floor":3,"turns":3},{"damage":33,"enemies":"Gremlin Nob","floor":6,"turns":4},{"damage":26,"enemies":"Lagavulin","floor":8,"turns":6},{"damage":3,"enemies":"2 Louse","floor":12,"turns":2},{"damage":19,"enemies":"Large Slime","floor":13,"turns":6},{"damage":23,"enemies":"3 Sentries","floor":14,"turns":7},{"damage":34,"enemies":"Slime Boss","floor":16,"turns":9},{"damage":43,"enemies":"Spheric Guardian","floor":18,"turns":6},{"damage":23,"enemies":"2 Thieves","floor":20,"turns":4},{"damage":15,"enemies":"Centurion and Healer","floor":22,"turns":8},{"damage":7,"enemies":"Cultist and Chosen","floor":25,"turns":5},{"damage":26,"enemies":"3 Cultists","floor":27,"turns":4},{"damage":54,"enemies":"Book of Stabbing","floor":28,"turns":5}],"seed_played":"-2167161341483205924","potions_obtained":[{"floor":1,"key":"Adrenaline Potion"},{"floor":12,"key":"Fire Potion"},{"floor":16,"key":"BlessingOfTheForge"},{"floor":20,"key":"FearPotion"},{"floor":25,"key":"Doom Potion"}],"is_trial":false,"path_per_floor":["M","$","M","T","?","E","$","E","T","R","?","M","M","E","R","B",null,"M","?","M","$","M","R","?","M","T","M","E"],"character_chosen":"DEFECT","items_purchased":["Defragment","White Noise"],"campfire_rested":2,"item_purchase_floors":[2,7],"current_hp_per_floor":[74,74,73,73,73,42,42,29,29,51,69,75,67,55,55,34,75,43,43,29,29,25,62,62,70,70,52,0,0],"gold":36,"neow_bonus":"UPGRADE_CARD","is_daily":false,"chose_seed":false,"campfire_upgraded":1,"win_rate":0.0,"timestamp":1612070079,"path_taken":["M","?","?","?","?","E","$","E","T","R","?","M","M","E","R","BOSS","M","?","M","$","?","R","?","?","T","M","E"],"items_purchased_type":["Card","Card"],"build_version":"2020-12-22","purchased_purges":1,"victory":false,"max_hp_per_floor":[75,75,75,75,75,75,75,75,75,75,75,75,75,75,75,75,75,75,75,75,75,75,75,75,76,76,77,77,77],"relic_stats":{"Regal Pillow":15,"FaceOfCleric":2,"counters":[14,72],"Ornamental Fan":[0],"Orichalcum":[84],"obtain_stats":[{"Solar Panel":4,"ReplayFunnel":8,"Regal Pillow":14,"FaceOfCleric":24,"Ornamental Fan":26,"Replay:Grab Bag":17,"Philosopher\u0027s Stone":17,"ChewingGum":17,"Orichalcum":6,"Cracked Core":0,"Ancient Tea Set":9,"Runic Pyramid":17},{"Solar Panel":2,"ReplayFunnel":4,"Regal Pillow":7,"FaceOfCleric":11,"Ornamental Fan":12,"Replay:Grab Bag":8,"Philosopher\u0027s Stone":8,"ChewingGum":8,"Orichalcum":3,"Cracked Core":0,"Ancient Tea Set":4,"Runic Pyramid":8},{"Solar Panel":6,"ReplayFunnel":16,"Regal Pillow":31,"FaceOfCleric":58,"Ornamental Fan":63,"Replay:Grab Bag":40,"Philosopher\u0027s Stone":40,"ChewingGum":40,"Orichalcum":10,"Cracked Core":0,"Ancient Tea Set":16,"Runic Pyramid":40}]},"card_choices":[{"not_picked":["Leap","Tempest"],"picked":"BasicCrystalCard","floor":1},{"not_picked":["ReplaySolidLightProjector","Streamline"],"picked":"Sweeping Beam","floor":3},{"not_picked":["Conserve Battery","BootSequence"],"picked":"Self Repair","floor":6},{"not_picked":["Biased Cognition","Conserve Battery"],"picked":"Time Bomb","floor":8},{"not_picked":["Sweeping Beam","ReplayGash","Doom and Gloom"],"picked":"SKIP","floor":12},{"not_picked":["Streamline","Rebound"],"picked":"Stack","floor":13},{"not_picked":["Turbo","Stack","Melter"],"picked":"SKIP","floor":14},{"not_picked":["ReplayTheSpireMod:Omega Cannon","All For One"],"picked":"Seek","floor":16},{"not_picked":["Hologram","ReplaySort+1"],"picked":"Turbo","floor":18},{"not_picked":["Sweeping Beam","Streamline"],"picked":"Time Bomb","floor":20},{"not_picked":["Go for the Eyes","Turbo"],"picked":"Panic Button","floor":22},{"not_picked":["Scrape+1","Undo"],"picked":"ReplayTheSpireMod:Repulse","floor":25},{"not_picked":["Gash","Streamline","Rebound+1"],"picked":"SKIP","floor":27}],"player_experience":238077,"relics_obtained":[{"floor":4,"key":"Solar Panel"},{"floor":6,"key":"Orichalcum"},{"floor":8,"key":"ReplayFunnel"},{"floor":9,"key":"Ancient Tea Set"},{"floor":14,"key":"Regal Pillow"},{"floor":26,"key":"Ornamental Fan"}],"event_choices":[{"damage_healed":0,"gold_gain":0,"player_choice":"Grow","damage_taken":0,"max_hp_gain":0,"max_hp_loss":0,"event_name":"Living Wall","floor":5,"gold_loss":0,"cards_upgraded":["Defragment"]},{"damage_healed":18,"gold_gain":0,"player_choice":"Healed","damage_taken":0,"max_hp_gain":0,"max_hp_loss":0,"event_name":"The Cleric","floor":11,"gold_loss":35},{"cards_removed":["Strike_B"],"damage_healed":0,"gold_gain":0,"player_choice":"Upgrade and Remove","damage_taken":0,"max_hp_gain":0,"max_hp_loss":0,"event_name":"Designer","floor":19,"gold_loss":90,"cards_upgraded":["Defend_B"]},{"damage_healed":0,"gold_gain":0,"player_choice":"Trade","damage_taken":0,"relics_obtained":["FaceOfCleric"],"max_hp_gain":0,"max_hp_loss":0,"event_name":"FaceTrader","floor":24,"gold_loss":0}],"is_beta":false,"boss_relics":[{"not_picked":["ReplayTheSpireMod:DimensionalGlitch","Runic Dome"],"picked":"Replay:Grab Bag"},{"not_picked":["Abe\u0027s Treasure","Busted Crown"],"picked":"Philosopher\u0027s Stone"},{"not_picked":["Sozu","Cursed Key"],"picked":"ChewingGum"},{"not_picked":["FrozenCore","Snecko Eye"],"picked":"Runic Pyramid"}],"items_purged_floors":[21],"is_endless":false,"potions_floor_spawned":[1,12,16,20,25],"killed_by":"Book of Stabbing","ascension_level":1}}