{"host":"2hea6pl5vmah38iy","time":1612109045,"event":{"mods":["AchievementEnabler","BaseMod","Colored Map","DeckTracker","Keyboard Shortcuts","Minty Spire (QoL Compilation)","Rare Cards Sparkle","StSLib","SuperFastMode","everything is the same but u backflip on backflip"],"gold_per_floor":[111,129,141,159,173,173,230,230,255,272,283,283,104,115,115,187,187,207,207,207,107,107,107,118,153,176,201,214,214,230,257,269,352,364,390,402,424,36,36,66,66,82,108,108,108,137,154,180,180,180,180,180,49,75,75],"floor_reached":56,"language":"KOR","playtime":6528,"items_purged":["Strike_G","Writhe","Venomology"],"score":2435,"play_id":"da695e95-1c98-4d65-9160-6c8aa8e207f1","local_time":"20210201010405","is_ascension_mode":true,"campfire_choices":[{"data":"Flechettes","floor":6.0,"key":"SMITH"},{"floor":8.0,"key":"REST"},{"data":"Tactician","floor":15.0,"key":"SMITH"},{"data":"Acrobatics","floor":23.0,"key":"SMITH"},{"data":"Adrenaline","floor":32.0,"key":"SMITH"},{"data":"Reflex","floor":41.0,"key":"SMITH"},{"data":"Calculated Gamble","floor":44.0,"key":"SMITH"},{"floor":49.0,"key":"RECALL"},{"data":"Well Laid Plans","floor":52.0,"key":"SMITH"}],"circlet_count":0,"master_deck":["AscendersBane","Survivor","Neutralize","Adrenaline","Underhanded Strike","Leg Sweep","Flechettes+1","Blade Dance","Acrobatics","Tactician+1","Backflip","Tactician+1","Deadly Poison","Footwork","Acrobatics+1","Adrenaline","After Image","Adrenaline+1","Envenom","Dash","Prepared","Outmaneuver","Acrobatics+1","Predator","Night Terror","Unload","Flash of Steel","Dark Shackles","Purity","Reflex+1","Calculated Gamble+1","Tools of the Trade","Eviscerate+1","Well Laid Plans+1","Blur"],"relics":["Ring of the Snake","Happy Flower","Snake Skull","Pandora\u0027s Box","Lantern","Omamori","Juzu Bracelet","Question Card","Shuriken","MawBank","HoveringKite","Ninja Scroll","Potion Belt","Centennial Puzzle","Boot","Vajra"],"acts_visited":["Exordium","TheCity","TheBeyond","TheEnding"],"potions_floor_usage":[],"damage_taken":[{"damage":3.0,"enemies":"Small Slimes","floor":1.0,"turns":4.0},{"damage":0.0,"enemies":"Jaw Worm","floor":2.0,"turns":3.0},{"damage":3.0,"enemies":"2 Louse","floor":3.0,"turns":3.0},{"damage":6.0,"enemies":"2 Fungi Beasts","floor":4.0,"turns":3.0},{"damage":3.0,"enemies":"Large Slime","floor":5.0,"turns":4.0},{"damage":24.0,"enemies":"Lagavulin Event","floor":7.0,"turns":5.0},{"damage":7.0,"enemies":"Exordium Thugs","floor":10.0,"turns":5.0},{"damage":6.0,"enemies":"Exordium Wildlife","floor":11.0,"turns":3.0},{"damage":0.0,"enemies":"Blue Slaver","floor":14.0,"turns":4.0},{"damage":6.0,"enemies":"Hexaghost","floor":16.0,"turns":7.0},{"damage":0.0,"enemies":"Chosen","floor":18.0,"turns":3.0},{"damage":0.0,"enemies":"Spheric Guardian","floor":24.0,"turns":3.0},{"damage":0.0,"enemies":"Book of Stabbing","floor":25.0,"turns":2.0},{"damage":7.0,"enemies":"Gremlin Leader","floor":27.0,"turns":3.0},{"damage":0.0,"enemies":"3 Cultists","floor":28.0,"turns":2.0},{"damage":0.0,"enemies":"Cultist and Chosen","floor":30.0,"turns":2.0},{"damage":0.0,"enemies":"Slavers","floor":31.0,"turns":4.0},{"damage":0.0,"enemies":"Collector","floor":33.0,"turns":3.0},{"damage":0.0,"enemies":"Orb Walker","floor":35.0,"turns":2.0},{"damage":0.0,"enemies":"3 Darklings","floor":37.0,"turns":3.0},{"damage":0.0,"enemies":"Giant Head","floor":40.0,"turns":4.0},{"damage":30.0,"enemies":"4 Shapes","floor":42.0,"turns":3.0},{"damage":0.0,"enemies":"Reptomancer","floor":46.0,"turns":2.0},{"damage":2.0,"enemies":"Jaw Worm Horde","floor":47.0,"turns":2.0},{"damage":2.0,"enemies":"Nemesis","floor":48.0,"turns":3.0},{"damage":17.0,"enemies":"Time Eater","floor":50.0,"turns":7.0},{"damage":6.0,"enemies":"Shield and Spear","floor":54.0,"turns":4.0},{"damage":42,"enemies":"The Heart","floor":55,"turns":8}],"seed_played":"7256719747279829765","potions_obtained":[{"floor":2.0,"key":"ColorlessPotion"},{"floor":3.0,"key":"AttackPotion"},{"floor":7.0,"key":"FearPotion"},{"floor":10.0,"key":"FearPotion"},{"floor":24.0,"key":"GamblersBrew"},{"floor":46.0,"key":"Dexterity Potion"}],"is_trial":false,"path_per_floor":["M","M","M","M","M","R","?","R","T","M","M","?","$","M","R","B",null,"M","?","?","$","?","R","M","E","T","E","M","?","M","E","R","B",null,"M","?","M","$","?","E","R","M","T","R","?","E","M","E","R","B",null,"R","$","E","B",null],"character_chosen":"THE_SILENT","items_purchased":["Deadly Poison","Footwork","Ninja Scroll","Blur","Swift Potion"],"campfire_rested":1,"item_purchase_floors":[13,13,38,53,53],"current_hp_per_floor":[56,56,53,47,44,44,20,38,38,31,25,18,18,18,18,12,48,48,48,48,48,48,48,48,48,48,41,41,41,41,41,41,41,55,55,55,55,55,45,45,45,15,15,15,15,20,18,16,16,18,50,50,50,44,2],"gold":75,"neow_bonus":"THREE_RARE_CARDS","is_daily":false,"chose_seed":false,"campfire_upgraded":7,"win_rate":0.0,"timestamp":1612109045,"path_taken":["M","M","M","M","M","R","?","R","T","M","M","?","?","M","R","BOSS","M","?","?","$","?","R","?","E","T","E","M","?","M","E","R","BOSS","M","?","M","$","?","E","R","M","T","R","?","E","M","E","R","BOSS","R","$","E","BOSS"],"items_purchased_type":["Card","Card","Relic","Card","Potion"],"build_version":"2020-12-22","purchased_purges":3,"victory":true,"max_hp_per_floor":[60,60,60,60,60,60,60,60,60,60,60,60,60,60,60,60,60,60,60,60,60,60,60,60,60,60,60,60,60,60,60,60,60,60,60,60,60,60,60,60,60,60,60,60,60,60,60,60,60,60,60,60,60,60,60],"card_choices":[{"not_picked":["Wraith Form v2","Die Die Die"],"picked":"Adrenaline","floor":0.0},{"not_picked":["Deflect","Distraction"],"picked":"Underhanded Strike","floor":1.0},{"not_picked":["Outmaneuver","Prepared"],"picked":"Leg Sweep","floor":2.0},{"not_picked":["Heel Hook","Flying Knee"],"picked":"Flechettes","floor":3.0},{"not_picked":["Expertise","Leg Sweep"],"picked":"Blade Dance","floor":4.0},{"not_picked":["Eviscerate","Sucker Punch"],"picked":"Acrobatics","floor":5.0},{"not_picked":["Quick Slash","Backflip"],"picked":"Tactician","floor":7.0},{"not_picked":["Quick Slash","Cloak And Dagger"],"picked":"Backflip","floor":10.0},{"not_picked":["Dash","Caltrops"],"picked":"Tactician","floor":11.0},{"not_picked":["Sucker Punch","Slice"],"picked":"Acrobatics","floor":14.0},{"not_picked":["Unload","Glass Knife"],"picked":"Adrenaline","floor":16.0},{"not_picked":["Distraction","Acrobatics","Outmaneuver"],"picked":"SKIP","floor":18.0},{"not_picked":["Deflect","Sucker Punch","Dagger Throw"],"picked":"SKIP","floor":24.0},{"not_picked":["Poisoned Stab","Sucker Punch"],"picked":"Acrobatics+1","floor":25.0},{"not_picked":["Noxious Fumes","Dagger Throw","Outmaneuver"],"picked":"SKIP","floor":27.0},{"not_picked":["Finisher","Riddle With Holes","Bane"],"picked":"Predator","floor":28.0},{"not_picked":["Sucker Punch+1","Underhanded Strike","Poisoned Stab","Dagger Throw"],"picked":"SKIP","floor":30.0},{"not_picked":["Prepared","Dagger Throw","Blade Dance"],"picked":"Night Terror","floor":31.0},{"not_picked":["Envenom","Storm of Steel","Venomology"],"picked":"Unload","floor":33.0},{"not_picked":["Dagger Throw","Deflect+1","Flying Knee+1","Dodge and Roll"],"picked":"SKIP","floor":35.0},{"not_picked":["Prepared","Accuracy","Bouncing Flask","Dagger Spray+1"],"picked":"SKIP","floor":37.0},{"not_picked":["The Bomb","Good Instincts","Violence"],"picked":"Flash of Steel","floor":39.0},{"not_picked":["Mayhem","Violence","Madness"],"picked":"Dark Shackles","floor":39.0},{"not_picked":["Panache","Bandage Up","Madness"],"picked":"Purity","floor":39.0},{"not_picked":["Slice+1","Dodge and Roll","Outmaneuver+1"],"picked":"Reflex","floor":40.0},{"not_picked":["Poisoned Stab","Acrobatics+1","Choke"],"picked":"Calculated Gamble","floor":42.0},{"not_picked":["Flying Knee","Quick Slash","Corpse Explosion"],"picked":"Tools of the Trade","floor":46.0},{"not_picked":["Prepared+1","Underhanded Strike","Outmaneuver"],"picked":"Eviscerate+1","floor":47.0},{"not_picked":["Doppelganger","Deadly Poison","Heel Hook"],"picked":"Well Laid Plans","floor":48.0},{"not_picked":["Dash+1","Endless Agony+1","Deadly Poison+1","Quick Slash"],"picked":"SKIP","floor":54.0}],"player_experience":546334,"relics_obtained":[{"floor":7.0,"key":"Happy Flower"},{"floor":9.0,"key":"Snake Skull"},{"floor":25.0,"key":"Omamori"},{"floor":26.0,"key":"Juzu Bracelet"},{"floor":27.0,"key":"Question Card"},{"floor":31.0,"key":"MawBank"},{"floor":40.0,"key":"Potion Belt"},{"floor":46.0,"key":"Centennial Puzzle"},{"floor":48.0,"key":"Boot"},{"floor":54.0,"key":"Vajra"}],"event_choices":[{"damage_healed":0.0,"max_hp_gain":0.0,"max_hp_loss":0.0,"gold_gain":0.0,"event_name":"Dead Adventurer","player_choice":"Searched \u00271\u0027 times","floor":7.0,"gold_loss":0.0,"damage_taken":0.0},{"cards_removed":["Defend_G"],"damage_healed":0.0,"max_hp_gain":0.0,"max_hp_loss":0.0,"gold_gain":0.0,"event_name":"Golden Wing","player_choice":"Card Removal","floor":12.0,"gold_loss":0.0,"damage_taken":7.0},{"damage_healed":0.0,"max_hp_gain":0.0,"max_hp_loss":0.0,"gold_gain":0.0,"event_name":"The Mausoleum","player_choice":"Opened","floor":19.0,"gold_loss":0.0,"damage_taken":0.0,"relics_obtained":["Lantern"],"cards_obtained":["Writhe"]},{"damage_healed":0.0,"max_hp_gain":0.0,"max_hp_loss":0.0,"gold_gain":0.0,"cards_transformed":["Caltrops","Caltrops"],"event_name":"Drug Dealer","player_choice":"Became Test Subject","floor":20.0,"gold_loss":0.0,"damage_taken":0.0,"cards_obtained":["Outmaneuver","Dash"]},{"damage_healed":0.0,"max_hp_gain":0.0,"max_hp_loss":0.0,"gold_gain":0.0,"event_name":"Cursed Tome","player_choice":"Ignored","floor":22.0,"gold_loss":0.0,"damage_taken":0.0},{"damage_healed":0.0,"max_hp_gain":0.0,"max_hp_loss":0.0,"gold_gain":0.0,"event_name":"Addict","player_choice":"Stole Relic","floor":29.0,"gold_loss":0.0,"damage_taken":0.0,"relics_obtained":["Shuriken"],"cards_obtained":["Shame"]},{"cards_removed":["Dash"],"damage_healed":0.0,"max_hp_gain":0.0,"max_hp_loss":0.0,"gold_gain":0.0,"event_name":"Falling","player_choice":"Removed Attack","floor":36.0,"gold_loss":0.0,"damage_taken":0.0},{"damage_healed":0.0,"max_hp_gain":0.0,"max_hp_loss":0.0,"gold_gain":0.0,"event_name":"SensoryStone","player_choice":"Memory 3","floor":39.0,"gold_loss":0.0,"damage_taken":10.0},{"damage_healed":0.0,"max_hp_gain":0.0,"max_hp_loss":0.0,"gold_gain":0.0,"event_name":"Upgrade Shrine","player_choice":"Upgraded","floor":45.0,"gold_loss":0.0,"damage_taken":0.0,"cards_upgraded":["Tactician"]}],"is_beta":false,"boss_relics":[{"not_picked":["Tiny House","Philosopher\u0027s Stone"],"picked":"Pandora\u0027s Box"},{"not_picked":["SacredBark","Busted Crown"],"picked":"HoveringKite"}],"items_purged_floors":[13,21,38],"is_endless":false,"potions_floor_spawned":[2,3,7,10,14,24,28,33,37,46],"ascension_level":18}}