{"host":"sc0o2qwpf9j16a4i","time":1612096309,"event":{"mods":["AchievementEnabler","BaseMod","BetterRewards","Block Reminder","Colored Map","Colored Powertips","Custom Start","Highlight Path","Minty Spire (QoL Compilation)","Relic Stats"],"gold_per_floor":[130,130,145,15,27,62,87,117,170,170,204,204,235,253,253,353,353,368,368,32,32,32,65,83,108,154,185,205,224,258,10,10,112,112,122,132,29,103,119,146,161,193,193,226,226,5,34,44,44,44],"floor_reached":51,"language":"ENG","playtime":2615,"items_purged":["Strike_G"],"score":1196,"play_id":"47676c60-5803-46f1-af3d-6dc42e2249d8","local_time":"20210131143149","daily_mods":["Allstar","Red Cards","Elite Swarm"],"is_ascension_mode":false,"campfire_choices":[{"data":"Apotheosis","floor":10.0,"key":"SMITH"},{"data":"Metamorphosis","floor":15,"key":"SMITH"},{"data":"Prepared","floor":32,"key":"SMITH"},{"data":"Feel No Pain","floor":45,"key":"SMITH"},{"data":"Wraith Form v2","floor":49,"key":"SMITH"}],"circlet_count":0,"master_deck":["Strike_G","Defend_G","Defend_G","Defend_G","Defend_G","Defend_G","Survivor","Neutralize","Metamorphosis+1","Trip","PanicButton","Apotheosis+1","Prepared+1","Escape Plan","Feed","Whirlwind","Impervious","Berserk","Corruption","Flame Barrier+1","Offering+1","CurseOfTheBell","Escape Plan+1","Predator","Corpse Explosion+1","Feel No Pain+1","Demon Form","Wraith Form v2+1","Dodge and Roll+1","After Image","Backflip+1","Dodge and Roll+1","Acrobatics+1","Unload+1","Deadly Poison+1","Evolve+1","Feel No Pain","Calculated Gamble+1","True Grit+1","Reaper","Underhanded Strike","Burst+1","Venomology+1","Apotheosis+1","Infinite Blades","Malaise+1","Feel No Pain+1","Warcry+1"],"relics":["Ring of the Snake","Gremlin Horn","Odd Mushroom","Bag of Preparation","Snake Skull","Art of War","NlothsMask","Toxic Egg 2","Calling Bell","Centennial Puzzle","Eternal Feather","Pocketwatch","ClockworkSouvenir","Tiny Chest","Ornamental Fan","Mummified Hand","Omamori","CaptainsWheel","Darkstone Periapt","Letter Opener","Lee\u0027s Waffle","Astrolabe","Pear","Meat on the Bone","Bag of Marbles","InkBottle","Prayer Wheel","DollysMirror","Toy Ornithopter"],"acts_visited":["Exordium","TheCity","TheBeyond"],"potions_floor_usage":[11,13,30,44,47,50],"damage_taken":[{"damage":0.0,"enemies":"Cultist","floor":1.0,"turns":4.0},{"damage":5.0,"enemies":"2 Louse","floor":3.0,"turns":2.0},{"damage":0.0,"enemies":"Small Slimes","floor":5.0,"turns":2.0},{"damage":12.0,"enemies":"Gremlin Nob","floor":6.0,"turns":4.0},{"damage":2.0,"enemies":"The Mushroom Lair","floor":7.0,"turns":5.0},{"damage":6.0,"enemies":"3 Sentries","floor":8.0,"turns":9.0},{"damage":0,"enemies":"Lagavulin","floor":11,"turns":4},{"damage":2,"enemies":"3 Sentries","floor":13,"turns":3},{"damage":0,"enemies":"3 Louse","floor":14,"turns":1},{"damage":40,"enemies":"The Guardian","floor":16,"turns":10},{"damage":2,"enemies":"3 Byrds","floor":18,"turns":4},{"damage":28,"enemies":"Slavers","floor":23,"turns":5},{"damage":0,"enemies":"Chosen","floor":24,"turns":5},{"damage":6,"enemies":"Gremlin Leader","floor":25,"turns":4},{"damage":6,"enemies":"Slavers","floor":27,"turns":2},{"damage":6,"enemies":"Snake Plant","floor":28,"turns":3},{"damage":0,"enemies":"Cultist and Chosen","floor":29,"turns":4},{"damage":16,"enemies":"Gremlin Leader","floor":30,"turns":6},{"damage":38,"enemies":"Automaton","floor":33,"turns":13},{"damage":0,"enemies":"Orb Walker","floor":35,"turns":5},{"damage":3,"enemies":"3 Shapes","floor":36,"turns":3},{"damage":14,"enemies":"Maw","floor":39,"turns":8},{"damage":8,"enemies":"Reptomancer","floor":40,"turns":8},{"damage":15,"enemies":"Writhing Mass","floor":41,"turns":8},{"damage":6,"enemies":"Nemesis","floor":42,"turns":6},{"damage":6,"enemies":"Reptomancer","floor":44,"turns":5},{"damage":10,"enemies":"Giant Head","floor":47,"turns":11},{"damage":5,"enemies":"Sphere and 2 Shapes","floor":48,"turns":3},{"damage":0,"enemies":"Donu and Deca","floor":50,"turns":9}],"seed_played":"-3971163003303579124","potions_obtained":[{"floor":1.0,"key":"LiquidBronze"},{"floor":3.0,"key":"Swift Potion"},{"floor":8.0,"key":"LiquidMemories"},{"floor":11,"key":"SkillPotion"},{"floor":25,"key":"SkillPotion"},{"floor":27,"key":"Energy Potion"},{"floor":28,"key":"Ancient Potion"},{"floor":40,"key":"SpeedPotion"},{"floor":42,"key":"PowerPotion"},{"floor":44,"key":"Swift Potion"}],"is_trial":true,"path_per_floor":["M","?","M","$","M","E","?","E","T","R","E","?","E","M","R","B",null,"M","?","$","?","?","E","M","E","T","E","M","M","E","$","R","B",null,"M","M","$","T","M","E","M","E","T","E","R","$","E","M","R","B",null],"character_chosen":"THE_SILENT","items_purchased":["Escape Plan","Block Potion","ClockworkSouvenir","Tiny Chest","Predator","Lee\u0027s Waffle","Backflip+1","Feel No Pain","Calculated Gamble+1","DollysMirror","Infinite Blades"],"campfire_rested":0,"item_purchase_floors":[4,4,20,20,20,31,31,37,37,46,46],"current_hp_per_floor":[70,70,65,65,65,53,55,49,49,49,53,53,55,55,55,15,82,84,84,84,84,84,60,64,58,58,56,54,54,42,113,113,79,117,121,121,121,131,121,117,118,133,133,146,146,146,142,137,146,146],"gold":44,"neow_bonus":"","is_daily":false,"chose_seed":false,"campfire_upgraded":5,"win_rate":0.0,"timestamp":1612096309,"path_taken":["M","?","M","?","?","E","?","E","T","R","E","?","E","M","R","BOSS","M","?","$","?","?","E","M","E","T","E","M","M","E","$","R","BOSS","M","?","$","?","?","E","M","E","T","E","R","$","E","?","R","BOSS"],"items_purchased_type":["Card","Potion","Relic","Relic","Card","Relic","Card","Card","Card","Relic","Card"],"build_version":"2020-12-22","purchased_purges":1,"victory":true,"max_hp_per_floor":[70,70,70,70,70,70,74,74,74,74,78,78,82,82,82,82,82,86,86,86,86,86,90,94,94,94,98,102,102,106,113,113,117,117,121,124,124,134,138,142,142,142,142,146,146,146,146,146,146,146],"relic_stats":{"Darkstone Periapt":0,"Lee\u0027s Waffle":71,"Gremlin Horn":[32,32],"counters":[29,156],"Astrolabe":["Dodge and Roll","Acrobatics","Unload"],"Eternal Feather":9,"Snake Skull":[28],"Bag of Preparation":[46],"Letter Opener":[336],"Centennial Puzzle":[45],"Ornamental Fan":[84],"Mummified Hand":[102],"Tiny Chest":1,"Prayer Wheel":1,"Art of War":[37],"obtain_stats":[{"Darkstone Periapt":27,"Gremlin Horn":6,"Snake Skull":9,"Bag of Preparation":8,"ClockworkSouvenir":20,"Centennial Puzzle":17,"Mummified Hand":22,"DollysMirror":46,"Tiny Chest":20,"Prayer Wheel":44,"Toxic Egg 2":13,"InkBottle":43,"Ring of the Snake":0,"Lee\u0027s Waffle":31,"Pear":38,"Astrolabe":34,"Eternal Feather":17,"Omamori":23,"Letter Opener":30,"Odd Mushroom":7,"Calling Bell":17,"CaptainsWheel":25,"Ornamental Fan":21,"Art of War":11,"Bag of Marbles":42,"Toy Ornithopter":47,"NlothsMask":12,"Pocketwatch":17,"Meat on the Bone":40},{"Darkstone Periapt":15,"Gremlin Horn":4,"Snake Skull":6,"Bag of Preparation":6,"ClockworkSouvenir":11,"Centennial Puzzle":10,"Mummified Hand":11,"DollysMirror":26,"Tiny Chest":11,"Prayer Wheel":26,"Toxic Egg 2":8,"InkBottle":25,"Ring of the Snake":0,"Lee\u0027s Waffle":18,"Pear":21,"Astrolabe":19,"Eternal Feather":10,"Omamori":12,"Letter Opener":18,"Odd Mushroom":5,"Calling Bell":10,"CaptainsWheel":14,"Ornamental Fan":11,"Art of War":7,"Bag of Marbles":25,"Toy Ornithopter":27,"NlothsMask":7,"Pocketwatch":10,"Meat on the Bone":23},{"Darkstone Periapt":64,"Gremlin Horn":12,"Snake Skull":26,"Bag of Preparation":26,"ClockworkSouvenir":48,"Centennial Puzzle":44,"Mummified Hand":48,"DollysMirror":133,"Tiny Chest":48,"Prayer Wheel":133,"Toxic Egg 2":33,"InkBottle":128,"Ring of the Snake":0,"Lee\u0027s Waffle":77,"Pear":98,"Astrolabe":90,"Eternal Feather":44,"Omamori":53,"Letter Opener":77,"Odd Mushroom":17,"Calling Bell":44,"CaptainsWheel":62,"Ornamental Fan":48,"Art of War":30,"Bag of Marbles":128,"Toy Ornithopter":144,"NlothsMask":30,"Pocketwatch":44,"Meat on the Bone":114}],"InkBottle":[15],"Toy Ornithopter":0,"Ring of the Snake":[58],"Pocketwatch":[87],"Meat on the Bone":0},"card_choices":[{"not_picked":["True Grit","Bane"],"picked":"Prepared","floor":1.0},{"not_picked":["Acrobatics","Wild Strike"],"picked":"Dagger Throw","floor":3.0},{"not_picked":["Havoc","Heavy Blade","Outmaneuver"],"picked":"SKIP","floor":5.0},{"not_picked":["Grand Finale","Burst"],"picked":"Feed","floor":6.0},{"not_picked":["Flex","Poisoned Stab"],"picked":"Whirlwind","floor":7.0},{"not_picked":["Fiend Fire","Envenom"],"picked":"Impervious","floor":8.0},{"not_picked":["A Thousand Cuts","Immolate"],"picked":"Berserk","floor":11},{"not_picked":["Unload","Grand Finale"],"picked":"Corruption","floor":13},{"not_picked":["Intimidate+1","Bloodletting+1"],"picked":"Flame Barrier+1","floor":14},{"not_picked":["After Image","Bullet Time+1"],"picked":"Offering+1","floor":16},{"not_picked":["Cloak And Dagger+1","Dodge and Roll+1"],"picked":"Escape Plan+1","floor":18},{"not_picked":["Bullet Time+1","After Image"],"picked":"Corpse Explosion+1","floor":23},{"not_picked":["Distraction+1","Armaments+1"],"picked":"Feel No Pain","floor":24},{"not_picked":["Doppelganger+1","Phantasmal Killer+1"],"picked":"Demon Form","floor":25},{"not_picked":["Corpse Explosion+1","Bludgeon"],"picked":"Wraith Form v2","floor":27},{"not_picked":["Dagger Throw+1","Quick Slash+1","Outmaneuver+1"],"picked":"SKIP","floor":28},{"not_picked":["Twin Strike","Clothesline"],"picked":"Dodge and Roll+1","floor":29},{"not_picked":["Berserk","Bludgeon"],"picked":"After Image","floor":30},{"not_picked":["Bane","Body Slam+1"],"picked":"Deadly Poison+1","floor":35},{"not_picked":["Sword Boomerang+1","Flechettes+1"],"picked":"Evolve+1","floor":36},{"not_picked":["Sucker Punch+1","Outmaneuver+1"],"picked":"True Grit+1","floor":39},{"not_picked":["Grand Finale","Berserk"],"picked":"Reaper","floor":40},{"not_picked":["Thunderclap+1","Clash+1"],"picked":"Underhanded Strike","floor":41},{"not_picked":["Tools of the Trade","Glass Knife"],"picked":"Burst+1","floor":42},{"not_picked":["Brutality","Fiend Fire"],"picked":"Venomology+1","floor":44},{"not_picked":["Berserk","Doppelganger+1"],"picked":"Malaise+1","floor":47},{"not_picked":["Sucker Punch+1","Cleave+1"],"picked":"Feel No Pain+1","floor":48},{"not_picked":["Masterful Stab+1","Backstab+1"],"picked":"Warcry+1","floor":48}],"player_experience":1112691,"relics_obtained":[{"floor":6.0,"key":"Gremlin Horn"},{"floor":7.0,"key":"Odd Mushroom"},{"floor":8.0,"key":"Bag of Preparation"},{"floor":9.0,"key":"Snake Skull"},{"floor":11,"key":"Art of War"},{"floor":13,"key":"Toxic Egg 2"},{"floor":17,"key":"Centennial Puzzle"},{"floor":17,"key":"Eternal Feather"},{"floor":17,"key":"Pocketwatch"},{"floor":23,"key":"Omamori"},{"floor":25,"key":"CaptainsWheel"},{"floor":27,"key":"Darkstone Periapt"},{"floor":30,"key":"Letter Opener"},{"floor":38,"key":"Pear"},{"floor":40,"key":"Meat on the Bone"},{"floor":42,"key":"Bag of Marbles"},{"floor":43,"key":"InkBottle"},{"floor":44,"key":"Prayer Wheel"},{"floor":47,"key":"Toy Ornithopter"}],"event_choices":[{"cards_removed":["Magnetism"],"damage_healed":0.0,"max_hp_gain":0.0,"max_hp_loss":0.0,"gold_gain":0.0,"event_name":"Purifier","player_choice":"Purged","floor":2.0,"gold_loss":0.0,"damage_taken":0.0},{"damage_healed":0.0,"max_hp_gain":0.0,"max_hp_loss":0.0,"gold_gain":0.0,"event_name":"Mushrooms","player_choice":"Fought Mushrooms","floor":7.0,"gold_loss":0.0,"damage_taken":0.0},{"damage_healed":0,"gold_gain":0,"player_choice":"Trade","damage_taken":0,"relics_obtained":["NlothsMask"],"max_hp_gain":0,"max_hp_loss":0,"event_name":"FaceTrader","floor":12,"gold_loss":0},{"damage_healed":0,"gold_gain":0,"player_choice":"Ignored","damage_taken":0,"max_hp_gain":0,"max_hp_loss":0,"event_name":"Beggar","floor":19,"gold_loss":0},{"damage_healed":0,"gold_gain":0,"player_choice":"Opened","damage_taken":0,"relics_obtained":["Ornamental Fan"],"max_hp_gain":0,"max_hp_loss":0,"event_name":"The Mausoleum","floor":21,"gold_loss":0},{"cards_removed":["Dagger Throw"],"damage_healed":0,"gold_gain":0,"player_choice":"Gave Card","damage_taken":0,"relics_obtained":["Mummified Hand"],"max_hp_gain":0,"max_hp_loss":0,"event_name":"WeMeetAgain","floor":22,"gold_loss":0}],"is_beta":false,"boss_relics":[{"not_picked":["Pandora\u0027s Box","Velvet Choker"],"picked":"Calling Bell"},{"not_picked":["HoveringKite","Empty Cage"],"picked":"Astrolabe"}],"items_purged_floors":[31],"is_endless":false,"potions_floor_spawned":[1,3,8,11,25,27,28,40,41,42,44,48],"ascension_level":0}}