{"host":"oigynbtg272c19pw","time":1612084408,"event":{"mods":["BaseMod","Colored Map","Minty Spire (QoL Compilation)","Relic Stats","Slay the Relics Exporter","StSLib"],"gold_per_floor":[17,17,36,51,69,69,69,69,96,130,143,156,189,206,206,206,206],"floor_reached":16,"playtime":770,"items_purged":[],"score":228,"play_id":"e6c0ea1f-0038-4f8c-b289-4c2559e028d6","local_time":"20210131101328","is_ascension_mode":true,"campfire_choices":[{"data":"Feel No Pain","floor":6.0,"key":"SMITH"},{"data":"Flex","floor":8.0,"key":"SMITH"},{"data":"Inflame","floor":15.0,"key":"SMITH"}],"circlet_count":0,"master_deck":["AscendersBane","Strike_R","Strike_R","Strike_R","Strike_R","Defend_R","Defend_R","Defend_R","Defend_R","Bash","Reckless Charge","Inflame+1","Battle Trance","Flex+1","Feel No Pain+1","Armaments","Clothesline","Metallicize","Exhume"],"relics":["Burning Blood","Torii","CultistMask","Art of War","Meat on the Bone"],"acts_visited":["Exordium"],"potions_floor_usage":[16],"damage_taken":[{"damage":9.0,"enemies":"2 Louse","floor":1.0,"turns":3.0},{"damage":13.0,"enemies":"Cultist","floor":3.0,"turns":5.0},{"damage":7.0,"enemies":"Jaw Worm","floor":4.0,"turns":3.0},{"damage":2.0,"enemies":"3 Louse","floor":5.0,"turns":4.0},{"damage":11.0,"enemies":"3 Sentries","floor":10.0,"turns":10.0},{"damage":1.0,"enemies":"Looter","floor":11.0,"turns":3.0},{"damage":17.0,"enemies":"Large Slime","floor":12.0,"turns":6.0},{"damage":21.0,"enemies":"Gremlin Nob","floor":13.0,"turns":4.0},{"damage":15.0,"enemies":"Exordium Thugs","floor":14.0,"turns":6.0},{"damage":38,"enemies":"The Guardian","floor":16,"turns":6}],"seed_played":"889881869607312953","potions_obtained":[{"floor":3.0,"key":"Strength Potion"},{"floor":4.0,"key":"SkillPotion"},{"floor":5.0,"key":"CultistPotion"},{"floor":12.0,"key":"AttackPotion"},{"floor":13.0,"key":"ElixirPotion"}],"is_trial":false,"path_per_floor":["M","?","M","M","M","R","?","R","T","E","M","M","E","M","R","B"],"character_chosen":"IRONCLAD","items_purchased":[],"campfire_rested":0,"item_purchase_floors":[],"current_hp_per_floor":[65,65,58,57,61,61,61,61,61,56,61,50,35,38,38,0,0],"gold":206,"neow_bonus":"ONE_RARE_RELIC","is_daily":false,"chose_seed":false,"campfire_upgraded":3,"win_rate":0.0,"timestamp":1612084408,"path_taken":["M","?","M","M","M","R","?","R","T","E","M","M","E","M","R","BOSS"],"items_purchased_type":[],"build_version":"2020-12-13","purchased_purges":0,"victory":false,"max_hp_per_floor":[75,75,75,75,75,75,75,75,75,75,75,75,75,75,75,75,75],"relic_stats":{"Torii":23,"counters":[10,50],"Art of War":[2],"obtain_stats":[{"Torii":0,"CultistMask":7,"Art of War":10,"Burning Blood":0,"Meat on the Bone":13},{"Torii":0,"CultistMask":4,"Art of War":5,"Burning Blood":0,"Meat on the Bone":8},{"Torii":0,"CultistMask":15,"Art of War":25,"Burning Blood":0,"Meat on the Bone":38}],"Burning Blood":54,"Meat on the Bone":12},"card_choices":[{"not_picked":["True Grit","Fire Breathing"],"picked":"Reckless Charge","floor":1.0},{"not_picked":["Twin Strike","Havoc"],"picked":"Battle Trance","floor":3.0},{"not_picked":["Entrench","Wild Strike"],"picked":"Flex","floor":4.0},{"not_picked":["Warcry","Headbutt"],"picked":"Feel No Pain","floor":5.0},{"not_picked":["Rupture","Perfected Strike"],"picked":"Armaments","floor":10.0},{"not_picked":["Wild Strike","Flex"],"picked":"Clothesline","floor":11.0},{"not_picked":["Perfected Strike","Inflame"],"picked":"Metallicize","floor":12.0},{"not_picked":["Rupture","Sword Boomerang"],"picked":"Exhume","floor":13.0},{"not_picked":["Metallicize","Clash","Flex"],"picked":"SKIP","floor":14.0}],"player_experience":1518121,"relics_obtained":[{"floor":10.0,"key":"Art of War"},{"floor":13.0,"key":"Meat on the Bone"}],"event_choices":[{"damage_healed":0.0,"max_hp_gain":0.0,"max_hp_loss":0.0,"gold_gain":0.0,"cards_transformed":["Strike_R"],"event_name":"Living Wall","player_choice":"Change","floor":2.0,"gold_loss":0.0,"damage_taken":0.0,"cards_obtained":["Inflame"]},{"damage_healed":0.0,"max_hp_gain":0.0,"max_hp_loss":0.0,"gold_gain":0.0,"event_name":"FaceTrader","player_choice":"Trade","floor":7.0,"gold_loss":0.0,"damage_taken":0.0,"relics_obtained":["CultistMask"]}],"is_beta":false,"boss_relics":[],"items_purged_floors":[],"is_endless":false,"potions_floor_spawned":[3,4,5,11,12,13],"killed_by":"The Guardian","ascension_level":20}}