{"host":"bd3tl98ed0kk4173","time":1612069944,"event":{"mods":["Aspiration","BaseMod","Beaked The Cultist","Better Altar","Better Match","Better Note","Better Sensory Stone","Better Skull","Better Third Choice","BetterRewards","CapriCore","Colored Map","Colored Powertips","Conspire","Emptier Cage","Energized Spire","GifTheSpireLib","GungeonMod","Halation","HexUI Lib","Highlight Path","Hubris","Infinite Spire","Jorbs\u0027s Wanderer Trilogy","Keyboard Shortcuts","Mad Scientist","Minty Spire (QoL Compilation)","Permanent Neow","Quick Restart","Rare Cards Sparkle","Reliquary","Replay The Spire","SacredBarkPlus","Spicy Shops","StSLib","The Animator","The Blue Laboratory","The Hayseed","The Hierophant","The Runesmith","TheVacant","??????REMEMod"],"gold_per_floor":[119,40,40,53,68,98,98,118,118,118,132,145,163,188,188,284,284,303,3,3,23,23,23],"floor_reached":22,"language":"ENG","playtime":2102,"items_purged":["Strike_R"],"score":223,"play_id":"fc3f1d3d-a6ff-4fea-b18b-519d1129162c","local_time":"20210131001224","is_ascension_mode":false,"campfire_choices":[{"floor":7,"key":"REST"},{"data":"stsjorbsmod:GatherPower","floor":10,"key":"SMITH"},{"data":"infinitespire:OneForAll","floor":15,"key":"SMITH"}],"circlet_count":0,"master_deck":["Strike_R","Strike_R","Strike_R","Strike_R","Defend_R","Defend_R","Defend_R","Defend_R","Bash","Dropkick","REME_Cut","beaked:Ceremony","Headbutt","Shrug It Off","stsjorbsmod:GatherPower+1","Rage+1","hubris:ReadiedAction+1","Cleave","infinitespire:OneForAll+1","Berserk","Run Through","infinitespire:Starlight+1"],"relics":["Burning Blood","REME_ComplimentaryCards","ReplayFunnel","Toxic Egg 2","DemoMod:RingOfEthereal","reliquary:TridentHead","SacredBark","Chemical X","DemoMod:PoisonVial"],"acts_visited":["Exordium","TheCity"],"potions_floor_usage":[14,14,16,18],"damage_taken":[{"damage":3,"enemies":"conspire:RoseBush","floor":1,"turns":4},{"damage":16,"enemies":"infinitespire:Voidling","floor":4,"turns":5},{"damage":7,"enemies":"Small Slimes","floor":5,"turns":3},{"damage":41,"enemies":"3 Sentries","floor":6,"turns":7},{"damage":11,"enemies":"2 Fungi Beasts","floor":8,"turns":4},{"damage":1,"enemies":"3 Louse","floor":11,"turns":3},{"damage":9,"enemies":"Exordium Wildlife","floor":12,"turns":5},{"damage":0,"enemies":"Blue Slaver","floor":13,"turns":3},{"damage":0,"enemies":"Replay:BlueRogue","floor":14,"turns":4},{"damage":43,"enemies":"The Guardian","floor":16,"turns":9},{"damage":30,"enemies":"Shell Parasite","floor":18,"turns":6},{"damage":40,"enemies":"conspire:FuzzyDice","floor":21,"turns":6},{"damage":21,"enemies":"Centurion and Healer","floor":22,"turns":2}],"seed_played":"-7936386235046810953","potions_obtained":[{"floor":4,"key":"Weak Potion"},{"floor":6,"key":"PowerPotion"},{"floor":13,"key":"Energy Potion"},{"floor":14,"key":"blueLaboratory:CorrosionFlask"}],"is_trial":false,"path_per_floor":["M","$","?","M","M","E","R","M","T","R","M","M","M","E","R","B",null,"M","$","?","M","M"],"character_chosen":"IRONCLAD","items_purchased":["REME_Cut","Chemical X","DemoMod:PoisonVial"],"campfire_rested":1,"item_purchase_floors":[2,19,19],"current_hp_per_floor":[80,80,80,70,69,34,58,53,53,53,58,55,61,67,67,30,80,56,56,36,17,0,0],"gold":23,"neow_bonus":"RANDOM_COMMON_RELIC","is_daily":false,"chose_seed":false,"campfire_upgraded":2,"win_rate":0.0,"timestamp":1612069944,"path_taken":["M","$","?","M","?","E","R","M","T","R","M","M","M","E","R","BOSS","M","$","?","M","M"],"items_purchased_type":["Card","Relic","Relic"],"build_version":"2020-12-22","purchased_purges":1,"victory":false,"max_hp_per_floor":[80,80,80,80,80,80,80,80,80,80,80,80,80,80,80,80,80,80,80,80,80,80,80],"card_choices":[{"not_picked":["Perfected Strike","Hemokinesis"],"picked":"Dropkick","floor":1},{"not_picked":["Warcry","Flex"],"picked":"Headbutt","floor":4},{"not_picked":["Combust","Havoc"],"picked":"Shrug It Off","floor":5},{"not_picked":["Iron Wave","Perfected Strike"],"picked":"Rage+1","floor":6},{"not_picked":["Double Tap+1","Shrug It Off+1"],"picked":"hubris:ReadiedAction+1","floor":8},{"not_picked":["Rupture","Burning Pact+1"],"picked":"Cleave","floor":11},{"not_picked":["Wild Strike","Searing Blow","Bloodletting+1"],"picked":"SKIP","floor":12},{"not_picked":["Pommel Strike","Anger"],"picked":"infinitespire:OneForAll","floor":13},{"not_picked":["ReplayReversal+1","Burning Pact+1","hubris:CleavingFinish"],"picked":"SKIP","floor":14},{"not_picked":["Offering+1","Immolate"],"picked":"Berserk","floor":16},{"not_picked":["Wild Strike","Feel No Pain+1"],"picked":"Run Through","floor":18},{"not_picked":["ReplayTheSpireMod:??????????????????????","infinitespire:Punishment"],"picked":"infinitespire:Starlight","floor":20},{"not_picked":["Heavy Blade","Shrug It Off+1","Twin Strike"],"picked":"SKIP","floor":21}],"player_experience":110676,"relics_obtained":[{"floor":6,"key":"Toxic Egg 2"},{"floor":9,"key":"DemoMod:RingOfEthereal"},{"floor":14,"key":"reliquary:TridentHead"}],"event_choices":[{"cards_removed":["Strike_R"],"damage_healed":0,"gold_gain":0,"player_choice":"Take \u0026 Give","damage_taken":0,"max_hp_gain":0,"max_hp_loss":0,"event_name":"betterNote:BetterNote","floor":3,"gold_loss":0,"cards_obtained":["beaked:Ceremony"]}],"is_beta":false,"boss_relics":[{"not_picked":["halation:Yufonium","aspiration:FutureDiary"],"picked":"SacredBark"}],"items_purged_floors":[19],"is_endless":false,"potions_floor_spawned":[4,6,13,14],"killed_by":"Centurion and Healer","ascension_level":0}}