{"host":"5kirneupyg4uzd3w","time":1612095714,"event":{"mods":["BaseMod","Colored Map","Custom Start","Minty Spire (QoL Compilation)","StSLib","SuperFastMode"],"gold_per_floor":[115,115,190,190,190,222,222,252,279,279,306,35,47,67,67,144,144,158,158,83,83,83,116,133,145,145,171,71,83,83,83,83,159,159,175,193,193,213,223,59,78,78,78,3,3,3],"floor_reached":45,"language":"KOR","playtime":856,"items_purged":["Strike_R","Strike_R"],"score":1038,"play_id":"f8f7d4ca-cbc2-4f20-bd98-e23a79a7af73","local_time":"20210131212154","is_ascension_mode":true,"campfire_choices":[{"data":"Blood for Blood","floor":7.0,"key":"SMITH"},{"data":"Fire Breathing","floor":10.0,"key":"SMITH"},{"data":"Sword Boomerang","floor":15.0,"key":"SMITH"},{"data":"Rupture","floor":30.0,"key":"SMITH"},{"floor":32.0,"key":"REST"},{"data":"Demon Form","floor":42,"key":"SMITH"}],"circlet_count":0,"master_deck":["AscendersBane","Strike_R","Defend_R","Defend_R","Defend_R","Bash","Fire Breathing+1","Blood for Blood+1","Headbutt","Sword Boomerang+1","Battle Trance","Hemokinesis","Impervious","Rupture+1","Pommel Strike+1","Dropkick","Demon Form+1","Shrug It Off","Dual Wield"],"relics":["Burning Blood","NeowsBlessing","Red Skull","Dream Catcher","Meat on the Bone","Nunchaku","Mummified Hand","Sundial","Runic Cube","Letter Opener","Bottled Tornado","Shuriken","Mark of Pain","Strange Spoon"],"acts_visited":["Exordium","TheCity","TheBeyond"],"potions_floor_usage":[41,45],"damage_taken":[{"damage":0.0,"enemies":"Small Slimes","floor":1.0,"turns":1.0},{"damage":0.0,"enemies":"Gremlin Nob","floor":6.0,"turns":1.0},{"damage":0.0,"enemies":"Lagavulin","floor":8.0,"turns":2.0},{"damage":27.0,"enemies":"Gremlin Nob","floor":11.0,"turns":4.0},{"damage":11.0,"enemies":"2 Louse","floor":13.0,"turns":2.0},{"damage":9.0,"enemies":"Jaw Worm","floor":14.0,"turns":3.0},{"damage":9.0,"enemies":"Slime Boss","floor":16.0,"turns":5.0},{"damage":8.0,"enemies":"Spheric Guardian","floor":18.0,"turns":4.0},{"damage":60.0,"enemies":"Gremlin Leader","floor":23.0,"turns":5.0},{"damage":14.0,"enemies":"2 Thieves","floor":24.0,"turns":4.0},{"damage":20.0,"enemies":"Snecko","floor":25.0,"turns":3.0},{"damage":25.0,"enemies":"Book of Stabbing","floor":27.0,"turns":4.0},{"damage":15.0,"enemies":"Centurion and Healer","floor":29.0,"turns":6.0},{"damage":39.0,"enemies":"Collector","floor":33.0,"turns":5.0},{"damage":18.0,"enemies":"Orb Walker","floor":35.0,"turns":3.0},{"damage":0.0,"enemies":"3 Shapes","floor":36.0,"turns":4.0},{"damage":35.0,"enemies":"Jaw Worm Horde","floor":38.0,"turns":4.0},{"damage":18.0,"enemies":"Transient","floor":39.0,"turns":6.0},{"damage":39,"enemies":"Spire Growth","floor":41,"turns":3},{"damage":58,"enemies":"Nemesis","floor":45,"turns":2}],"seed_played":"-8515171018566590115","potions_obtained":[{"floor":8.0,"key":"SkillPotion"},{"floor":14.0,"key":"EntropicBrew"},{"floor":23.0,"key":"EssenceOfSteel"},{"floor":24.0,"key":"BlessingOfTheForge"},{"floor":27.0,"key":"SteroidPotion"},{"floor":38.0,"key":"Swift Potion"},{"floor":41,"key":"FearPotion"}],"is_trial":false,"path_per_floor":["M","?","?","?","?","E","R","E","T","R","E","$","M","M","R","B",null,"M","?","$","?","?","E","M","M","T","E","$","M","R","?","R","B",null,"M","M","?","M","M","$","M","R","T","?","E"],"character_chosen":"IRONCLAD","items_purchased":["Sundial","Strange Spoon"],"campfire_rested":1,"item_purchase_floors":[12,40],"current_hp_per_floor":[74,74,63,37,37,43,43,49,49,49,40,40,47,44,44,53,70,68,68,68,68,68,26,30,28,28,21,21,24,24,24,46,25,63,51,57,57,40,40,40,19,19,19,19,0,0],"gold":3,"neow_bonus":"THREE_ENEMY_KILL","is_daily":false,"chose_seed":false,"campfire_upgraded":5,"win_rate":0.0,"timestamp":1612095714,"path_taken":["M","?","?","?","?","E","R","E","T","R","E","$","?","M","R","BOSS","M","?","$","?","?","E","M","M","T","E","?","?","R","?","R","BOSS","M","M","?","M","M","$","M","R","T","?","E"],"items_purchased_type":["Relic","Relic"],"build_version":"2020-12-22","purchased_purges":2,"victory":false,"max_hp_per_floor":[75,75,75,75,75,75,75,75,75,75,75,75,75,75,75,75,75,75,75,75,75,75,75,75,75,75,75,75,75,75,75,75,75,75,75,75,75,75,75,75,75,75,75,75,75,75],"card_choices":[{"not_picked":["Clash","Heavy Blade"],"picked":"Fire Breathing","floor":1.0},{"not_picked":["Iron Wave","Anger"],"picked":"Headbutt","floor":6.0},{"not_picked":["Clash","Disarm","True Grit"],"picked":"SKIP","floor":8.0},{"not_picked":["Sever Soul","Uppercut"],"picked":"Sword Boomerang","floor":11.0},{"not_picked":["Wild Strike","Metallicize"],"picked":"Battle Trance","floor":13.0},{"not_picked":["Perfected Strike","Intimidate"],"picked":"Hemokinesis","floor":14.0},{"not_picked":["Barricade","Juggernaut"],"picked":"Impervious","floor":16.0},{"not_picked":["Clash","Intimidate","Body Slam"],"picked":"SKIP","floor":18.0},{"not_picked":["Bloodletting","Warcry","Berserk"],"picked":"SKIP","floor":23.0},{"not_picked":["Uppercut","Havoc"],"picked":"Pommel Strike+1","floor":24.0},{"not_picked":["Reckless Charge","Headbutt","Evolve"],"picked":"SKIP","floor":25.0},{"not_picked":["Body Slam","Juggernaut"],"picked":"Dropkick","floor":27.0},{"not_picked":["Fire Breathing","Intimidate+1","Wild Strike"],"picked":"SKIP","floor":29.0},{"not_picked":["Fiend Fire","Berserk"],"picked":"Demon Form","floor":33.0},{"not_picked":["Armaments","Inflame"],"picked":"Shrug It Off","floor":35.0},{"not_picked":["Body Slam","Headbutt","Anger"],"picked":"SKIP","floor":36.0},{"not_picked":["Wild Strike","Body Slam","Dropkick"],"picked":"SKIP","floor":38.0},{"not_picked":["Sever Soul+1","Wild Strike"],"picked":"Dual Wield","floor":39.0},{"not_picked":["Cleave","Headbutt","Body Slam"],"picked":"SKIP","floor":41}],"player_experience":295495,"relics_obtained":[{"floor":6.0,"key":"Dream Catcher"},{"floor":8.0,"key":"Meat on the Bone"},{"floor":9.0,"key":"Nunchaku"},{"floor":11.0,"key":"Mummified Hand"},{"floor":23.0,"key":"Letter Opener"},{"floor":26.0,"key":"Bottled Tornado"},{"floor":27.0,"key":"Shuriken"}],"event_choices":[{"damage_healed":0.0,"max_hp_gain":0.0,"max_hp_loss":0.0,"gold_gain":0.0,"cards_transformed":["Strike_R"],"event_name":"Living Wall","player_choice":"Change","floor":2.0,"gold_loss":0.0,"damage_taken":0.0,"cards_obtained":["Blood for Blood"]},{"damage_healed":0.0,"max_hp_gain":0.0,"max_hp_loss":0.0,"gold_gain":75.0,"event_name":"World of Goop","player_choice":"Gather Gold","floor":3.0,"gold_loss":0.0,"damage_taken":11.0},{"damage_healed":0.0,"max_hp_gain":0.0,"max_hp_loss":0.0,"gold_gain":0.0,"event_name":"Scrap Ooze","player_choice":"Success","floor":4.0,"gold_loss":0.0,"damage_taken":26.0,"relics_obtained":["Red Skull"]},{"damage_healed":0.0,"max_hp_gain":0.0,"max_hp_loss":0.0,"gold_gain":0.0,"event_name":"Shining Light","player_choice":"Ignored","floor":5.0,"gold_loss":0.0,"damage_taken":0.0},{"damage_healed":0.0,"max_hp_gain":0.0,"max_hp_loss":0.0,"gold_gain":0.0,"event_name":"Ghosts","player_choice":"Ignored","floor":19.0,"gold_loss":0.0,"damage_taken":0.0},{"damage_healed":0.0,"max_hp_gain":0.0,"max_hp_loss":0.0,"gold_gain":0.0,"event_name":"Vampires","player_choice":"Ignored","floor":21.0,"gold_loss":0.0,"damage_taken":0.0},{"damage_healed":0.0,"max_hp_gain":0.0,"max_hp_loss":0.0,"gold_gain":0.0,"event_name":"The Library","player_choice":"Read","floor":22.0,"gold_loss":0.0,"damage_taken":0.0,"cards_obtained":["Rupture"]},{"damage_healed":0.0,"max_hp_gain":0.0,"max_hp_loss":0.0,"gold_gain":0.0,"event_name":"Cursed Tome","player_choice":"Ignored","floor":31.0,"gold_loss":0.0,"damage_taken":0.0},{"cards_removed":["Defend_R"],"damage_healed":0.0,"max_hp_gain":0.0,"max_hp_loss":0.0,"gold_gain":0.0,"event_name":"Falling","player_choice":"Removed Skill","floor":37.0,"gold_loss":0.0,"damage_taken":0.0},{"cards_removed":["Strike_R"],"damage_healed":0,"gold_gain":0,"player_choice":"Single Remove","damage_taken":0,"max_hp_gain":0,"max_hp_loss":0,"event_name":"Designer","floor":44,"gold_loss":75}],"is_beta":false,"boss_relics":[{"not_picked":["Velvet Choker","SlaversCollar"],"picked":"Runic Cube"},{"not_picked":["Tiny House","Busted Crown"],"picked":"Mark of Pain"}],"items_purged_floors":[20,28],"is_endless":false,"potions_floor_spawned":[8,14,23,24,27,38,39,41],"killed_by":"Nemesis","ascension_level":20}}