{"host":"i7v9plv3kh1bvjs0","time":1612086324,"event":{"mods":["AchievementEnabler","BaseMod","Better Third Choice","BetterRewards","Colored Map","Curses Come First","Downfall","Energized Spire","Minty Spire (QoL Compilation)","Replay The Spire","Spikes Relics","Spire Arcade","StSLib","Transform Curses"],"gold_per_floor":[110,110,75,93,103,130,130,140,186,186,199,215,229,246,246,341,341,361,361,372,372,382,61,61,78,125,125,72,92,112,130,130,225,225,238,249,265,22,22,22,22,22],"floor_reached":41,"language":"ENG","playtime":2606,"items_purged":["downfall:Icky","Slimebound:CheckThePlaybook"],"score":426,"play_id":"9f03ce3e-f300-48c4-9f68-0239293f3429","local_time":"20210131014524","is_ascension_mode":false,"campfire_choices":[{"floor":7,"key":"REST"},{"floor":15,"key":"REST"},{"data":"Apotheosis","floor":24,"key":"SMITH"},{"floor":27,"key":"REST"},{"floor":32,"key":"REST"},{"floor":40,"key":"REST"}],"circlet_count":0,"master_deck":["Strike_B","Strike_B","Strike_B","Defend_B","Defend_B","Defend_B","Defend_B","Zap+1","Dualcast","Lockon","Melter","White Noise","Beam Cell","Conserve Battery","Ball Lightning","Self Repair","Core Surge","Sunder+1","Gash+1","Rip and Tear+1","Double Energy","Panic Button+1","BootSequence+1","Apotheosis+1","Static Discharge","Sweeping Beam+1","Turbo","Glacier+1","Electrodynamics","Hyperbeam","CurseOfTheBell","Reinforced Body+1","Chaos+1"],"relics":["Cracked Core","Happy Flower","SpikesRelics:DaevaFist","FaceOfCleric","Astrolabe","Replay:Antivirus Software","Calling Bell","Orichalcum","Carrot","BlackRope","Replay:Baseball"],"acts_visited":["Exordium","TheCity","TheBeyond"],"potions_floor_usage":[16,18,25,33,33,33,33,37,37,37,41,41,41],"damage_taken":[{"damage":6,"enemies":"Jaw Worm","floor":1,"turns":3},{"damage":9,"enemies":"2 Louse","floor":4,"turns":3},{"damage":1,"enemies":"Cultist","floor":5,"turns":3},{"damage":17,"enemies":"Replay:BlueRogue","floor":6,"turns":4},{"damage":6,"enemies":"2 Fungi Beasts","floor":8,"turns":3},{"damage":2,"enemies":"Exordium Wildlife","floor":11,"turns":3},{"damage":12,"enemies":"Lots of Slimes","floor":12,"turns":3},{"damage":12,"enemies":"Gremlin Gang","floor":13,"turns":4},{"damage":2,"enemies":"Blue Slaver","floor":14,"turns":3},{"damage":43,"enemies":"The Guardian","floor":16,"turns":11},{"damage":5,"enemies":"3 Byrds","floor":18,"turns":2},{"damage":20,"enemies":"Shell Parasite","floor":20,"turns":4},{"damage":4,"enemies":"Sentry and Sphere","floor":22,"turns":3},{"damage":45,"enemies":"3 Cultists","floor":25,"turns":5},{"damage":17,"enemies":"Cultist and Chosen","floor":29,"turns":5},{"damage":19,"enemies":"Snake Plant","floor":30,"turns":3},{"damage":18,"enemies":"3 Cultists","floor":31,"turns":5},{"damage":30,"enemies":"Automaton","floor":33,"turns":10},{"damage":40,"enemies":"3 Darklings","floor":35,"turns":7},{"damage":3,"enemies":"3 Shapes","floor":36,"turns":3},{"damage":45,"enemies":"Spire Growth","floor":37,"turns":6},{"damage":55,"enemies":"Reptomancer","floor":41,"turns":3}],"seed_played":"4697557630846484741","potions_obtained":[{"floor":1,"key":"Elixir"},{"floor":5,"key":"Flashbang"},{"floor":11,"key":"ColorlessPotion"},{"floor":14,"key":"champ:CounterPotion"},{"floor":16,"key":"Swift Potion"},{"floor":18,"key":"ColorlessPotion"},{"floor":30,"key":"EntropicBrew"},{"floor":36,"key":"EntropicBrew"}],"is_trial":false,"path_per_floor":["M","?","?","M","M","E","R","M","T","?","M","M","M","M","R","B",null,"M","?","M","?","M","$","R","M","T","R","$","M","M","M","R","B",null,"M","M","M","$","?","R","E"],"character_chosen":"DEFECT","items_purchased":["Apotheosis","Static Discharge","Turbo","Replay:Baseball"],"campfire_rested":5,"item_purchase_floors":[23,23,28,38],"current_hp_per_floor":[69,51,69,60,59,42,64,58,58,58,57,46,35,34,57,22,80,81,81,69,69,66,66,66,29,29,54,54,48,30,20,46,24,88,59,57,20,20,20,47,0,0],"gold":22,"neow_bonus":"RANDOM_EVENT","is_daily":false,"chose_seed":false,"campfire_upgraded":1,"win_rate":0.0,"timestamp":1612086324,"path_taken":["M","?","?","M","M","E","R","M","T","?","?","M","M","M","R","BOSS","M","?","M","?","M","$","R","M","T","R","$","?","M","M","R","BOSS","M","?","M","$","?","R","E"],"items_purchased_type":["Card","Card","Card","Relic"],"build_version":"2020-12-22","purchased_purges":2,"victory":false,"max_hp_per_floor":[75,75,75,75,75,75,75,75,75,75,76,77,78,79,79,80,80,81,81,82,82,83,83,83,84,84,84,84,85,86,87,87,88,88,89,90,91,91,91,91,91,91],"card_choices":[{"not_picked":["Time Bomb","Storm"],"picked":"Lockon","floor":1},{"not_picked":["Steam","Recycle"],"picked":"Hologram","floor":4},{"not_picked":["Sweeping Beam","Cold Snap"],"picked":"Melter","floor":5},{"not_picked":["Darkness","Multi-Cast"],"picked":"White Noise","floor":6},{"not_picked":["Go for the Eyes","Gash"],"picked":"Beam Cell","floor":8},{"not_picked":["Capacitor","Blizzard"],"picked":"Compile Driver","floor":11},{"not_picked":["Redo","Leap"],"picked":"Conserve Battery","floor":12},{"not_picked":["White Noise","Redo"],"picked":"Ball Lightning","floor":13},{"not_picked":["Gash","Leap"],"picked":"Self Repair","floor":14},{"not_picked":["Amplify","Reboot"],"picked":"Core Surge","floor":16},{"not_picked":["Capacitor","Lockon+1"],"picked":"Double Energy","floor":18},{"not_picked":["Ball Lightning","Leap"],"picked":"Panic Button+1","floor":20},{"not_picked":["Scrape","Panic Button"],"picked":"BootSequence+1","floor":22},{"not_picked":["Compile Driver","Doom and Gloom"],"picked":"Sweeping Beam+1","floor":25},{"not_picked":["Turbo","Hologram"],"picked":"Glacier+1","floor":29},{"not_picked":["Rebound","Cold Snap"],"picked":"Electrodynamics","floor":30},{"not_picked":["Heatsinks+1","Rebound","Steam"],"picked":"SKIP","floor":31},{"not_picked":["Amplify","Meteor Strike"],"picked":"Hyperbeam","floor":33},{"not_picked":["Barrage+1","Gash+1"],"picked":"Reinforced Body+1","floor":35},{"not_picked":["Leap","Rebound+1","Heatsinks+1"],"picked":"SKIP","floor":36},{"not_picked":["Melter+1","DiskWipe+1"],"picked":"Chaos+1","floor":37}],"player_experience":108916,"relics_obtained":[{"floor":6,"key":"SpikesRelics:DaevaFist"},{"floor":26,"key":"Replay:Antivirus Software"},{"floor":34,"key":"Orichalcum"},{"floor":34,"key":"Carrot"},{"floor":34,"key":"BlackRope"}],"event_choices":[{"damage_healed":0,"gold_gain":0,"player_choice":"Relic ","damage_taken":18,"max_hp_gain":0,"max_hp_loss":0,"event_name":"betterThird:BetterScrap","floor":2,"gold_loss":0,"cards_obtained":["Spot Weakness"]},{"damage_healed":18,"gold_gain":0,"player_choice":"Healed","damage_taken":0,"max_hp_gain":0,"max_hp_loss":0,"event_name":"The Cleric","floor":3,"gold_loss":35},{"damage_healed":0,"gold_gain":0,"player_choice":"Trade","damage_taken":0,"relics_obtained":["FaceOfCleric"],"max_hp_gain":0,"max_hp_loss":0,"event_name":"FaceTrader","floor":10,"gold_loss":0},{"damage_healed":0,"gold_gain":0,"player_choice":"Ignored","damage_taken":0,"max_hp_gain":0,"max_hp_loss":0,"event_name":"NoteForYourself","floor":21,"gold_loss":0},{"damage_healed":0,"gold_gain":0,"player_choice":"Memory 1","damage_taken":0,"max_hp_gain":0,"max_hp_loss":0,"event_name":"SensoryStone","floor":39,"gold_loss":0}],"is_beta":false,"boss_relics":[{"not_picked":["Painkiller Herb","energizedSpire:StickyHand"],"picked":"Astrolabe"},{"not_picked":["Sandwich","Inserter"],"picked":"Calling Bell"}],"items_purged_floors":[23,38],"is_endless":false,"potions_floor_spawned":[1,5,11,12,14,16,18,20,30,36],"killed_by":"Reptomancer","ascension_level":0}}