{"host":"tl3n8idhzo2mohle","time":1612067773,"event":{"mods":["BaseMod","Colored Powertips","Downfall","Good Game Mod","Minty Spire (QoL Compilation)","StSLib","noobMod"],"gold_per_floor":[144,144,144,144,189,279,324,414,489,534,534,579,624,249,249,549,549,594,603,259,259,259,349,394,439,439,484,574,619,709,371,371,671,671,716,761,371,371,371,371,416,416,416,228,273,273,273,495,495,495],"floor_reached":51,"language":"ZHS","playtime":1796,"items_purged":["Slimebound:Defend_Slimebound","Slimebound:Defend_Slimebound","Slimebound:Split","hexamod:ForkedFlame","Pain"],"score":865,"play_id":"279e194b-6332-499b-b285-67c3543a7b83","local_time":"20210131123613","daily_mods":["Cursed Run","Blue Cards","Midas"],"is_ascension_mode":false,"campfire_choices":[{"floor":11,"key":"REST"},{"floor":15,"key":"REST"},{"floor":32,"key":"REST"},{"data":"1","floor":40,"key":"LIFT"},{"data":"2","floor":47,"key":"LIFT"},{"data":"3","floor":49,"key":"LIFT"}],"circlet_count":0,"master_deck":["Slimebound:Tackle+1","Slimebound:CorrosiveSpit","Slimebound:RainOfGoop","Slimebound:ComboTackle","Slimebound:GoopTackle","Violence","Slimebound:Tackle+1","Slimebound:Tackle+1","Slimebound:Tackle+1","Slimebound:SplitSpecialist","Slimebound:PrepareCrush+1","Slimebound:OozeBath","Shame","Good Instincts+1","Slimebound:GoopTackle","Apotheosis","Slimebound:Darklings","Writhe","Doubt"],"relics":["Cursed Key","Darkstone Periapt","Du-Vu Doll","REME:ComplimentaryCards","ice","TungstenRod","Happy Flower","bronze:DecasWashers","Medical Kit","Omamori","sneckomod:SneckoTalon","Red Mask","Membership Card","hexamod:BolsterEngine","Bag of Preparation","Vajra","Bottled Lightning","Whetstone","Chemical X","Astrolabe","Bag of Marbles","Girya","champ:DuelingGlove","Potion Belt"],"acts_visited":["Exordium","TheCity","TheBeyond"],"potions_floor_usage":[16],"damage_taken":[{"damage":3,"enemies":"Small Slimes","floor":1,"turns":3},{"damage":14,"enemies":"Jaw Worm","floor":5,"turns":2},{"damage":60,"enemies":"Lagavulin","floor":6,"turns":6},{"damage":2,"enemies":"Cultist","floor":7,"turns":2},{"damage":28,"enemies":"3 Sentries","floor":8,"turns":5},{"damage":114,"enemies":"Lots of Slimes","floor":10,"turns":14},{"damage":0,"enemies":"3 Louse","floor":12,"turns":1},{"damage":0,"enemies":"Looter","floor":13,"turns":1},{"damage":2,"enemies":"Slime Boss","floor":16,"turns":2},{"damage":0,"enemies":"2 Thieves","floor":18,"turns":2},{"damage":0,"enemies":"Masked Bandits","floor":19,"turns":1},{"damage":12,"enemies":"Gremlin Leader","floor":23,"turns":1},{"damage":2,"enemies":"Shell Parasite","floor":24,"turns":1},{"damage":8,"enemies":"Shelled Parasite and Fungi","floor":25,"turns":1},{"damage":10,"enemies":"Snecko","floor":27,"turns":1},{"damage":8,"enemies":"Slavers","floor":28,"turns":2},{"damage":4,"enemies":"Centurion and Healer","floor":29,"turns":1},{"damage":6,"enemies":"Book of Stabbing","floor":30,"turns":1},{"damage":12,"enemies":"Collector","floor":33,"turns":2},{"damage":8,"enemies":"3 Darklings","floor":35,"turns":1},{"damage":16,"enemies":"3 Shapes","floor":36,"turns":1},{"damage":10,"enemies":"Jaw Worm Horde","floor":41,"turns":1},{"damage":8,"enemies":"Writhing Mass","floor":45,"turns":1},{"damage":26,"enemies":"Awakened One","floor":50,"turns":3}],"seed_played":"7510361231737359051","potions_obtained":[{"floor":5,"key":"Block Potion"},{"floor":8,"key":"Fire Potion"},{"floor":10,"key":"EssenceOfSteel"},{"floor":16,"key":"Weak Potion"}],"is_trial":false,"path_per_floor":["M","?","?","?","M","E","M","E","T","M","R","M","M","$","R","B",null,"M","?","$","?","?","E","M","M","T","M","E","M","E","$","R","B",null,"M","M","$","?","?","R","M","?","T","$","M","?","R","?","R","B",null],"character_chosen":"SLIMEBOUND","items_purchased":["Medical Kit","Omamori","Slimebound:GoopTackle","Membership Card","Violence","Bottled Lightning","Whetstone","Chemical X","Bag of Marbles","Girya","Apotheosis","Potion Belt","BlessingOfTheForge"],"campfire_rested":3,"item_purchase_floors":[14,14,20,20,20,31,31,31,37,37,37,44,44],"current_hp_per_floor":[62,62,55,55,41,44,42,14,20,88,98,98,98,98,98,98,98,98,98,98,98,98,96,98,96,96,96,95,98,98,98,98,104,116,114,110,110,110,110,110,114,114,120,120,120,116,116,116,116,123],"gold":495,"neow_bonus":"","is_daily":true,"chose_seed":false,"campfire_upgraded":0,"win_rate":0.0,"timestamp":1612067773,"path_taken":["M","?","?","?","M","E","M","E","T","?","R","?","M","$","R","BOSS","M","?","$","?","?","E","M","M","T","M","E","M","E","$","R","BOSS","M","M","$","?","?","R","?","?","T","?","M","?","R","?","R","BOSS"],"items_purchased_type":["Relic","Relic","Card","Relic","Card","Relic","Relic","Relic","Relic","Relic","Card","Relic","Potion"],"build_version":"2020-12-22","purchased_purges":5,"victory":true,"max_hp_per_floor":[65,65,65,65,65,66,66,69,75,98,98,98,98,98,98,98,98,98,98,98,98,98,98,98,98,98,98,98,98,98,98,98,104,116,116,116,116,116,116,116,116,116,122,122,122,116,116,116,116,125],"card_choices":[{"not_picked":["Redo","Turbo","Slimebound:SplitAcid"],"picked":"SKIP","floor":1},{"not_picked":["Lockon","Stack","Slimebound:Schlurp"],"picked":"SKIP","floor":5},{"not_picked":["Slimebound:LivingWall","Slimebound:Schlurp","Stack"],"picked":"SKIP","floor":6},{"not_picked":["Conserve Battery","Slimebound:Equalize","Slimebound:LeechEnergy"],"picked":"SKIP","floor":7},{"not_picked":["Beam Cell","Slimebound:SlimeSpikes","Loop"],"picked":"SKIP","floor":8},{"not_picked":["Slimebound:Replication","Slimebound:SamplingLick","Slimebound:HauntingLick"],"picked":"SKIP","floor":10},{"not_picked":["Steam","Force Field"],"picked":"Slimebound:RainOfGoop","floor":12},{"not_picked":["Slimebound:FinishingTackle","Conserve Battery","Slimebound:GrowthPunch"],"picked":"SKIP","floor":13},{"not_picked":["Thunder Strike","Slimebound:WasteNot"],"picked":"Slimebound:TagTeam","floor":16},{"not_picked":["Slimebound:PressTheAttack","Rebound","Self Repair"],"picked":"SKIP","floor":18},{"not_picked":["Slimebound:SplitLeeching","Slimebound:ItLooksTasty"],"picked":"Slimebound:ComboTackle","floor":19},{"not_picked":["Slimebound:Teamwork","Thunder Strike","Slimebound:SlimeBarrage"],"picked":"SKIP","floor":23},{"not_picked":["Slimebound:LeechingTouch","Slimebound:ViciousTackle","Blizzard"],"picked":"SKIP","floor":24},{"not_picked":["Slimebound:DivideAndConquer","Cold Snap","Slimebound:SplitAcid+1"],"picked":"SKIP","floor":25},{"not_picked":["Slimebound:ViciousTackle+1","Sweeping Beam","Slimebound:LeechEnergy"],"picked":"SKIP","floor":27},{"not_picked":["Slimebound:Prepare","Slimebound:Schlurp","Go for the Eyes+1"],"picked":"SKIP","floor":28},{"not_picked":["Slimebound:FormOfPuddle+1","Steam+1","Steam Power+1"],"picked":"SKIP","floor":29},{"not_picked":["Slimebound:SlimeSpikes","Slimebound:DisruptingSlam"],"picked":"Slimebound:PrepareCrush","floor":30},{"not_picked":["Biased Cognition","All For One"],"picked":"Slimebound:OozeBath","floor":33},{"not_picked":["Slimebound:SlimeBarrage","Slimebound:ViciousTackle+1","Slimebound:RollThrough+1"],"picked":"SKIP","floor":35},{"not_picked":["Slimebound:RejuvenatingLick+1","Slimebound:LivingWall"],"picked":"Slimebound:GoopTackle","floor":36},{"not_picked":["Steam","Rebound+1","Slimebound:FinishingTackle"],"picked":"SKIP","floor":41},{"not_picked":["Stack+1","Chill","Defragment"],"picked":"SKIP","floor":45}],"player_experience":68185,"relics_obtained":[{"floor":6,"key":"TungstenRod"},{"floor":8,"key":"Happy Flower"},{"floor":9,"key":"bronze:DecasWashers"},{"floor":19,"key":"Red Mask"},{"floor":23,"key":"hexamod:BolsterEngine"},{"floor":28,"key":"Bag of Preparation"},{"floor":30,"key":"Vajra"},{"floor":43,"key":"champ:DuelingGlove"}],"event_choices":[{"cards_removed":["Slimebound:Defend_Slimebound"],"damage_healed":0,"gold_gain":0,"player_choice":"Purged","damage_taken":0,"max_hp_gain":0,"max_hp_loss":0,"event_name":"Purifier","floor":2,"gold_loss":0},{"cards_removed":["Slimebound:Defend_Slimebound"],"damage_healed":0,"gold_gain":0,"player_choice":"Card Removal","damage_taken":7,"max_hp_gain":0,"max_hp_loss":0,"event_name":"Golden Wing","floor":3,"gold_loss":0},{"damage_healed":0,"gold_gain":0,"player_choice":"1 cards matched","damage_taken":0,"max_hp_gain":0,"max_hp_loss":0,"event_name":"Match and Keep!","floor":4,"gold_loss":0,"cards_obtained":["Mind Blast"]},{"damage_healed":0,"gold_gain":0,"player_choice":"Fought Bandits","damage_taken":0,"max_hp_gain":0,"max_hp_loss":0,"event_name":"Masked Bandits","floor":19,"gold_loss":0},{"damage_healed":0,"gold_gain":0,"player_choice":"Read","damage_taken":0,"max_hp_gain":0,"max_hp_loss":0,"event_name":"The Library","floor":22,"gold_loss":0,"cards_obtained":["Slimebound:SplitSpecialist"]},{"damage_healed":0,"gold_gain":0,"player_choice":"Upgraded","damage_taken":0,"max_hp_gain":0,"max_hp_loss":0,"event_name":"Upgrade Shrine","floor":39,"gold_loss":0,"cards_upgraded":["Slimebound:PrepareCrush"]},{"damage_healed":0,"gold_gain":0,"player_choice":"Memory 1","damage_taken":0,"max_hp_gain":0,"max_hp_loss":0,"event_name":"SensoryStone","floor":42,"gold_loss":0},{"damage_healed":0,"gold_gain":0,"player_choice":"Max HP","damage_taken":0,"max_hp_gain":0,"max_hp_loss":6,"event_name":"Winding Halls","floor":46,"gold_loss":0},{"damage_healed":0,"gold_gain":222,"player_choice":"Wore Mask","damage_taken":0,"max_hp_gain":0,"max_hp_loss":0,"event_name":"Tomb of Lord Red Mask","floor":48,"gold_loss":0}],"is_beta":false,"boss_relics":[{"not_picked":["Sozu","Coffee Dripper"],"picked":"sneckomod:SneckoTalon"},{"not_picked":["SlaversCollar","Snecko Eye"],"picked":"Astrolabe"}],"items_purged_floors":[14,20,31,37,44],"is_endless":false,"potions_floor_spawned":[5,8,10,16,18,24,28,30,35,45],"ascension_level":0}}