{"host":"g2yp6paluzgljz05","time":1612064007,"event":{"mods":["BaseMod","Bestiary","Colored Powertips","DeckTracker","Highlight Path","Minty Spire (QoL Compilation)","Quick Restart"],"gold_per_floor":[99,99,99,99,29,29,29,29,29,29,29,29,29,29,29,29,29,29,29,29,29,29,29,29,29,29,29,29,29],"floor_reached":28,"language":"ENG","playtime":1133,"items_purged":[],"score":328,"play_id":"044cd883-6577-4ea6-a1b5-0f6e980a0a4e","local_time":"20210131143327","is_ascension_mode":true,"campfire_choices":[{"data":"Whirlwind","floor":6,"key":"SMITH"},{"data":"Bash","floor":8,"key":"SMITH"},{"floor":12,"key":"REST"},{"floor":15,"key":"REST"},{"floor":23,"key":"REST"},{"floor":24,"key":"REST"}],"circlet_count":0,"master_deck":["Strike_R+1","Strike_R+1","Strike_R+1","Strike_R+1","Defend_R+1","Defend_R+1","Defend_R+1","Defend_R+1","Bash+1","Disarm","Dual Wield","Pommel Strike","Whirlwind+1","Headbutt","Burning Pact","Regret","Feed","Armaments+1","Warcry+1","True Grit+1","Shame"],"relics":["Ectoplasm","GremlinMask","Bag of Marbles","Art of War","Lantern","Regal Pillow","Fusion Hammer","WingedGreaves","Toxic Egg 2","Dream Catcher"],"acts_visited":["Exordium","TheCity"],"potions_floor_usage":[],"damage_taken":[{"damage":7,"enemies":"2 Louse","floor":1,"turns":3},{"damage":0,"enemies":"Cultist","floor":3,"turns":4},{"damage":9,"enemies":"Small Slimes","floor":4,"turns":5},{"damage":9,"enemies":"Red Slaver","floor":10,"turns":2},{"damage":16,"enemies":"Gremlin Nob","floor":13,"turns":3},{"damage":56,"enemies":"Slime Boss","floor":16,"turns":7},{"damage":24,"enemies":"Shell Parasite","floor":18,"turns":3},{"damage":12,"enemies":"Spheric Guardian","floor":19,"turns":4},{"damage":18,"enemies":"Snake Plant","floor":21,"turns":3},{"damage":77,"enemies":"Gremlin Leader","floor":27,"turns":7},{"damage":11,"enemies":"Chosen and Byrds","floor":28,"turns":4}],"seed_played":"1921541653765259921","potions_obtained":[{"floor":1,"key":"Weak Potion"},{"floor":10,"key":"LiquidMemories"}],"is_trial":false,"path_per_floor":["M","?","M","M","$","R","?","R","T","M","?","R","E","?","R","B",null,"M","M","?","M","?","R","R","?","T","E","M"],"character_chosen":"IRONCLAD","items_purchased":["Whirlwind"],"campfire_rested":4,"item_purchase_floors":[5],"current_hp_per_floor":[65,65,65,56,56,56,56,56,56,47,40,64,48,48,80,24,66,42,30,30,12,12,51,80,80,80,3,0,0],"gold":29,"neow_bonus":"BOSS_RELIC","is_daily":false,"chose_seed":false,"campfire_upgraded":2,"win_rate":0.0,"timestamp":1612064007,"path_taken":["M","?","?","?","?","R","?","R","T","?","?","R","E","?","R","BOSS","M","M","?","M","?","R","R","?","T","E","M"],"items_purchased_type":["Card"],"build_version":"2020-12-22","purchased_purges":0,"victory":false,"max_hp_per_floor":[80,80,80,80,80,80,80,80,80,80,80,80,80,80,80,80,80,80,80,80,80,80,80,80,80,80,80,83,83],"card_choices":[{"not_picked":["Clash","Wild Strike"],"picked":"Disarm","floor":1},{"not_picked":["Blood for Blood","Evolve"],"picked":"Dual Wield","floor":3},{"not_picked":["Armaments","Anger"],"picked":"Pommel Strike","floor":4},{"not_picked":["Second Wind","Infernal Blade"],"picked":"Headbutt","floor":10},{"not_picked":["Searing Blow","Second Wind"],"picked":"Burning Pact","floor":13},{"not_picked":["Exhume","Barricade"],"picked":"Feed","floor":16},{"not_picked":["Thunderclap","Warcry"],"picked":"Armaments+1","floor":18},{"not_picked":["Fire Breathing","Body Slam+1"],"picked":"Warcry+1","floor":19},{"not_picked":["Flex","Sword Boomerang+1"],"picked":"True Grit+1","floor":21},{"not_picked":["Warcry+1","Blood for Blood","Dual Wield+1"],"picked":"SKIP","floor":27}],"player_experience":286257,"relics_obtained":[{"floor":9,"key":"Bag of Marbles"},{"floor":13,"key":"Lantern"},{"floor":26,"key":"Toxic Egg 2"},{"floor":27,"key":"Dream Catcher"}],"event_choices":[{"damage_healed":0,"gold_gain":0,"player_choice":"Trade","damage_taken":0,"relics_obtained":["GremlinMask"],"max_hp_gain":0,"max_hp_loss":0,"event_name":"FaceTrader","floor":2,"gold_loss":0},{"cards_removed":["Strike_R"],"damage_healed":0,"gold_gain":0,"player_choice":"Purged","damage_taken":0,"max_hp_gain":0,"max_hp_loss":0,"event_name":"Purifier","floor":7,"gold_loss":0},{"damage_healed":0,"gold_gain":0,"player_choice":"Success","damage_taken":7,"relics_obtained":["Art of War"],"max_hp_gain":0,"max_hp_loss":0,"event_name":"Scrap Ooze","floor":11,"gold_loss":0},{"damage_healed":0,"gold_gain":0,"player_choice":"Box","damage_taken":0,"relics_obtained":["Regal Pillow"],"max_hp_gain":0,"max_hp_loss":0,"event_name":"Big Fish","floor":14,"gold_loss":0,"cards_obtained":["Regret"]},{"damage_healed":0,"gold_gain":0,"player_choice":"Simplicity","damage_taken":0,"max_hp_gain":0,"max_hp_loss":0,"event_name":"Back to Basics","floor":20,"gold_loss":0,"cards_upgraded":["Strike_R","Strike_R","Strike_R","Strike_R","Defend_R","Defend_R","Defend_R","Defend_R"]},{"damage_healed":0,"gold_gain":0,"player_choice":"Stole Relic","damage_taken":0,"relics_obtained":["WingedGreaves"],"max_hp_gain":0,"max_hp_loss":0,"event_name":"Addict","floor":22,"gold_loss":0,"cards_obtained":["Shame"]},{"damage_healed":0,"gold_gain":0,"player_choice":"Ignored","damage_taken":0,"max_hp_gain":0,"max_hp_loss":0,"event_name":"Golden Shrine","floor":25,"gold_loss":0}],"is_beta":false,"boss_relics":[{"not_picked":["Coffee Dripper","Calling Bell"],"picked":"Fusion Hammer"}],"items_purged_floors":[],"is_endless":false,"potions_floor_spawned":[1,10],"killed_by":"Chosen and Byrds","ascension_level":8}}