{"host":"vyjryxuuuxkt43k4","time":1612107890,"event":{"mods":["AchievementEnabler","BaseMod","Colored Map","DeckTracker","Keyboard Shortcuts","Minty Spire (QoL Compilation)","Permanent Neow","Quick Restart","Rare Cards Sparkle","StSLib","SuperFastMode","everything is the same but u backflip on backflip"],"gold_per_floor":[115,134,134,146,221,221,246,246,270,305,305,10,29,45,45,122,122,142,154,164,89,102,102,102,102],"floor_reached":24,"language":"KOR","playtime":1061,"items_purged":["Strike_G"],"score":364,"play_id":"6d69eebe-7f69-4a80-ba88-aa5af4a3b357","local_time":"20210201004450","is_ascension_mode":true,"campfire_choices":[{"data":"Noxious Fumes","floor":6.0,"key":"SMITH"},{"data":"Wraith Form v2","floor":8.0,"key":"SMITH"},{"floor":11.0,"key":"REST"},{"data":"Neutralize","floor":15.0,"key":"SMITH"},{"floor":23,"key":"REST"}],"circlet_count":0,"master_deck":["AscendersBane","Strike_G","Defend_G","Defend_G","Defend_G","Defend_G","Defend_G","Survivor","Noxious Fumes+1","PiercingWail","Masterful Stab","Wraith Form v2+1","Tactician","After Image","Quick Slash+1","Dodge and Roll+1","Deflect+1","Bouncing Flask+1","Terror+1","Dodge and Roll+1","Dagger Spray"],"relics":["Ring of the Snake","Art of War","Akabeko","Toy Ornithopter","Omamori","Astrolabe"],"acts_visited":["Exordium","TheCity"],"potions_floor_usage":[20,24],"damage_taken":[{"damage":3.0,"enemies":"Jaw Worm","floor":1.0,"turns":7.0},{"damage":7.0,"enemies":"Small Slimes","floor":2.0,"turns":4.0},{"damage":1.0,"enemies":"Cultist","floor":4.0,"turns":5.0},{"damage":5.0,"enemies":"Lagavulin","floor":7.0,"turns":7.0},{"damage":21.0,"enemies":"3 Sentries","floor":10.0,"turns":7.0},{"damage":0.0,"enemies":"Looter","floor":13.0,"turns":4.0},{"damage":4.0,"enemies":"Blue Slaver","floor":14.0,"turns":4.0},{"damage":57.0,"enemies":"Slime Boss","floor":16.0,"turns":12.0},{"damage":15.0,"enemies":"3 Byrds","floor":18.0,"turns":6.0},{"damage":11.0,"enemies":"Chosen","floor":19.0,"turns":7.0},{"damage":21,"enemies":"3 Cultists","floor":20,"turns":5},{"damage":12,"enemies":"Snake Plant","floor":22,"turns":5},{"damage":28,"enemies":"Slavers","floor":24,"turns":3}],"seed_played":"5829140402116373069","potions_obtained":[{"floor":4.0,"key":"BlessingOfTheForge"},{"floor":7.0,"key":"Explosive Potion"},{"floor":10.0,"key":"CultistPotion"},{"floor":14.0,"key":"AttackPotion"},{"floor":19.0,"key":"DuplicationPotion"}],"is_trial":false,"path_per_floor":["M","M","?","M","?","R","E","R","T","E","R","$","M","M","R","B",null,"M","M","M","$","M","R","E"],"character_chosen":"THE_SILENT","items_purchased":["Omamori","Regen Potion","Dagger Spray","Fire Potion"],"campfire_rested":2,"item_purchase_floors":[12,12,21,21],"current_hp_per_floor":[56,49,54,53,42,42,37,37,37,16,37,37,37,52,52,5,55,40,29,13,13,1,22,0,0],"gold":102,"neow_bonus":"REMOVE_CARD","is_daily":false,"chose_seed":false,"campfire_upgraded":3,"win_rate":0.0,"timestamp":1612107890,"path_taken":["M","M","?","M","?","R","E","R","T","E","R","$","M","?","R","BOSS","M","M","M","$","?","R","E"],"items_purchased_type":["Relic","Potion","Card","Potion"],"build_version":"2020-12-22","purchased_purges":1,"victory":false,"max_hp_per_floor":[66,66,71,71,71,71,71,71,71,71,71,71,71,71,71,71,71,71,71,71,71,71,71,71,71],"card_choices":[{"not_picked":["Dagger Spray","Skewer"],"picked":"Noxious Fumes","floor":1.0},{"not_picked":["Riddle With Holes","Flechettes"],"picked":"PiercingWail","floor":2.0},{"not_picked":["Underhanded Strike","Tactician"],"picked":"Masterful Stab","floor":4.0},{"not_picked":["Malaise","Calculated Gamble"],"picked":"Wraith Form v2","floor":7.0},{"not_picked":["Poisoned Stab","PiercingWail"],"picked":"Tactician","floor":10.0},{"not_picked":["All Out Attack","Deflect","Masterful Stab"],"picked":"SKIP","floor":13.0},{"not_picked":["Underhanded Strike","Dagger Throw","Riddle With Holes"],"picked":"SKIP","floor":14.0},{"not_picked":["Malaise","Die Die Die"],"picked":"After Image","floor":16.0},{"not_picked":["Sucker Punch","Prepared"],"picked":"Bouncing Flask+1","floor":18.0},{"not_picked":["Quick Slash","Riddle With Holes"],"picked":"Terror+1","floor":19.0},{"not_picked":["Bane","Blade Dance"],"picked":"Dodge and Roll+1","floor":20},{"not_picked":["Underhanded Strike","Choke","Dagger Throw"],"picked":"SKIP","floor":22}],"player_experience":547999,"relics_obtained":[{"floor":7.0,"key":"Art of War"},{"floor":9.0,"key":"Akabeko"},{"floor":10.0,"key":"Toy Ornithopter"}],"event_choices":[{"damage_healed":0.0,"max_hp_gain":5.0,"max_hp_loss":0.0,"gold_gain":0.0,"event_name":"Big Fish","player_choice":"Donut","floor":3.0,"gold_loss":0.0,"damage_taken":0.0},{"damage_healed":0.0,"max_hp_gain":0.0,"max_hp_loss":0.0,"gold_gain":75.0,"event_name":"World of Goop","player_choice":"Gather Gold","floor":5.0,"gold_loss":0.0,"damage_taken":11.0}],"is_beta":false,"boss_relics":[{"not_picked":["Coffee Dripper","Tiny House"],"picked":"Astrolabe"}],"items_purged_floors":[12],"is_endless":false,"potions_floor_spawned":[4,7,10,13,14,19],"killed_by":"Slavers","ascension_level":15}}