{"host":"tq7pufgtqftqw8yr","time":1612099456,"event":{"mods":["BaseMod","Downfall","Minty Spire (QoL Compilation)","StSLib"],"gold_per_floor":[99,114,128,120,220,239,285,310,333,97,97,97,97,115,134,247,247,47,67,89,189,189,189,189,189,189,189],"floor_reached":25,"language":"ZHS","playtime":1402,"items_purged":["hexamod:Strike"],"score":218,"play_id":"85c9e219-5bb2-41a7-b3b9-0fab89bfdd3f","local_time":"20210131212416","is_ascension_mode":false,"campfire_choices":[{"floor":1.0,"key":"RECALL"},{"data":"hexamod:Float","floor":11.0,"key":"SMITH"},{"data":"hexamod:ForkedFlame","floor":13.0,"key":"SMITH"},{"floor":18.0,"key":"REST"},{"floor":23.0,"key":"REST"}],"circlet_count":0,"master_deck":["hexamod:Strike","hexamod:Strike","hexamod:Strike","hexamod:Defend","hexamod:Defend","hexamod:Defend","hexamod:Defend","hexamod:Sear","hexamod:Float+1","hexamod:ChargedBarrage","hexamod:FirstSeal","hexamod:SecondSeal","hexamod:FourthSeal","hexamod:TimeWarp","hexamod:ForkedFlame+1","hexamod:ExtraCrispy","hexamod:FifthSeal","hexamod:SixthSeal","hexamod:FastForward","hexamod:ThirdSeal"],"relics":["hexamod:UnbrokenSoul","Dream Catcher","Letter Opener","downfall:HeartBlessingRed","downfall:HeartBlessingBlue","Bottled Flame"],"acts_visited":["Exordium","TheCity"],"potions_floor_usage":[],"damage_taken":[{"damage":0.0,"enemies":"Small Slimes","floor":2.0,"turns":3.0},{"damage":0.0,"enemies":"2 Louse","floor":3.0,"turns":2.0},{"damage":2.0,"enemies":"Cultist","floor":6.0,"turns":5.0},{"damage":3.0,"enemies":"Red Slaver","floor":8.0,"turns":5.0},{"damage":12.0,"enemies":"Exordium Wildlife","floor":9.0,"turns":5.0},{"damage":0.0,"enemies":"downfall:FleeingMerchant","floor":10.0,"turns":4.0},{"damage":3.0,"enemies":"Lots of Slimes","floor":14.0,"turns":4.0},{"damage":6.0,"enemies":"2 Fungi Beasts","floor":15.0,"turns":5.0},{"damage":50.0,"enemies":"DF_ARCHETYPE_STREAMLINE","floor":16.0,"turns":8.0},{"damage":28.0,"enemies":"Spheric Guardian","floor":19.0,"turns":5.0},{"damage":76.0,"enemies":"Chosen and Byrds","floor":20.0,"turns":8.0},{"damage":0,"enemies":"Centurion and Healer","floor":25,"turns":1}],"seed_played":"297553362770011553","potions_obtained":[{"floor":3.0,"key":"DistilledChaos"},{"floor":6.0,"key":"Regen Potion"},{"floor":8.0,"key":"Fire Potion"},{"floor":8.0,"key":"Guardian:BlockOnCardUsePotion"},{"floor":14.0,"key":"bronze:BurnAndBuffPotion"},{"floor":19.0,"key":"FairyPotion"},{"floor":19.0,"key":"SteroidPotion"}],"is_trial":false,"path_per_floor":["R","M","M","?","?","M","T","M","M","$","R","T","R","M","M","B",null,"R","M","M","?","?","R","T","M"],"character_chosen":"THE_SPIRIT","items_purchased":["Dream Catcher"],"campfire_rested":2,"item_purchase_floors":[10],"current_hp_per_floor":[77,77,77,70,70,75,75,77,72,77,77,77,77,77,77,34,77,87,78,9,9,9,35,35,35,35,35],"gold":189,"neow_bonus":"TEN_PERCENT_HP_BONUS","is_daily":false,"chose_seed":false,"campfire_upgraded":2,"win_rate":0.0,"timestamp":1612099456,"path_taken":["R","M","M","?","?","M","T","M","?","?","R","?","R","M","M","BOSS","R","M","?","?","?","R","T","M"],"items_purchased_type":["Relic"],"build_version":"2020-12-22","purchased_purges":1,"victory":false,"max_hp_per_floor":[77,77,77,77,77,77,77,77,77,77,77,77,77,77,77,77,77,87,87,87,87,87,87,87,87,87,87],"card_choices":[{"not_picked":["hexamod:HeatMetal","hexamod:ShieldOfDarkness"],"picked":"hexamod:ChargedBarrage","floor":2.0},{"not_picked":["hexamod:Hexaguard","hexamod:HeatCrush","hexamod:RainOfEmbers"],"picked":"SKIP","floor":3.0},{"not_picked":["hexamod:NecessarySacrifice","hexamod:FirstSeal","hexamod:PhantomCloak"],"picked":"SKIP","floor":6.0},{"not_picked":["hexamod:BacktrackSmack","hexamod:GhostLash","hexamod:PhantomCloak"],"picked":"SKIP","floor":8.0},{"not_picked":["hexamod:ShieldOfDarkness","hexamod:SpectersWail"],"picked":"hexamod:TimeWarp","floor":9.0},{"not_picked":["hexamod:SpectralAdrenaline","hexamod:FlamesFromBeyond"],"picked":"hexamod:ForkedFlame","floor":10.0},{"not_picked":["hexamod:SwordOfDarkness","hexamod:CatchUp","hexamod:NightmareGuise"],"picked":"SKIP","floor":14.0},{"not_picked":["hexamod:Firestarter","hexamod:FlamesFromBeyond"],"picked":"hexamod:ExtraCrispy","floor":15.0},{"not_picked":["hexamod:TimeOfNeed","hexamod:Toasty"],"picked":"hexamod:FifthSeal","floor":16.0},{"not_picked":["hexamod:SecondSeal","hexamod:FirstSeal"],"picked":"hexamod:SixthSeal","floor":19.0},{"not_picked":["hexamod:ThermalTransfer","hexamod:EmpoweredFlame"],"picked":"hexamod:FastForward","floor":19.0},{"not_picked":["hexamod:FirstSeal","hexamod:SixthSeal"],"picked":"hexamod:ThirdSeal","floor":20.0},{"not_picked":["hexamod:SecondSeal","hexamod:NecessarySacrifice","hexamod:SoulSteal"],"picked":"SKIP","floor":20.0}],"player_experience":844175,"relics_obtained":[{"floor":12.0,"key":"Letter Opener"},{"floor":24.0,"key":"Bottled Flame"}],"event_choices":[],"is_beta":false,"boss_relics":[{"not_picked":["Cursed Key","SacredBark"],"picked":"hexamod:UnbrokenSoul"}],"items_purged_floors":[10],"is_endless":false,"potions_floor_spawned":[3,8,9,19],"killed_by":"Centurion and Healer","ascension_level":0}}