{"host":"anox4050deqdcqoh","time":1612092758,"event":{"mods":["BaseMod","Colored Map","Highlight Path","Minty Spire (QoL Compilation)","Quick Restart","Rare Cards Sparkle","everything is the same but u backflip on backflip"],"gold_per_floor":[109,109,109,109,129,129,161,161,161,179,194,40,40,53,53,148,148,119,144,163,163,187,199,241,253,265,296,308,340,352,393,405,520,532,563,194,194,23,42,42,60,78,78,78,78],"floor_reached":44,"language":"ENG","playtime":3304,"items_purged":["Strike_B","Defend_B"],"score":538,"play_id":"5ae35f45-7db8-4e76-b7c4-c50bb4820ba6","local_time":"20210131063238","is_ascension_mode":true,"campfire_choices":[{"data":"Zap","floor":6,"key":"SMITH"},{"data":"Go for the Eyes","floor":13,"key":"SMITH"},{"data":"Dualcast","floor":15,"key":"SMITH"},{"floor":23,"key":"REST"},{"floor":25,"key":"REST"},{"data":"BootSequence","floor":28,"key":"SMITH"},{"floor":30,"key":"REST"},{"floor":32,"key":"REST"},{"floor":40,"key":"RECALL"}],"circlet_count":0,"master_deck":["Strike_B","Strike_B","Strike_B","Defend_B+1","Defend_B+1","Defend_B","Zap+1","Dualcast+1","Reinforced Body","Coolheaded","Cold Snap","Rebound","Go for the Eyes+1","BootSequence+1","Echo Form+1","Redo+1","Compile Driver","Gash","Gash","Gash","Defragment","Force Field+1"],"relics":["FrozenCore","Tiny Chest","Pear","Vajra","Ornamental Fan","Lee\u0027s Waffle","Red Mask","MawBank","Pen Nib","Blue Candle","Shuriken","Fusion Hammer","Strawberry","Emotion Chip"],"acts_visited":["Exordium","TheCity","TheBeyond"],"potions_floor_usage":[7,19,24,31,31,33,41,42,42],"damage_taken":[{"damage":8,"enemies":"2 Louse","floor":1,"turns":2},{"damage":7,"enemies":"Small Slimes","floor":5,"turns":3},{"damage":34,"enemies":"Gremlin Nob","floor":7,"turns":5},{"damage":5,"enemies":"Jaw Worm","floor":10,"turns":4},{"damage":0,"enemies":"Blue Slaver","floor":11,"turns":2},{"damage":1,"enemies":"Looter","floor":14,"turns":2},{"damage":10,"enemies":"The Guardian","floor":16,"turns":14},{"damage":23,"enemies":"2 Thieves","floor":18,"turns":5},{"damage":54,"enemies":"Masked Bandits","floor":19,"turns":8},{"damage":0,"enemies":"Chosen","floor":20,"turns":6},{"damage":25,"enemies":"Slavers","floor":24,"turns":9},{"damage":13,"enemies":"Centurion and Healer","floor":27,"turns":11},{"damage":3,"enemies":"Snake Plant","floor":29,"turns":8},{"damage":18,"enemies":"Gremlin Leader","floor":31,"turns":12},{"damage":12,"enemies":"Champ","floor":33,"turns":10},{"damage":0,"enemies":"3 Shapes","floor":35,"turns":12},{"damage":2,"enemies":"Orb Walker","floor":39,"turns":4},{"damage":4,"enemies":"Sphere and 2 Shapes","floor":41,"turns":8},{"damage":30,"enemies":"Transient","floor":42,"turns":5},{"damage":74,"enemies":"Giant Head","floor":44,"turns":9}],"seed_played":"-7145315724906223719","potions_obtained":[{"floor":1,"key":"DistilledChaos"},{"floor":10,"key":"PowerPotion"},{"floor":16,"key":"ColorlessPotion"},{"floor":24,"key":"EssenceOfDarkness"},{"floor":27,"key":"FocusPotion"},{"floor":29,"key":"SpeedPotion"},{"floor":41,"key":"SpeedPotion"}],"is_trial":false,"path_per_floor":["M","?","?","?","M","R","E","T","T","M","M","$","R","M","R","B",null,"M","?","M","?","T","R","E","R","T","M","R","M","R","E","R","B",null,"M","$","?","$","M","R","M","M","T","E"],"character_chosen":"DEFECT","items_purchased":["Lee\u0027s Waffle","FocusPotion","FocusPotion","Strawberry","Gash","Defragment"],"campfire_rested":4,"item_purchase_floors":[12,36,36,36,36,38],"current_hp_per_floor":[67,67,52,55,48,48,14,14,14,9,9,92,92,91,91,81,92,69,15,15,15,15,42,17,44,44,31,31,28,55,37,64,52,92,92,99,94,94,92,92,88,58,58,0,0],"gold":78,"neow_bonus":"RANDOM_COMMON_RELIC","is_daily":false,"chose_seed":false,"campfire_upgraded":4,"win_rate":0.0,"timestamp":1612092758,"path_taken":["M","?","?","?","M","R","E","?","T","M","?","$","R","M","R","BOSS","M","?","M","?","?","R","E","R","T","M","R","M","R","E","R","BOSS","M","$","?","$","M","R","M","M","T","E"],"items_purchased_type":["Relic","Potion","Potion","Relic","Card","Card"],"build_version":"2020-12-22","purchased_purges":2,"victory":false,"max_hp_per_floor":[75,75,75,85,85,85,85,85,85,85,85,92,92,92,92,92,92,92,92,92,92,92,92,92,92,92,92,92,92,92,92,92,92,92,92,99,94,94,94,94,94,94,94,94,94],"card_choices":[{"not_picked":["Fusion","Rebound"],"picked":"Reinforced Body","floor":1},{"not_picked":["Scrape","Force Field"],"picked":"Coolheaded","floor":5},{"not_picked":["Turbo","Ball Lightning"],"picked":"Cold Snap","floor":7},{"not_picked":["Streamline","Rip and Tear"],"picked":"Rebound","floor":10},{"not_picked":["Melter","Aggregate"],"picked":"Go for the Eyes","floor":11},{"not_picked":["Self Repair","Ball Lightning"],"picked":"BootSequence","floor":14},{"not_picked":["Hyperbeam","Creative AI"],"picked":"Echo Form","floor":16},{"not_picked":["Static Discharge","Ball Lightning"],"picked":"Redo+1","floor":18},{"not_picked":["Coolheaded","Auto Shields"],"picked":"Compile Driver","floor":19},{"not_picked":["Go for the Eyes","Beam Cell"],"picked":"Gash","floor":20},{"not_picked":["Tempest","Ball Lightning","Turbo"],"picked":"SKIP","floor":24},{"not_picked":["Redo","Biased Cognition","Cold Snap"],"picked":"SKIP","floor":27},{"not_picked":["Storm+1","Sunder","Cold Snap+1"],"picked":"SKIP","floor":29},{"not_picked":["Undo","Beam Cell"],"picked":"Gash","floor":31},{"not_picked":["Ball Lightning","Coolheaded","Leap"],"picked":"SKIP","floor":35},{"not_picked":["Thunder Strike","Ball Lightning","Cold Snap"],"picked":"SKIP","floor":39},{"not_picked":["Sweeping Beam+1","Leap","Go for the Eyes"],"picked":"SKIP","floor":41},{"not_picked":["Cold Snap+1","Ball Lightning+1"],"picked":"Force Field+1","floor":42}],"player_experience":427095,"relics_obtained":[{"floor":7,"key":"Vajra"},{"floor":9,"key":"Ornamental Fan"},{"floor":19,"key":"Red Mask"},{"floor":22,"key":"MawBank"},{"floor":24,"key":"Pen Nib"},{"floor":26,"key":"Blue Candle"},{"floor":31,"key":"Shuriken"},{"floor":43,"key":"Emotion Chip"}],"event_choices":[{"damage_healed":0,"gold_gain":0,"player_choice":"Ignored","damage_taken":0,"max_hp_gain":0,"max_hp_loss":0,"event_name":"Liars Game","floor":2,"gold_loss":0},{"damage_healed":0,"gold_gain":0,"player_choice":"Entered Light","damage_taken":15,"max_hp_gain":0,"max_hp_loss":0,"event_name":"Shining Light","floor":3,"gold_loss":0,"cards_upgraded":["Defend_B","Defend_B"]},{"damage_healed":0,"gold_gain":0,"player_choice":"Success","damage_taken":7,"relics_obtained":["Pear"],"max_hp_gain":0,"max_hp_loss":0,"event_name":"Scrap Ooze","floor":4,"gold_loss":0},{"damage_healed":0,"gold_gain":0,"player_choice":"Fought Bandits","damage_taken":0,"max_hp_gain":0,"max_hp_loss":0,"event_name":"Masked Bandits","floor":19,"gold_loss":0},{"damage_healed":0,"gold_gain":0,"player_choice":"Forge","damage_taken":0,"max_hp_gain":0,"max_hp_loss":0,"event_name":"Accursed Blacksmith","floor":21,"gold_loss":0,"cards_upgraded":["Echo Form"]},{"damage_healed":0,"gold_gain":0,"player_choice":"Max HP","damage_taken":0,"max_hp_gain":0,"max_hp_loss":5,"event_name":"Winding Halls","floor":37,"gold_loss":0}],"is_beta":false,"boss_relics":[{"not_picked":["Snecko Eye","Black Star"],"picked":"FrozenCore"},{"not_picked":["Sozu","Philosopher\u0027s Stone"],"picked":"Fusion Hammer"}],"items_purged_floors":[36,38],"is_endless":false,"potions_floor_spawned":[1,10,16,24,27,29,41],"killed_by":"Giant Head","ascension_level":3}}