{"host":"gzk4gkgy3zij1c51","time":1612125657,"event":{"mods":["BaseMod","Colored Map","Downfall","Highlight Path","Marked Mod","Minty Spire (QoL Compilation)","Relic Stats","StSLib","everything is the same but u backflip on backflip"],"gold_per_floor":[99,99,157,157,169,194,249,249,49,62,72,92,92,92,108,108,108,108],"floor_reached":16,"language":"ENG","playtime":908,"items_purged":[],"score":157,"play_id":"35ea837c-6a34-407b-bd39-b656e004a1ad","local_time":"20210131204057","is_ascension_mode":true,"campfire_choices":[{"floor":1,"key":"RECALL"},{"data":"Guardian:MultiBeam","floor":9,"key":"SMITH"},{"data":"Guardian:ArmoredProtocol","floor":13,"key":"SMITH"}],"circlet_count":0,"master_deck":["AscendersBane","Guardian:Strike_Guardian","Guardian:Strike_Guardian","Guardian:Strike_Guardian","Guardian:Defend_Guardian","Guardian:Defend_Guardian","Guardian:Defend_Guardian","Guardian:Defend_Guardian","Guardian:CurlUp","Guardian:TwinSlam","Guardian:PiercingHide","Guardian:ChargeCore","Guardian:GemFinder","Guardian:MultiBeam+1","Guardian:ChargeUp","Guardian:Suspension","Guardian:BaubleBeam","Guardian:ArmoredProtocol+1","Guardian:DecasProtection","Guardian:Gem_Cyan"],"relics":["Guardian:ModeShifter","downfall:HeartsMalice","Ancient Tea Set","Shovel","downfall:HeartBlessingRed","downfall:HeartBlessingBlue","Odd Mushroom","downfall:BrokenWingStatue"],"acts_visited":["Exordium"],"potions_floor_usage":[16],"damage_taken":[{"damage":0,"enemies":"Small Slimes","floor":2,"turns":1},{"damage":0,"enemies":"Lagavulin Event","floor":3,"turns":1},{"damage":0,"enemies":"2 Louse","floor":4,"turns":1},{"damage":3,"enemies":"Cultist","floor":5,"turns":5},{"damage":45,"enemies":"3 Sentries","floor":6,"turns":10},{"damage":0,"enemies":"2 Fungi Beasts","floor":10,"turns":4},{"damage":0,"enemies":"Lots of Slimes","floor":11,"turns":1},{"damage":17,"enemies":"The Mushroom Lair","floor":12,"turns":3},{"damage":11,"enemies":"Large Slime","floor":15,"turns":5},{"damage":90,"enemies":"DF_ARCHETYPE_STREAMLINE","floor":16,"turns":14}],"seed_played":"1071853971845517392","potions_obtained":[{"floor":3,"key":"DistilledChaos"},{"floor":5,"key":"FairyPotion"},{"floor":15,"key":"LiquidBronze"}],"is_trial":false,"path_per_floor":["R","M","?","M","M","E","T","?","R","M","M","?","R","?","M","B"],"character_chosen":"GUARDIAN","items_purchased":[],"campfire_rested":0,"item_purchase_floors":[],"current_hp_per_floor":[72,72,72,72,69,24,24,24,34,34,34,17,17,17,6,0,0,0],"gold":108,"neow_bonus":"THREE_ENEMY_KILL","is_daily":false,"chose_seed":false,"campfire_upgraded":2,"win_rate":0.0,"timestamp":1612125657,"path_taken":["R","M","?","M","M","E","T","?","R","M","M","?","R","?","M","BOSS"],"items_purchased_type":[],"build_version":"2020-12-22","purchased_purges":0,"victory":false,"max_hp_per_floor":[80,80,80,80,80,80,80,80,90,90,90,90,90,90,90,90,90,90],"relic_stats":{"Shovel":0,"counters":[10,42],"obtain_stats":[{"Shovel":6,"downfall:BrokenWingStatue":14,"downfall:HeartBlessingRed":9,"downfall:HeartBlessingBlue":9,"Guardian:ModeShifter":0,"downfall:HeartsMalice":0,"Odd Mushroom":12,"Ancient Tea Set":3},{"Shovel":5,"downfall:BrokenWingStatue":8,"downfall:HeartBlessingRed":5,"downfall:HeartBlessingBlue":5,"Guardian:ModeShifter":0,"downfall:HeartsMalice":0,"Odd Mushroom":8,"Ancient Tea Set":2},{"Shovel":15,"downfall:BrokenWingStatue":23,"downfall:HeartBlessingRed":15,"downfall:HeartBlessingBlue":15,"Guardian:ModeShifter":0,"downfall:HeartsMalice":0,"Odd Mushroom":23,"Ancient Tea Set":0}]},"card_choices":[{"not_picked":["Guardian:Gem_Yellow","Guardian:ShieldCharger"],"picked":"Guardian:PiercingHide","floor":2},{"not_picked":["Guardian:Incinerate","Guardian:VentSteam"],"picked":"Guardian:ChargeCore","floor":3},{"not_picked":["Guardian:TemporalStrike","Guardian:Orbwalk"],"picked":"Guardian:GemFinder","floor":4},{"not_picked":["Guardian:BodySlam","Guardian:BronzeOrb"],"picked":"Guardian:MultiBeam","floor":5},{"not_picked":["Guardian:Gem_Cyan","Guardian:Gem_Green"],"picked":"Guardian:Gem_Lightblue","floor":5},{"not_picked":["Guardian:Gem_Green","Guardian:BronzeOrb"],"picked":"Guardian:ChargeUp","floor":6},{"not_picked":["Guardian:Gem_Cyan","Guardian:Gem_Green"],"picked":"Guardian:Gem_Lightblue","floor":6},{"not_picked":["Guardian:Gem_Red","Guardian:Gem_Green"],"picked":"Guardian:Gem_Cyan","floor":10},{"not_picked":["Guardian:BronzeArmor","Guardian:VentSteam"],"picked":"Guardian:Suspension","floor":10},{"not_picked":["Guardian:PiercingHide","Guardian:ShieldCharger"],"picked":"Guardian:BaubleBeam","floor":11},{"not_picked":["Guardian:Gem_Red","Guardian:FloatingOrbs"],"picked":"Guardian:ArmoredProtocol","floor":12},{"not_picked":["Guardian:Gem_Red","Guardian:Gem_Green"],"picked":"Guardian:Gem_Cyan","floor":12},{"not_picked":["Guardian:RollAttack","Guardian:Gem_Cyan"],"picked":"Guardian:DecasProtection","floor":15},{"not_picked":["Guardian:Gem_Green","Guardian:Gem_Lightblue"],"picked":"Guardian:Gem_Cyan","floor":15}],"player_experience":1106915,"relics_obtained":[{"floor":3,"key":"Ancient Tea Set"},{"floor":6,"key":"Shovel"},{"floor":12,"key":"Odd Mushroom"}],"event_choices":[{"damage_healed":0,"gold_gain":0,"player_choice":"Fought Mushrooms","damage_taken":0,"max_hp_gain":0,"max_hp_loss":0,"event_name":"Mushrooms","floor":12,"gold_loss":0}],"is_beta":false,"boss_relics":[],"items_purged_floors":[],"is_endless":false,"potions_floor_spawned":[3,5,10,15],"killed_by":"DF_ARCHETYPE_STREAMLINE","ascension_level":12}}