{"host":"x7xd4wkamhrqrrvw","time":1612101911,"event":{"mods":["AchievementEnabler","BaseMod","Minty Spire (QoL Compilation)","StSLib"],"gold_per_floor":[111,111,127,146,159,194,207,207,254,254,254],"floor_reached":10,"language":"ENG","playtime":345,"items_purged":[],"score":130,"play_id":"8cbb1d09-e137-449b-aa0e-1d10fa5172ce","local_time":"20210131120511","is_ascension_mode":true,"campfire_choices":[{"data":"Pommel Strike","floor":8,"key":"SMITH"}],"circlet_count":0,"master_deck":["AscendersBane","Strike_R","Strike_R","Strike_R","Strike_R","Strike_R","Defend_R","Defend_R","Defend_R","Defend_R","Bash","Twin Strike","Disarm","Twin Strike","Impervious","Flame Barrier","Pommel Strike+1"],"relics":["Burning Blood","WingedGreaves","Anchor"],"acts_visited":["Exordium"],"potions_floor_usage":[],"damage_taken":[{"damage":7,"enemies":"Jaw Worm","floor":1,"turns":5},{"damage":9,"enemies":"2 Louse","floor":3,"turns":3},{"damage":0,"enemies":"Cultist","floor":4,"turns":3},{"damage":15,"enemies":"3 Louse","floor":5,"turns":5},{"damage":46,"enemies":"Gremlin Nob","floor":6,"turns":5},{"damage":7,"enemies":"Blue Slaver","floor":7,"turns":4},{"damage":47,"enemies":"Lagavulin","floor":10,"turns":10}],"seed_played":"3684887132612233663","potions_obtained":[],"is_trial":false,"path_per_floor":["M","?","M","M","M","E","M","R","T","E"],"character_chosen":"IRONCLAD","items_purchased":[],"campfire_rested":0,"item_purchase_floors":[],"current_hp_per_floor":[74,79,76,82,73,33,32,32,32,0,0],"gold":254,"neow_bonus":"TEN_PERCENT_HP_BONUS","is_daily":false,"chose_seed":false,"campfire_upgraded":1,"win_rate":0.0,"timestamp":1612101911,"path_taken":["M","?","M","M","M","E","M","R","T","E"],"items_purchased_type":[],"build_version":"2020-12-22","purchased_purges":0,"victory":false,"max_hp_per_floor":[82,87,87,87,87,87,87,87,87,87,87],"card_choices":[{"not_picked":["Heavy Blade","Headbutt"],"picked":"Twin Strike","floor":1},{"not_picked":["Burning Pact","Shrug It Off"],"picked":"Disarm","floor":3},{"not_picked":["Flex","Thunderclap"],"picked":"Twin Strike","floor":4},{"not_picked":["Fire Breathing","Headbutt"],"picked":"Impervious","floor":5},{"not_picked":["Cleave","Carnage"],"picked":"Flame Barrier","floor":6},{"not_picked":["Clash","Warcry"],"picked":"Pommel Strike","floor":7}],"player_experience":411240,"relics_obtained":[{"floor":6,"key":"WingedGreaves"},{"floor":9,"key":"Anchor"}],"event_choices":[{"damage_healed":0,"gold_gain":0,"player_choice":"Donut","damage_taken":0,"max_hp_gain":5,"max_hp_loss":0,"event_name":"Big Fish","floor":2,"gold_loss":0}],"is_beta":false,"boss_relics":[],"items_purged_floors":[],"is_endless":false,"potions_floor_spawned":[],"killed_by":"Lagavulin","ascension_level":17}}