{"host":"8uihyzx2cncbsjod","time":1612053824,"event":{"mods":["BaseMod","Custom Start","Downfall","Hermit","Minty Spire (QoL Compilation)","StSLib","egg"],"gold_per_floor":[99,110,210,222,13,24,24,34,61,61,87,106,6,22,36,36,36,36],"floor_reached":16,"language":"ENG","playtime":977,"items_purged":["sneckomod:Strike"],"score":104,"play_id":"eb9071ae-f31a-45bf-897b-37e219c4d326","local_time":"20210130194344","is_ascension_mode":false,"campfire_choices":[{"floor":1,"key":"RECALL"},{"data":"sneckomod:DiceBoulder","floor":10,"key":"SMITH"},{"data":"sneckomod:DiceBoulder+1","floor":13,"key":"SMITH"}],"circlet_count":0,"master_deck":["sneckomod:Strike","sneckomod:Strike","sneckomod:Defend","sneckomod:Defend","sneckomod:Defend","sneckomod:TailWhip","sneckomod:SnekBite","sneckomod:Unknown","sneckomod:Unknown","sneckomod:DiceCrush","sneckomod:RainOfDice","sneckomod:UnknownBlock","sneckomod:IronFang","sneckomod:ImprovisedAttack","sneckomod:UnknownRareAttack","sneckomod:DiceBoulder+2","sneckomod:DefensiveFlair","sneckomod:UnknownUncommonAttack","sneckomod:CheapStock","sneckomod:IronFang","sneckomod:Unknown0Cost"],"relics":["sneckomod:SneckoSoul","sneckomod:ConfusingCodex","Odd Mushroom","Gremlin Horn","downfall:HeartBlessingRed"],"acts_visited":["Exordium"],"potions_floor_usage":[11,16,16,16],"damage_taken":[{"damage":0,"enemies":"Small Slimes","floor":2,"turns":3},{"damage":6,"enemies":"2 Louse","floor":4,"turns":2},{"damage":5,"enemies":"downfall:FleeingMerchant","floor":5,"turns":4},{"damage":5,"enemies":"Jaw Worm","floor":6,"turns":5},{"damage":3,"enemies":"Lots of Slimes","floor":8,"turns":4},{"damage":3,"enemies":"The Mushroom Lair","floor":9,"turns":3},{"damage":14,"enemies":"3 Sentries","floor":11,"turns":8},{"damage":0,"enemies":"2 Fungi Beasts","floor":12,"turns":2},{"damage":0,"enemies":"3 Louse","floor":14,"turns":2},{"damage":0,"enemies":"Gremlin Gang","floor":15,"turns":2},{"damage":72,"enemies":"WA_ARCHETYPE_RETAIN","floor":16,"turns":9}],"seed_played":"-4045315582940183483","potions_obtained":[{"floor":4,"key":"GamblersBrew"},{"floor":8,"key":"PowerPotion"},{"floor":11,"key":"Energy Potion"},{"floor":14,"key":"bronze:BurnAndBuffPotion"}],"is_trial":false,"path_per_floor":["R","M","?","M","$","M","T","M","?","R","E","M","R","M","M","B"],"character_chosen":"THE_SNECKO","items_purchased":["sneckomod:IronFang","sneckomod:ImprovisedAttack"],"campfire_rested":0,"item_purchase_floors":[5,5],"current_hp_per_floor":[99,99,99,93,88,83,83,80,77,77,63,63,63,63,63,0,0,0],"gold":36,"neow_bonus":"TEN_PERCENT_HP_BONUS","is_daily":false,"chose_seed":false,"campfire_upgraded":2,"win_rate":0.0,"timestamp":1612053824,"path_taken":["R","M","?","M","$","M","T","M","?","R","E","M","R","M","M","BOSS"],"items_purchased_type":["Card","Card"],"build_version":"2020-12-22","purchased_purges":1,"victory":false,"max_hp_per_floor":[99,99,99,99,99,99,99,99,99,99,99,99,99,99,99,99,99,99],"card_choices":[{"not_picked":["sneckomod:WideSting","sneckomod:UnknownBlock"],"picked":"sneckomod:DiceCrush","floor":2},{"not_picked":["sneckomod:UnknownVulnerable","sneckomod:WideSting"],"picked":"sneckomod:RainOfDice","floor":4},{"not_picked":["sneckomod:TrashToTreasure","sneckomod:SoulDraw"],"picked":"sneckomod:UnknownBlock","floor":5},{"not_picked":["sneckomod:SnakeSap","sneckomod:DiceBlock"],"picked":"sneckomod:UnknownRareAttack","floor":6},{"not_picked":["sneckomod:SoulRoll","sneckomod:SnakeSap"],"picked":"sneckomod:DiceBoulder","floor":8},{"not_picked":["sneckomod:QuickBite","sneckomod:RainOfDice"],"picked":"sneckomod:DefensiveFlair","floor":9},{"not_picked":["sneckomod:Unknown1Cost","sneckomod:SoulRoll"],"picked":"sneckomod:UnknownUncommonAttack","floor":11},{"not_picked":["sneckomod:UnknownWeak","sneckomod:QuickBite"],"picked":"sneckomod:CheapStock","floor":12},{"not_picked":["sneckomod:UnknownUncommonAttack","sneckomod:RainOfDice"],"picked":"sneckomod:IronFang","floor":14},{"not_picked":["sneckomod:RainOfDice","sneckomod:SoulRoll"],"picked":"sneckomod:Unknown0Cost","floor":15}],"player_experience":635568,"relics_obtained":[{"floor":7,"key":"sneckomod:ConfusingCodex"},{"floor":9,"key":"Odd Mushroom"},{"floor":11,"key":"Gremlin Horn"}],"event_choices":[{"damage_healed":0,"gold_gain":0,"player_choice":"Fought Mushrooms","damage_taken":0,"max_hp_gain":0,"max_hp_loss":0,"event_name":"Mushrooms","floor":9,"gold_loss":0}],"is_beta":false,"boss_relics":[],"items_purged_floors":[5],"is_endless":false,"potions_floor_spawned":[4,8,11,14],"killed_by":"WA_ARCHETYPE_RETAIN","ascension_level":0}}