{"host":"gsgpu9obojnqwpp0","time":1612051316,"event":{"mods":["2.2 Compatiblity","AchievementEnabler","Alarm Clock","BaseMod","Bestiary","Block Reminder","Dark Map","DeckTracker","Highlight Path","Minty Spire (QoL Compilation)","MonsterHotkey","Permanent Neow","Quick Restart","Relic Stats","Slay-I","SuperFastMode","Uncapped","Unknown Chances","slay the spire mod where everything is the same but ironclad has a cowboy hat"],"gold_per_floor":[114,64,64,87,87,87,108,108,108,132,148,1,26,46,46,177,177,200,0,0,13,32,32,32],"floor_reached":23,"language":"ENG","playtime":656,"items_purged":["Strike_P"],"score":247,"play_id":"6f0008d3-8dcd-431a-ad38-f6f828f5bd41","local_time":"20210130190156","is_ascension_mode":true,"campfire_choices":[{"data":"Eruption","floor":6,"key":"SMITH"},{"floor":8,"key":"REST"},{"floor":15,"key":"REST"}],"circlet_count":0,"master_deck":["Strike_P","Defend_P","Defend_P","Defend_P","Defend_P","Eruption+1","Vigilance","ConjureBlade","WreathOfFlame","WindmillStrike","Conclude","LikeWater","Fasting2","Conclude","CutThroughFate","Brilliance","Prostrate"],"relics":["PureWater","Golden Idol","Pen Nib","Black Star","Vajra"],"acts_visited":["Exordium","TheCity"],"potions_floor_usage":[23,23],"damage_taken":[{"damage":3,"enemies":"Jaw Worm","floor":1,"turns":3},{"damage":5,"enemies":"2 Louse","floor":4,"turns":3},{"damage":6,"enemies":"Cultist","floor":7,"turns":3},{"damage":0,"enemies":"Exordium Wildlife","floor":10,"turns":1},{"damage":0,"enemies":"Lots of Slimes","floor":11,"turns":2},{"damage":7,"enemies":"Looter","floor":13,"turns":3},{"damage":11,"enemies":"Blue Slaver","floor":14,"turns":3},{"damage":0,"enemies":"Slime Boss","floor":16,"turns":3},{"damage":0,"enemies":"Chosen","floor":18,"turns":3},{"damage":39,"enemies":"3 Byrds","floor":21,"turns":5},{"damage":38,"enemies":"Snecko","floor":22,"turns":6},{"damage":22,"enemies":"Slavers","floor":23,"turns":3}],"seed_played":"7367914385807953626","potions_obtained":[{"floor":1,"key":"FairyPotion"},{"floor":10,"key":"Dexterity Potion"},{"floor":14,"key":"PowerPotion"},{"floor":16,"key":"Block Potion"},{"floor":20,"key":"Explosive Potion"}],"is_trial":false,"path_per_floor":["M","?","?","M","?","R","M","R","T","M","M","$","M","M","R","B",null,"M","$","?","M","M","E"],"character_chosen":"WATCHER","items_purchased":["Conclude","Vajra","Prostrate"],"campfire_rested":2,"item_purchase_floors":[12,19,19],"current_hp_per_floor":[62,62,46,41,41,41,35,54,54,54,54,54,47,36,55,55,65,65,65,65,26,19,0,0],"gold":32,"neow_bonus":"THREE_RARE_CARDS","is_daily":false,"chose_seed":false,"campfire_upgraded":1,"win_rate":0.0,"timestamp":1612051316,"path_taken":["M","?","?","M","?","R","M","R","T","M","M","$","?","M","R","BOSS","M","$","?","M","?","E"],"items_purchased_type":["Card","Relic","Card"],"build_version":"2020-12-22","purchased_purges":1,"victory":false,"max_hp_per_floor":[65,65,65,65,65,65,65,65,65,65,65,65,65,65,65,65,65,65,65,65,65,65,65,65],"relic_stats":{"counters":[12,38],"Golden Idol":64,"Pen Nib":[3],"Black Star":0,"obtain_stats":[{"Golden Idol":3,"Vajra":19,"Pen Nib":9,"Black Star":17,"PureWater":0},{"Golden Idol":1,"Vajra":9,"Pen Nib":3,"Black Star":8,"PureWater":0},{"Golden Idol":3,"Vajra":24,"Pen Nib":9,"Black Star":21,"PureWater":0}]},"card_choices":[{"not_picked":["LessonLearned","Devotion"],"picked":"ConjureBlade","floor":0},{"not_picked":["Collect","CrushJoints"],"picked":"WreathOfFlame","floor":1},{"not_picked":["ClearTheMind","CutThroughFate"],"picked":"WindmillStrike","floor":4},{"not_picked":["FollowUp","Pray"],"picked":"Conclude","floor":7},{"not_picked":["Indignation","Nirvana"],"picked":"LikeWater","floor":10},{"not_picked":["TalkToTheHand","Swivel"],"picked":"Fasting2","floor":11},{"not_picked":["Evaluate","SpiritShield"],"picked":"CutThroughFate","floor":13},{"not_picked":["MentalFortress","ClearTheMind","CutThroughFate"],"picked":"SKIP","floor":14},{"not_picked":["Scrawl","MasterReality"],"picked":"Brilliance","floor":16},{"not_picked":["BowlingBash","FlyingSleeves","Wireheading"],"picked":"SKIP","floor":18},{"not_picked":["EmptyBody","BowlingBash","LikeWater"],"picked":"SKIP","floor":21},{"not_picked":["Weave+1","Consecrate","FlurryOfBlows"],"picked":"SKIP","floor":22}],"player_experience":275954,"relics_obtained":[{"floor":9,"key":"Pen Nib"}],"event_choices":[{"cards_removed":["Strike_P"],"damage_healed":0,"gold_gain":0,"player_choice":"Card Removal","damage_taken":0,"max_hp_gain":0,"max_hp_loss":0,"event_name":"The Cleric","floor":2,"gold_loss":50},{"damage_healed":0,"gold_gain":0,"player_choice":"Take Damage","damage_taken":16,"relics_obtained":["Golden Idol"],"max_hp_gain":0,"max_hp_loss":0,"event_name":"Golden Idol","floor":3,"gold_loss":0},{"cards_removed":["Strike_P"],"damage_healed":0,"gold_gain":0,"player_choice":"Purged","damage_taken":0,"max_hp_gain":0,"max_hp_loss":0,"event_name":"Purifier","floor":5,"gold_loss":0},{"damage_healed":0,"gold_gain":0,"player_choice":"Got Potions","damage_taken":0,"max_hp_gain":0,"max_hp_loss":0,"event_name":"Lab","floor":20,"gold_loss":0}],"is_beta":false,"boss_relics":[{"not_picked":["SacredBark","Ectoplasm"],"picked":"Black Star"}],"items_purged_floors":[12],"is_endless":false,"potions_floor_spawned":[1,10,14,16,18,21],"killed_by":"Slavers","ascension_level":1}}