{"host":"q4axc00jr2bozlh9","time":1612122479,"event":{"mods":["AchievementEnabler","BaseMod","Bestiary","Colored Map","Colored Powertips","Curses Come First","Minty Spire (QoL Compilation)","Relic Stats","StSLib","SuperFastMode","UnlockEverythingMod"],"gold_per_floor":[113,113,126,139,159,159,44,44,68,68,68,68,84,111,111,111,111],"floor_reached":16,"language":"ENG","playtime":698,"items_purged":["Strike_R"],"score":100,"play_id":"5129203d-97c7-45ec-9f3d-ec95bcad23b6","local_time":"20210131204759","is_ascension_mode":false,"campfire_choices":[{"data":"Armaments","floor":6,"key":"SMITH"},{"data":"True Grit","floor":8,"key":"SMITH"},{"data":"Intimidate","floor":10,"key":"SMITH"},{"floor":15,"key":"RECALL"}],"circlet_count":0,"master_deck":["Strike_R","Strike_R","Strike_R","Strike_R","Defend_R","Defend_R","Defend_R","Defend_R","Bash","Armaments+1","Pommel Strike","True Grit+1","Shrug It Off","Intimidate+1","Warcry"],"relics":["Burning Blood","NeowsBlessing","MealTicket","Omamori","Strawberry"],"acts_visited":["Exordium"],"potions_floor_usage":[14,14,16,16,16,16],"damage_taken":[{"damage":0,"enemies":"2 Louse","floor":1,"turns":1},{"damage":0,"enemies":"Cultist","floor":3,"turns":1},{"damage":0,"enemies":"Small Slimes","floor":4,"turns":1},{"damage":8,"enemies":"Looter","floor":5,"turns":4},{"damage":3,"enemies":"Red Slaver","floor":13,"turns":5},{"damage":18,"enemies":"Lagavulin","floor":14,"turns":12},{"damage":77,"enemies":"Slime Boss","floor":16,"turns":11}],"seed_played":"2275544537065147834","potions_obtained":[{"floor":2,"key":"Block Potion"},{"floor":2,"key":"PowerPotion"},{"floor":2,"key":"EntropicBrew"}],"is_trial":false,"path_per_floor":["M","?","M","M","M","R","$","R","T","R","?","?","M","E","R","B"],"character_chosen":"IRONCLAD","items_purchased":["Intimidate"],"campfire_rested":0,"item_purchase_floors":[7],"current_hp_per_floor":[80,80,80,80,78,78,78,78,78,78,78,71,74,69,69,0,0],"gold":111,"neow_bonus":"THREE_ENEMY_KILL","is_daily":false,"chose_seed":false,"campfire_upgraded":3,"win_rate":0.0,"timestamp":1612122479,"path_taken":["M","?","?","M","M","R","$","R","T","R","?","?","M","E","R","BOSS"],"items_purchased_type":["Card"],"build_version":"2020-12-22","purchased_purges":1,"victory":false,"max_hp_per_floor":[80,80,80,80,80,80,80,80,80,80,80,80,80,87,87,87,87],"relic_stats":{"counters":[7,35],"MealTicket":0,"obtain_stats":[{"NeowsBlessing":0,"Strawberry":14,"MealTicket":9,"Omamori":11,"Burning Blood":0},{"NeowsBlessing":0,"Strawberry":6,"MealTicket":4,"Omamori":4,"Burning Blood":0},{"NeowsBlessing":0,"Strawberry":24,"MealTicket":7,"Omamori":7,"Burning Blood":0}],"Burning Blood":18},"card_choices":[{"not_picked":["Bloodletting","Body Slam"],"picked":"Armaments","floor":1},{"not_picked":["Burning Pact","Body Slam"],"picked":"Pommel Strike","floor":3},{"not_picked":["Iron Wave","Havoc"],"picked":"True Grit","floor":4},{"not_picked":["Fire Breathing","Heavy Blade"],"picked":"Shrug It Off","floor":5},{"not_picked":["Sever Soul","Dual Wield"],"picked":"Warcry","floor":13},{"not_picked":["Twin Strike","Spot Weakness","Bloodletting"],"picked":"SKIP","floor":14}],"player_experience":222871,"relics_obtained":[{"floor":9,"key":"MealTicket"},{"floor":14,"key":"Strawberry"}],"event_choices":[{"damage_healed":0,"gold_gain":0,"player_choice":"Got Potions","damage_taken":0,"max_hp_gain":0,"max_hp_loss":0,"event_name":"Lab","floor":2,"gold_loss":0},{"damage_healed":0,"gold_gain":0,"player_choice":"Box","damage_taken":0,"relics_obtained":["Omamori"],"max_hp_gain":0,"max_hp_loss":0,"event_name":"Big Fish","floor":11,"gold_loss":0,"cards_obtained":["Regret"]},{"cards_removed":["Regret"],"damage_healed":0,"gold_gain":0,"player_choice":"Card Removal","damage_taken":7,"max_hp_gain":0,"max_hp_loss":0,"event_name":"Golden Wing","floor":12,"gold_loss":0}],"is_beta":false,"boss_relics":[],"items_purged_floors":[7],"is_endless":false,"potions_floor_spawned":[3,5,13],"killed_by":"Slime Boss","ascension_level":0}}