{"host":"0fmi5fguj5lvt8pf","time":1612108722,"event":{"mods":["BaseMod","Colored Map","Curses Come First","Downfall","Minty Spire (QoL Compilation)","Permanent Neow","StSLib"],"gold_per_floor":[99,117,136,146,163,174,174,209,225,238,238,256,56,129,146,244,244,244,260,280,294,169,169,194,194,205,205,216,226,236,78,89,190,190,190,204,204,301,311,326,326,26,40,54,65,65,415,415,429,429,429,459,82,82,82,82,82],"floor_reached":55,"language":"ENG","playtime":4800,"items_purged":["Guardian:Defend_Guardian","Guardian:Strike_Guardian","Guardian:Strike_Guardian"],"score":733,"play_id":"3c2b87e6-deef-4b72-9659-5bb67653bd0f","local_time":"20210131075842","is_ascension_mode":false,"campfire_choices":[{"data":"Guardian:CurlUp","floor":1.0,"key":"SMITH"},{"floor":11.0,"key":"REST"},{"data":"Guardian:DonusPower","floor":18.0,"key":"SMITH"},{"data":"Mayhem","floor":23.0,"key":"SMITH"},{"floor":35.0,"key":"RECALL"},{"data":"Guardian:StasisStrike","floor":42.0,"key":"SMITH"},{"floor":54,"key":"REST"}],"circlet_count":0,"master_deck":["Guardian:Strike_Guardian","Guardian:Strike_Guardian+1","Guardian:Defend_Guardian","Guardian:Defend_Guardian","Guardian:Defend_Guardian","Guardian:CurlUp+1","Guardian:TwinSlam","Guardian:PolyBeam","Guardian:DonusPower+1","Guardian:ShieldCharger","Guardian:StasisField","Guardian:Incinerate+1","Guardian:PrimingBeam","Guardian:ArmoredProtocol","Mayhem+1","Guardian:PiercingHide","Guardian:RevengeProtocol","Guardian:StasisStrike+1","Guardian:BronzeOrb","Guardian:RevengeProtocol","Guardian:BodySlam+1","Guardian:DecasProtection+1","Guardian:Repulse"],"relics":["Guardian:ModeShifter","hexamod:Sixitude","Guardian:PocketSentry","sneckomod:SneckoTalon","Lantern","Singing Bowl","Bronze Scales","SlaversCollar","Whetstone","Gremlin Horn","downfall:HeartBlessingRed","downfall:HeartBlessingGreen","downfall:HeartBlessingBlue","Old Coin","Ornamental Fan","Membership Card","Incense Burner"],"acts_visited":["Exordium","TheCity","TheBeyond","TheEnding"],"potions_floor_usage":[55],"damage_taken":[{"damage":1.0,"enemies":"Cultist","floor":2.0,"turns":3.0},{"damage":11.0,"enemies":"Jaw Worm","floor":3.0,"turns":3.0},{"damage":0.0,"enemies":"Small Slimes","floor":4.0,"turns":2.0},{"damage":5.0,"enemies":"2 Fungi Beasts","floor":5.0,"turns":3.0},{"damage":21.0,"enemies":"Lots of Slimes","floor":6.0,"turns":4.0},{"damage":0.0,"enemies":"Lagavulin","floor":8.0,"turns":6.0},{"damage":0.0,"enemies":"Large Slime","floor":9.0,"turns":5.0},{"damage":6.0,"enemies":"2 Fungi Beasts","floor":10.0,"turns":3.0},{"damage":0.0,"enemies":"3 Louse","floor":12.0,"turns":3.0},{"damage":0.0,"enemies":"downfall:FleeingMerchant","floor":13.0,"turns":4.0},{"damage":1.0,"enemies":"Exordium Wildlife","floor":15.0,"turns":4.0},{"damage":31.0,"enemies":"DF_ARCHETYPE_STREAMLINE","floor":16.0,"turns":12.0},{"damage":3.0,"enemies":"Chosen","floor":19.0,"turns":6.0},{"damage":10.0,"enemies":"Spheric Guardian","floor":20.0,"turns":4.0},{"damage":8.0,"enemies":"Cultist and Chosen","floor":21.0,"turns":7.0},{"damage":10.0,"enemies":"downfall:FleeingMerchant","floor":22.0,"turns":4.0},{"damage":0.0,"enemies":"Snake Plant","floor":26.0,"turns":4.0},{"damage":0.0,"enemies":"Centurion and Healer","floor":28.0,"turns":8.0},{"damage":0.0,"enemies":"Cultist and Chosen","floor":29.0,"turns":6.0},{"damage":9.0,"enemies":"Snake Plant","floor":30.0,"turns":3.0},{"damage":0.0,"enemies":"downfall:FleeingMerchant","floor":31.0,"turns":4.0},{"damage":0.0,"enemies":"Sentry and Sphere","floor":32.0,"turns":4.0},{"damage":20.0,"enemies":"SI_MIRROR_ARCHETYPE","floor":33.0,"turns":9.0},{"damage":6.0,"enemies":"Orb Walker","floor":36.0,"turns":4.0},{"damage":0.0,"enemies":"downfall:FleeingMerchant","floor":38.0,"turns":4.0},{"damage":15.0,"enemies":"3 Darklings","floor":39.0,"turns":5.0},{"damage":9.0,"enemies":"Sphere and 2 Shapes","floor":40.0,"turns":6.0},{"damage":14,"enemies":"Jaw Worm Horde","floor":43,"turns":4},{"damage":0,"enemies":"Maw","floor":44,"turns":6},{"damage":0,"enemies":"Sphere and 2 Shapes","floor":45,"turns":3},{"damage":0,"enemies":"Sphere and 2 Shapes","floor":47,"turns":6},{"damage":14,"enemies":"4 Shapes","floor":49,"turns":4},{"damage":18,"enemies":"WA_ARCHETYPE_DIVINITY","floor":50,"turns":10},{"damage":103,"enemies":"downfall:CharBossMerchant","floor":52,"turns":10},{"damage":59,"enemies":"downfall:NeowBoss","floor":55,"turns":17}],"seed_played":"-818328478831902306","potions_obtained":[{"floor":2.0,"key":"SpeedPotion"},{"floor":4.0,"key":"PowerPotion"},{"floor":12.0,"key":"sneckomod:MuddlingPotion"},{"floor":15.0,"key":"Weak Potion"},{"floor":16.0,"key":"DistilledChaos"},{"floor":26.0,"key":"CultistPotion"}],"is_trial":false,"path_per_floor":["R","M","M","M","M","M","T","E","M","M","R","M","$","T","M","B",null,"R","M","M","M","$","R","T","T","M","?","M","M","M","$","M","B",null,"R","M","?","$","M","M","T","R","M","M","M","?","?","?","M","B",null,"E","$","R","B"],"character_chosen":"GUARDIAN","items_purchased":["Mayhem","Guardian:BronzeOrb","Bronze Scales","Whetstone","Membership Card","Incense Burner","Guardian:Repulse"],"campfire_rested":2,"item_purchase_floors":[13,22,31,38,53,53,53],"current_hp_per_floor":[56,55,44,44,39,18,18,18,18,12,36,36,36,36,35,4,80,80,77,67,59,49,49,49,49,51,78,80,82,75,77,79,61,94,94,90,90,90,77,70,70,80,66,68,70,70,70,70,58,40,116,15,15,50,0,0,0],"gold":82,"neow_bonus":"ONE_RARE_RELIC","is_daily":false,"chose_seed":false,"campfire_upgraded":4,"win_rate":0.0,"timestamp":1612108722,"path_taken":["R","M","M","M","?","M","T","E","M","M","R","M","?","?","M","BOSS","R","M","M","M","?","R","T","?","M","?","M","M","M","$","M","BOSS","R","M","?","$","M","M","T","R","M","?","M","?","?","?","M","BOSS","E","$","R","BOSS"],"items_purchased_type":["Card","Card","Relic","Relic","Relic","Relic","Card"],"build_version":"2020-12-22","purchased_purges":3,"victory":false,"max_hp_per_floor":[80,80,80,80,80,80,80,80,80,80,80,80,80,80,80,80,80,80,80,80,80,80,80,80,80,82,82,84,86,88,90,92,94,94,94,96,96,96,98,100,100,110,110,112,114,114,114,114,116,116,116,118,118,118,118,118,118],"card_choices":[{"not_picked":["Guardian:TimeBomb","Guardian:ChargeCore"],"picked":"Guardian:PolyBeam","floor":2.0},{"not_picked":["Guardian:Gem_Green","Guardian:WalkerClaw"],"picked":"Guardian:DonusPower","floor":3.0},{"not_picked":["Guardian:ShieldSpikes","Guardian:WalkerClaw","Guardian:CrystalBeam"],"picked":"SKIP","floor":4.0},{"not_picked":["Guardian:ShieldSpikes","Guardian:VentSteam"],"picked":"Guardian:ShieldCharger","floor":5.0},{"not_picked":["Guardian:Gem_Green","Guardian:PrismaticBeam","Guardian:TemporalStrike"],"picked":"SKIP","floor":6.0},{"not_picked":["Guardian:WalkerClaw","Guardian:Suspension"],"picked":"Guardian:StasisField","floor":8.0},{"not_picked":["Guardian:Repulse","Guardian:CrystalBeam"],"picked":"Guardian:Incinerate","floor":9.0},{"not_picked":["Guardian:ShieldCharger","Guardian:RefractedBeam"],"picked":"Guardian:PrimingBeam","floor":10.0},{"not_picked":["Guardian:BronzeArmor","Guardian:Harden"],"picked":"Guardian:Gem_Yellow","floor":12.0},{"not_picked":["Guardian:VentSteam","Guardian:TemporalShield"],"picked":"Guardian:ArmoredProtocol","floor":13.0},{"not_picked":["Guardian:PrismaticBarrier","Guardian:VentSteam"],"picked":"Guardian:PiercingHide","floor":15.0},{"not_picked":["Guardian:FastForward","Guardian:AncientConstruct"],"picked":"Guardian:RevengeProtocol","floor":16.0},{"not_picked":["Guardian:Incinerate","Guardian:TemporalStrike","Guardian:Planning+1"],"picked":"SKIP","floor":19.0},{"not_picked":["Guardian:Planning","Guardian:BronzeArmor"],"picked":"Guardian:Recover","floor":20.0},{"not_picked":["Guardian:Planning","Guardian:Harden","Guardian:PrimingBeam"],"picked":"SKIP","floor":21.0},{"not_picked":["Guardian:Recover+1","Guardian:Incinerate"],"picked":"Guardian:StasisStrike","floor":22.0},{"not_picked":["Guardian:PrismaticBeam","Guardian:Gem_Red","Guardian:Gem_Cyan"],"picked":"Singing Bowl","floor":26.0},{"not_picked":["Guardian:FuturePlans+1","Guardian:GuardianWhirl","Guardian:Gem_Lightblue"],"picked":"Singing Bowl","floor":28.0},{"not_picked":["Guardian:CrystalBeam+1","Guardian:Gem_Cyan","Guardian:TemporalShield+1"],"picked":"Singing Bowl","floor":29.0},{"not_picked":["Guardian:Gem_Purple","Guardian:Gem_Lightblue","Guardian:Suspension+1"],"picked":"Singing Bowl","floor":30.0},{"not_picked":["Guardian:WalkerClaw","Guardian:TemporalShield","Guardian:StasisEngine"],"picked":"Singing Bowl","floor":31.0},{"not_picked":["Guardian:Planning+1","Guardian:Gem_Cyan","Guardian:TemporalStrike"],"picked":"Singing Bowl","floor":32.0},{"not_picked":["Guardian:FierceBash","Guardian:GatlingBeam","Guardian:GemFire"],"picked":"Singing Bowl","floor":33.0},{"not_picked":["Guardian:Recover","Guardian:DonusPower","Guardian:Gem_Purple"],"picked":"Singing Bowl","floor":36.0},{"not_picked":["Guardian:FastForward","Guardian:TimeBomb"],"picked":"Guardian:Gem_Blue","floor":38.0},{"not_picked":["Guardian:ShieldCharger","Guardian:PrimingBeam","Guardian:PiercingHide"],"picked":"Singing Bowl","floor":39.0},{"not_picked":["Guardian:Gem_Crimson","Guardian:PrimingBeam","Guardian:MultiBeam"],"picked":"Singing Bowl","floor":40.0},{"not_picked":["Guardian:PiercingHide+1","Guardian:ShieldCharger"],"picked":"Guardian:BodySlam+1","floor":43},{"not_picked":["Guardian:Harden","Guardian:PiercingHide","Guardian:ShieldCharger"],"picked":"Singing Bowl","floor":44},{"not_picked":["Guardian:CrystalBeam","Guardian:ShieldCharger","Guardian:TimeCapacitor+1"],"picked":"Singing Bowl","floor":45},{"not_picked":["Guardian:ChargeCore+1","Guardian:Reroute"],"picked":"Guardian:DecasProtection+1","floor":47},{"not_picked":["Guardian:Recover+1","Guardian:Planning+1","Guardian:Gem_Cyan"],"picked":"Singing Bowl","floor":49},{"not_picked":["Guardian:PiercingHide","Guardian:Incinerate+1","Guardian:SentryBeam"],"picked":"Singing Bowl","floor":52}],"player_experience":1456943,"relics_obtained":[{"floor":7.0,"key":"Guardian:PocketSentry"},{"floor":8.0,"key":"Art of War"},{"floor":24.0,"key":"Lantern"},{"floor":25.0,"key":"Singing Bowl"},{"floor":41.0,"key":"Gremlin Horn"},{"floor":47,"key":"Old Coin"},{"floor":52,"key":"Ornamental Fan"}],"event_choices":[{"damage_healed":27.0,"max_hp_gain":0.0,"max_hp_loss":0.0,"gold_gain":0.0,"event_name":"The Library","player_choice":"Heal","floor":27.0,"gold_loss":0.0,"damage_taken":0.0},{"cards_removed":["Guardian:Recover"],"damage_healed":0,"gold_gain":0,"player_choice":"Removed Skill","damage_taken":0,"max_hp_gain":0,"max_hp_loss":0,"event_name":"Falling","floor":48,"gold_loss":0}],"is_beta":false,"boss_relics":[{"not_picked":["Cursed Key","Coffee Dripper"],"picked":"sneckomod:SneckoTalon"},{"not_picked":["Philosopher\u0027s Stone","Guardian:StasisSlotReductionRelic"],"picked":"SlaversCollar"}],"items_purged_floors":[22,38,53],"is_endless":false,"potions_floor_spawned":[2,4,12,15,16,20,21,26,28,29,33,40,45],"killed_by":"downfall:NeowBoss","ascension_level":0}}