{"host":"hl2lcm3kcu0x5jvn","time":1612069084,"event":{"mods":["AchievementEnabler","BaseMod","Conspire","Downfall","Friendly Minions","Highlight Path","Hubris","Infinite Spire","Lobotomy","Minty Spire (QoL Compilation)","Replay The Spire","Shop Mod","StSLib","everything is the same but u backflip on backflip"],"gold_per_floor":[144,144,189,234,234,234,324,384,459,549,594,594,594,94,94,394,394,439,484,256,346,346,346,391,391,391,481,526,616,751,37,37,364,376,388,388,388],"floor_reached":35,"language":"ENG","playtime":2166,"items_purged":[],"score":648,"play_id":"a38db99d-3a33-4722-8b38-4e83f7024326","local_time":"20210131115804","daily_mods":["Cursed Run","Blue Cards","Midas"],"is_ascension_mode":false,"campfire_choices":[{"floor":6,"key":"REST"},{"floor":23,"key":"REST"},{"floor":25,"key":"REST"},{"floor":32,"key":"DIG"}],"circlet_count":0,"master_deck":["Slimebound:Strike_Slimebound","Slimebound:Strike_Slimebound","Slimebound:Strike_Slimebound","Slimebound:Tackle","Slimebound:Defend_Slimebound","Slimebound:Defend_Slimebound","Slimebound:Defend_Slimebound","Slimebound:Defend_Slimebound","Slimebound:Split","Slimebound:CorrosiveSpit","Barrage","Slimebound:SlimeSpikes","Slimebound:GoopSpray","Normality","Cold Snap","Conserve Battery","ReplayTheSpireMod:IOU","Fusion","Slimebound:Schlurp","downfall:Aged","Slimebound:CheckThePlaybook","Go for the Eyes","Capacitor+1","Self Repair","Slimebound:SplitMire","BasicCrystalCard","conspire:Blindness","Slimebound:HauntingLick","Slimebound:MinionMaster","Slimebound:LivingWall","Rip and Tear+1","Looming Evil","Crow Ritual","downfall:Haunted","Slimebound:Teamwork"],"relics":["Cursed Key","Darkstone Periapt","Du-Vu Doll","ReplayTheSpireMod:Ring of Challenge","ReplayTheSpireMod:Ring of Addiction","Chameleon Ring","hubris:EmptyBottle","Matryoshka","hubris:PeanutButter","infinitespire:Broken Mirror","Snecko Heart","Lee\u0027s Waffle","Vajra","hubris:Towel","Strawberry","ReplayFunnel","infinitespire:Beetle Shell","ReplayTheSpireMod:CursedCoin","Pocketwatch","hubris:BundleOfHerbs","MawBank","sneckomod:BlankCard","ChewingGum"],"acts_visited":["Exordium","TheCity","TheBeyond"],"potions_floor_usage":[7,7,8,16,16,16,19,27,29,30,30,30,33,33,35],"damage_taken":[{"damage":0,"enemies":"Small Slimes","floor":1,"turns":3},{"damage":8,"enemies":"2 Louse","floor":3,"turns":3},{"damage":2,"enemies":"conspire:RoseBush","floor":4,"turns":3},{"damage":0,"enemies":"Gremlin Gang","floor":7,"turns":1},{"damage":13,"enemies":"Lots of Slimes","floor":8,"turns":3},{"damage":3,"enemies":"3 Louse","floor":10,"turns":4},{"damage":6,"enemies":"Looter","floor":11,"turns":3},{"damage":0,"enemies":"Fading Forest","floor":16,"turns":8},{"damage":18,"enemies":"Shell Parasite","floor":18,"turns":6},{"damage":9,"enemies":"3 Byrds","floor":19,"turns":4},{"damage":54,"enemies":"Shelled Parasite and Fungi","floor":21,"turns":9},{"damage":7,"enemies":"Snecko","floor":24,"turns":5},{"damage":13,"enemies":"Centurion and Healer","floor":27,"turns":9},{"damage":9,"enemies":"Chosen and Byrds","floor":28,"turns":5},{"damage":18,"enemies":"Snecko","floor":29,"turns":5},{"damage":10,"enemies":"Replay:Snechameleon","floor":30,"turns":7},{"damage":47,"enemies":"hubris:MusketHawk","floor":33,"turns":8},{"damage":0,"enemies":"3 Darklings","floor":35,"turns":1}],"seed_played":"7510361231737359051","potions_obtained":[{"floor":3,"key":"Explosive Potion"},{"floor":5,"key":"Regen Potion"},{"floor":5,"key":"Ancient Potion"},{"floor":7,"key":"Swift Potion"},{"floor":11,"key":"Doom Potion"},{"floor":12,"key":"Adrenaline Potion"},{"floor":19,"key":"sneckomod:MuddlingPotion"},{"floor":24,"key":"Energy Potion"},{"floor":28,"key":"Reflective Coating"},{"floor":30,"key":"Elixir"},{"floor":33,"key":"FearPotion"}],"is_trial":false,"path_per_floor":["M","?","M","M","?","R","M","M","T","M","M","R","?","$","R","B",null,"M","M","$","M","?","R","M","R","T","M","M","M","E","$","R","B",null,"M"],"character_chosen":"SLIMEBOUND","items_purchased":["hubris:PeanutButter","infinitespire:Broken Mirror","Self Repair","Lee\u0027s Waffle","ReplayTheSpireMod:CursedCoin","Crow Ritual","Pocketwatch","hubris:BundleOfHerbs","Slimebound:SlimyTonguePotion"],"campfire_rested":3,"item_purchase_floors":[14,14,20,20,31,31,31,31,31],"current_hp_per_floor":[65,65,57,55,61,71,71,65,71,68,62,62,75,75,73,79,79,61,70,86,39,39,64,64,84,95,89,80,62,59,65,65,31,107,107,107,107],"gold":388,"neow_bonus":"","is_daily":true,"chose_seed":false,"campfire_upgraded":0,"win_rate":0.0,"timestamp":1612069084,"path_taken":["M","?","M","M","?","R","M","M","T","M","M","R","?","$","R","BOSS","M","?","$","?","?","R","M","R","T","M","M","M","E","$","R","BOSS","M"],"items_purchased_type":["Relic","Relic","Card","Relic","Relic","Card","Relic","Relic","Potion"],"build_version":"2020-12-22","purchased_purges":0,"victory":false,"max_hp_per_floor":[65,65,65,65,71,71,71,71,77,77,77,75,75,75,73,79,79,79,79,86,86,86,84,84,84,95,95,95,95,95,101,101,107,107,107,107,107],"card_choices":[{"not_picked":["Slimebound:SlimeBrawl","Stack"],"picked":"Barrage","floor":1},{"not_picked":["ReplayTheSpireMod:Reroute Power","Slimebound:ItLooksTasty"],"picked":"Slimebound:SlimeSpikes","floor":3},{"not_picked":["Rip and Tear","Compile Driver"],"picked":"Slimebound:GoopSpray","floor":4},{"not_picked":["Slimebound:PressTheAttack","Recycle"],"picked":"Cold Snap","floor":7},{"not_picked":["Coolheaded","Slimebound:SlimeSpikes"],"picked":"Conserve Battery","floor":8},{"not_picked":["Slimebound:RejuvenatingLick","Machine Learning"],"picked":"Fusion","floor":10},{"not_picked":["Hologram","Beam Cell"],"picked":"Slimebound:Schlurp","floor":11},{"not_picked":["Seek","hubris:SpecializedCircuitry"],"picked":"Slimebound:CheckThePlaybook","floor":16},{"not_picked":["Stack","Coolheaded"],"picked":"Go for the Eyes","floor":18},{"not_picked":["conspire:Rain+1","Panic Button"],"picked":"Capacitor+1","floor":19},{"not_picked":["Slimebound:SplitBruiser","Ball Lightning"],"picked":"Slimebound:SplitMire","floor":21},{"not_picked":["Reinforced Body+1","Barrage"],"picked":"BasicCrystalCard","floor":24},{"not_picked":["Compile Driver","Slimebound:Recollect"],"picked":"Slimebound:HauntingLick","floor":27},{"not_picked":["Slimebound:ItLooksTasty+1","Conserve Battery+1"],"picked":"Slimebound:MinionMaster","floor":28},{"not_picked":["Turbo","Reinforced Body"],"picked":"Slimebound:LivingWall","floor":29},{"not_picked":["Tempest+1","Aggregate+1"],"picked":"Rip and Tear+1","floor":30},{"not_picked":["Seek","Slimebound:CheckThePlaybook"],"picked":"Slimebound:Teamwork","floor":33}],"player_experience":115564,"relics_obtained":[{"floor":5,"key":"ReplayTheSpireMod:Ring of Challenge"},{"floor":5,"key":"ReplayTheSpireMod:Ring of Addiction"},{"floor":5,"key":"Chameleon Ring"},{"floor":5,"key":"hubris:EmptyBottle"},{"floor":9,"key":"Matryoshka"},{"floor":21,"key":"Vajra"},{"floor":26,"key":"Strawberry"},{"floor":26,"key":"ReplayFunnel"},{"floor":30,"key":"infinitespire:Beetle Shell"},{"floor":32,"key":"MawBank"},{"floor":33,"key":"sneckomod:BlankCard"}],"event_choices":[{"damage_healed":0,"gold_gain":0,"player_choice":"Leave","damage_taken":0,"max_hp_gain":0,"max_hp_loss":0,"event_name":"The Cleric","floor":2,"gold_loss":0},{"damage_healed":13,"gold_gain":0,"player_choice":"Full Heal","damage_taken":0,"max_hp_gain":0,"max_hp_loss":0,"event_name":"Wheel of Change","floor":13,"gold_loss":0}],"is_beta":false,"boss_relics":[{"not_picked":["conspire:SeveredTorchhead","conspire:RunicOctahedron"],"picked":"Snecko Heart"},{"not_picked":["conspire:SlowCooker","conspire:RoyalGoblet"],"picked":"ChewingGum"}],"items_purged_floors":[],"is_endless":false,"potions_floor_spawned":[3,7,8,11,19,24,28,30,33],"killed_by":"3 Darklings","ascension_level":0}}