{"host":"vlqejv0notyktumz","time":1612128255,"event":{"mods":["AchievementEnabler","BaseMod","Colored Map","Colored Powertips","Downfall","Googly Eyes","Minty Spire (QoL Compilation)","StSLib"],"gold_per_floor":[115,115,115,129,3,36,36,55,55,71,91,103,103,113,113,217,217,231,231,246,262,262,262],"floor_reached":22,"language":"ENG","playtime":612,"items_purged":[],"score":323,"play_id":"a7033267-c06c-43c8-84f9-c1decb366eca","local_time":"20210131152415","is_ascension_mode":true,"campfire_choices":[{"data":"Noxious Fumes","floor":7,"key":"SMITH"},{"floor":13,"key":"REST"},{"data":"Catalyst","floor":15,"key":"SMITH"}],"circlet_count":0,"master_deck":["AscendersBane","Strike_G","Strike_G","Strike_G","Strike_G","Defend_G","Defend_G","Defend_G","Defend_G","Defend_G","Survivor","Neutralize","Noxious Fumes","Poisoned Stab","Noxious Fumes+1","Dodge and Roll","Leg Sweep","Catalyst+1","Flying Knee","Bane","Deflect","Dodge and Roll+1","Doppelganger","Blur","Backflip+1"],"relics":["Ring of the Snake","NeowsBlessing","Frozen Egg 2","Dream Catcher","Sozu"],"acts_visited":["Exordium","TheCity"],"potions_floor_usage":[11,22],"damage_taken":[{"damage":0,"enemies":"Cultist","floor":1,"turns":1},{"damage":0,"enemies":"2 Louse","floor":4,"turns":1},{"damage":0,"enemies":"3 Sentries","floor":6,"turns":1},{"damage":7,"enemies":"Small Slimes","floor":8,"turns":4},{"damage":30,"enemies":"Gremlin Gang","floor":10,"turns":4},{"damage":10,"enemies":"Exordium Wildlife","floor":11,"turns":5},{"damage":7,"enemies":"3 Louse","floor":12,"turns":4},{"damage":5,"enemies":"2 Fungi Beasts","floor":14,"turns":5},{"damage":4,"enemies":"Hexaghost","floor":16,"turns":7},{"damage":9,"enemies":"3 Byrds","floor":18,"turns":5},{"damage":8,"enemies":"Spheric Guardian","floor":20,"turns":5},{"damage":23,"enemies":"Snake Plant","floor":21,"turns":4},{"damage":48,"enemies":"Cultist and Chosen","floor":22,"turns":6}],"seed_played":"-2427484016880691760","potions_obtained":[{"floor":4,"key":"FairyPotion"},{"floor":8,"key":"EssenceOfSteel"},{"floor":16,"key":"sneckomod:MuddlingPotion"}],"is_trial":false,"path_per_floor":["M","?","?","M","$","E","R","M","T","M","M","M","R","M","R","B",null,"M","?","M","M","M"],"character_chosen":"THE_SILENT","items_purchased":["Noxious Fumes","Dodge and Roll"],"campfire_rested":1,"item_purchase_floors":[5,5],"current_hp_per_floor":[63,63,63,63,63,63,63,56,56,26,16,9,30,25,25,21,58,49,49,41,18,0,0],"gold":262,"neow_bonus":"THREE_ENEMY_KILL","is_daily":false,"chose_seed":false,"campfire_upgraded":2,"win_rate":0.0,"timestamp":1612128255,"path_taken":["M","?","?","M","$","E","R","?","T","M","M","M","R","?","R","BOSS","M","?","M","?","M"],"items_purchased_type":["Card","Card"],"build_version":"2020-12-22","purchased_purges":0,"victory":false,"max_hp_per_floor":[70,70,70,70,70,70,70,70,70,70,70,70,70,70,70,70,70,70,70,70,70,70,70],"card_choices":[{"not_picked":["Poisoned Stab","Sucker Punch"],"picked":"Noxious Fumes","floor":1},{"not_picked":["Dagger Throw","Eviscerate"],"picked":"Poisoned Stab","floor":4},{"not_picked":["Backstab","After Image+1"],"picked":"Leg Sweep","floor":6},{"not_picked":["Underhanded Strike","All Out Attack"],"picked":"Catalyst","floor":8},{"not_picked":["Endless Agony","Underhanded Strike"],"picked":"Flying Knee","floor":10},{"not_picked":["Quick Slash","Sucker Punch"],"picked":"Bane","floor":11},{"not_picked":["PiercingWail","Wraith Form v2+1"],"picked":"Deflect","floor":12},{"not_picked":["Predator","Sucker Punch"],"picked":"Dodge and Roll","floor":13},{"not_picked":["Riddle With Holes","Slice","Flechettes"],"picked":"SKIP","floor":14},{"not_picked":["Grand Finale","After Image+1"],"picked":"Doppelganger","floor":16},{"not_picked":["Poisoned Stab","Masterful Stab","Predator+1"],"picked":"SKIP","floor":18},{"not_picked":["Tactician","Underhanded Strike"],"picked":"Blur","floor":20},{"not_picked":["Bane","Poisoned Stab+1"],"picked":"Backflip+1","floor":21}],"player_experience":379619,"relics_obtained":[{"floor":6,"key":"Frozen Egg 2"},{"floor":9,"key":"Dream Catcher"}],"event_choices":[{"cards_removed":["Strike_G"],"damage_healed":0,"gold_gain":0,"player_choice":"Forget","damage_taken":0,"max_hp_gain":0,"max_hp_loss":0,"event_name":"Living Wall","floor":2,"gold_loss":0},{"damage_healed":0,"gold_gain":0,"player_choice":"Bought 0 Potions","damage_taken":0,"max_hp_gain":0,"max_hp_loss":0,"event_name":"The Woman in Blue","floor":3,"gold_loss":0},{"damage_healed":0,"gold_gain":0,"player_choice":"Upgraded","damage_taken":0,"max_hp_gain":0,"max_hp_loss":0,"event_name":"Upgrade Shrine","floor":19,"gold_loss":0,"cards_upgraded":["Dodge and Roll"]}],"is_beta":false,"boss_relics":[{"not_picked":["SlaversCollar","Pandora\u0027s Box"],"picked":"Sozu"}],"items_purged_floors":[],"is_endless":false,"potions_floor_spawned":[4,8,16,20],"killed_by":"Cultist and Chosen","ascension_level":10}}