{"host":"t8facflq355xg1wc","time":1612106041,"event":{"mods":["AchievementEnabler","BaseMod","DeckTracker","Minty Spire (QoL Compilation)","StSLib","SuperFastMode"],"gold_per_floor":[117,128,141,157,176,208,383,383,383,383,383,62,87,126,126,247,247,241,265,278,303,303,327,327,327],"floor_reached":24,"language":"KOR","playtime":2583,"items_purged":["Doubt"],"score":212,"play_id":"f6922534-a796-4ea4-8deb-705b1e5305a9","local_time":"20210201001401","is_ascension_mode":false,"campfire_choices":[{"floor":8,"key":"REST"},{"data":"Neutralize","floor":10,"key":"SMITH"},{"floor":15,"key":"REST"}],"circlet_count":0,"master_deck":["Strike_G","Strike_G","Strike_G","Strike_G","Strike_G","Defend_G","Defend_G","Defend_G","Defend_G","Defend_G","Survivor","Neutralize+1","Backflip","Poisoned Stab","Dagger Spray","Deadly Poison","Dagger Throw","All Out Attack","Injury","PiercingWail","Die Die Die","Phantasmal Killer","CurseOfTheBell","Bouncing Flask","Bane","Leg Sweep","Catalyst","Skewer+1","Distraction+1","Glass Knife","Blur"],"relics":["Ring of the Snake","NeowsBlessing","Letter Opener","Orichalcum","Golden Idol","Sundial","Bag of Preparation","Calling Bell","Nunchaku","Singing Bowl","Prayer Wheel"],"acts_visited":["Exordium","TheCity"],"potions_floor_usage":[6,16,21,24],"damage_taken":[{"damage":0,"enemies":"Cultist","floor":1,"turns":1},{"damage":0,"enemies":"Jaw Worm","floor":2,"turns":1},{"damage":0,"enemies":"2 Louse","floor":3,"turns":1},{"damage":15,"enemies":"Exordium Thugs","floor":4,"turns":5},{"damage":11,"enemies":"Large Slime","floor":5,"turns":9},{"damage":20,"enemies":"3 Sentries","floor":6,"turns":8},{"damage":2,"enemies":"Looter","floor":13,"turns":3},{"damage":16,"enemies":"Lagavulin","floor":14,"turns":8},{"damage":19,"enemies":"Hexaghost","floor":16,"turns":12},{"damage":11,"enemies":"2 Thieves","floor":18,"turns":4},{"damage":13,"enemies":"Spheric Guardian","floor":19,"turns":5},{"damage":6,"enemies":"Centurion and Healer","floor":20,"turns":9},{"damage":14,"enemies":"3 Cultists","floor":21,"turns":5},{"damage":4,"enemies":"Cultist and Chosen","floor":23,"turns":4},{"damage":19,"enemies":"Book of Stabbing","floor":24,"turns":4}],"seed_played":"8444556329748597589","potions_obtained":[{"floor":4,"key":"BlessingOfTheForge"},{"floor":5,"key":"Swift Potion"},{"floor":6,"key":"SneckoOil"},{"floor":20,"key":"Poison Potion"}],"is_trial":false,"path_per_floor":["M","M","M","M","M","E","?","R","T","R","?","$","M","E","R","B",null,"M","M","M","M","?","M","E"],"character_chosen":"THE_SILENT","items_purchased":["Sundial"],"campfire_rested":2,"item_purchase_floors":[12],"current_hp_per_floor":[70,70,70,55,44,24,24,45,45,45,45,45,43,27,48,29,70,59,46,42,28,21,19,0,0],"gold":327,"neow_bonus":"THREE_ENEMY_KILL","is_daily":false,"chose_seed":false,"campfire_upgraded":1,"win_rate":0.0,"timestamp":1612106041,"path_taken":["M","?","M","M","M","E","?","R","T","R","?","$","?","E","R","BOSS","M","M","M","M","?","M","E"],"items_purchased_type":["Relic"],"build_version":"2020-12-22","purchased_purges":1,"victory":false,"max_hp_per_floor":[70,70,70,70,70,70,70,70,70,70,70,70,70,70,70,70,70,70,70,72,72,72,74,74,74],"card_choices":[{"not_picked":["Blade Dance","Terror"],"picked":"Backflip","floor":1},{"not_picked":["Underhanded Strike","Dagger Throw"],"picked":"Poisoned Stab","floor":2},{"not_picked":["Bane","Quick Slash"],"picked":"Dagger Spray","floor":3},{"not_picked":["Acrobatics","Escape Plan"],"picked":"Deadly Poison","floor":4},{"not_picked":["Dodge and Roll","Deadly Poison"],"picked":"Dagger Throw","floor":5},{"not_picked":["Deflect","Sucker Punch"],"picked":"All Out Attack","floor":6},{"not_picked":["Predator","Slice"],"picked":"PiercingWail","floor":13},{"not_picked":["Prepared","Sucker Punch"],"picked":"Die Die Die","floor":14},{"not_picked":["Bullet Time","A Thousand Cuts"],"picked":"Phantasmal Killer","floor":16},{"not_picked":["Deadly Poison","Deflect"],"picked":"Bouncing Flask","floor":18},{"not_picked":["Dagger Spray","Dagger Throw"],"picked":"Bane","floor":18},{"not_picked":["Escape Plan","Quick Slash"],"picked":"Leg Sweep","floor":19},{"not_picked":["PiercingWail","Outmaneuver"],"picked":"Catalyst","floor":19},{"not_picked":["Flying Knee","Tactician","Heel Hook+1"],"picked":"Singing Bowl","floor":20},{"not_picked":["Blade Dance","Expertise+1"],"picked":"Skewer+1","floor":20},{"not_picked":["Deflect+1","Dagger Spray"],"picked":"Distraction+1","floor":21},{"not_picked":["Underhanded Strike","Deadly Poison"],"picked":"Glass Knife","floor":21},{"not_picked":["Leg Sweep+1","Underhanded Strike+1","Predator"],"picked":"Singing Bowl","floor":23},{"not_picked":["Backstab","Bane"],"picked":"Blur","floor":23}],"player_experience":61269,"relics_obtained":[{"floor":6,"key":"Letter Opener"},{"floor":9,"key":"Orichalcum"},{"floor":14,"key":"Bag of Preparation"},{"floor":17,"key":"Nunchaku"},{"floor":17,"key":"Singing Bowl"},{"floor":17,"key":"Prayer Wheel"}],"event_choices":[{"damage_healed":0,"gold_gain":175,"player_choice":"AGREE","damage_taken":0,"max_hp_gain":0,"max_hp_loss":0,"event_name":"Liars Game","floor":7,"gold_loss":0,"cards_obtained":["Doubt"]},{"damage_healed":0,"gold_gain":0,"player_choice":"Take Wound","damage_taken":0,"relics_obtained":["Golden Idol"],"max_hp_gain":0,"max_hp_loss":0,"event_name":"Golden Idol","floor":11,"gold_loss":0,"cards_obtained":["Injury"]},{"damage_healed":0,"gold_gain":0,"player_choice":"Damaged","damage_taken":7,"max_hp_gain":0,"max_hp_loss":0,"event_name":"Wheel of Change","floor":22,"gold_loss":0}],"is_beta":false,"boss_relics":[{"not_picked":["Ectoplasm","Snecko Eye"],"picked":"Calling Bell"}],"items_purged_floors":[12],"is_endless":false,"potions_floor_spawned":[4,5,6,20],"killed_by":"Book of Stabbing","ascension_level":0}}