{"host":"072lmn9sfokvtood","time":1612110716,"event":{"mods":["BaseMod","Colored Powertips","Curses Come First","Minty Spire (QoL Compilation)","StSLib"],"gold_per_floor":[114,114,90,90,90,90,105,135,210,210,225,225,240,43,43,143,143,158,85,100,115,130,130,160,160,160,160,175,205,205,205,205,305,605,620,57,57,57,57,87,87,117,117,72,87,102,102,0,0,0],"floor_reached":51,"language":"ENG","playtime":5897,"items_purged":["Pain","Strike_R"],"score":789,"play_id":"d0516b25-bc34-493c-bb2c-5ca7a567cd80","local_time":"20210131103156","daily_mods":["Allstar","Diverse","Elite Swarm"],"is_ascension_mode":false,"campfire_choices":[{"floor":6,"key":"REST"},{"floor":10,"key":"REST"},{"data":"Bludgeon","floor":12,"key":"SMITH"},{"data":"Crescendo","floor":15,"key":"SMITH"},{"floor":23,"key":"REST"},{"data":"Outmaneuver","floor":25,"key":"SMITH"},{"data":"Judgement","floor":27,"key":"SMITH"},{"floor":32,"key":"REST"},{"data":"Double Tap","floor":41,"key":"SMITH"},{"data":"Blind","floor":47,"key":"SMITH"},{"data":"Echo Form","floor":49,"key":"SMITH"}],"circlet_count":0,"master_deck":["Strike_R","Strike_R","Strike_R","Strike_R+1","Defend_R","Defend_R","Defend_R","Defend_R","Bash","Discovery","Blind+1","Transmutation+1","Impatience","Panacea","Conserve Battery","Iron Wave","Conserve Battery","Bludgeon+1","Headbutt","Crescendo+1","Beam Cell","ReachHeaven","Double Tap+1","Outmaneuver+1","Footwork","Uppercut+1","Backstab+1","Clash","Judgement+1","Finisher","Echo Form+1","Immolate","CurseOfTheBell","Bandage Up+1","Metallicize","Writhe","Bandage Up+1","Exhume+1","Stack+1"],"relics":["Burning Blood","Incense Burner","WarpedTongs","Self Forming Clay","Paper Frog","Mark of Pain","Bronze Scales","Blood Vial","Potion Belt","Calling Bell","Lantern","Toxic Egg 2","Old Coin","TungstenRod","Ornamental Fan","Gambling Chip","Unceasing Top","Red Mask"],"acts_visited":["Exordium","TheCity","TheBeyond"],"potions_floor_usage":[24,29,29,33,40,46],"damage_taken":[{"damage":0,"enemies":"Small Slimes","floor":1,"turns":3},{"damage":4,"enemies":"Jaw Worm","floor":7,"turns":3},{"damage":17,"enemies":"Lagavulin","floor":8,"turns":6},{"damage":2,"enemies":"Cultist","floor":11,"turns":3},{"damage":13,"enemies":"Lots of Slimes","floor":13,"turns":4},{"damage":0,"enemies":"Slime Boss","floor":16,"turns":3},{"damage":21,"enemies":"2 Thieves","floor":18,"turns":3},{"damage":0,"enemies":"Shell Parasite","floor":20,"turns":1},{"damage":7,"enemies":"Shelled Parasite and Fungi","floor":21,"turns":3},{"damage":11,"enemies":"Snecko","floor":22,"turns":3},{"damage":18,"enemies":"Gremlin Leader","floor":24,"turns":6},{"damage":0,"enemies":"Centurion and Healer","floor":28,"turns":3},{"damage":25,"enemies":"Slavers","floor":29,"turns":3},{"damage":54,"enemies":"Collector","floor":33,"turns":7},{"damage":30,"enemies":"3 Darklings","floor":35,"turns":5},{"damage":23,"enemies":"Giant Head","floor":40,"turns":7},{"damage":11,"enemies":"Nemesis","floor":42,"turns":4},{"damage":0,"enemies":"3 Shapes","floor":45,"turns":8},{"damage":22,"enemies":"Jaw Worm Horde","floor":46,"turns":5},{"damage":64,"enemies":"Awakened One","floor":50,"turns":11}],"seed_played":"7510361231737359051","potions_obtained":[{"floor":13,"key":"Ancient Potion"},{"floor":20,"key":"FearPotion"},{"floor":22,"key":"SteroidPotion"},{"floor":29,"key":"SteroidPotion"},{"floor":33,"key":"Strength Potion"},{"floor":42,"key":"Weak Potion"}],"is_trial":false,"path_per_floor":["M","?","$","?","?","R","M","E","T","R","M","R","M","$","R","B",null,"M","$","M","M","M","R","E","R","T","R","M","E","?","?","R","B",null,"M","$","?","?","?","E","R","E","T","$","M","M","R","?","R","B",null],"character_chosen":"IRONCLAD","items_purchased":["Iron Wave","Beam Cell","ReachHeaven","Footwork","Bandage Up+1","TungstenRod","Metallicize","Stack+1"],"campfire_rested":4,"item_purchase_floors":[3,14,14,19,36,36,36,44],"current_hp_per_floor":[80,62,62,46,46,70,72,61,61,80,80,80,73,73,73,79,80,65,65,71,70,65,80,68,68,68,68,76,59,44,44,69,23,85,61,61,61,82,82,79,79,82,82,82,85,81,81,81,81,43],"gold":0,"neow_bonus":"","is_daily":true,"chose_seed":false,"campfire_upgraded":7,"win_rate":0.0,"timestamp":1612110716,"path_taken":["M","?","$","?","?","R","M","E","T","R","M","R","M","$","R","BOSS","M","$","?","M","?","R","E","R","T","R","M","E","?","?","R","BOSS","M","$","?","?","?","E","R","E","T","$","M","?","R","?","R","BOSS"],"items_purchased_type":["Card","Card","Card","Card","Card","Relic","Card","Card"],"build_version":"2020-12-22","purchased_purges":2,"victory":true,"max_hp_per_floor":[80,80,80,80,80,80,80,80,80,80,80,80,80,80,80,80,80,80,80,80,80,80,80,80,80,80,80,80,80,85,85,85,85,85,85,85,85,85,85,85,85,85,85,85,85,85,85,85,85,85],"card_choices":[{"not_picked":["Prostrate","Prepared"],"picked":"Conserve Battery","floor":1},{"not_picked":["Hologram","Crippling Poison"],"picked":"Conserve Battery","floor":7},{"not_picked":["Wraith Form v2","Glass Knife"],"picked":"Bludgeon","floor":8},{"not_picked":["Fasting2","PathToVictory"],"picked":"Headbutt","floor":11},{"not_picked":["Chaos","Melter"],"picked":"Crescendo","floor":13},{"not_picked":["LessonLearned","Devotion"],"picked":"Double Tap","floor":16},{"not_picked":["BowlingBash","EmptyFist"],"picked":"Outmaneuver","floor":18},{"not_picked":["Cleave","SandsOfTime"],"picked":"Uppercut+1","floor":20},{"not_picked":["Shrug It Off","Halt"],"picked":"Backstab+1","floor":21},{"not_picked":["ForeignInfluence","Iron Wave"],"picked":"Clash","floor":22},{"not_picked":["Storm of Steel","Scrawl"],"picked":"Judgement","floor":24},{"not_picked":["Compile Driver+1","LikeWater"],"picked":"Finisher","floor":28},{"not_picked":["Brilliance","Doppelganger"],"picked":"Echo Form","floor":29},{"not_picked":["Biased Cognition","All For One"],"picked":"Immolate","floor":33},{"not_picked":["Searing Blow+1","Calculated Gamble+1","Blade Dance+1"],"picked":"SKIP","floor":35},{"not_picked":["Storm of Steel+1","Grand Finale","Ragnarok"],"picked":"SKIP","floor":40},{"not_picked":["Feed","Tools of the Trade"],"picked":"Exhume+1","floor":42},{"not_picked":["Riddle With Holes+1","Dodge and Roll+1","Warcry+1"],"picked":"SKIP","floor":45},{"not_picked":["FlurryOfBlows","Ball Lightning+1","Underhanded Strike"],"picked":"SKIP","floor":46}],"player_experience":210430,"relics_obtained":[{"floor":8,"key":"Self Forming Clay"},{"floor":9,"key":"Paper Frog"},{"floor":24,"key":"Bronze Scales"},{"floor":26,"key":"Blood Vial"},{"floor":29,"key":"Potion Belt"},{"floor":34,"key":"Lantern"},{"floor":34,"key":"Toxic Egg 2"},{"floor":34,"key":"Old Coin"},{"floor":40,"key":"Ornamental Fan"},{"floor":42,"key":"Gambling Chip"},{"floor":43,"key":"Unceasing Top"}],"event_choices":[{"damage_healed":0,"gold_gain":0,"player_choice":"Success","damage_taken":18,"relics_obtained":["Incense Burner"],"max_hp_gain":0,"max_hp_loss":0,"event_name":"Scrap Ooze","floor":2,"gold_loss":0},{"damage_healed":0,"gold_gain":0,"player_choice":"Entered Light","damage_taken":16,"max_hp_gain":0,"max_hp_loss":0,"event_name":"Shining Light","floor":4,"gold_loss":0,"cards_upgraded":["Transmutation","Strike_R"]},{"damage_healed":0,"gold_gain":0,"player_choice":"Rummage","damage_taken":0,"relics_obtained":["WarpedTongs"],"max_hp_gain":0,"max_hp_loss":0,"event_name":"Accursed Blacksmith","floor":5,"gold_loss":0,"cards_obtained":["Pain"]},{"damage_healed":0,"gold_gain":0,"player_choice":"Shed Blood","damage_taken":20,"max_hp_gain":5,"max_hp_loss":0,"event_name":"Forgotten Altar","floor":30,"gold_loss":0},{"damage_healed":0,"gold_gain":0,"player_choice":"Ignored","damage_taken":0,"max_hp_gain":0,"max_hp_loss":0,"event_name":"Cursed Tome","floor":31,"gold_loss":0},{"damage_healed":0,"gold_gain":0,"player_choice":"Ignored","damage_taken":0,"max_hp_gain":0,"max_hp_loss":0,"event_name":"Mysterious Sphere","floor":37,"gold_loss":0},{"damage_healed":21,"gold_gain":0,"player_choice":"Writhe","damage_taken":0,"max_hp_gain":0,"max_hp_loss":0,"event_name":"Winding Halls","floor":38,"gold_loss":0,"cards_obtained":["Writhe"]},{"damage_healed":0,"gold_gain":0,"player_choice":"Copied","damage_taken":0,"max_hp_gain":0,"max_hp_loss":0,"event_name":"Duplicator","floor":39,"gold_loss":0,"cards_obtained":["Bandage Up"]},{"damage_healed":0,"gold_gain":0,"player_choice":"Paid","damage_taken":0,"relics_obtained":["Red Mask"],"max_hp_gain":0,"max_hp_loss":0,"event_name":"Tomb of Lord Red Mask","floor":48,"gold_loss":102}],"is_beta":false,"boss_relics":[{"not_picked":["SlaversCollar","Sozu"],"picked":"Mark of Pain"},{"not_picked":["SacredBark","Velvet Choker"],"picked":"Calling Bell"}],"items_purged_floors":[14,36],"is_endless":false,"potions_floor_spawned":[13,20,22,29,33,42],"ascension_level":0}}