{"host":"6xsbn6ynqlzwllfm","time":1612131121,"event":{"mods":["2.2 Compatiblity","BaseMod","Bestiary","Colored Map","Colored Powertips","Curses Come First","Highlight Path","Keyboard Shortcuts","Minty Spire (QoL Compilation)","Relic Stats","Slay the Relics Exporter","StSLib","SuperFastMode"],"gold_per_floor":[115,215,235,254,53,79,79,98,125,159,159,96,96,36,36,113,113,128,128,53,66,86,118,118,146,146,146,146,178,93,106,106,106,106],"floor_reached":33,"language":"ENG","playtime":575,"items_purged":["Strike_P"],"score":822,"play_id":"2a456e1c-8d92-4d93-96d5-9a332816ec00","local_time":"20210131171201","is_ascension_mode":true,"campfire_choices":[{"floor":7,"key":"REST"},{"floor":11,"key":"REST"},{"floor":15,"key":"REST"},{"floor":24,"key":"REST"},{"floor":28,"key":"REST"},{"floor":32,"key":"REST"}],"circlet_count":0,"master_deck":["AscendersBane","Strike_P","Strike_P","Defend_P","Defend_P","Defend_P","Defend_P","Eruption","Vigilance","FlyingSleeves","WheelKick","SandsOfTime","ReachHeaven","FlyingSleeves","Wallop","Blasphemy","Evaluate+1","Tantrum","ReachHeaven","FearNoEvil","Worship","FollowUp"],"relics":["Fusion Hammer","Akabeko","Happy Flower","Pen Nib","PreservedInsect","The Courier","Snecko Eye","MutagenicStrength","Bag of Marbles","GoldenEye","StrikeDummy","Damaru","Nunchaku"],"acts_visited":["Exordium","TheCity"],"potions_floor_usage":[4,6,6,29],"damage_taken":[{"damage":4,"enemies":"Jaw Worm","floor":1,"turns":5},{"damage":0,"enemies":"Cultist","floor":3,"turns":2},{"damage":2,"enemies":"2 Louse","floor":4,"turns":3},{"damage":9,"enemies":"3 Sentries","floor":6,"turns":7},{"damage":0,"enemies":"Exordium Thugs","floor":8,"turns":2},{"damage":16,"enemies":"Gremlin Nob","floor":10,"turns":3},{"damage":0,"enemies":"Slime Boss","floor":16,"turns":3},{"damage":14,"enemies":"2 Thieves","floor":18,"turns":4},{"damage":0,"enemies":"Spheric Guardian","floor":21,"turns":1},{"damage":0,"enemies":"Snake Plant","floor":22,"turns":1},{"damage":0,"enemies":"Book of Stabbing","floor":23,"turns":1},{"damage":0,"enemies":"Gremlin Leader","floor":25,"turns":1},{"damage":37,"enemies":"Book of Stabbing","floor":29,"turns":3},{"damage":18,"enemies":"Centurion and Healer","floor":31,"turns":2},{"damage":56,"enemies":"Automaton","floor":33,"turns":4}],"seed_played":"8379988724471283952","potions_obtained":[{"floor":1,"key":"BottledMiracle"},{"floor":3,"key":"SteroidPotion"},{"floor":4,"key":"Block Potion"},{"floor":18,"key":"FairyPotion"},{"floor":25,"key":"AttackPotion"}],"is_trial":false,"path_per_floor":["M","?","M","M","$","E","R","M","T","E","R","?","$","$","R","B",null,"M","?","?","M","M","E","R","E","T","?","R","E","?","M","R","B"],"character_chosen":"WATCHER","items_purchased":["Akabeko","SandsOfTime"],"campfire_rested":6,"item_purchase_floors":[5,5],"current_hp_per_floor":[57,57,57,55,55,46,66,66,66,50,68,68,68,68,68,68,68,54,54,54,54,54,54,68,68,68,68,68,31,31,13,33,0,0],"gold":106,"neow_bonus":"BOSS_RELIC","is_daily":false,"chose_seed":false,"campfire_upgraded":0,"win_rate":0.0,"timestamp":1612131121,"path_taken":["M","?","?","M","$","E","R","M","T","E","R","?","?","$","R","BOSS","M","?","?","M","M","E","R","E","T","?","R","E","?","M","R","BOSS"],"items_purchased_type":["Relic","Card"],"build_version":"2020-12-22","purchased_purges":1,"victory":false,"max_hp_per_floor":[68,68,68,68,68,68,68,68,68,68,68,68,68,68,68,68,68,68,68,68,68,68,68,68,68,68,68,68,68,68,68,68,68,68],"relic_stats":{"Nunchaku":[1],"Happy Flower":[8],"counters":[15,42],"Snecko Eye":[37,29,32,27],"Pen Nib":[5],"PreservedInsect":134,"GoldenEye":[0],"obtain_stats":[{"Happy Flower":6,"Damaru":29,"Pen Nib":9,"PreservedInsect":10,"The Courier":12,"GoldenEye":25,"Akabeko":5,"Nunchaku":30,"MutagenicStrength":19,"Snecko Eye":17,"Fusion Hammer":0,"Bag of Marbles":23,"PureWater":0,"StrikeDummy":26},{"Happy Flower":4,"Damaru":13,"Pen Nib":5,"PreservedInsect":6,"The Courier":6,"GoldenEye":12,"Akabeko":3,"Nunchaku":13,"MutagenicStrength":8,"Snecko Eye":7,"Fusion Hammer":0,"Bag of Marbles":11,"PureWater":0,"StrikeDummy":12},{"Happy Flower":17,"Damaru":36,"Pen Nib":19,"PreservedInsect":22,"The Courier":22,"GoldenEye":33,"Akabeko":10,"Nunchaku":36,"MutagenicStrength":29,"Snecko Eye":25,"Fusion Hammer":0,"Bag of Marbles":32,"PureWater":0,"StrikeDummy":33}]},"card_choices":[{"not_picked":["Protect","JustLucky"],"picked":"FlyingSleeves","floor":3},{"not_picked":["EmptyBody","SashWhip"],"picked":"WheelKick","floor":4},{"not_picked":["Swivel","SashWhip"],"picked":"ReachHeaven","floor":6},{"not_picked":["FlurryOfBlows","ClearTheMind"],"picked":"FlyingSleeves","floor":8},{"not_picked":["CutThroughFate","Adaptation"],"picked":"Wallop","floor":10},{"not_picked":["ConjureBlade","Alpha"],"picked":"Blasphemy","floor":16},{"not_picked":["CrushJoints","SashWhip"],"picked":"Evaluate+1","floor":18},{"not_picked":["InnerPeace","WreathOfFlame"],"picked":"Tantrum","floor":21},{"not_picked":["Collect","Adaptation"],"picked":"ReachHeaven","floor":22},{"not_picked":["ForeignInfluence","Crescendo"],"picked":"FearNoEvil","floor":23},{"not_picked":["Protect","DeusExMachina"],"picked":"Worship","floor":25},{"not_picked":["Sanctity","Meditate"],"picked":"FollowUp","floor":29}],"player_experience":1371630,"relics_obtained":[{"floor":6,"key":"Happy Flower"},{"floor":9,"key":"Pen Nib"},{"floor":10,"key":"PreservedInsect"},{"floor":23,"key":"Bag of Marbles"},{"floor":25,"key":"GoldenEye"},{"floor":26,"key":"StrikeDummy"},{"floor":29,"key":"Damaru"}],"event_choices":[{"damage_healed":0,"gold_gain":100,"player_choice":"Gold","damage_taken":0,"max_hp_gain":0,"max_hp_loss":0,"event_name":"Wheel of Change","floor":2,"gold_loss":0},{"damage_healed":0,"gold_gain":0,"player_choice":"Paid Gold","damage_taken":0,"relics_obtained":["The Courier"],"max_hp_gain":0,"max_hp_loss":0,"event_name":"WeMeetAgain","floor":12,"gold_loss":63},{"damage_healed":0,"gold_gain":0,"player_choice":"Inject Mutagens","damage_taken":0,"relics_obtained":["MutagenicStrength"],"max_hp_gain":0,"max_hp_loss":0,"event_name":"Drug Dealer","floor":19,"gold_loss":0},{"cards_removed":["Strike_P"],"damage_healed":0,"gold_gain":0,"player_choice":"Gave Gold","damage_taken":0,"max_hp_gain":0,"max_hp_loss":0,"event_name":"Beggar","floor":20,"gold_loss":75},{"damage_healed":0,"gold_gain":0,"player_choice":"Ignored","damage_taken":0,"max_hp_gain":0,"max_hp_loss":0,"event_name":"The Mausoleum","floor":27,"gold_loss":0},{"damage_healed":0,"gold_gain":0,"player_choice":"Obtained Relic","damage_taken":0,"relics_obtained":["Nunchaku"],"max_hp_gain":0,"max_hp_loss":0,"event_name":"Addict","floor":30,"gold_loss":85}],"is_beta":false,"boss_relics":[{"not_picked":["Tiny House","Black Star"],"picked":"Snecko Eye"}],"items_purged_floors":[14],"is_endless":false,"potions_floor_spawned":[1,3,4,18,25],"killed_by":"Automaton","ascension_level":20}}