{"host":"klrvvo16pazy794l","time":1612135442,"event":{"mods":["BaseMod","Minty Spire (QoL Compilation)"],"gold_per_floor":[115,131,143,168,168,168,194,194,220,240,240,259,272,305,305,403,403,415,431,442,453,44,44,44,44,44,60,72,72,72],"floor_reached":29,"language":"ENG","playtime":1308,"items_purged":["Strike_R"],"score":285,"play_id":"30b8ec96-faee-4631-bd03-b24655b0108b","local_time":"20210131172402","is_ascension_mode":true,"campfire_choices":[{"data":"Searing Blow","floor":6,"key":"SMITH"},{"data":"Armaments","floor":8,"key":"SMITH"},{"floor":11,"key":"REST"},{"floor":15,"key":"REST"},{"floor":23,"key":"REST"},{"data":"Searing Blow+1","floor":25,"key":"SMITH"}],"circlet_count":0,"master_deck":["Strike_R","Strike_R","Strike_R","Strike_R","Defend_R","Defend_R","Defend_R","Defend_R","Bash","Searing Blow+2","Bloodletting","Armaments+1","Demon Form","Warcry","Ghostly Armor","Inflame","Limit Break","Thunderclap+1","Combust","Bandage Up","Metallicize"],"relics":["Burning Blood","NeowsBlessing","Strawberry","Nunchaku","Shovel","Bag of Marbles","Regal Pillow","Runic Pyramid","Shuriken"],"acts_visited":["Exordium","TheCity"],"potions_floor_usage":[12,14,24,24,27,28],"damage_taken":[{"damage":0,"enemies":"Cultist","floor":1,"turns":1},{"damage":0,"enemies":"2 Louse","floor":2,"turns":1},{"damage":0,"enemies":"Small Slimes","floor":3,"turns":1},{"damage":57,"enemies":"Gremlin Nob","floor":7,"turns":5},{"damage":18,"enemies":"3 Louse","floor":10,"turns":2},{"damage":3,"enemies":"Blue Slaver","floor":12,"turns":3},{"damage":26,"enemies":"Lots of Slimes","floor":13,"turns":5},{"damage":18,"enemies":"Lagavulin","floor":14,"turns":6},{"damage":37,"enemies":"Hexaghost","floor":16,"turns":8},{"damage":22,"enemies":"Chosen","floor":18,"turns":6},{"damage":19,"enemies":"Spheric Guardian","floor":19,"turns":4},{"damage":15,"enemies":"Chosen and Byrds","floor":20,"turns":6},{"damage":45,"enemies":"Sentry and Sphere","floor":21,"turns":7},{"damage":33,"enemies":"Slavers","floor":24,"turns":3},{"damage":23,"enemies":"Snake Plant","floor":27,"turns":4},{"damage":22,"enemies":"Chosen and Byrds","floor":28,"turns":5},{"damage":5,"enemies":"Centurion and Healer","floor":29,"turns":2}],"seed_played":"-3752853697716206851","potions_obtained":[{"floor":3,"key":"SteroidPotion"},{"floor":10,"key":"AttackPotion"},{"floor":13,"key":"SmokeBomb"},{"floor":16,"key":"BlessingOfTheForge"},{"floor":19,"key":"SteroidPotion"},{"floor":27,"key":"Fruit Juice"},{"floor":28,"key":"Energy Potion"}],"is_trial":false,"path_per_floor":["M","M","M","T","?","R","E","R","T","M","R","M","M","E","R","B",null,"M","M","M","M","$","R","E","R","T","M","M","M"],"character_chosen":"IRONCLAD","items_purchased":["Shuriken","Bandage Up"],"campfire_rested":3,"item_purchase_floors":[22,22],"current_hp_per_floor":[80,80,80,87,75,75,24,24,24,12,38,41,21,9,50,19,87,71,58,49,10,10,51,28,28,28,20,8,3,3],"gold":72,"neow_bonus":"THREE_ENEMY_KILL","is_daily":false,"chose_seed":false,"campfire_upgraded":3,"win_rate":0.0,"timestamp":1612135442,"path_taken":["M","M","?","?","?","R","E","R","T","M","R","M","M","E","R","BOSS","M","M","M","M","$","R","E","R","T","M","M","M"],"items_purchased_type":["Relic","Card"],"build_version":"2020-12-22","purchased_purges":1,"victory":false,"max_hp_per_floor":[80,80,80,87,87,87,87,87,87,87,87,87,87,87,87,87,87,87,87,87,87,87,87,87,87,87,92,92,92,92],"card_choices":[{"not_picked":["Perfected Strike","Rage"],"picked":"Searing Blow","floor":1},{"not_picked":["Anger","Shockwave"],"picked":"Bloodletting","floor":2},{"not_picked":["Sword Boomerang","Spot Weakness"],"picked":"Armaments","floor":3},{"not_picked":["Sword Boomerang","Body Slam"],"picked":"Demon Form","floor":7},{"not_picked":["Pommel Strike","Bloodletting"],"picked":"Warcry","floor":10},{"not_picked":["Dropkick","Perfected Strike"],"picked":"Ghostly Armor","floor":12},{"not_picked":["Pommel Strike","Headbutt"],"picked":"Inflame","floor":13},{"not_picked":["Clash","Infernal Blade","Anger"],"picked":"SKIP","floor":14},{"not_picked":["Berserk","Demon Form"],"picked":"Limit Break","floor":16},{"not_picked":["Ghostly Armor+1","Flex"],"picked":"Thunderclap+1","floor":18},{"not_picked":["Second Wind","Warcry","Clash"],"picked":"SKIP","floor":19},{"not_picked":["Cleave","Twin Strike"],"picked":"Combust","floor":20},{"not_picked":["Warcry","Thunderclap+1","Havoc"],"picked":"SKIP","floor":21},{"not_picked":["Pommel Strike","Clash+1","Second Wind"],"picked":"SKIP","floor":27},{"not_picked":["Sword Boomerang","Rupture"],"picked":"Metallicize","floor":28}],"player_experience":475048,"relics_obtained":[{"floor":4,"key":"Strawberry"},{"floor":7,"key":"Shovel"},{"floor":9,"key":"Bag of Marbles"},{"floor":14,"key":"Regal Pillow"}],"event_choices":[{"damage_healed":0,"gold_gain":0,"player_choice":"Success","damage_taken":12,"relics_obtained":["Nunchaku"],"max_hp_gain":0,"max_hp_loss":0,"event_name":"Scrap Ooze","floor":5,"gold_loss":0}],"is_beta":false,"boss_relics":[{"not_picked":["Coffee Dripper","Sozu"],"picked":"Runic Pyramid"}],"items_purged_floors":[22],"is_endless":false,"potions_floor_spawned":[3,10,13,16,19,27,28],"killed_by":"Centurion and Healer","ascension_level":2}}