{"host":"pkowh89r9anbv2sq","time":1612128842,"event":{"mods":["BaseMod","Colored Map","Downfall","Infinite Spire","Minty Spire (QoL Compilation)","StSLib"],"gold_per_floor":[99,109,129,139,139,154,154,154,184,195,208,133,83,115,125,220,220,70,90,0,15,15,0,0,25,25,25,25,25,25,25,42,139,139,89,106,106,366,393,343,394,344,99,116,116,116,66,98,111,111,111,111],"floor_reached":50,"language":"ENG","playtime":2681,"items_purged":["Slimebound:Strike_Slimebound","Normality"],"score":521,"play_id":"0e444ab6-770f-41bf-913e-85849394bcf3","local_time":"20210131213402","is_ascension_mode":false,"campfire_choices":[{"data":"Slimebound:CorrosiveSpit","floor":1.0,"key":"SMITH"},{"data":"Slimebound:Split","floor":13.0,"key":"SMITH"},{"data":"Slimebound:CheckThePlaybook","floor":18.0,"key":"SMITH"},{"floor":26.0,"key":"REST"},{"data":"Slimebound:SlimeBarrage","floor":28.0,"key":"SMITH"},{"data":"Slimebound:Repurpose","floor":30.0,"key":"SMITH"},{"data":"Slimebound:Teamwork","floor":35.0,"key":"SMITH"},{"data":"Slimebound:SplitLeeching","floor":40.0,"key":"SMITH"},{"data":"Slimebound:SplitMire","floor":42.0,"key":"SMITH"},{"data":"infinitespire:Menacing","floor":47.0,"key":"SMITH"}],"circlet_count":0,"master_deck":["Slimebound:Strike_Slimebound","Slimebound:Tackle","Slimebound:Defend_Slimebound","Slimebound:Defend_Slimebound","Slimebound:Defend_Slimebound","Slimebound:Defend_Slimebound","Slimebound:Split+1","Slimebound:CorrosiveSpit+1","Slimebound:GoopSpray","Slimebound:SplitMire+1","Slimebound:GoopTackle","Slimebound:SplitLeeching+1","Slimebound:SlimeSpikes","Slimebound:SlimeBarrage+1","Slimebound:CheckThePlaybook+1","CurseOfTheBell","Slimebound:Repurpose+1","Slimebound:PressTheAttack+1","Slimebound:SamplingLick","Slimebound:Grow+1","infinitespire:Menacing+1","Slimebound:LivingWall+1","Slimebound:Teamwork+1","Slimebound:LeechingTouch","Slimebound:Teamwork+1","Slimebound:SplitAcid+1","Slimebound:Gluttony+1","Pain"],"relics":["Slimebound:AbsorbEndCombat","Slimebound:GreedOozeRelic","Frozen Egg 2","Calling Bell","Orichalcum","Matryoshka","Unceasing Top","downfall:HeartBlessingBlue","Juzu Bracelet","Pocketwatch","Eternal Feather","Thread and Needle","Cursed Key","PreservedInsect","infinitespire:Satchel","infinitespire:Beetle Shell","ClockworkSouvenir","Oddly Smooth Stone"],"acts_visited":["Exordium","TheCity","TheBeyond"],"potions_floor_usage":[49,49,50],"damage_taken":[{"damage":8.0,"enemies":"2 Louse","floor":2.0,"turns":2.0},{"damage":6.0,"enemies":"Jaw Worm","floor":3.0,"turns":4.0},{"damage":0.0,"enemies":"Cultist","floor":4.0,"turns":4.0},{"damage":7.0,"enemies":"Blue Slaver","floor":6.0,"turns":2.0},{"damage":13.0,"enemies":"3 Sentries","floor":9.0,"turns":7.0},{"damage":23.0,"enemies":"Exordium Thugs","floor":10.0,"turns":5.0},{"damage":1.0,"enemies":"Blue Slaver","floor":11.0,"turns":3.0},{"damage":13.0,"enemies":"Lagavulin","floor":14.0,"turns":5.0},{"damage":0.0,"enemies":"3 Louse","floor":15.0,"turns":3.0},{"damage":26.0,"enemies":"IC_STATUS_ARCHETYPE","floor":16.0,"turns":6.0},{"damage":10.0,"enemies":"Spheric Guardian","floor":19.0,"turns":4.0},{"damage":15.0,"enemies":"downfall:FleeingMerchant","floor":20.0,"turns":4.0},{"damage":6.0,"enemies":"3 Byrds","floor":21.0,"turns":5.0},{"damage":12.0,"enemies":"downfall:FleeingMerchant","floor":23.0,"turns":4.0},{"damage":57.0,"enemies":"Nightmare","floor":25.0,"turns":8.0},{"damage":0.0,"enemies":"Cultist and Chosen","floor":32.0,"turns":4.0},{"damage":30.0,"enemies":"DF_ARCHETYPE_CLAW","floor":33.0,"turns":7.0},{"damage":16.0,"enemies":"3 Darklings","floor":36.0,"turns":4.0},{"damage":6.0,"enemies":"downfall:FleeingMerchant","floor":38.0,"turns":5.0},{"damage":0.0,"enemies":"Orb Walker","floor":44.0,"turns":3.0},{"damage":83.0,"enemies":"Nightmare","floor":48.0,"turns":7.0},{"damage":9,"enemies":"Writhing Mass","floor":49,"turns":6},{"damage":26,"enemies":"SI_POISON_ARCHETYPE","floor":50,"turns":4}],"seed_played":"3803881663656146957","potions_obtained":[{"floor":2.0,"key":"bronze:BurnAndBuffPotion"},{"floor":6.0,"key":"ColorlessPotion"},{"floor":8.0,"key":"DistilledChaos"},{"floor":8.0,"key":"BlessingOfTheForge"}],"is_trial":false,"path_per_floor":["R","M","M","M","?","M","T","?","E","M","M","?","R","E","M","B",null,"R","M","$","M","?","$","T","NM","R","AVR","R","?","R","?","M","B",null,"R","M","?","$","T","R","T","R","?","M","?","$","R","NM","M","B"],"character_chosen":"SLIMEBOUND","items_purchased":["Slimebound:Gluttony+1","ClockworkSouvenir"],"campfire_rested":1,"item_purchase_floors":[38,43],"current_hp_per_floor":[71,63,65,67,72,69,69,69,64,47,48,48,48,41,47,29,76,86,76,65,65,65,59,59,10,47,47,59,59,71,49,57,35,86,86,72,72,72,72,86,86,86,86,86,86,86,86,9,8,0,0,0],"gold":111,"neow_bonus":"TEN_PERCENT_HP_BONUS","is_daily":false,"chose_seed":false,"campfire_upgraded":9,"win_rate":0.0,"timestamp":1612128842,"path_taken":["R","M","M","M","?","M","T","?","E","?","M","?","R","E","M","BOSS","R","M","$","M","?","$","T","NM","R","AVR","R","?","R","?","M","BOSS","R","M","?","$","?","R","T","R","?","M","?","?","R","NM","M","BOSS"],"items_purchased_type":["Card","Relic"],"build_version":"2020-12-22","purchased_purges":2,"victory":false,"max_hp_per_floor":[71,71,71,71,76,76,76,76,76,76,76,76,76,76,76,76,76,86,86,86,86,86,86,86,86,86,86,86,86,86,86,86,86,86,86,86,86,86,86,86,86,86,86,86,86,86,86,86,86,86,86,86],"card_choices":[{"not_picked":["Slimebound:SlimeSpikes","Slimebound:LeechingTouch"],"picked":"Slimebound:GoopSpray","floor":2.0},{"not_picked":["Slimebound:SlimeSpikes","Slimebound:Prepare"],"picked":"Slimebound:SplitMire","floor":3.0},{"not_picked":["Slimebound:SplitMire","Slimebound:HungryTackle"],"picked":"Slimebound:GoopTackle","floor":4.0},{"not_picked":["Slimebound:DivideAndConquer","Slimebound:ForwardTackle"],"picked":"Slimebound:SplitLeeching","floor":6.0},{"not_picked":["Slimebound:LivingWall","Slimebound:Equalize"],"picked":"Slimebound:SlimeSpikes","floor":9.0},{"not_picked":["Slimebound:SlimeSpikes","Slimebound:SamplingLick","Slimebound:RollThrough"],"picked":"SKIP","floor":10.0},{"not_picked":["Slimebound:Nibble","Slimebound:PrepareCrush"],"picked":"Slimebound:SlimeBarrage","floor":11.0},{"not_picked":["Slimebound:DisruptingSlam","Slimebound:LivingWall","Slimebound:SplitLeeching"],"picked":"SKIP","floor":14.0},{"not_picked":["Slimebound:SplitAcid","Slimebound:Dissolve","Slimebound:ItLooksTasty"],"picked":"SKIP","floor":15.0},{"not_picked":["Slimebound:RallyTheTroops","Slimebound:Overexert+1"],"picked":"Slimebound:CheckThePlaybook","floor":16.0},{"not_picked":["Slimebound:SplitBruiser","Slimebound:DisruptingSlam","Slimebound:Grow+1"],"picked":"SKIP","floor":19.0},{"not_picked":["Slimebound:PressTheAttack","Slimebound:MegaLick"],"picked":"Slimebound:Repurpose","floor":20.0},{"not_picked":["Slimebound:FinishingTackle","Slimebound:GrowthPunch+1"],"picked":"Slimebound:PressTheAttack+1","floor":21.0},{"not_picked":["Slimebound:GoopSpray","Slimebound:FlameTackle"],"picked":"Slimebound:SamplingLick","floor":23.0},{"not_picked":["Slimebound:OozeBath","Slimebound:ComboTackle"],"picked":"Slimebound:Grow+1","floor":25.0},{"not_picked":["infinitespire:FinalStrike","infinitespire:Fortify"],"picked":"infinitespire:Menacing","floor":31.0},{"not_picked":["Slimebound:MegaLick+1","Slimebound:FinishingTackle"],"picked":"Slimebound:LivingWall+1","floor":32.0},{"not_picked":["Slimebound:MassFeed","Slimebound:PrepareCrush"],"picked":"Slimebound:Teamwork","floor":33.0},{"not_picked":["Slimebound:DisruptingSlam+1","Slimebound:Gluttony+1"],"picked":"Slimebound:LeechingTouch","floor":36.0},{"not_picked":["Slimebound:ComboTackle","Slimebound:RollThrough"],"picked":"Slimebound:SplitAcid+1","floor":38.0},{"not_picked":["Slimebound:TongueLash","Slimebound:SplitMire","Slimebound:PressTheAttack"],"picked":"SKIP","floor":44.0},{"not_picked":["Slimebound:ComboTackle","Slimebound:FinishingTackle","Slimebound:HauntingLick"],"picked":"SKIP","floor":48.0},{"not_picked":["Slimebound:LeechEnergy+1","Slimebound:GoopTackle","Slimebound:SlimeBrawl+1"],"picked":"SKIP","floor":49}],"player_experience":280984,"relics_obtained":[{"floor":14.0,"key":"Frozen Egg 2"},{"floor":17.0,"key":"Orichalcum"},{"floor":17.0,"key":"Matryoshka"},{"floor":17.0,"key":"Unceasing Top"},{"floor":24.0,"key":"Juzu Bracelet"},{"floor":24.0,"key":"Pocketwatch"},{"floor":25.0,"key":"Eternal Feather"},{"floor":39.0,"key":"PreservedInsect"},{"floor":39.0,"key":"infinitespire:Satchel"},{"floor":41.0,"key":"infinitespire:Beetle Shell"},{"floor":48.0,"key":"Oddly Smooth Stone"}],"event_choices":[{"damage_healed":0.0,"max_hp_gain":5.0,"max_hp_loss":0.0,"gold_gain":0.0,"event_name":"Big Fish","player_choice":"Donut","floor":5.0,"gold_loss":0.0,"damage_taken":0.0},{"damage_healed":0.0,"max_hp_gain":0.0,"max_hp_loss":0.0,"gold_gain":0.0,"event_name":"Lab","player_choice":"Got Potions","floor":8.0,"gold_loss":0.0,"damage_taken":0.0},{"cards_removed":["Slimebound:Strike_Slimebound"],"damage_healed":0.0,"max_hp_gain":0.0,"max_hp_loss":0.0,"gold_gain":0.0,"event_name":"Falling","player_choice":"Removed Attack","floor":45.0,"gold_loss":0.0,"damage_taken":0.0}],"is_beta":false,"boss_relics":[{"not_picked":["SacredBark","Runic Dome"],"picked":"Calling Bell"},{"not_picked":["Slimebound:TarBlob","Busted Crown"],"picked":"Cursed Key"}],"items_purged_floors":[20,43],"is_endless":true,"potions_floor_spawned":[2,6,9,14,19,25,44,48],"killed_by":"SI_POISON_ARCHETYPE","ascension_level":0}}