{"host":"ew66i0vuc7r9fnl7","time":1612115080,"event":{"mods":["Arknights","BaseMod","DeckTracker","Koishi","Minty Spire (QoL Compilation)","StSLib"],"gold_per_floor":[115,115,131,206,206,206,206,206,230,256,256,269,286,211,211,311,311,327,327,227,227,326,357,357,386,386,386,404,404,419,469,469,566,566,579,114,125,125,144,164,164,183,207,219,247,301,301,151,151,151,151,151,2,31,31,31],"floor_reached":55,"language":"KOR","playtime":2275,"items_purged":["ats:Strike V","ats:Strike S","ats:Armor Crushing Shot","ats:Strike C"],"score":731,"play_id":"6a77ad63-4c86-469a-943e-d16ef5ae0da8","local_time":"20210201024440","is_ascension_mode":false,"campfire_choices":[{"data":"ats:Emotion Absorption","floor":6,"key":"SMITH"},{"data":"ats:Sword Rain","floor":8,"key":"SMITH"},{"data":"ats:Sashimi Platter","floor":11,"key":"SMITH"},{"data":"ats:Leaping Hammer","floor":15,"key":"SMITH"},{"data":"ats:Echo Reverb","floor":24,"key":"SMITH"},{"floor":27,"key":"REST"},{"data":"ats:Hook Shot","floor":29,"key":"SMITH"},{"data":"ats:Support Order","floor":32,"key":"SMITH"},{"floor":41,"key":"RECALL"},{"floor":49,"key":"REST"},{"floor":52,"key":"REST"}],"circlet_count":0,"master_deck":["ats:Strike G","ats:Defend","ats:Defend","ats:Defend","ats:Defend","ats:Emotion Absorption+1","ats:Closed Bolt Burst Fire+1","ats:Sword Rain+1","ats:Hook Shot+1","ats:Sashimi Platter+1","ats:Leaping Hammer+1","ats:Echo Reverb+1","CurseOfTheBell","ats:LN2 Cannon+1","ats:Support Order+1","Master of Strategy","Madness","Madness"],"relics":["ats:Sanity","NeowsBlessing","Prayer Wheel","InkBottle","PreservedInsect","ats:Originium","Mummified Hand","Calling Bell","Nunchaku","Pear","Dead Branch","Toy Ornithopter","Regal Pillow","Pen Nib","Fusion Hammer","Medical Kit","Vajra","ats:Military Tradition","FossilizedHelix","ats:Ability Aura","Lantern"],"acts_visited":["Exordium","TheCity","TheBeyond","TheEnding"],"potions_floor_usage":[23,25,33,40,42,50],"damage_taken":[{"damage":0,"enemies":"Cultist","floor":1,"turns":1},{"damage":0,"enemies":"Small Slimes","floor":3,"turns":1},{"damage":0,"enemies":"Gremlin Nob","floor":10,"turns":1},{"damage":4,"enemies":"Jaw Worm","floor":12,"turns":3},{"damage":12,"enemies":"2 Fungi Beasts","floor":13,"turns":2},{"damage":51,"enemies":"Slime Boss","floor":16,"turns":12},{"damage":13,"enemies":"3 Byrds","floor":18,"turns":5},{"damage":29,"enemies":"Slavers","floor":23,"turns":4},{"damage":48,"enemies":"Book of Stabbing","floor":25,"turns":5},{"damage":10,"enemies":"Chosen","floor":28,"turns":4},{"damage":0,"enemies":"Snecko","floor":30,"turns":3},{"damage":70,"enemies":"Champ","floor":33,"turns":9},{"damage":13,"enemies":"Orb Walker","floor":35,"turns":3},{"damage":9,"enemies":"3 Darklings","floor":37,"turns":3},{"damage":2,"enemies":"Jaw Worm Horde","floor":39,"turns":3},{"damage":17,"enemies":"Spire Growth","floor":40,"turns":4},{"damage":59,"enemies":"Writhing Mass","floor":42,"turns":5},{"damage":7,"enemies":"4 Shapes","floor":44,"turns":3},{"damage":7,"enemies":"Nemesis","floor":45,"turns":3},{"damage":39,"enemies":"2 Orb Walkers","floor":46,"turns":4},{"damage":147,"enemies":"Awakened One","floor":50,"turns":17},{"damage":47,"enemies":"Shield and Spear","floor":54,"turns":6},{"damage":69,"enemies":"The Heart","floor":55,"turns":3}],"seed_played":"-6032215760052205546","potions_obtained":[{"floor":1,"key":"GamblersBrew"},{"floor":12,"key":"ColorlessPotion"},{"floor":13,"key":"DistilledChaos"},{"floor":23,"key":"SneckoOil"},{"floor":30,"key":"Ancient Potion"},{"floor":37,"key":"Energy Potion"},{"floor":42,"key":"PowerPotion"}],"is_trial":false,"path_per_floor":["M","T","M","?","T","R","?","R","T","E","R","M","M","$","R","B",null,"M","?","$","?","?","E","R","E","T","R","M","R","M","T","R","B",null,"M","$","M","?","M","M","R","M","T","M","E","?","?","$","R","B",null,"R","$","E","B"],"character_chosen":"DOCTOR_CLASS","items_purchased":["Medical Kit","Master of Strategy","ats:Ability Aura"],"campfire_rested":3,"item_purchase_floors":[36,36,53],"current_hp_per_floor":[72,72,72,61,61,61,61,61,61,61,61,72,60,60,60,33,82,78,78,78,62,62,41,41,9,9,50,49,49,69,69,69,35,87,74,74,85,74,87,85,85,47,47,56,52,42,42,42,83,20,87,87,87,59,0,0],"gold":31,"neow_bonus":"THREE_ENEMY_KILL","is_daily":false,"chose_seed":false,"campfire_upgraded":7,"win_rate":0.0,"timestamp":1612115080,"path_taken":["M","?","M","?","?","R","?","R","T","E","R","?","M","$","R","BOSS","M","?","$","?","?","E","R","E","T","R","?","R","M","?","R","BOSS","M","$","M","?","M","M","R","M","T","M","E","?","?","$","R","BOSS","R","$","E","BOSS"],"items_purchased_type":["Relic","Card","Relic"],"build_version":"2020-12-22","purchased_purges":4,"victory":false,"max_hp_per_floor":[72,72,72,72,72,72,72,72,72,72,72,72,72,72,72,72,82,82,82,82,87,87,87,87,87,87,87,87,87,87,87,87,87,87,87,87,87,87,87,87,87,87,87,87,87,87,87,87,87,87,87,87,87,87,87,87],"card_choices":[{"not_picked":["ats:Steam Pump","ats:Apocalypse"],"picked":"ats:Closed Bolt Burst Fire","floor":1},{"not_picked":["ats:Encircling Forest","ats:Explosion Area Strengthen"],"picked":"ats:Sword Rain","floor":3},{"not_picked":["ats:Song Of Battle","ats:Shadow Raid"],"picked":"ats:Hook Shot","floor":3},{"not_picked":["ats:Part Time Job","ats:Closed Bolt Burst Fire"],"picked":"ats:Sashimi Platter","floor":10},{"not_picked":["ats:Magnetic Hammer","ats:Demon Strength"],"picked":"ats:Leaping Hammer","floor":12},{"not_picked":["ats:Poison Spread","ats:Guardian Obelisk","ats:Cat Scratch"],"picked":"SKIP","floor":12},{"not_picked":["ats:Poison Spread","ats:Very Hot Blade","ats:Revitalization"],"picked":"SKIP","floor":13},{"not_picked":["ats:Composite Medical Shells","ats:Burning Ground","ats:Explosion Area Strengthen"],"picked":"SKIP","floor":13},{"not_picked":["ats:Nebulous Foxfire","ats:Shadow Assault"],"picked":"ats:Echo Reverb","floor":16},{"not_picked":["ats:Magnetic Hammer","ats:Curse Doll","ats:Absolute Focus"],"picked":"SKIP","floor":18},{"not_picked":["ats:Cat Scratch","ats:Sunburst","ats:Leaping Hammer+1"],"picked":"SKIP","floor":18},{"not_picked":["ats:Song Of Battle","ats:Chain Hook","ats:Flame Of Heaven"],"picked":"SKIP","floor":23},{"not_picked":["ats:Nebulous Foxfire","ats:Rapid Magazine","ats:Apocalypse"],"picked":"SKIP","floor":25},{"not_picked":["ats:Leaping Hammer","ats:Guardian Obelisk"],"picked":"ats:LN2 Cannon+1","floor":28},{"not_picked":["ats:Shell Defense","ats:Hammer On","ats:Poison Spread+1"],"picked":"SKIP","floor":28},{"not_picked":["ats:Guardian Obelisk","ats:Powerful Strike"],"picked":"ats:Support Order","floor":30},{"not_picked":["ats:Flexible Camouflage","ats:Counter Healing Mode","ats:Powerful Strike+1"],"picked":"SKIP","floor":30},{"not_picked":["ats:Neurotoxin+1","ats:Hammer On","ats:Burning Ground"],"picked":"SKIP","floor":35},{"not_picked":["ats:Beaten Up+1","ats:Sword Rain+1","ats:Powerful Strike"],"picked":"SKIP","floor":35},{"not_picked":["ats:Very Hot Blade","ats:Sword Rain+1","ats:Magnetic Hammer"],"picked":"SKIP","floor":37},{"not_picked":["ats:Absolute Focus+1","ats:Hammer On+1","ats:Assault Order+1"],"picked":"SKIP","floor":37},{"not_picked":["ats:Echo Reverb","ats:Shell Defense","ats:Poison Spread+1"],"picked":"SKIP","floor":39},{"not_picked":["ats:Powerful Strike","ats:Assault Order+1","ats:Consecutive Shot Auto+1"],"picked":"SKIP","floor":39},{"not_picked":["ats:Encircling Forest","ats:Literary Storm","ats:LN2 Cannon+1"],"picked":"SKIP","floor":40},{"not_picked":["ats:Guard Mode+1","ats:Healing Strengthening","ats:Shell Defense+1"],"picked":"SKIP","floor":40},{"not_picked":["ats:Volcano","ats:Hammer On","ats:Ignite+1"],"picked":"SKIP","floor":42},{"not_picked":["ats:Sword Rain","ats:Hammer On","ats:Powerful Strike+1"],"picked":"SKIP","floor":42},{"not_picked":["ats:Healing Strengthening+1","ats:Support Order+1","ats:Ignite"],"picked":"SKIP","floor":44},{"not_picked":["ats:Overload+1","ats:Healing Drone+1","ats:Spore Proliferation+1"],"picked":"SKIP","floor":44},{"not_picked":["ats:Cat Scratch","ats:Guard Mode+1","ats:Soul Rend"],"picked":"SKIP","floor":45},{"not_picked":["ats:Shell Defense+1","ats:Sashimi Platter+1","ats:Flame Of Heaven"],"picked":"SKIP","floor":54}],"player_experience":633921,"relics_obtained":[{"floor":2,"key":"Prayer Wheel"},{"floor":5,"key":"InkBottle"},{"floor":9,"key":"PreservedInsect"},{"floor":10,"key":"ats:Originium"},{"floor":10,"key":"Mummified Hand"},{"floor":17,"key":"Nunchaku"},{"floor":17,"key":"Pear"},{"floor":17,"key":"Dead Branch"},{"floor":23,"key":"ats:Originium"},{"floor":23,"key":"Toy Ornithopter"},{"floor":25,"key":"ats:Originium"},{"floor":25,"key":"Regal Pillow"},{"floor":31,"key":"Pen Nib"},{"floor":43,"key":"Vajra"},{"floor":45,"key":"ats:Originium"},{"floor":45,"key":"ats:Military Tradition"},{"floor":46,"key":"FossilizedHelix"},{"floor":54,"key":"Lantern"}],"event_choices":[{"damage_healed":0,"gold_gain":75,"player_choice":"Gather Gold","damage_taken":11,"max_hp_gain":0,"max_hp_loss":0,"event_name":"World of Goop","floor":4,"gold_loss":0},{"damage_healed":0,"gold_gain":0,"player_choice":"Grow","damage_taken":0,"max_hp_gain":0,"max_hp_loss":0,"event_name":"Living Wall","floor":7,"gold_loss":0,"cards_upgraded":["ats:Closed Bolt Burst Fire"]},{"damage_healed":0,"gold_gain":0,"player_choice":"Ignored","damage_taken":0,"max_hp_gain":0,"max_hp_loss":0,"event_name":"Vampires","floor":19,"gold_loss":0},{"damage_healed":0,"gold_gain":0,"player_choice":"Shed Blood","damage_taken":21,"max_hp_gain":5,"max_hp_loss":0,"event_name":"Forgotten Altar","floor":21,"gold_loss":0},{"damage_healed":0,"gold_gain":99,"player_choice":"Stole From Cult","damage_taken":0,"max_hp_gain":0,"max_hp_loss":0,"event_name":"Nest","floor":22,"gold_loss":0},{"damage_healed":0,"gold_gain":0,"player_choice":"Embrace Madness","damage_taken":11,"max_hp_gain":0,"max_hp_loss":0,"event_name":"Winding Halls","floor":38,"gold_loss":0,"cards_obtained":["Madness","Madness"]},{"damage_healed":0,"gold_gain":0,"player_choice":"Fight","damage_taken":0,"max_hp_gain":0,"max_hp_loss":0,"event_name":"Mysterious Sphere","floor":46,"gold_loss":0},{"damage_healed":0,"gold_gain":0,"player_choice":"Ignored","damage_taken":0,"max_hp_gain":0,"max_hp_loss":0,"event_name":"The Moai Head","floor":47,"gold_loss":0}],"is_beta":false,"boss_relics":[{"not_picked":["ats:Omniscience","Runic Dome"],"picked":"Calling Bell"},{"not_picked":["Pandora\u0027s Box","Tiny House"],"picked":"Fusion Hammer"}],"items_purged_floors":[14,20,36,48],"is_endless":false,"potions_floor_spawned":[1,12,13,16,23,30,37,42],"killed_by":"The Heart","ascension_level":0}}