{"host":"njhkfpltl93zx30j","time":1612064738,"event":{"mods":["BaseMod","Downfall","Lobotomy","LobotomyExtend","Minty Spire (QoL Compilation)","Shop Mod","StSLib"],"gold_per_floor":[109,109,109,173,186,186,250,97,174,205,205,225,0,16,16,16,16,16],"floor_reached":16,"language":"ZHS","playtime":783,"items_purged":["sneckomod:Defend"],"score":123,"play_id":"54a069c1-b00e-402f-a91b-76a53400d11e","local_time":"20210131114538","is_ascension_mode":false,"campfire_choices":[],"circlet_count":0,"master_deck":["sneckomod:Strike","sneckomod:Strike","sneckomod:Strike","sneckomod:Defend","sneckomod:Defend","sneckomod:TailWhip","sneckomod:SnekBite","sneckomod:Unknown","OldLady","sneckomod:UnknownUncommonSkill","BigBadWolf","sneckomod:TrashToTreasure","Reboot","Freischutz","sneckomod:UnknownExhaust","sneckomod:UnknownUncommonPower","sneckomod:UnknownUncommonAttack","sneckomod:ImprovisedGuard","sneckomod:Unknown2Cost","PunishingBird","sneckomod:SoulCleanse","Murderer","sneckomod:MasterEye","MHz","sneckomod:CheapStock","All For One"],"relics":["sneckomod:SneckoSoul","CogitoBucket","LetterFromLob","HornCleat","Anchor","Orrery","Mummified Hand","Blood Vial","ChangeAnything"],"acts_visited":["Exordium"],"potions_floor_usage":[5,7,14,16],"damage_taken":[{"damage":11,"enemies":"Jaw Worm","floor":1,"turns":2},{"damage":0,"enemies":"Small Slimes","floor":5,"turns":3},{"damage":16,"enemies":"Gremlin Nob","floor":7,"turns":4},{"damage":0,"enemies":"Gremlin Nob","floor":10,"turns":3},{"damage":0,"enemies":"2 Louse","floor":12,"turns":1},{"damage":21,"enemies":"Gremlin Gang","floor":14,"turns":5},{"damage":57,"enemies":"The Guardian","floor":16,"turns":7}],"seed_played":"6826758036171163241","potions_obtained":[{"floor":1,"key":"GamblersBrew"},{"floor":5,"key":"Fruit Juice"},{"floor":12,"key":"Block Potion"},{"floor":14,"key":"LiquidMemories"}],"is_trial":false,"path_per_floor":["M","?","T","?","M","R","?","$","T","E","M","M","$","M","R","B"],"character_chosen":"THE_SNECKO","items_purchased":["Orrery","sneckomod:UnknownRareAttack"],"campfire_rested":0,"item_purchase_floors":[8,13],"current_hp_per_floor":[79,79,79,79,84,84,68,68,68,68,68,70,70,53,53,8,8,8],"gold":16,"neow_bonus":"","is_daily":false,"chose_seed":false,"campfire_upgraded":0,"win_rate":0.0,"timestamp":1612064738,"path_taken":["M","?","?","?","M","R","?","$","T","E","M","M","?","M","R","BOSS"],"items_purchased_type":["Relic","Card"],"build_version":"2020-12-22","purchased_purges":1,"victory":false,"max_hp_per_floor":[90,90,90,90,95,95,95,95,95,95,95,95,95,95,95,95,95,95],"card_choices":[{"not_picked":["UniverseFragment","Alriune"],"picked":"OldLady","floor":1},{"not_picked":["sneckomod:DefensiveFlair","sneckomod:UnknownStrike"],"picked":"sneckomod:UnknownUncommonSkill","floor":1},{"not_picked":["SpiderBud","OSAHOGD"],"picked":"BigBadWolf","floor":5},{"not_picked":["sneckomod:Nope","sneckomod:WideSting"],"picked":"sneckomod:TrashToTreasure","floor":5},{"not_picked":["FairyFestival","NakedNest","Scarecrow"],"picked":"Singing Bowl","floor":7},{"not_picked":["SpiderBud","MeatLantern"],"picked":"Freischutz","floor":7},{"not_picked":["sneckomod:UnknownUncommonPower","sneckomod:UnknownX"],"picked":"sneckomod:UnknownExhaust","floor":7},{"not_picked":["sneckomod:Nope","sneckomod:DiceCrush"],"picked":"sneckomod:QuickMove","floor":8},{"not_picked":["sneckomod:SerpentMind","sneckomod:SlitherStrike"],"picked":"sneckomod:UnknownUncommonPower","floor":8},{"not_picked":["sneckomod:CheapStock","sneckomod:IronFang"],"picked":"sneckomod:UnknownUncommonAttack","floor":8},{"not_picked":["sneckomod:RainOfDice","sneckomod:UnknownExhaust"],"picked":"sneckomod:ImprovisedGuard","floor":8},{"not_picked":["sneckomod:UnknownCommonSkill","sneckomod:UnknownBlock"],"picked":"sneckomod:Unknown2Cost","floor":8},{"not_picked":["MHz","SnowQueen","WhitesApple"],"picked":"Singing Bowl","floor":10},{"not_picked":["Murderer","Wellcheers"],"picked":"PunishingBird","floor":10},{"not_picked":["sneckomod:UnknownCommonSkill","sneckomod:SnekBeam"],"picked":"sneckomod:SoulCleanse","floor":10},{"not_picked":["BeautyBeast","HeroicMonk","FairyFestival"],"picked":"Singing Bowl","floor":12},{"not_picked":["MeatLantern","SpiderBud"],"picked":"Murderer","floor":12},{"not_picked":["sneckomod:SoulRoll","sneckomod:SoulCleanse"],"picked":"sneckomod:MasterEye","floor":12},{"not_picked":["OSAHOGD","LittleHelper","Porccubus"],"picked":"Singing Bowl","floor":14},{"not_picked":["Wellcheers","Laetitia"],"picked":"MHz","floor":14},{"not_picked":["sneckomod:RainOfDice","sneckomod:DiceBlock"],"picked":"sneckomod:CheapStock","floor":14}],"player_experience":114795,"relics_obtained":[{"floor":1,"key":"LetterFromLob"},{"floor":3,"key":"HornCleat"},{"floor":9,"key":"Mummified Hand"},{"floor":10,"key":"Blood Vial"}],"event_choices":[{"damage_healed":0,"gold_gain":64,"player_choice":"Gained Gold","damage_taken":0,"max_hp_gain":0,"max_hp_loss":0,"event_name":"Golden Wing","floor":4,"gold_loss":0},{"damage_healed":0,"gold_gain":30,"player_choice":"Searched \u00273\u0027 times","damage_taken":0,"relics_obtained":["Anchor"],"max_hp_gain":0,"max_hp_loss":0,"event_name":"Dead Adventurer","floor":7,"gold_loss":0}],"is_beta":false,"boss_relics":[],"items_purged_floors":[13],"is_endless":false,"potions_floor_spawned":[1,5,12,14],"killed_by":"The Guardian","ascension_level":0}}