{"host":"7qqg3hyzrz6apiso","time":1612091447,"event":{"mods":["AchievementEnabler","BaseMod","Better Debug","Colored Map","Keyboard Shortcuts","Minty Spire (QoL Compilation)","Permanent Neow","Quick Restart","StSLib","SuperFastMode"],"gold_per_floor":[217,236,246,246,260,260,260,272,284,296,308,340,362,388,400,513,525,555,567,679,235,254,254,32,32,32,32,51,69,101,101,101,198,198,212,228,17,29,9,44,44,44,44,44,44,44,63,75,75,75,75],"floor_reached":50,"language":"KOR","playtime":2158,"items_purged":["Catalyst+1","Catalyst","Writhe"],"score":579,"play_id":"eb6beb9a-a1dd-4a91-9252-283b6a1bc4fd","local_time":"20210131201047","is_ascension_mode":true,"campfire_choices":[{"data":"Neutralize","floor":6.0,"key":"SMITH"},{"data":"Catalyst","floor":11.0,"key":"SMITH"},{"floor":15.0,"key":"REST"},{"floor":23.0,"key":"REST"},{"floor":25.0,"key":"REST"},{"data":"Mayhem","floor":27.0,"key":"SMITH"},{"data":"Caltrops","floor":32,"key":"SMITH"},{"floor":41,"key":"REST"},{"data":"Venomology","floor":46,"key":"SMITH"},{"data":"Footwork","floor":49,"key":"SMITH"}],"circlet_count":0,"master_deck":["Survivor","Neutralize+1","Deflect","Footwork+1","Backflip","Venomology+1","Caltrops+1","Deflect+1","Caltrops+1","Caltrops+1","Mayhem+1","Caltrops+1","PiercingWail","A Thousand Cuts+1","Terror","Tactician","Underhanded Strike","Crippling Poison","Die Die Die","Dodge and Roll","Caltrops+1","Caltrops+1","Caltrops+1","Crippling Poison"],"relics":["Ring of the Snake","MawBank","Shuriken","Boot","Astrolabe","Membership Card","Lantern","Bag of Marbles","Toy Ornithopter","TwistedFunnel","HornCleat","Oddly Smooth Stone","Frozen Egg 2","Pandora\u0027s Box","Strange Spoon","Pen Nib","Meat on the Bone","Darkstone Periapt"],"acts_visited":["Exordium","TheCity","TheBeyond"],"potions_floor_usage":[30,30,30,33,36,38,38,38,38,38,40,40,40,47,48,50,50,50],"damage_taken":[{"damage":1.0,"enemies":"Cultist","floor":1.0,"turns":3.0},{"damage":0.0,"enemies":"Small Slimes","floor":2.0,"turns":4.0},{"damage":2.0,"enemies":"Jaw Worm","floor":3.0,"turns":5.0},{"damage":9.0,"enemies":"Exordium Wildlife","floor":5.0,"turns":4.0},{"damage":17.0,"enemies":"Gremlin Gang","floor":12.0,"turns":8.0},{"damage":4.0,"enemies":"Looter","floor":13.0,"turns":5.0},{"damage":0.0,"enemies":"Large Slime","floor":14.0,"turns":7.0},{"damage":18.0,"enemies":"Hexaghost","floor":16.0,"turns":15.0},{"damage":46.0,"enemies":"Chosen","floor":18.0,"turns":8.0},{"damage":18.0,"enemies":"Spheric Guardian","floor":22.0,"turns":7.0},{"damage":1.0,"enemies":"3 Cultists","floor":28.0,"turns":3.0},{"damage":1.0,"enemies":"Snecko","floor":29.0,"turns":7.0},{"damage":4,"enemies":"Slavers","floor":30,"turns":4},{"damage":16,"enemies":"Collector","floor":33,"turns":14},{"damage":7,"enemies":"3 Shapes","floor":35,"turns":7},{"damage":2,"enemies":"3 Darklings","floor":36,"turns":4},{"damage":36,"enemies":"Transient","floor":38,"turns":5},{"damage":49,"enemies":"Giant Head","floor":40,"turns":10},{"damage":16,"enemies":"Jaw Worm Horde","floor":47,"turns":3},{"damage":0,"enemies":"Maw","floor":48,"turns":7},{"damage":70,"enemies":"Awakened One","floor":50,"turns":3}],"seed_played":"3215487869436489206","potions_obtained":[{"floor":2.0,"key":"Fire Potion"},{"floor":3.0,"key":"Strength Potion"},{"floor":14.0,"key":"SkillPotion"},{"floor":18.0,"key":"Poison Potion"},{"floor":28.0,"key":"ColorlessPotion"},{"floor":30,"key":"Energy Potion"},{"floor":38,"key":"SkillPotion"},{"floor":47,"key":"EssenceOfSteel"},{"floor":48,"key":"SpeedPotion"}],"is_trial":false,"path_per_floor":["M","M","M","?","M","R","?","T","T","$","R","M","M","M","R","B",null,"M","?","?","$","M","R","$","R","T","R","M","M","E","?","R","B",null,"M","M","$","M","$","E","R","?","T","?","?","R","M","M","R","B"],"character_chosen":"THE_SILENT","items_purchased":["Membership Card","Caltrops","Lantern","Bag of Marbles","Mayhem","Toy Ornithopter","TwistedFunnel","PiercingWail","Strange Spoon","Pen Nib","Caltrops+1"],"campfire_rested":4,"item_purchase_floors":[21,21,21,21,21,24,24,24,37,37,39],"current_hp_per_floor":[69,69,67,53,44,44,41,41,41,41,41,24,20,20,41,23,70,24,24,24,24,6,27,27,48,48,48,57,56,66,66,66,55,70,63,66,66,36,36,2,23,23,23,61,58,58,42,47,47,0,0],"gold":75,"neow_bonus":"HUNDRED_GOLD","is_daily":false,"chose_seed":false,"campfire_upgraded":6,"win_rate":0.0,"timestamp":1612091447,"path_taken":["M","M","?","?","M","R","?","?","T","$","R","?","?","M","R","BOSS","M","?","?","$","?","R","?","R","T","R","M","M","E","?","R","BOSS","M","M","$","M","$","E","R","?","T","?","?","R","M","M","R","BOSS"],"items_purchased_type":["Relic","Card","Relic","Relic","Card","Relic","Relic","Card","Relic","Relic","Card"],"build_version":"2020-12-22","purchased_purges":3,"victory":false,"max_hp_per_floor":[70,70,70,70,70,70,70,70,70,70,70,70,70,70,70,70,70,70,70,70,70,70,70,70,70,70,70,70,70,70,70,70,70,70,70,70,70,70,70,70,70,70,70,61,58,58,58,58,58,58,58],"card_choices":[{"not_picked":["Flying Knee","Bane","Dodge and Roll"],"picked":"SKIP","floor":1.0},{"not_picked":["Flechettes","Bane"],"picked":"Catalyst","floor":2.0},{"not_picked":["Slice","Riddle With Holes","Acrobatics"],"picked":"SKIP","floor":3.0},{"not_picked":["Choke","Prepared"],"picked":"Deflect","floor":5.0},{"not_picked":["Sucker Punch","Choke"],"picked":"Footwork","floor":12.0},{"not_picked":["Distraction","Blade Dance"],"picked":"Catalyst","floor":13.0},{"not_picked":["All Out Attack","Cloak And Dagger"],"picked":"Backflip","floor":14.0},{"not_picked":["Storm of Steel","Doppelganger"],"picked":"Venomology","floor":16.0},{"not_picked":["Catalyst+1","Slice","Backstab"],"picked":"SKIP","floor":18.0},{"not_picked":["Finisher","Quick Slash"],"picked":"Caltrops+1","floor":22.0},{"not_picked":["Cloak And Dagger","Dagger Throw","Flying Knee"],"picked":"SKIP","floor":28.0},{"not_picked":["Acrobatics","Blade Dance","Slice"],"picked":"SKIP","floor":29.0},{"not_picked":["Outmaneuver","Sucker Punch+1","Blur"],"picked":"SKIP","floor":30},{"not_picked":["Reflex+1","Dodge and Roll+1"],"picked":"Caltrops+1","floor":35},{"not_picked":["Dodge and Roll","Dash+1","Eviscerate"],"picked":"SKIP","floor":36},{"not_picked":["Skewer+1","Bane","Poisoned Stab"],"picked":"SKIP","floor":38},{"not_picked":["Burst","Die Die Die"],"picked":"Caltrops+1","floor":40},{"not_picked":["Dagger Spray+1","Underhanded Strike","Bane"],"picked":"SKIP","floor":47},{"not_picked":["Cloak And Dagger","Backflip"],"picked":"Crippling Poison","floor":48}],"player_experience":190187,"relics_obtained":[{"floor":8.0,"key":"Shuriken"},{"floor":9.0,"key":"Boot"},{"floor":26.0,"key":"HornCleat"},{"floor":30,"key":"Oddly Smooth Stone"},{"floor":40,"key":"Meat on the Bone"},{"floor":43,"key":"Darkstone Periapt"}],"event_choices":[{"damage_healed":0.0,"max_hp_gain":0.0,"max_hp_loss":0.0,"gold_gain":0.0,"event_name":"Shining Light","player_choice":"Entered Light","floor":4.0,"gold_loss":0.0,"damage_taken":14.0,"cards_upgraded":["Defend_G","Strike_G"]},{"damage_healed":0.0,"max_hp_gain":0.0,"max_hp_loss":0.0,"gold_gain":0.0,"event_name":"Scrap Ooze","player_choice":"Success","floor":7.0,"gold_loss":0.0,"damage_taken":3.0,"relics_obtained":["MawBank"]},{"damage_healed":0.0,"max_hp_gain":0.0,"max_hp_loss":0.0,"gold_gain":0.0,"event_name":"Cursed Tome","player_choice":"Ignored","floor":19.0,"gold_loss":0.0,"damage_taken":0.0},{"damage_healed":0.0,"max_hp_gain":0.0,"max_hp_loss":0.0,"gold_gain":100.0,"event_name":"Golden Shrine","player_choice":"Pray","floor":20.0,"gold_loss":0.0,"damage_taken":0.0},{"damage_healed":0,"gold_gain":0,"player_choice":"Opened","damage_taken":0,"relics_obtained":["Frozen Egg 2"],"max_hp_gain":0,"max_hp_loss":0,"event_name":"The Mausoleum","floor":31,"gold_loss":0,"cards_obtained":["Writhe"]},{"damage_healed":0,"gold_gain":0,"player_choice":"Ignored","damage_taken":0,"max_hp_gain":0,"max_hp_loss":0,"event_name":"Mysterious Sphere","floor":42,"gold_loss":0},{"damage_healed":61,"gold_gain":0,"player_choice":"Heal","damage_taken":0,"max_hp_gain":0,"max_hp_loss":9,"event_name":"The Moai Head","floor":44,"gold_loss":0},{"damage_healed":0,"gold_gain":0,"player_choice":"Max HP","damage_taken":0,"max_hp_gain":0,"max_hp_loss":3,"event_name":"Winding Halls","floor":45,"gold_loss":0}],"is_beta":false,"boss_relics":[{"not_picked":["Ectoplasm","Cursed Key"],"picked":"Astrolabe"},{"not_picked":["Fusion Hammer","Ring of the Serpent"],"picked":"Pandora\u0027s Box"}],"items_purged_floors":[21,24,37],"is_endless":false,"potions_floor_spawned":[2,3,14,18,28,30,38,47,48],"killed_by":"Awakened One","ascension_level":3}}