{"host":"6xsbn6ynqlzwllfm","time":1612072608,"event":{"mods":["2.2 Compatiblity","BaseMod","Bestiary","Colored Map","Colored Powertips","Curses Come First","Highlight Path","Keyboard Shortcuts","Minty Spire (QoL Compilation)","Relic Stats","Slay the Relics Exporter","StSLib","SuperFastMode"],"gold_per_floor":[119,138,138,138,152,152,180,180,180,212,222,222,256,273,273,273,273],"floor_reached":16,"language":"ENG","playtime":478,"items_purged":[],"score":290,"play_id":"c5a48f60-4953-46fe-a131-08ef769baeb9","local_time":"20210131005648","is_ascension_mode":true,"campfire_choices":[{"data":"BowlingBash","floor":6.0,"key":"SMITH"},{"floor":12,"key":"REST"},{"data":"TalkToTheHand","floor":15,"key":"SMITH"}],"circlet_count":0,"master_deck":["AscendersBane","Strike_P","Strike_P","Strike_P+1","Defend_P","Defend_P","Defend_P","Defend_P","Eruption+1","Vigilance+1","LessonLearned+1","MentalFortress+1","FlyingSleeves","BowlingBash+1","FlyingSleeves","TalkToTheHand+1","WaveOfTheHand"],"relics":["PureWater","Eternal Feather","TeardropLocket","Happy Flower","Damaru","Dream Catcher"],"acts_visited":["Exordium"],"potions_floor_usage":[],"damage_taken":[{"damage":8.0,"enemies":"Cultist","floor":1.0,"turns":5.0},{"damage":5.0,"enemies":"2 Louse","floor":2.0,"turns":5.0},{"damage":1.0,"enemies":"Small Slimes","floor":5.0,"turns":3.0},{"damage":0.0,"enemies":"Gremlin Nob","floor":7.0,"turns":2.0},{"damage":11.0,"enemies":"Lagavulin","floor":10.0,"turns":6.0},{"damage":15,"enemies":"Gremlin Gang","floor":11,"turns":3},{"damage":20,"enemies":"3 Sentries","floor":13,"turns":8},{"damage":0,"enemies":"Looter","floor":14,"turns":2},{"damage":26,"enemies":"Hexaghost","floor":16,"turns":14}],"seed_played":"2328564326010162396","potions_obtained":[{"floor":1.0,"key":"Dexterity Potion"},{"floor":2.0,"key":"Fire Potion"},{"floor":5.0,"key":"BlessingOfTheForge"},{"floor":7.0,"key":"CultistPotion"}],"is_trial":false,"path_per_floor":["M","M","?","?","M","R","E","?","T","E","M","R","E","M","R","B"],"character_chosen":"WATCHER","items_purchased":[],"campfire_rested":1,"item_purchase_floors":[],"current_hp_per_floor":[35,30,25,25,24,33,33,33,33,22,7,36,16,16,25,0,0],"gold":273,"neow_bonus":"THREE_RARE_CARDS","is_daily":false,"chose_seed":false,"campfire_upgraded":2,"win_rate":0.0,"timestamp":1612072608,"path_taken":["M","M","?","?","M","R","E","?","T","E","?","R","E","M","R","BOSS"],"items_purchased_type":[],"build_version":"2020-12-22","purchased_purges":0,"victory":false,"max_hp_per_floor":[68,68,68,68,68,68,68,68,68,68,68,68,68,68,68,68,68],"relic_stats":{"Dream Catcher":0,"Happy Flower":[11],"counters":[9,48],"Eternal Feather":27,"obtain_stats":[{"Dream Catcher":13,"Happy Flower":9,"Damaru":10,"Eternal Feather":3,"TeardropLocket":7,"PureWater":0},{"Dream Catcher":7,"Happy Flower":4,"Damaru":5,"Eternal Feather":2,"TeardropLocket":4,"PureWater":0},{"Dream Catcher":32,"Happy Flower":15,"Damaru":21,"Eternal Feather":10,"TeardropLocket":15,"PureWater":0}]},"card_choices":[{"not_picked":["Devotion","Omniscience"],"picked":"LessonLearned","floor":0.0},{"not_picked":["DeceiveReality","Sanctity"],"picked":"MentalFortress","floor":1.0},{"not_picked":["Study","Evaluate"],"picked":"FlyingSleeves","floor":2.0},{"not_picked":["PathToVictory","Adaptation"],"picked":"BowlingBash","floor":5.0},{"not_picked":["BowlingBash","Crescendo"],"picked":"FlyingSleeves","floor":7.0},{"not_picked":["BowlingBash","EmptyBody","Meditate"],"picked":"SKIP","floor":11},{"not_picked":["Halt","ConjureBlade"],"picked":"WaveOfTheHand","floor":13},{"not_picked":["SashWhip","WreathOfFlame","JustLucky"],"picked":"SKIP","floor":14}],"player_experience":1325570,"relics_obtained":[{"floor":7.0,"key":"TeardropLocket"},{"floor":9.0,"key":"Happy Flower"},{"floor":10.0,"key":"Damaru"},{"floor":13,"key":"Dream Catcher"}],"event_choices":[{"damage_healed":0.0,"max_hp_gain":0.0,"max_hp_loss":0.0,"gold_gain":0.0,"event_name":"Scrap Ooze","player_choice":"Success","floor":3.0,"gold_loss":0.0,"damage_taken":5.0,"relics_obtained":["Eternal Feather"]},{"damage_healed":0.0,"max_hp_gain":0.0,"max_hp_loss":0.0,"gold_gain":0.0,"event_name":"Liars Game","player_choice":"Ignored","floor":4.0,"gold_loss":0.0,"damage_taken":0.0},{"damage_healed":0.0,"max_hp_gain":0.0,"max_hp_loss":0.0,"gold_gain":0.0,"cards_transformed":["Strike_P"],"event_name":"Transmorgrifier","player_choice":"Transformed","floor":8.0,"gold_loss":0.0,"damage_taken":0.0,"cards_obtained":["TalkToTheHand"]}],"is_beta":false,"boss_relics":[],"items_purged_floors":[],"is_endless":false,"potions_floor_spawned":[1,2,5,7],"killed_by":"Hexaghost","ascension_level":20}}