{"host":"xu4bnwtq7hv5gr1m","time":1612078449,"event":{"mods":["Act Like it!","Aspiration","BaseMod","Conspire","Gensokyo","Hallownest","Hubris","Lobotomy","LobotomyExtend","Marked Mod","Minty Spire (QoL Compilation)","Pale of the Ancients","Replay The Spire","StSLib","¡¾ÒÅÎï¿¨ÅÆ¡¿REMEMod"],"gold_per_floor":[111,111,203,12,12,341,341,26,76,76,101,101,111,137,137,234,234,250,250,130,130,90,117,117,132,132,271,271,3,13,13,13,114,114,333,333,366,410,410,410,427,488,488,488,488,536,609,179,179,333,333],"floor_reached":52,"language":"ZHS","playtime":3142,"items_purged":["Strike_R"],"score":1032,"play_id":"d3eaf368-719b-4085-8916-89b71d5e5dbc","local_time":"20210131153409","is_ascension_mode":false,"campfire_choices":[{"data":"Armaments","floor":7,"key":"SMITH"},{"data":"Uppercut","floor":10,"key":"SMITH"},{"data":"Hemogenesis","floor":15,"key":"SMITH"},{"data":"REME_Fury","floor":24,"key":"SMITH"},{"data":"REME_Scribble","floor":28,"key":"SMITH"},{"data":"REME_ACTH","floor":32,"key":"SMITH"},{"data":"Offering","floor":40,"key":"SMITH"},{"data":"Gensokyo:HouraiInAPot","floor":49,"key":"SMITH"}],"circlet_count":0,"master_deck":["LongBird","WhiteNight","VoidDream","Feel No Pain","Hemogenesis+1","REME_Fury+1","Scarecrow","conspire:Purge+1","REME_ACTH+1","REME_Scribble+1","PunishingBird","HereticApostle","Offering+1","SpiderBud","RedShoes","Combust","Burning Pact+1","MHz","Eclipse","Porccubus","Gensokyo:HouraiInAPot+1","Warcry+1","BodiesMountain","Gensokyo:ScrapIron","Gensokyo:RustyChest","Gensokyo:BlemishedSteel"],"relics":["Burning Blood","REME_ComplimentaryCards","CogitoBucket","RabbitCall","LetterFromLob","hubris:EmptyBottle","hubris:Towel","Old Coin","Shuriken","Juzu Bracelet","Potion Belt","Omamori","aspiration:ChemicalBlood","hubris:Backtick","Dead Branch","LuminousBracelet","Ring of Hypnosis","ReplayTheSpireMod:Ring of Addiction","SacredBark","White Beast Statue","Gensokyo:LionMask","conspire:Flyswatter","Pear","Logging_r","Medical Kit","Centennial Puzzle","REME_ChargedStone","Lizard Tail","ChangeAnything","DeathAngel","AtMidnight","SkinProphecy","Replay:Bandana","Gremlin Horn","Justitia_r","REME_ArchaeologicalTools","REME_CardOfGreed","Brimstone"],"acts_visited":["Gensokyo:Gensokyo","Gensokyo:Gensokyoer","Gensokyo:Gensokyoest"],"potions_floor_usage":[6,13,23,23,23,25,25,27,27,27,27,27,27,30,30,33,33,33,35,35,36,36,36,36,36,36,38,38,41,41,42,42,42,46,47,47,50,50],"damage_taken":[{"damage":5,"enemies":"Gensokyo:3_Fairies","floor":1,"turns":5},{"damage":22,"enemies":"Gensokyo:Aya","floor":6,"turns":6},{"damage":0,"enemies":"Gensokyo:2_Kodama","floor":13,"turns":3},{"damage":13,"enemies":"Gensokyo:Mamizou","floor":14,"turns":8},{"damage":15,"enemies":"Gensokyo:Reimu","floor":16,"turns":12},{"damage":4,"enemies":"Gensokyo:CosmicMonolith","floor":18,"turns":2},{"damage":27,"enemies":"Gensokyo:Koishi","floor":23,"turns":7},{"damage":7,"enemies":"Gensokyo:Chomper","floor":25,"turns":3},{"damage":41,"enemies":"Gensokyo:3_Gloops","floor":27,"turns":5},{"damage":21,"enemies":"Gensokyo:Wraith","floor":30,"turns":5},{"damage":33,"enemies":"Gensokyo:Eternal_Rivals","floor":33,"turns":5},{"damage":18,"enemies":"Gensokyo:3_Boulders","floor":35,"turns":3},{"damage":49,"enemies":"Gensokyo:3_Bats","floor":36,"turns":4},{"damage":13,"enemies":"Gensokyo:3_Bats","floor":37,"turns":3},{"damage":25,"enemies":"Gensokyo:Dusk_and_Dawn","floor":38,"turns":3},{"damage":24,"enemies":"Gensokyo:Rafflesia","floor":41,"turns":1},{"damage":37,"enemies":"Gensokyo:Kasen","floor":42,"turns":4},{"damage":27,"enemies":"Gensokyo:AtlasGolem","floor":46,"turns":2},{"damage":32,"enemies":"Gensokyo:Marisa","floor":47,"turns":2},{"damage":16,"enemies":"Gensokyo:Yuyuko","floor":50,"turns":1}],"seed_played":"-3241830140737039450","potions_obtained":[{"floor":1,"key":"HeartOfIron"},{"floor":18,"key":"Languid Potion"},{"floor":19,"key":"Swift Potion"},{"floor":19,"key":"PowerPotion"},{"floor":19,"key":"BlessingOfTheForge"},{"floor":23,"key":"Swift Potion"},{"floor":25,"key":"LiquidBronze"},{"floor":27,"key":"FearPotion"},{"floor":30,"key":"SteroidPotion"},{"floor":35,"key":"Death Potion"},{"floor":36,"key":"ColorlessPotion"},{"floor":38,"key":"Adrenaline Potion"},{"floor":38,"key":"Reflective Coating"},{"floor":42,"key":"SkillPotion"},{"floor":47,"key":"Swift Potion"}],"is_trial":false,"path_per_floor":["M","?","?","COS","?","E","R","$","T","R","T","?","M","E","R","B",null,"M","?","?","?","?","E","R","M","T","M","R","COS","M","?","R","B",null,"M","M","M","M","?","R","M","E","T","T","?","M","E","COS","R","B",null,null],"character_chosen":"IRONCLAD","items_purchased":["Shuriken"],"campfire_rested":0,"item_purchase_floors":[8],"current_hp_per_floor":[80,80,60,60,60,44,44,44,44,44,44,44,50,43,43,42,80,95,95,95,95,95,92,92,95,105,85,85,85,112,112,112,115,115,118,119,127,129,129,129,109,99,99,99,99,131,116,116,116,116,116],"gold":333,"neow_bonus":"","is_daily":false,"chose_seed":false,"campfire_upgraded":8,"win_rate":0.0,"timestamp":1612078449,"path_taken":["M","?","?","COS","?","E","R","$","T","R","?","?","M","E","R","BOSS","M","?","?","?","?","E","R","M","T","M","R","COS","M","?","R","BOSS","M","M","M","M","?","R","M","E","T","?","?","M","E","COS","R","BOSS"],"items_purchased_type":["Relic"],"build_version":"2020-12-22","purchased_purges":1,"victory":true,"max_hp_per_floor":[80,80,80,80,80,80,80,80,80,80,80,80,80,80,80,80,80,95,95,95,95,95,93,93,95,105,107,107,107,112,112,112,115,115,118,124,127,130,130,130,130,135,135,135,135,138,143,143,143,148,148],"card_choices":[{"not_picked":["Wellcheers","FairyFestival","MHz"],"picked":"Singing Bowl","floor":1},{"not_picked":["Iron Wave","Clothesline"],"picked":"Twin Strike","floor":1},{"not_picked":["Heavy Blade","Anger"],"picked":"Armaments","floor":3},{"not_picked":["Armaments","Body Slam"],"picked":"REME_TheLastStrike","floor":3},{"not_picked":["Havoc","Iron Wave"],"picked":"Uppercut","floor":3},{"not_picked":["True Grit","conspire:Purge"],"picked":"Spot Weakness","floor":6},{"not_picked":["CherryBlossoms","Murderer"],"picked":"VoidDream","floor":6},{"not_picked":["Headbutt","Pommel Strike"],"picked":"Feel No Pain","floor":13},{"not_picked":["FairyFestival","Porccubus","Bloodbath"],"picked":"Singing Bowl","floor":13},{"not_picked":["Feel No Pain","Warcry"],"picked":"Hemogenesis","floor":14},{"not_picked":["DespairKnight","Wellcheers","MHz"],"picked":"Singing Bowl","floor":14},{"not_picked":["hubris:StunningStrike","Immolate"],"picked":"REME_Fury","floor":16},{"not_picked":["Scorched","HeroicMonk"],"picked":"Scarecrow","floor":16},{"not_picked":["ReplayTheSpireMod:Stacked","hubris:SharpeningStone"],"picked":"Warcry","floor":18},{"not_picked":["NothingThere","BigBadWolf","BlackArmy"],"picked":"Singing Bowl","floor":18},{"not_picked":["Anger","Armaments"],"picked":"Ghostly Armor","floor":23},{"not_picked":["Freischutz","FieryBird"],"picked":"QueenOfHatred","floor":23},{"not_picked":["conspire:Charge","Perfected Strike"],"picked":"REME_ACTH","floor":25},{"not_picked":["GalaxyChild","MeatLantern"],"picked":"Woodsman","floor":25},{"not_picked":["Disarm+1","Run Through"],"picked":"REME_Scribble","floor":27},{"not_picked":["MeatLantern","DreamingCurrent","Laetitia"],"picked":"Singing Bowl","floor":27},{"not_picked":["MHz","OSAHOGD"],"picked":"PunishingBird","floor":27},{"not_picked":["BigBadWolf","LaLuna"],"picked":"BigBird","floor":30},{"not_picked":["Havoc","Pommel Strike+1","Shrug It Off"],"picked":"SKIP","floor":30},{"not_picked":["Feed","Demonic Infusion"],"picked":"Offering","floor":33},{"not_picked":["WhitesApple","Bloodbath","OldLady"],"picked":"Singing Bowl","floor":33},{"not_picked":["SingingMachine","UniverseFragment"],"picked":"WhiteNight","floor":33},{"not_picked":["HappyTeddy","Murderer","SnowQueen"],"picked":"Singing Bowl","floor":35},{"not_picked":["hubris:CleavingFinish+1","Battle Trance","Armaments"],"picked":"SKIP","floor":35},{"not_picked":["FairyFestival","Freischutz"],"picked":"SpiderBud","floor":36},{"not_picked":["Wellcheers","BodiesMountain"],"picked":"RedShoes","floor":37},{"not_picked":["Shrug It Off+1","Rampage+1"],"picked":"Combust","floor":37},{"not_picked":["OldLady","Funeral","Laetitia"],"picked":"Singing Bowl","floor":38},{"not_picked":["Headbutt","hubris:ReadiedAction+1","Clash+1"],"picked":"SKIP","floor":38},{"not_picked":["Reckless Charge","Spot Weakness+1"],"picked":"Burning Pact+1","floor":41},{"not_picked":["QueenBee","LittlePrince","WhitesApple"],"picked":"Singing Bowl","floor":41},{"not_picked":["SilentOrchestra","FieryBird"],"picked":"MHz","floor":41},{"not_picked":["Body Slam+1","Fire Breathing+1"],"picked":"Eclipse","floor":42},{"not_picked":["FieryBird","Laetitia","HeroicMonk"],"picked":"Singing Bowl","floor":42},{"not_picked":["SingingMachine","Laetitia"],"picked":"Porccubus","floor":42},{"not_picked":["Gensokyo:SalamanderShield","Gensokyo:MorningMist"],"picked":"Gensokyo:HouraiInAPot","floor":45},{"not_picked":["Pommel Strike","Brutality"],"picked":"Warcry+1","floor":46},{"not_picked":["Freischutz","OSAHOGD"],"picked":"LongBird","floor":46},{"not_picked":["FairyFestival","Rudolta","BlackSwan"],"picked":"Singing Bowl","floor":47},{"not_picked":["LittlePrince","WhitesApple"],"picked":"BodiesMountain","floor":47},{"not_picked":["Cleave","Rupture","Eclipse"],"picked":"SKIP","floor":47}],"player_experience":752663,"relics_obtained":[{"floor":1,"key":"LetterFromLob"},{"floor":6,"key":"Old Coin"},{"floor":9,"key":"Juzu Bracelet"},{"floor":11,"key":"Potion Belt"},{"floor":14,"key":"aspiration:ChemicalBlood"},{"floor":19,"key":"Ring of Hypnosis"},{"floor":19,"key":"ReplayTheSpireMod:Ring of Addiction"},{"floor":19,"key":"SacredBark"},{"floor":19,"key":"White Beast Statue"},{"floor":23,"key":"conspire:Flyswatter"},{"floor":26,"key":"Pear"},{"floor":36,"key":"DeathAngel"},{"floor":41,"key":"AtMidnight"},{"floor":42,"key":"Replay:Bandana"},{"floor":44,"key":"Gremlin Horn"},{"floor":47,"key":"REME_ArchaeologicalTools"}],"event_choices":[{"damage_healed":0,"gold_gain":0,"player_choice":"Leave","damage_taken":0,"max_hp_gain":0,"max_hp_loss":0,"event_name":"conspire:Investor","floor":2,"gold_loss":0}],"is_beta":false,"boss_relics":[{"not_picked":["Kintsugi","aspiration:SilentSkillbook"],"picked":"hubris:Backtick"},{"not_picked":["Coffee Dripper","Runic Pyramid"],"picked":"REME_ChargedStone"}],"items_purged_floors":[8],"is_endless":false,"potions_floor_spawned":[1,18,23,25,27,30,33,35,36,37,38,41,42,46,47],"ascension_level":0}}