{"host":"facnppb4175fcpe2","time":1612069728,"event":{"mods":["BaseMod","Downfall","Minty Spire (QoL Compilation)","StSLib"],"gold_per_floor":[99,112,129,129,139,124,149,178,178,78,98,113,133,133,133,133],"floor_reached":14,"language":"ZHS","playtime":878,"items_purged":[],"score":92,"play_id":"42524710-4612-4ddf-83f1-ed615dbe0d74","local_time":"20210131130848","is_ascension_mode":false,"campfire_choices":[{"floor":1.0,"key":"RECALL"},{"data":"Slimebound:LevelUp","floor":10.0,"key":"SMITH"}],"circlet_count":0,"master_deck":["Slimebound:Strike_Slimebound","Slimebound:Strike_Slimebound","Slimebound:Tackle","Slimebound:Defend_Slimebound","Slimebound:Defend_Slimebound","Slimebound:Defend_Slimebound","Slimebound:Defend_Slimebound","Slimebound:Split+1","Slimebound:CorrosiveSpit","Slimebound:SpikyOuterGoop","Slimebound:Schlurp","Slimebound:Gluttony","Slimebound:LevelUp+1","Slimebound:SplitAcid","Slimebound:SplitAcid"],"relics":["Slimebound:AbsorbEndCombat","MealTicket","downfall:HeartBlessingRed"],"acts_visited":["Exordium"],"potions_floor_usage":[14,14],"damage_taken":[{"damage":12.0,"enemies":"Small Slimes","floor":2.0,"turns":3.0},{"damage":2.0,"enemies":"2 Louse","floor":3.0,"turns":3.0},{"damage":3.0,"enemies":"Cultist","floor":5.0,"turns":4.0},{"damage":10.0,"enemies":"downfall:FleeingMerchant","floor":6.0,"turns":4.0},{"damage":30.0,"enemies":"Lagavulin","floor":8.0,"turns":6.0},{"damage":6.0,"enemies":"Blue Slaver","floor":11.0,"turns":4.0},{"damage":14.0,"enemies":"Exordium Wildlife","floor":12.0,"turns":6.0},{"damage":15.0,"enemies":"Lots of Slimes","floor":13.0,"turns":3.0},{"damage":29,"enemies":"Gremlin Nob","floor":14,"turns":2}],"seed_played":"-7635077887188809052","potions_obtained":[{"floor":8.0,"key":"PowerPotion"},{"floor":11.0,"key":"BlessingOfTheForge"},{"floor":12.0,"key":"Regen Potion"}],"is_trial":false,"path_per_floor":["R","M","M","?","M","$","T","E","?","R","M","M","M","E"],"character_chosen":"SLIMEBOUND","items_purchased":[],"campfire_rested":0,"item_purchase_floors":[],"current_hp_per_floor":[71,63,65,65,66,62,62,40,40,40,40,30,17,0,0,0],"gold":133,"neow_bonus":"TEN_PERCENT_HP_BONUS","is_daily":false,"chose_seed":false,"campfire_upgraded":1,"win_rate":0.0,"timestamp":1612069728,"path_taken":["R","M","M","?","M","$","T","E","?","R","M","M","?","E"],"items_purchased_type":[],"build_version":"2020-12-22","purchased_purges":0,"victory":false,"max_hp_per_floor":[71,71,71,71,71,71,71,71,71,71,71,71,71,71,71,71],"card_choices":[{"not_picked":["Slimebound:ComboTackle","Slimebound:FinishingTackle","Slimebound:TongueLash"],"picked":"SKIP","floor":2.0},{"not_picked":["Slimebound:GoopTackle","Slimebound:LeadByExample"],"picked":"Slimebound:SpikyOuterGoop","floor":3.0},{"not_picked":["Slimebound:SplitLeeching","Slimebound:LevelUp"],"picked":"Slimebound:Schlurp","floor":5.0},{"not_picked":["Slimebound:LivingWall","Slimebound:HauntingLick"],"picked":"Slimebound:Gluttony","floor":6.0},{"not_picked":["Slimebound:Replication","Slimebound:RejuvenatingLick"],"picked":"Slimebound:LevelUp","floor":8.0},{"not_picked":["Slimebound:Dissolve","Slimebound:HauntingLick"],"picked":"Slimebound:SplitAcid","floor":11.0},{"not_picked":["Slimebound:FinishingTackle","Slimebound:BestDefense","Slimebound:GoopSpray"],"picked":"SKIP","floor":12.0},{"not_picked":["Slimebound:RollThrough","Slimebound:ComboTackle"],"picked":"Slimebound:SplitAcid","floor":13.0}],"player_experience":82759,"relics_obtained":[{"floor":8.0,"key":"MealTicket"}],"event_choices":[],"is_beta":false,"boss_relics":[],"items_purged_floors":[],"is_endless":false,"potions_floor_spawned":[8,11,12],"killed_by":"Gremlin Nob","ascension_level":0}}