{"host":"4kmvpqjeiacgn1pr","time":1612134010,"event":{"mods":["AchievementEnabler","BaseMod","Better Altar","Better Match","Better Note","Better Sensory Stone","Better Skull","Better Third Choice","Colored Map","Colored Powertips","Curses Come First","Downfall","Highlight Path","Infinite Spire","Minty Spire (QoL Compilation)","Permanent Neow","Quick Restart","Rare Cards Sparkle","Replay The Spire","Shop Mod","Spicy Shops","Spikes Relics","StSLib","Waifu the Spire"],"gold_per_floor":[14,14,14,27,73,73,104,104,127,157,157,176,211,229,229,325,325,345,345,260,291,301,301,328,16,16,16,16,28,47,47,47,47,47],"floor_reached":33,"language":"ENG","playtime":1539,"items_purged":["Strike_G"],"score":509,"play_id":"7e3c2577-de30-4d71-9731-367fbe7139d0","local_time":"20210131180010","is_ascension_mode":true,"campfire_choices":[{"data":"Die Die Die","floor":6.0,"key":"SMITH"},{"data":"Escape Plan","floor":8.0,"key":"SMITH"},{"data":"ReplayTheSpireMod:From All Sides","floor":11.0,"key":"SMITH"},{"floor":15.0,"key":"DIG"},{"data":"InfectiousVector","floor":23.0,"key":"SMITH"},{"data":"Forethought","floor":32,"key":"SMITH"}],"circlet_count":0,"master_deck":["AscendersBane","Strike_G+1","Strike_G","Strike_G+1","Strike_G","Defend_G","Defend_G","Defend_G","Defend_G","Survivor","Neutralize","Die Die Die+1","Masterful Stab","Escape Plan+1","Leg Sweep","Escape Plan","ReplayTheSpireMod:From All Sides+1","Bouncing Flask","Glass Knife","Deflect","Corpse Explosion","InfectiousVector+1","Caltrops","Escape Plan+1","Masterful Stab+1","Forethought+1","PiercingWail","CurseOfTheBell","Catalyst","Poison Darts"],"relics":["Ring of the Snake","WarpedTongs","Mummified Hand","ReplayFunnel","Bag of Preparation","infinitespire:Satchel","infinitespire:Lucky Rock","Replay:Ancient Bell","Snake Skull","Blue Candle","Byrd Skull","Replay:Ringing Soul","Red Mask","Simple Rune","Strange Spoon","Mango","Ancient Tea Set","Calling Bell","Replay:Wax Seal","Matryoshka","Incense Burner","Blood Vial"],"acts_visited":["Exordium","TheCity"],"potions_floor_usage":[33],"damage_taken":[{"damage":0.0,"enemies":"Jaw Worm","floor":1.0,"turns":4.0},{"damage":0.0,"enemies":"2 Louse","floor":4.0,"turns":2.0},{"damage":26.0,"enemies":"3 Sentries","floor":7.0,"turns":9.0},{"damage":12.0,"enemies":"Gremlin Nob","floor":10.0,"turns":4.0},{"damage":1.0,"enemies":"Cultist","floor":12.0,"turns":3.0},{"damage":6.0,"enemies":"3 Sentries","floor":13.0,"turns":5.0},{"damage":1.0,"enemies":"2 Fungi Beasts","floor":14.0,"turns":2.0},{"damage":8.0,"enemies":"Hexaghost","floor":16.0,"turns":7.0},{"damage":5.0,"enemies":"Chosen","floor":18.0,"turns":4.0},{"damage":3.0,"enemies":"Masked Bandits","floor":21.0,"turns":2.0},{"damage":8.0,"enemies":"2 Thieves","floor":22.0,"turns":2.0},{"damage":12.0,"enemies":"Replay:Snechameleon","floor":24.0,"turns":5.0},{"damage":0,"enemies":"3 Cultists","floor":29,"turns":4},{"damage":10,"enemies":"Shelled Parasite and Fungi","floor":30,"turns":4},{"damage":40,"enemies":"Automaton","floor":33,"turns":6}],"seed_played":"-813347477222958817","potions_obtained":[{"floor":5.0,"key":"Doom Potion"},{"floor":5.0,"key":"Flashbang"},{"floor":5.0,"key":"Poison Potion"},{"floor":10.0,"key":"sneckomod:MuddlingPotion"},{"floor":13.0,"key":"Energy Potion"},{"floor":18.0,"key":"Fire Potion"},{"floor":24.0,"key":"Regen Potion"},{"floor":30,"key":"Dexterity Potion"}],"is_trial":false,"path_per_floor":["M","?","?","M","?","R","E","R","T","E","R","M","E","M","R_BF","B",null,"M","?","?","?","M","R","E","$","T","?","AVR","M","M","?","R","B"],"character_chosen":"THE_SILENT","items_purchased":["Forethought","PiercingWail","Strange Spoon"],"campfire_rested":0,"item_purchase_floors":[25,25,25],"current_hp_per_floor":[63,56,56,56,56,56,30,30,30,18,18,17,11,10,10,2,53,48,48,48,48,43,43,34,37,51,51,54,57,50,23,23,0,0],"gold":47,"neow_bonus":"THREE_RARE_CARDS","is_daily":false,"chose_seed":false,"campfire_upgraded":5,"win_rate":0.0,"timestamp":1612134010,"path_taken":["M","?","?","?","?","R","E","R","T","E","R","M","E","?","R_BF","BOSS","M","?","?","?","M","R","E","$","T","?","AVR","?","M","?","R","BOSS"],"items_purchased_type":["Card","Card","Relic"],"build_version":"2020-12-22","purchased_purges":1,"victory":false,"max_hp_per_floor":[70,70,70,70,70,70,70,70,70,70,70,70,70,70,70,70,70,70,70,70,73,76,76,79,82,96,96,99,102,105,105,105,105,105],"card_choices":[{"not_picked":["Wraith Form v2","Bullet Time"],"picked":"Die Die Die","floor":0.0},{"not_picked":["Dagger Throw","Deflect"],"picked":"Masterful Stab","floor":1.0},{"not_picked":["ReplayTheSpireMod:The Works","Choke"],"picked":"Escape Plan","floor":4.0},{"not_picked":["Pace","Acrobatics"],"picked":"Leg Sweep","floor":5.0},{"not_picked":["Cloak And Dagger","Deadly Poison"],"picked":"Escape Plan","floor":7.0},{"not_picked":["Bouncing Flask","Replay:Bag of Tricks"],"picked":"ReplayTheSpireMod:From All Sides","floor":10.0},{"not_picked":["Poisoned Stab","Deflect"],"picked":"Bouncing Flask","floor":12.0},{"not_picked":["Expertise","Sucker Punch"],"picked":"Glass Knife","floor":13.0},{"not_picked":["Underhanded Strike","Acrobatics"],"picked":"Deflect","floor":14.0},{"not_picked":["Doppelganger","Unload"],"picked":"Corpse Explosion","floor":16.0},{"not_picked":["ReplayTheSpireMod:Faulty Equipment","Looming Evil"],"picked":"downfall:Aged","floor":17.0},{"not_picked":["Spreading Infection","ReplayTheSpireMod:Doomed"],"picked":"Shame","floor":17.0},{"not_picked":["Intolerance","Parasite"],"picked":"TheSerpent","floor":17.0},{"not_picked":["Dagger Throw","Masterful Stab+1"],"picked":"InfectiousVector","floor":18.0},{"not_picked":["Dagger Throw","Outmaneuver+1"],"picked":"Caltrops","floor":21.0},{"not_picked":["Deadly Poison","Poisoned Stab"],"picked":"Escape Plan+1","floor":22.0},{"not_picked":["Acrobatics","Distraction"],"picked":"Masterful Stab+1","floor":24.0},{"not_picked":["Caltrops","Expertise"],"picked":"Catalyst","floor":29},{"not_picked":["PiercingWail+1","Hidden Blade"],"picked":"Poison Darts","floor":30}],"player_experience":405021,"relics_obtained":[{"floor":7.0,"key":"Mummified Hand"},{"floor":9.0,"key":"ReplayFunnel"},{"floor":10.0,"key":"Bag of Preparation"},{"floor":13.0,"key":"infinitespire:Satchel"},{"floor":15.0,"key":"infinitespire:Lucky Rock"},{"floor":21.0,"key":"Red Mask"},{"floor":24.0,"key":"Simple Rune"},{"floor":26.0,"key":"Mango"},{"floor":28,"key":"Replay:Wax Seal"},{"floor":28,"key":"Matryoshka"},{"floor":28,"key":"Incense Burner"}],"event_choices":[{"cards_removed":["Defend_G"],"damage_healed":0.0,"max_hp_gain":0.0,"max_hp_loss":0.0,"gold_gain":0.0,"event_name":"Golden Wing","player_choice":"Card Removal","floor":2.0,"gold_loss":0.0,"damage_taken":7.0},{"damage_healed":0.0,"max_hp_gain":0.0,"max_hp_loss":0.0,"gold_gain":0.0,"event_name":"Accursed Blacksmith","player_choice":"Rummage","floor":3.0,"gold_loss":0.0,"damage_taken":0.0,"relics_obtained":["WarpedTongs"],"cards_obtained":["Pain"]},{"cards_removed":["Pain"],"damage_healed":0.0,"max_hp_gain":0.0,"max_hp_loss":0.0,"gold_gain":0.0,"event_name":"betterThird:BetterWriting","player_choice":"Elegance","floor":19.0,"gold_loss":0.0,"damage_taken":0.0},{"damage_healed":0.0,"max_hp_gain":0.0,"max_hp_loss":0.0,"gold_gain":0.0,"event_name":"Addict","player_choice":"Obtained Relic","floor":20.0,"gold_loss":85.0,"damage_taken":0.0,"relics_obtained":["Replay:Ringing Soul"]},{"damage_healed":0.0,"max_hp_gain":0.0,"max_hp_loss":0.0,"gold_gain":0.0,"event_name":"Masked Bandits","player_choice":"Fought Bandits","floor":21.0,"gold_loss":0.0,"damage_taken":0.0},{"cards_removed":["TheSerpent","Shame","downfall:Aged"],"damage_healed":0.0,"max_hp_gain":0.0,"max_hp_loss":0.0,"gold_gain":0.0,"event_name":"Fountain of Cleansing","player_choice":"Removed Curses","floor":27.0,"gold_loss":0.0,"damage_taken":0.0},{"damage_healed":0,"gold_gain":0,"player_choice":" Vial ","damage_taken":27,"relics_obtained":["Blood Vial"],"max_hp_gain":50,"max_hp_loss":23,"event_name":"betterAltar:BetterAltar","floor":31,"potions_obtained":[],"relics_lost":[],"gold_loss":0}],"is_beta":false,"boss_relics":[{"not_picked":["Ectoplasm","ChewingGum"],"picked":"Replay:Ancient Bell"},{"not_picked":["Lantern","PreservedInsect"],"picked":"Snake Skull"},{"not_picked":["Pear","Question Card"],"picked":"Blue Candle"},{"not_picked":["Tough Bandages","Prayer Wheel"],"picked":"Byrd Skull"}],"items_purged_floors":[28],"is_endless":false,"potions_floor_spawned":[10,13,18,24,30],"killed_by":"Automaton","ascension_level":10}}