{"host":"6xsbn6ynqlzwllfm","time":1612079841,"event":{"mods":["2.2 Compatiblity","BaseMod","Bestiary","Colored Map","Colored Powertips","Curses Come First","Highlight Path","Keyboard Shortcuts","Minty Spire (QoL Compilation)","Relic Stats","Slay the Relics Exporter","StSLib","SuperFastMode"],"gold_per_floor":[116,132,145,145,145,145,172,172,172,187,4,65,65,95,95,169,169,189,189,201,217,227,227,227],"floor_reached":23,"language":"ENG","playtime":647,"items_purged":["Strike_P"],"score":402,"play_id":"a02caa5e-b7e0-485b-a839-4adc2841c64b","local_time":"20210131025721","is_ascension_mode":true,"campfire_choices":[{"data":"CrushJoints","floor":6,"key":"SMITH"},{"data":"EmptyFist","floor":8,"key":"SMITH"},{"data":"Brilliance","floor":13,"key":"SMITH"},{"data":"FlyingSleeves","floor":15,"key":"SMITH"}],"circlet_count":0,"master_deck":["AscendersBane","Strike_P","Strike_P","Defend_P","Defend_P","Defend_P","Defend_P","Eruption","Vigilance","Brilliance+1","BowlingBash","CrushJoints+1","EmptyFist+1","DeceiveReality","FlyingSleeves+1","Vengeance","Scrawl","Vault","SandsOfTime","Protect"],"relics":["PureWater","Meat on the Bone","Turnip","Du-Vu Doll","MealTicket","Black Star","FossilizedHelix"],"acts_visited":["Exordium","TheCity"],"potions_floor_usage":[7,7,12,18],"damage_taken":[{"damage":0,"enemies":"2 Louse","floor":1,"turns":3},{"damage":7,"enemies":"Small Slimes","floor":2,"turns":2},{"damage":0,"enemies":"Cultist","floor":3,"turns":3},{"damage":10,"enemies":"3 Sentries","floor":7,"turns":9},{"damage":0,"enemies":"2 Fungi Beasts","floor":10,"turns":4},{"damage":17,"enemies":"Lagavulin Event","floor":12,"turns":3},{"damage":1,"enemies":"Gremlin Nob","floor":14,"turns":3},{"damage":47,"enemies":"Hexaghost","floor":16,"turns":8},{"damage":8,"enemies":"2 Thieves","floor":18,"turns":4},{"damage":11,"enemies":"3 Byrds","floor":20,"turns":5},{"damage":0,"enemies":"Snecko","floor":21,"turns":5},{"damage":8,"enemies":"Centurion and Healer","floor":22,"turns":6},{"damage":51,"enemies":"Slavers","floor":23,"turns":4}],"seed_played":"-7574927947188829664","potions_obtained":[{"floor":1,"key":"Block Potion"},{"floor":2,"key":"DistilledChaos"},{"floor":14,"key":"FearPotion"},{"floor":16,"key":"SpeedPotion"},{"floor":20,"key":"CultistPotion"}],"is_trial":false,"path_per_floor":["M","M","M","?","?","R","E","R","T","M","$","?","R","E","R","B",null,"M","?","M","M","M","E"],"character_chosen":"WATCHER","items_purchased":["Fruit Juice"],"campfire_rested":0,"item_purchase_floors":[11],"current_hp_per_floor":[61,54,54,47,47,47,37,37,37,37,37,37,37,48,48,13,58,50,50,39,39,43,0,0],"gold":227,"neow_bonus":"ONE_RANDOM_RARE_CARD","is_daily":false,"chose_seed":false,"campfire_upgraded":4,"win_rate":0.0,"timestamp":1612079841,"path_taken":["M","M","M","?","?","R","E","R","T","?","$","?","R","E","R","BOSS","M","?","M","M","?","E"],"items_purchased_type":["Potion"],"build_version":"2020-12-22","purchased_purges":1,"victory":false,"max_hp_per_floor":[68,68,68,68,68,68,68,68,68,68,68,73,73,73,73,73,73,73,73,73,73,73,73,73],"relic_stats":{"counters":[13,59],"MealTicket":0,"Turnip":[4],"Black Star":0,"obtain_stats":[{"Du-Vu Doll":12,"MealTicket":14,"Turnip":9,"Black Star":17,"PureWater":0,"FossilizedHelix":19,"Meat on the Bone":7},{"Du-Vu Doll":6,"MealTicket":7,"Turnip":4,"Black Star":8,"PureWater":0,"FossilizedHelix":9,"Meat on the Bone":4},{"Du-Vu Doll":24,"MealTicket":27,"Turnip":17,"Black Star":35,"PureWater":0,"FossilizedHelix":39,"Meat on the Bone":17}],"Meat on the Bone":48},"card_choices":[{"not_picked":["ReachHeaven","Sanctity"],"picked":"BowlingBash","floor":1},{"not_picked":["Adaptation","InnerPeace"],"picked":"CrushJoints","floor":2},{"not_picked":["Study","FollowUp"],"picked":"EmptyFist","floor":3},{"not_picked":["WindmillStrike","BowlingBash"],"picked":"DeceiveReality","floor":7},{"not_picked":["BowlingBash","Crescendo"],"picked":"FlyingSleeves","floor":10},{"not_picked":["Prostrate","Halt"],"picked":"Vengeance","floor":12},{"not_picked":["Halt","EmptyBody"],"picked":"Scrawl","floor":14},{"not_picked":["Ragnarok","SpiritShield"],"picked":"Vault","floor":16},{"not_picked":["Adaptation+1","FollowUp"],"picked":"SandsOfTime","floor":18},{"not_picked":["EmptyBody","ThirdEye"],"picked":"Protect","floor":22}],"player_experience":1331987,"relics_obtained":[{"floor":7,"key":"Meat on the Bone"},{"floor":9,"key":"Turnip"},{"floor":12,"key":"Du-Vu Doll"},{"floor":14,"key":"MealTicket"}],"event_choices":[{"cards_removed":["Strike_P"],"damage_healed":0,"gold_gain":0,"player_choice":"Card Removal","damage_taken":7,"max_hp_gain":0,"max_hp_loss":0,"event_name":"Golden Wing","floor":4,"gold_loss":0},{"damage_healed":0,"gold_gain":0,"player_choice":"0 cards matched","damage_taken":0,"max_hp_gain":0,"max_hp_loss":0,"event_name":"Match and Keep!","floor":5,"gold_loss":0,"cards_obtained":[]},{"damage_healed":0,"gold_gain":30,"player_choice":"Searched \u00273\u0027 times","damage_taken":0,"max_hp_gain":0,"max_hp_loss":0,"event_name":"Dead Adventurer","floor":12,"gold_loss":0},{"damage_healed":0,"gold_gain":0,"player_choice":"Gave Potion","damage_taken":0,"relics_obtained":["FossilizedHelix"],"max_hp_gain":0,"max_hp_loss":0,"event_name":"WeMeetAgain","floor":19,"gold_loss":0}],"is_beta":false,"boss_relics":[{"not_picked":["Coffee Dripper","Busted Crown"],"picked":"Black Star"}],"items_purged_floors":[11],"is_endless":false,"potions_floor_spawned":[1,2,14,16,20],"killed_by":"Slavers","ascension_level":20}}