{"host":"dw8ij7emqco3quom","time":1612086188,"event":{"mods":["BaseMod","Minty Spire (QoL Compilation)"],"gold_per_floor":[111,123,423,423,434,434,469,469,469,273,290,320,50,5,5,108,158,173,187,187,187,102,102,102],"floor_reached":23,"language":"FRA","playtime":1027,"items_purged":["Strike_B","Defend_B"],"score":236,"play_id":"eed4fd90-45af-4ab3-b302-a265e114c4b1","local_time":"20210131104308","is_ascension_mode":true,"campfire_choices":[{"floor":6,"key":"REST"},{"floor":8,"key":"REST"},{"floor":15,"key":"REST"}],"circlet_count":0,"master_deck":["Strike_B","Strike_B","Strike_B","Defend_B","Defend_B","Defend_B","Zap","Dualcast","Doom and Gloom","Hologram","Rainbow","Storm","Ball Lightning+1","Conserve Battery","Defragment","Leap","Conserve Battery+1","Capacitor","Force Field+1","Leap+1","Amplify+1","Stack+1","Rebound+1","Decay"],"relics":["Cracked Core","Old Coin","Ginger","Toxic Egg 2","Tiny House","Toy Ornithopter"],"acts_visited":["Exordium","TheCity"],"potions_floor_usage":[7,18,18],"damage_taken":[{"damage":7,"enemies":"Jaw Worm","floor":1,"turns":3},{"damage":2,"enemies":"2 Louse","floor":2,"turns":2},{"damage":0,"enemies":"Cultist","floor":5,"turns":2},{"damage":41,"enemies":"Lagavulin","floor":7,"turns":7},{"damage":16,"enemies":"Blue Slaver","floor":11,"turns":3},{"damage":23,"enemies":"Gremlin Nob","floor":12,"turns":5},{"damage":32,"enemies":"The Guardian","floor":16,"turns":9},{"damage":21,"enemies":"2 Thieves","floor":18,"turns":5},{"damage":29,"enemies":"3 Byrds","floor":19,"turns":6},{"damage":70,"enemies":"Slavers","floor":23,"turns":6}],"seed_played":"-7093882982885952238","potions_obtained":[{"floor":1,"key":"PotionOfCapacity"},{"floor":12,"key":"Explosive Potion"},{"floor":17,"key":"SkillPotion"}],"is_trial":false,"path_per_floor":["M","M","?","?","M","R","E","R","T","$","M","E","$","?","R","B",null,"M","M","?","?","?","E"],"character_chosen":"DEFECT","items_purchased":["Conserve Battery","Defragment","Capacitor","Force Field+1","Leap+1"],"campfire_rested":3,"item_purchase_floors":[10,10,13,13,13],"current_hp_per_floor":[75,73,55,55,55,79,38,62,62,62,46,23,23,23,47,15,87,66,37,66,66,66,0,0],"gold":102,"neow_bonus":"TEN_PERCENT_HP_BONUS","is_daily":false,"chose_seed":false,"campfire_upgraded":0,"win_rate":0.0,"timestamp":1612086188,"path_taken":["M","M","?","?","M","R","E","R","T","$","?","E","$","?","R","BOSS","M","M","?","?","?","E"],"items_purchased_type":["Card","Card","Card","Card","Card"],"build_version":"2020-12-22","purchased_purges":2,"victory":false,"max_hp_per_floor":[82,82,82,82,82,82,82,82,82,82,82,82,82,82,82,82,87,87,87,87,87,87,87,87],"card_choices":[{"not_picked":["Stack","Sweeping Beam"],"picked":"Doom and Gloom","floor":1},{"not_picked":["Cold Snap","Fusion"],"picked":"Hologram","floor":2},{"not_picked":["Blizzard","Stack"],"picked":"Storm","floor":5},{"not_picked":["Blizzard","Steam"],"picked":"Ball Lightning","floor":7},{"not_picked":["Chill","Storm"],"picked":"Leap","floor":11},{"not_picked":["Streamline","Sweeping Beam"],"picked":"Conserve Battery+1","floor":12},{"not_picked":["Core Surge","Creative AI"],"picked":"Amplify+1","floor":16},{"not_picked":["Hologram+1","Rip and Tear"],"picked":"Stack+1","floor":17},{"not_picked":["Barrage","Lockon"],"picked":"Rebound+1","floor":18},{"not_picked":["Coolheaded+1","Ball Lightning","Rebound"],"picked":"SKIP","floor":19}],"player_experience":695067,"relics_obtained":[{"floor":7,"key":"Ginger"},{"floor":12,"key":"Toxic Egg 2"}],"event_choices":[{"damage_healed":0,"gold_gain":0,"player_choice":"Success","damage_taken":18,"relics_obtained":["Old Coin"],"max_hp_gain":0,"max_hp_loss":0,"event_name":"Scrap Ooze","floor":3,"gold_loss":0},{"damage_healed":0,"gold_gain":0,"player_choice":"1 cards matched","damage_taken":0,"max_hp_gain":0,"max_hp_loss":0,"event_name":"Match and Keep!","floor":4,"gold_loss":0,"cards_obtained":["Rainbow"]},{"damage_healed":0,"gold_gain":0,"player_choice":"Left Gold","damage_taken":0,"max_hp_gain":0,"max_hp_loss":0,"event_name":"World of Goop","floor":14,"gold_loss":45},{"damage_healed":29,"gold_gain":0,"player_choice":"Heal","damage_taken":0,"max_hp_gain":0,"max_hp_loss":0,"event_name":"The Library","floor":20,"gold_loss":0},{"damage_healed":0,"gold_gain":0,"player_choice":"Smashed Altar","damage_taken":0,"max_hp_gain":0,"max_hp_loss":0,"event_name":"Forgotten Altar","floor":21,"gold_loss":0,"cards_obtained":["Decay"]},{"damage_healed":0,"gold_gain":0,"player_choice":"Obtained Relic","damage_taken":0,"relics_obtained":["Toy Ornithopter"],"max_hp_gain":0,"max_hp_loss":0,"event_name":"Addict","floor":22,"gold_loss":85}],"is_beta":false,"boss_relics":[{"not_picked":["FrozenCore","Velvet Choker"],"picked":"Tiny House"}],"items_purged_floors":[10,13],"is_endless":false,"potions_floor_spawned":[1,12],"killed_by":"Slavers","ascension_level":4}}