{"host":"lehbxtjrpalkmwwj","time":1612090537,"event":{"mods":["BaseMod","Colored Powertips","GungeonMod","Minty Spire (QoL Compilation)","Replay The Spire","Shop Mod","StSLib","The Bug Knight","The Cursed","The Gatherer"],"gold_per_floor":[117,117,117,117,67,96,96,123,147,167,179,194,224,241,241,340,340,359,458,471,471,471,471],"floor_reached":22,"language":"ZHS","playtime":635,"items_purged":[],"score":362,"play_id":"37bb655e-67dd-40db-b028-b66c7bc5475d","local_time":"20210131185537","is_ascension_mode":true,"campfire_choices":[{"floor":15.0,"key":"RECALL"}],"circlet_count":0,"master_deck":["Dualcast","Coolheaded","Deadly Poison","Hyperbeam","Glacier","FTL","Loop","Echo Form","Core Surge","ReplayRNGCard","Fission","Fission","Steam Power","Self Repair","Rainbow","Skim","Coolheaded","Panic Button"],"relics":["NeowsBlessing","Ring of the Snake","Meat on the Bone","Blue Doll","Orichalcum","DemoMod:WhiteGuonStone","White Beast Statue","Pandora\u0027s Box"],"acts_visited":["Exordium","TheCity"],"potions_floor_usage":[18,20],"damage_taken":[{"damage":0.0,"enemies":"Small Slimes","floor":1.0,"turns":1.0},{"damage":0.0,"enemies":"Lagavulin","floor":6.0,"turns":1.0},{"damage":0.0,"enemies":"Gremlin Nob","floor":8.0,"turns":1.0},{"damage":0.0,"enemies":"2 Louse","floor":10.0,"turns":1.0},{"damage":0.0,"enemies":"Cultist","floor":11.0,"turns":3.0},{"damage":0.0,"enemies":"Looter","floor":12.0,"turns":2.0},{"damage":0.0,"enemies":"Lagavulin","floor":13.0,"turns":8.0},{"damage":0.0,"enemies":"2 Fungi Beasts","floor":14.0,"turns":1.0},{"damage":5.0,"enemies":"Fading Forest","floor":16.0,"turns":11.0},{"damage":0,"enemies":"3 Byrds","floor":18,"turns":3},{"damage":0,"enemies":"Spheric Guardian","floor":20,"turns":5},{"damage":7,"enemies":"Cultist and Chosen","floor":22,"turns":4}],"seed_played":"6552499975369907378","potions_obtained":[{"floor":8.0,"key":"BlessingOfTheForge"},{"floor":11.0,"key":"BlessingOfTheForge"},{"floor":12.0,"key":"Explosive Potion"},{"floor":13.0,"key":"Fire Potion"},{"floor":16.0,"key":"Strength Potion"},{"floor":18,"key":"DistilledChaos"},{"floor":20,"key":"Regen Potion"}],"is_trial":false,"path_per_floor":["M","?","?","?","?","E","?","E","T","M","M","M","E","M","R","B",null,"M","?","M","?","M"],"character_chosen":"DEFECT","items_purchased":[],"campfire_rested":0,"item_purchase_floors":[],"current_hp_per_floor":[75,75,68,68,68,68,68,68,68,68,68,68,68,68,68,63,75,75,75,75,75,68,68],"gold":471,"neow_bonus":"THREE_ENEMY_KILL","is_daily":false,"chose_seed":false,"campfire_upgraded":0,"win_rate":0.0,"timestamp":1612090537,"path_taken":["M","?","?","?","?","E","?","E","T","M","?","M","E","M","R","BOSS","M","?","M","?","M"],"items_purchased_type":[],"build_version":"2020-12-22","purchased_purges":0,"victory":false,"max_hp_per_floor":[75,75,75,75,75,75,75,75,75,75,75,75,75,75,75,75,75,75,75,75,75,75,75],"card_choices":[{"not_picked":["Steam","Leap"],"picked":"Coolheaded","floor":1.0},{"not_picked":["ReplaySolidLightProjector","Gash"],"picked":"Lockon","floor":6.0},{"not_picked":["Blizzard","BasicCrystalCard"],"picked":"Hyperbeam","floor":8.0},{"not_picked":["Steam","Compile Driver"],"picked":"Glacier","floor":10.0},{"not_picked":["Chill","Skim"],"picked":"FTL","floor":11.0},{"not_picked":["Compile Driver","Skim"],"picked":"Loop","floor":12.0},{"not_picked":["Undo","Panic Button"],"picked":"Echo Form","floor":13.0},{"not_picked":["Compile Driver","Stack"],"picked":"Core Surge","floor":14.0},{"not_picked":["Hyperbeam","Amplify"],"picked":"ReplayRNGCard","floor":16.0},{"not_picked":["Turbo","ReplayTheSpireMod:System Scan"],"picked":"Coolheaded","floor":18},{"not_picked":["Turbo+1","Beam Cell"],"picked":"Panic Button","floor":20}],"player_experience":91192,"relics_obtained":[{"floor":6.0,"key":"Blue Doll"},{"floor":8.0,"key":"Orichalcum"},{"floor":9.0,"key":"DemoMod:WhiteGuonStone"},{"floor":13.0,"key":"White Beast Statue"}],"event_choices":[{"cards_removed":["Strike_B"],"damage_healed":0.0,"max_hp_gain":0.0,"max_hp_loss":0.0,"gold_gain":0.0,"event_name":"Golden Wing","player_choice":"Card Removal","floor":3.0,"gold_loss":0.0,"damage_taken":7.0},{"damage_healed":0.0,"max_hp_gain":0.0,"max_hp_loss":0.0,"gold_gain":0.0,"event_name":"Big Fish","player_choice":"Box","floor":4.0,"gold_loss":0.0,"damage_taken":0.0,"relics_obtained":["Meat on the Bone"],"cards_obtained":["Regret"]},{"cards_removed":["Regret"],"damage_healed":0.0,"max_hp_gain":0.0,"max_hp_loss":0.0,"gold_gain":0.0,"event_name":"The Cleric","player_choice":"Card Removal","floor":5.0,"gold_loss":50.0,"damage_taken":0.0},{"cards_removed":["Defend_B"],"damage_healed":0.0,"max_hp_gain":0.0,"max_hp_loss":0.0,"gold_gain":0.0,"event_name":"Bonfire Elementals","player_choice":"Offered Basic","floor":7.0,"gold_loss":0.0,"damage_taken":0.0},{"damage_healed":0,"gold_gain":99,"player_choice":"Stole From Cult","damage_taken":0,"max_hp_gain":0,"max_hp_loss":0,"event_name":"Nest","floor":19,"gold_loss":0},{"cards_removed":["Lockon"],"damage_healed":0,"gold_gain":0,"player_choice":"Elegance","damage_taken":0,"max_hp_gain":0,"max_hp_loss":0,"event_name":"Back to Basics","floor":21,"gold_loss":0}],"is_beta":false,"boss_relics":[{"not_picked":["Cursed Key","SlaversCollar"],"picked":"Pandora\u0027s Box"}],"items_purged_floors":[],"is_endless":false,"potions_floor_spawned":[8,11,12,13,14,16,18,20],"killed_by":"Cultist and Chosen","ascension_level":2}}