{"host":"r3islh0l1a1ykxfu","time":1612123575,"event":{"mods":["BaseMod","Bestiary","Colored Map","Colored Powertips","Highlight Path","Minty Spire (QoL Compilation)","Relic Stats","Slay-I"],"gold_per_floor":[118,43,43,54,71,104,104,104,104,114,129,129,129,129,129,227,227,241,241,156,166,178,208,208,233,310,341,354,173,173,193,193,298,298,316,316,326,336,386,418,12,12,12,12,40,59,79,79,79,79,79,79,79,106,126],"floor_reached":56,"language":"ENG","playtime":12341,"items_purged":["Shame","Strike_R"],"score":1464,"play_id":"3b409133-da3e-41e5-b7a9-ec77fb16e6e4","local_time":"20210131140615","is_ascension_mode":true,"campfire_choices":[{"data":"True Grit","floor":7.0,"key":"SMITH"},{"data":"Body Slam","floor":12.0,"key":"SMITH"},{"data":"Body Slam","floor":15.0,"key":"SMITH"},{"data":"True Grit","floor":32.0,"key":"SMITH"},{"data":"Uppercut","floor":42.0,"key":"SMITH"},{"data":"Ghostly","floor":44.0,"key":"SMITH"},{"floor":49.0,"key":"RECALL"},{"data":"Iron Wave","floor":52.0,"key":"SMITH"}],"circlet_count":0,"master_deck":["Strike_R","Strike_R+1","Defend_R","Defend_R","Defend_R","Bash+1","Clothesline","Anger","Power Through","True Grit+1","Body Slam+1","Iron Wave+1","Body Slam+1","Shrug It Off","Juggernaut+1","Shrug It Off","Ghostly","Ghostly","Ghostly","Ghostly","Ghostly+1","Armaments","Iron Wave","True Grit+1","Flame Barrier","Uppercut+1","Necronomicurse","Iron Wave+1","Impervious","Body Slam+1","Iron Wave+1","Hemokinesis+1","Body Slam+1","Bandage Up","Bludgeon"],"relics":["Burning Blood","CaptainsWheel","FaceOfCleric","Velvet Choker","Ornamental Fan","Centennial Puzzle","Strawberry","Question Card","Unceasing Top","TheAbacus","Necronomicon","SlaversCollar","Torii","Mummified Hand","Akabeko","Toolbox","Whetstone","Paper Frog","White Beast Statue"],"acts_visited":["Exordium","TheCity","TheBeyond","TheEnding"],"potions_floor_usage":[55,55],"damage_taken":[{"damage":7.0,"enemies":"Jaw Worm","floor":1.0,"turns":2.0},{"damage":0.0,"enemies":"Cultist","floor":4.0,"turns":3.0},{"damage":1.0,"enemies":"2 Louse","floor":5.0,"turns":2.0},{"damage":7.0,"enemies":"Lagavulin","floor":6.0,"turns":6.0},{"damage":0.0,"enemies":"Exordium Thugs","floor":10.0,"turns":4.0},{"damage":0.0,"enemies":"3 Louse","floor":11.0,"turns":3.0},{"damage":73.0,"enemies":"Hexaghost","floor":16.0,"turns":12.0},{"damage":0.0,"enemies":"Chosen","floor":18.0,"turns":5.0},{"damage":0.0,"enemies":"2 Thieves","floor":21.0,"turns":4.0},{"damage":0.0,"enemies":"Snake Plant","floor":22.0,"turns":5.0},{"damage":2.0,"enemies":"Slavers","floor":23.0,"turns":7.0},{"damage":0.0,"enemies":"Book of Stabbing","floor":25.0,"turns":6.0},{"damage":15.0,"enemies":"Gremlin Leader","floor":27.0,"turns":8.0},{"damage":0.0,"enemies":"Shelled Parasite and Fungi","floor":28.0,"turns":5.0},{"damage":0.0,"enemies":"Centurion and Healer","floor":31.0,"turns":6.0},{"damage":4.0,"enemies":"Automaton","floor":33.0,"turns":11.0},{"damage":0.0,"enemies":"3 Shapes","floor":35.0,"turns":5.0},{"damage":0.0,"enemies":"3 Darklings","floor":37.0,"turns":5.0},{"damage":2.0,"enemies":"Writhing Mass","floor":38.0,"turns":6.0},{"damage":0.0,"enemies":"Mind Bloom Boss Battle","floor":39.0,"turns":7.0},{"damage":4.0,"enemies":"Reptomancer","floor":40.0,"turns":4.0},{"damage":1.0,"enemies":"Giant Head","floor":45.0,"turns":7.0},{"damage":21.0,"enemies":"Transient","floor":46.0,"turns":5.0},{"damage":0.0,"enemies":"Spire Growth","floor":47.0,"turns":4.0},{"damage":2.0,"enemies":"Time Eater","floor":50.0,"turns":8.0},{"damage":5.0,"enemies":"Shield and Spear","floor":54.0,"turns":7.0},{"damage":48,"enemies":"The Heart","floor":55,"turns":9}],"seed_played":"-2480059702969146483","potions_obtained":[{"floor":4.0,"key":"PowerPotion"},{"floor":10.0,"key":"Ancient Potion"},{"floor":16.0,"key":"Weak Potion"},{"floor":25.0,"key":"Weak Potion"},{"floor":33.0,"key":"Energy Potion"},{"floor":38.0,"key":"Ancient Potion"},{"floor":40.0,"key":"Energy Potion"},{"floor":45.0,"key":"LiquidBronze"}],"is_trial":false,"path_per_floor":["M","$","?","M","M","E","R","?","T","M","M","R","?","?","R","B",null,"M","?","?","M","M","E","?","E","T","E","M","$","?","M","R","B",null,"M","?","M","M","?","E","$","R","T","R","E","M","M","?","R","B",null,"R","$","E","B",null],"character_chosen":"IRONCLAD","items_purchased":["TheAbacus","Uppercut","Akabeko","Toolbox"],"campfire_rested":0,"item_purchase_floors":[29,29,41,41],"current_hp_per_floor":[79,79,79,80,80,79,79,79,79,81,82,82,87,87,87,21,88,89,44,44,45,46,47,47,55,55,47,54,54,38,45,45,48,59,60,60,61,62,63,64,64,64,64,64,65,51,58,58,58,67,68,68,68,69,32],"gold":126,"neow_bonus":"TRANSFORM_TWO_CARDS","is_daily":false,"chose_seed":false,"campfire_upgraded":7,"win_rate":0.0,"timestamp":1612123575,"path_taken":["M","$","?","?","M","E","R","?","T","M","?","R","?","?","R","BOSS","M","?","?","?","M","E","?","E","T","E","M","$","?","M","R","BOSS","M","?","?","M","?","E","$","R","T","R","E","M","M","?","R","BOSS","R","$","E","BOSS"],"items_purchased_type":["Relic","Card","Relic","Relic"],"build_version":"2020-12-22","purchased_purges":2,"victory":true,"max_hp_per_floor":[80,80,80,80,80,80,80,80,80,81,82,82,87,87,87,88,88,89,44,44,45,46,47,47,55,55,56,57,57,57,58,58,59,59,60,60,61,62,63,64,64,64,64,64,65,66,67,67,67,68,68,68,68,69,70],"relic_stats":{"Torii":45,"counters":[27,156],"Whetstone":["Strike_R","Bash"],"Question Card":14,"Burning Blood":80,"Centennial Puzzle":[27],"TheAbacus":[54],"FaceOfCleric":23,"Ornamental Fan":[212],"Mummified Hand":[9],"Necronomicon":[40],"obtain_stats":[{"Torii":39,"Velvet Choker":17,"Whetstone":43,"Question Card":26,"Burning Blood":0,"Akabeko":41,"White Beast Statue":54,"SlaversCollar":34,"CaptainsWheel":6,"Centennial Puzzle":23,"TheAbacus":29,"FaceOfCleric":8,"Ornamental Fan":20,"Mummified Hand":40,"Strawberry":25,"Toolbox":41,"Necronomicon":30,"Unceasing Top":27,"Paper Frog":45},{"Torii":20,"Velvet Choker":7,"Whetstone":21,"Question Card":12,"Burning Blood":0,"Akabeko":21,"White Beast Statue":26,"SlaversCollar":16,"CaptainsWheel":4,"Centennial Puzzle":11,"TheAbacus":14,"FaceOfCleric":4,"Ornamental Fan":8,"Mummified Hand":21,"Strawberry":12,"Toolbox":21,"Necronomicon":14,"Unceasing Top":13,"Paper Frog":22},{"Torii":112,"Velvet Choker":32,"Whetstone":116,"Question Card":59,"Burning Blood":0,"Akabeko":116,"White Beast Statue":147,"SlaversCollar":89,"CaptainsWheel":13,"Centennial Puzzle":53,"TheAbacus":72,"FaceOfCleric":13,"Ornamental Fan":37,"Mummified Hand":116,"Strawberry":59,"Toolbox":116,"Necronomicon":72,"Unceasing Top":67,"Paper Frog":123}],"Unceasing Top":[24]},"card_choices":[{"not_picked":["Clash","Anger"],"picked":"Power Through","floor":1.0},{"not_picked":["Blood for Blood","Battle Trance"],"picked":"True Grit","floor":4.0},{"not_picked":["True Grit","Seeing Red"],"picked":"Body Slam","floor":5.0},{"not_picked":["Infernal Blade","Shockwave"],"picked":"Iron Wave","floor":6.0},{"not_picked":["Warcry","Berserk"],"picked":"Body Slam","floor":10.0},{"not_picked":["Blood for Blood","Armaments"],"picked":"Shrug It Off","floor":11.0},{"not_picked":["Immolate","Corruption"],"picked":"Juggernaut","floor":16.0},{"not_picked":["Havoc+1","Headbutt"],"picked":"Shrug It Off","floor":18.0},{"not_picked":["Feel No Pain","Entrench+1"],"picked":"Armaments","floor":21.0},{"not_picked":["Fire Breathing","Pommel Strike"],"picked":"Iron Wave","floor":22.0},{"not_picked":["Blood for Blood+1","Shockwave","Twin Strike"],"picked":"SKIP","floor":23.0},{"not_picked":["Headbutt+1","Reaper","Armaments"],"picked":"SKIP","floor":25.0},{"not_picked":["Bloodletting","Pummel+1","Combust","Infernal Blade+1"],"picked":"SKIP","floor":27.0},{"not_picked":["Inflame","Headbutt","Sword Boomerang+1"],"picked":"Flame Barrier","floor":28.0},{"not_picked":["Sword Boomerang","Havoc","Heavy Blade"],"picked":"Iron Wave+1","floor":31.0},{"not_picked":["Double Tap","Bludgeon","Berserk"],"picked":"Impervious","floor":33.0},{"not_picked":["Sword Boomerang+1","Iron Wave","Thunderclap+1"],"picked":"Body Slam+1","floor":35.0},{"not_picked":["Dropkick+1","Shockwave","Shrug It Off+1"],"picked":"Iron Wave+1","floor":37.0},{"not_picked":["Perfected Strike+1","Twin Strike","Warcry","Evolve+1"],"picked":"SKIP","floor":38.0},{"not_picked":["Carnage+1","Inflame","Clash","Reaper"],"picked":"SKIP","floor":40.0},{"not_picked":["Searing Blow","Wild Strike+1","Havoc"],"picked":"Hemokinesis+1","floor":45.0},{"not_picked":["True Grit+1","Twin Strike","Spot Weakness"],"picked":"Body Slam+1","floor":46.0},{"not_picked":["Flex+1","Cleave+1","Clothesline","Combust+1"],"picked":"SKIP","floor":47.0},{"not_picked":["Deep Breath","Mayhem","Secret Technique"],"picked":"Bandage Up","floor":48.0},{"not_picked":["Seeing Red+1","Armaments","Havoc"],"picked":"Bludgeon","floor":54.0}],"player_experience":1175375,"relics_obtained":[{"floor":6.0,"key":"CaptainsWheel"},{"floor":23.0,"key":"Centennial Puzzle"},{"floor":25.0,"key":"Strawberry"},{"floor":26.0,"key":"Question Card"},{"floor":27.0,"key":"Unceasing Top"},{"floor":30.0,"key":"Necronomicon"},{"floor":39.0,"key":"Torii"},{"floor":40.0,"key":"Mummified Hand"},{"floor":43.0,"key":"Whetstone"},{"floor":45.0,"key":"Paper Frog"},{"floor":54.0,"key":"White Beast Statue"}],"event_choices":[{"cards_removed":["Strike_R"],"damage_healed":0.0,"max_hp_gain":0.0,"max_hp_loss":0.0,"gold_gain":0.0,"event_name":"Bonfire Elementals","player_choice":"Offered Basic","floor":3.0,"gold_loss":0.0,"damage_taken":0.0},{"damage_healed":0.0,"max_hp_gain":0.0,"max_hp_loss":0.0,"gold_gain":0.0,"event_name":"FaceTrader","player_choice":"Trade","floor":8.0,"gold_loss":0.0,"damage_taken":0.0,"relics_obtained":["FaceOfCleric"]},{"damage_healed":0.0,"max_hp_gain":5.0,"max_hp_loss":0.0,"gold_gain":0.0,"event_name":"Big Fish","player_choice":"Donut","floor":13.0,"gold_loss":0.0,"damage_taken":0.0},{"damage_healed":0.0,"max_hp_gain":0.0,"max_hp_loss":0.0,"gold_gain":0.0,"event_name":"Liars Game","player_choice":"Ignored","floor":14.0,"gold_loss":0.0,"damage_taken":0.0},{"damage_healed":0.0,"max_hp_gain":0.0,"max_hp_loss":45.0,"gold_gain":0.0,"event_name":"Ghosts","player_choice":"Became a Ghost","floor":19.0,"gold_loss":0.0,"damage_taken":0.0,"cards_obtained":["Ghostly","Ghostly","Ghostly","Ghostly","Ghostly"]},{"damage_healed":0.0,"max_hp_gain":0.0,"max_hp_loss":0.0,"gold_gain":0.0,"event_name":"Addict","player_choice":"Obtained Relic","floor":20.0,"gold_loss":85.0,"damage_taken":0.0,"relics_obtained":["Ornamental Fan"]},{"damage_healed":0.0,"max_hp_gain":0.0,"max_hp_loss":0.0,"gold_gain":0.0,"event_name":"The Library","player_choice":"Read","floor":24.0,"gold_loss":0.0,"damage_taken":0.0,"cards_obtained":["True Grit"]},{"damage_healed":0.0,"max_hp_gain":0.0,"max_hp_loss":0.0,"gold_gain":0.0,"event_name":"Cursed Tome","player_choice":"Obtained Book","floor":30.0,"gold_loss":0.0,"damage_taken":16.0},{"damage_healed":0.0,"max_hp_gain":0.0,"max_hp_loss":0.0,"gold_gain":0.0,"event_name":"Upgrade Shrine","player_choice":"Upgraded","floor":36.0,"gold_loss":0.0,"damage_taken":0.0,"cards_upgraded":["Juggernaut"]},{"damage_healed":0.0,"max_hp_gain":0.0,"max_hp_loss":0.0,"gold_gain":0.0,"event_name":"MindBloom","player_choice":"Fight","floor":39.0,"gold_loss":0.0,"damage_taken":0.0},{"damage_healed":0.0,"max_hp_gain":0.0,"max_hp_loss":0.0,"gold_gain":0.0,"event_name":"SensoryStone","player_choice":"Memory 1","floor":48.0,"gold_loss":0.0,"damage_taken":0.0}],"is_beta":false,"boss_relics":[{"not_picked":["Sozu","Mark of Pain"],"picked":"Velvet Choker"},{"not_picked":["Fusion Hammer","SacredBark"],"picked":"SlaversCollar"}],"items_purged_floors":[2,41],"is_endless":false,"potions_floor_spawned":[4,10,16,25,33,38,40,45],"ascension_level":2}}