{"host":"6xsbn6ynqlzwllfm","time":1612076715,"event":{"mods":["2.2 Compatiblity","BaseMod","Bestiary","Colored Map","Colored Powertips","Curses Come First","Highlight Path","Keyboard Shortcuts","Minty Spire (QoL Compilation)","Relic Stats","Slay the Relics Exporter","StSLib","SuperFastMode"],"gold_per_floor":[111,111,129,129,129,164,164,164,164],"floor_reached":8,"language":"ENG","playtime":170,"items_purged":[],"score":108,"play_id":"d1c78f3f-c6c2-4d99-895d-b125165b74cc","local_time":"20210131020515","is_ascension_mode":true,"campfire_choices":[{"floor":7,"key":"REST"}],"circlet_count":0,"master_deck":["AscendersBane","Strike_R","Strike_R","Strike_R","Strike_R","Defend_R","Defend_R","Defend_R","Bash","Sword Boomerang","True Grit","Spot Weakness","Disarm"],"relics":["Busted Crown","Peace Pipe","Pantograph"],"acts_visited":["Exordium"],"potions_floor_usage":[],"damage_taken":[{"damage":0,"enemies":"2 Louse","floor":1,"turns":4},{"damage":9,"enemies":"Small Slimes","floor":3,"turns":3},{"damage":43,"enemies":"3 Sentries","floor":6,"turns":8},{"damage":44,"enemies":"Lagavulin","floor":8,"turns":7}],"seed_played":"8541313221889863152","potions_obtained":[],"is_trial":false,"path_per_floor":["M","?","M","?","T","E","R","E"],"character_chosen":"IRONCLAD","items_purchased":[],"campfire_rested":1,"item_purchase_floors":[],"current_hp_per_floor":[68,61,52,52,52,9,31,0,0],"gold":164,"neow_bonus":"BOSS_RELIC","is_daily":false,"chose_seed":false,"campfire_upgraded":0,"win_rate":0.0,"timestamp":1612076715,"path_taken":["M","?","M","?","?","E","R","E"],"items_purchased_type":[],"build_version":"2020-12-22","purchased_purges":0,"victory":false,"max_hp_per_floor":[75,75,75,75,75,75,75,75,75],"relic_stats":{"Peace Pipe":0,"Busted Crown":6,"counters":[4,22],"Pantograph":0,"obtain_stats":[{"Peace Pipe":5,"Busted Crown":0,"Pantograph":6,"Burning Blood":0},{"Peace Pipe":2,"Busted Crown":0,"Pantograph":3,"Burning Blood":0},{"Peace Pipe":7,"Busted Crown":0,"Pantograph":15,"Burning Blood":0}]},"card_choices":[{"not_picked":[],"picked":"Sword Boomerang","floor":1},{"not_picked":[],"picked":"True Grit","floor":3},{"not_picked":[],"picked":"Disarm","floor":6}],"player_experience":1329666,"relics_obtained":[{"floor":5,"key":"Peace Pipe"},{"floor":6,"key":"Pantograph"}],"event_choices":[{"cards_removed":["Strike_R"],"damage_healed":0,"gold_gain":0,"player_choice":"Card Removal","damage_taken":7,"max_hp_gain":0,"max_hp_loss":0,"event_name":"Golden Wing","floor":2,"gold_loss":0},{"damage_healed":0,"gold_gain":0,"cards_transformed":["Defend_R"],"player_choice":"Change","damage_taken":0,"max_hp_gain":0,"max_hp_loss":0,"event_name":"Living Wall","floor":4,"gold_loss":0,"cards_obtained":["Spot Weakness"]}],"is_beta":false,"boss_relics":[],"items_purged_floors":[],"is_endless":false,"potions_floor_spawned":[],"killed_by":"Lagavulin","ascension_level":20}}