{"host":"idf7jkg8jogr8thm","time":1612066629,"event":{"mods":["AchievementEnabler","BaseMod","Bestiary","Colored Map","Colored Powertips","Minty Spire (QoL Compilation)","StSLib"],"gold_per_floor":[113,288,229,244,244,244,277,338,406,406,417,437,402,414,414,514,514,499,499,514,526,538,538,558,558,581,581,123,323,337,350,350,454,454,467,7,19,36,36,36,62,62,62,62,75,75,86,119,119,119,119],"floor_reached":50,"language":"ENG","playtime":5117,"items_purged":[],"score":683,"play_id":"b8336d17-e7b9-4714-8dc6-21639d80bae5","local_time":"20210130231709","is_ascension_mode":true,"campfire_choices":[{"floor":6,"key":"RECALL"},{"floor":15,"key":"REST"},{"floor":23,"key":"REST"},{"floor":25,"key":"REST"},{"floor":32,"key":"REST"},{"floor":40,"key":"REST"},{"floor":42,"key":"REST"},{"floor":44,"key":"REST"},{"floor":49,"key":"REST"}],"circlet_count":0,"master_deck":["Strike_G","Strike_G","Strike_G","Defend_G","Defend_G","Defend_G","Defend_G","Defend_G","Survivor","Neutralize","Masterful Stab+1","Blade Dance","Outmaneuver","Deflect","Riddle With Holes+1","Envenom","Catalyst+1","Burst+1","Dodge and Roll+1","PanicButton+1","PiercingWail+1","Deflect+1","Dagger Spray","Infinite Blades","Wraith Form v2","The Bomb+1","Blade Dance+1","Riddle With Holes+1","Blade Dance+1","Adrenaline+1","Catalyst+1","Dagger Spray","Poisoned Stab+1","Adrenaline+1","Burst+1","Riddle With Holes+1","Dodge and Roll+1","Writhe","Parasite","Deadly Poison+1","Poisoned Stab"],"relics":["Ring of the Serpent","NeowsBlessing","Unceasing Top","MealTicket","Vajra","Toxic Egg 2","Fusion Hammer","Boot","PreservedInsect","DollysMirror","Shuriken","Juzu Bracelet","Snake Skull","Whetstone","Bronze Scales"],"acts_visited":["Exordium","TheCity","TheBeyond"],"potions_floor_usage":[1,14,22,30,50],"damage_taken":[{"damage":0,"enemies":"2 Louse","floor":1,"turns":1},{"damage":0,"enemies":"Cultist","floor":4,"turns":1},{"damage":0,"enemies":"3 Sentries","floor":7,"turns":1},{"damage":24,"enemies":"3 Sentries","floor":8,"turns":11},{"damage":0,"enemies":"Small Slimes","floor":11,"turns":3},{"damage":12,"enemies":"Blue Slaver","floor":12,"turns":4},{"damage":16,"enemies":"Lots of Slimes","floor":14,"turns":3},{"damage":40,"enemies":"Slime Boss","floor":16,"turns":12},{"damage":15,"enemies":"2 Thieves","floor":18,"turns":4},{"damage":14,"enemies":"Spheric Guardian","floor":20,"turns":4},{"damage":19,"enemies":"Snecko","floor":21,"turns":7},{"damage":11,"enemies":"3 Cultists","floor":22,"turns":7},{"damage":0,"enemies":"Chosen and Byrds","floor":24,"turns":7},{"damage":14,"enemies":"Cultist and Chosen","floor":30,"turns":5},{"damage":16,"enemies":"Snake Plant","floor":31,"turns":3},{"damage":51,"enemies":"Champ","floor":33,"turns":9},{"damage":19,"enemies":"3 Shapes","floor":35,"turns":3},{"damage":14,"enemies":"3 Darklings","floor":37,"turns":5},{"damage":19,"enemies":"4 Shapes","floor":38,"turns":5},{"damage":26,"enemies":"Giant Head","floor":41,"turns":5},{"damage":16,"enemies":"Maw","floor":45,"turns":4},{"damage":10,"enemies":"Writhing Mass","floor":47,"turns":4},{"damage":0,"enemies":"Nemesis","floor":48,"turns":5},{"damage":118,"enemies":"Time Eater","floor":50,"turns":8}],"seed_played":"461825310574792113","potions_obtained":[{"floor":1,"key":"Fruit Juice"},{"floor":4,"key":"FairyPotion"},{"floor":12,"key":"PowerPotion"},{"floor":18,"key":"BlessingOfTheForge"},{"floor":20,"key":"Block Potion"},{"floor":22,"key":"Fire Potion"},{"floor":31,"key":"Ancient Potion"},{"floor":38,"key":"CultistPotion"}],"is_trial":false,"path_per_floor":["M","?","?","M","T","R","E","?","T","?","M","M","?","M","R","B",null,"M","?","M","M","M","R","M","R","T","?","$","?","M","M","R","B",null,"M","$","M","M","?","R","E","R","T","R","M","?","M","E","R","B"],"character_chosen":"THE_SILENT","items_purchased":["PreservedInsect","The Bomb+1","DollysMirror","Shuriken","Juzu Bracelet","Dagger Spray"],"campfire_rested":8,"item_purchase_floors":[28,28,28,36,36,36],"current_hp_per_floor":[75,75,75,75,75,75,75,51,51,51,51,39,57,41,63,23,75,60,60,46,27,16,38,38,60,60,60,75,75,61,45,67,16,75,56,71,57,38,38,60,34,56,56,75,59,75,65,65,75,0,0],"gold":119,"neow_bonus":"THREE_ENEMY_KILL","is_daily":false,"chose_seed":false,"campfire_upgraded":0,"win_rate":0.0,"timestamp":1612066629,"path_taken":["M","?","?","?","?","R","E","?","T","?","?","?","?","M","R","BOSS","M","?","?","M","M","R","M","R","T","?","?","?","M","?","R","BOSS","M","$","M","M","?","R","E","R","T","R","M","?","M","E","R","BOSS"],"items_purchased_type":["Relic","Card","Relic","Relic","Relic","Card"],"build_version":"2020-12-22","purchased_purges":0,"victory":false,"max_hp_per_floor":[75,75,75,75,75,75,75,75,75,75,75,75,75,75,75,75,75,75,75,75,75,75,75,75,75,75,75,75,75,75,75,75,75,75,75,75,75,75,75,75,75,75,75,75,75,75,75,75,75,75,75],"card_choices":[{"not_picked":["Leg Sweep","Deflect"],"picked":"Masterful Stab","floor":1},{"not_picked":["Outmaneuver","Slice"],"picked":"Blade Dance","floor":4},{"not_picked":["PiercingWail","Choke"],"picked":"Outmaneuver","floor":7},{"not_picked":["Terror","Quick Slash"],"picked":"Deflect","floor":8},{"not_picked":["Slice","Prepared+1"],"picked":"Riddle With Holes","floor":11},{"not_picked":["Acrobatics+1","Terror+1"],"picked":"Envenom","floor":12},{"not_picked":["Acrobatics+1","Leg Sweep+1"],"picked":"Catalyst+1","floor":14},{"not_picked":["Unload","Night Terror+1"],"picked":"Burst+1","floor":16},{"not_picked":["Backflip+1","Prepared+1"],"picked":"Dodge and Roll+1","floor":18},{"not_picked":["Caltrops","Tactician+1"],"picked":"PiercingWail+1","floor":20},{"not_picked":["Escape Plan+1","Well Laid Plans"],"picked":"Deflect+1","floor":21},{"not_picked":["Calculated Gamble+1","Underhanded Strike"],"picked":"Dagger Spray","floor":22},{"not_picked":["Deflect+1","Slice"],"picked":"Infinite Blades","floor":24},{"not_picked":["PiercingWail+1","Sucker Punch+1"],"picked":"Riddle With Holes+1","floor":30},{"not_picked":["Escape Plan+1","Dodge and Roll+1"],"picked":"Blade Dance+1","floor":31},{"not_picked":["Unload","Malaise+1"],"picked":"Adrenaline+1","floor":33},{"not_picked":["PiercingWail+1","Eviscerate"],"picked":"Catalyst+1","floor":35},{"not_picked":["Blade Dance+1","Blur+1"],"picked":"Poisoned Stab+1","floor":37},{"not_picked":["Prepared+1","Backflip+1"],"picked":"Adrenaline+1","floor":38},{"not_picked":["Calculated Gamble+1","Well Laid Plans"],"picked":"Riddle With Holes+1","floor":41},{"not_picked":["Quick Slash","Prepared+1"],"picked":"Dodge and Roll+1","floor":45},{"not_picked":["Slice+1","Acrobatics+1"],"picked":"Deadly Poison+1","floor":47},{"not_picked":["Reflex+1","PiercingWail+1"],"picked":"Poisoned Stab","floor":48}],"player_experience":84710,"relics_obtained":[{"floor":7,"key":"MealTicket"},{"floor":9,"key":"Toxic Egg 2"},{"floor":26,"key":"Boot"},{"floor":41,"key":"Snake Skull"},{"floor":43,"key":"Whetstone"},{"floor":48,"key":"Bronze Scales"}],"event_choices":[{"damage_healed":0,"gold_gain":175,"player_choice":"AGREE","damage_taken":0,"max_hp_gain":0,"max_hp_loss":0,"event_name":"Liars Game","floor":2,"gold_loss":0,"cards_obtained":["Doubt"]},{"damage_healed":0,"gold_gain":0,"player_choice":"Paid Gold","damage_taken":0,"relics_obtained":["Unceasing Top"],"max_hp_gain":0,"max_hp_loss":0,"event_name":"WeMeetAgain","floor":3,"gold_loss":59},{"damage_healed":0,"gold_gain":30,"player_choice":"Searched \u00273\u0027 times","damage_taken":0,"relics_obtained":["Vajra"],"max_hp_gain":0,"max_hp_loss":0,"event_name":"Dead Adventurer","floor":8,"gold_loss":0},{"cards_removed":["Doubt"],"damage_healed":0,"gold_gain":0,"player_choice":"Purged","damage_taken":0,"max_hp_gain":0,"max_hp_loss":0,"event_name":"Purifier","floor":10,"gold_loss":0},{"damage_healed":18,"gold_gain":0,"player_choice":"Healed","damage_taken":0,"max_hp_gain":0,"max_hp_loss":0,"event_name":"The Cleric","floor":13,"gold_loss":35},{"damage_healed":0,"gold_gain":0,"player_choice":"1 cards matched","damage_taken":0,"max_hp_gain":0,"max_hp_loss":0,"event_name":"Match and Keep!","floor":19,"gold_loss":0,"cards_obtained":["PanicButton"]},{"damage_healed":0,"gold_gain":0,"cards_transformed":["Strike_G"],"player_choice":"Transformed","damage_taken":0,"max_hp_gain":0,"max_hp_loss":0,"event_name":"Transmorgrifier","floor":27,"gold_loss":0,"cards_obtained":["Wraith Form v2"]},{"damage_healed":0,"gold_gain":250,"player_choice":"Bet on Owner","damage_taken":0,"max_hp_gain":0,"max_hp_loss":0,"event_name":"The Joust","floor":29,"gold_loss":50},{"damage_healed":0,"gold_gain":0,"cards_transformed":["Strike_G"],"player_choice":"Transformed","damage_taken":0,"max_hp_gain":0,"max_hp_loss":0,"event_name":"Transmorgrifier","floor":39,"gold_loss":0,"cards_obtained":["Burst"]},{"damage_healed":19,"gold_gain":0,"player_choice":"Writhe","damage_taken":0,"max_hp_gain":0,"max_hp_loss":0,"event_name":"Winding Halls","floor":46,"gold_loss":0,"cards_obtained":["Writhe"]}],"is_beta":false,"boss_relics":[{"not_picked":["Snecko Eye","Coffee Dripper"],"picked":"Fusion Hammer"},{"not_picked":["Busted Crown","Black Star"],"picked":"Ring of the Serpent"}],"items_purged_floors":[],"is_endless":false,"potions_floor_spawned":[1,4,12,18,20,22,31,37,38,41,45,48],"killed_by":"Time Eater","ascension_level":1}}