{"host":"rn4c402gwd40h2z6","time":1612086237,"event":{"mods":["100% Spire Juice","A Penny For Your Troubles","AchievementEnabler","Act Like it!","Astrologer","BaseMod","CapriCore","Card Forge","Challenge The Spire","Chen","DNKmod","Data Control","Downfall","Friendly Minions","Gensokyo","Good Game Mod","Hallownest","Hermit","KinomotoSakuraMod(木之本樱)","Koishi","LagranYue(拉格朗・月)","Lobotomy","LobotomyExtend","Mad Scientist","Marisa（F雨　魔理沙）","Minty Spire (QoL Compilation)","Quick Restart","Random Character Button","Reimu（博丽灵梦）","Relic Filter Mod","Reliquary","Remilia（蕾米莉亚）","Robot Space Explorer","RumiaBox-露米娅的神秘盒子","StSLib","Td1madao Mod","The Administrix","The Bug Knight","The Construct","The Cursed","The Gatherer","The Immortal","The Runesmith","The Saiyan","The Senshi","WarShipGirlsR/战舰少女R mod","Yakumo Yukari mod","Youmu（魂魄妖梦）","Yuyuko","[GremlinLeader]The Maniac","noobMod","【功能Mod】混沌之环修复补丁"],"gold_per_floor":[99,110,125,125,125,125,125,158,158,193,193,210,10,25,36,134,134,34,73,84,558,570,160,187,31,31,31,45,58,118,134,148,243,243,243,261,261,261,277,291,291,304,304,314,314,22,22,36,53,56,56,56,84,9,9,9,9],"floor_reached":58,"language":"ZHS","playtime":6603,"items_purged":["sneckomod:UnknownDraw+1"],"score":2656,"play_id":"2f038471-980d-4cbc-9953-93bd630f3c35","local_time":"20210131174357","is_ascension_mode":true,"campfire_choices":[{"floor":1.0,"key":"RECALL"},{"floor":13.0,"key":"REST"}],"circlet_count":0,"master_deck":["sneckomod:TailWhip+1","sneckomod:SnekBite+1","sneckomod:MixItUp+1","Gatherer:EchoOfNature+1","sneckomod:QuickBite+1","sneckomod:Restock+1","TheCursedMod:WearCloak+1","sneckomod:ImprovisedGuard+1","sneckomod:UnknownDraw+1","sneckomod:SerpentMind+1","sneckomod:UnknownCommonAttack+1","sneckomod:QuickBite+1","sneckomod:UnendingSupply+1","TheCursedMod:CursedShiv+1","sneckomod:UnknownColorless+1","ManaRampage+1","astrologer:Still+1","Gensokyo:SalamanderShield+1","MadScienceMod:Bombardment+1","MilkyWay+1"],"relics":["sneckomod:SneckoSoul","Seething Fire","Anvil of the Gods","ice","REME:ComplimentaryCards","LagranYue:RandomDrawCardRelic","CogitoBucket","MealTicket","Toxic Egg 2","Pear","Happy Flower","downfall:HeartBlessingRed","downfall:HeartBlessingGreen","EasyGame_NEW","downfall:HeartBlessingBlue","Sling","Potion Belt","Toy Ornithopter","Dream Catcher","Pen Nib","reliquary:IridiumChain","LetterFromLob","Theresia","AtMidnight","Snecko Eye","Juzu Bracelet","Boot","PrismaticShard","reliquary:Aerogel"],"acts_visited":["Gensokyo:Gensokyo","Hallownest:CityofTears","TheBeyond","TheEnding"],"potions_floor_usage":[],"damage_taken":[{"damage":0.0,"enemies":"Gensokyo:Python","floor":2.0,"turns":1.0},{"damage":0.0,"enemies":"Gensokyo:3_Fairies","floor":3.0,"turns":2.0},{"damage":0.0,"enemies":"Gensokyo:Aya","floor":8.0,"turns":2.0},{"damage":0.0,"enemies":"Gensokyo:Cirno","floor":10.0,"turns":10.0},{"damage":1.0,"enemies":"Gensokyo:2_Kodama","floor":12.0,"turns":2.0},{"damage":14.0,"enemies":"Gensokyo:Gryphon_and_Rabbit","floor":14.0,"turns":3.0},{"damage":0.0,"enemies":"Gensokyo:Python_and_Kodama","floor":15.0,"turns":2.0},{"damage":0.0,"enemies":"DF_ARCHETYPE_STREAMLINE","floor":16.0,"turns":3.0},{"damage":0.0,"enemies":"Hallownest:Guard_and_Sentry","floor":19.0,"turns":1.0},{"damage":0.0,"enemies":"Hallownest:Flukemon_and_Top","floor":20.0,"turns":2.0},{"damage":0.0,"enemies":"Hallownest:2_Flukemon","floor":22.0,"turns":3.0},{"damage":0.0,"enemies":"downfall:FleeingMerchant","floor":23.0,"turns":2.0},{"damage":0.0,"enemies":"Hallownest:monsterShrumalOgre","floor":28.0,"turns":3.0},{"damage":0.0,"enemies":"Hallownest:Master_and_Novice","floor":29.0,"turns":2.0},{"damage":0.0,"enemies":"Hallownest:Glutton_and_Coward","floor":30.0,"turns":1.0},{"damage":0.0,"enemies":"Hallownest:2_Husk_Sentries","floor":31.0,"turns":1.0},{"damage":0.0,"enemies":"Hallownest:monsterMisterMushroom","floor":32.0,"turns":1.0},{"damage":0.0,"enemies":"SI_MIRROR_ARCHETYPE","floor":33.0,"turns":1.0},{"damage":0.0,"enemies":"Orb Walker","floor":36.0,"turns":1.0},{"damage":17.0,"enemies":"3 Shapes","floor":39.0,"turns":3.0},{"damage":0.0,"enemies":"Spire Growth","floor":40.0,"turns":1.0},{"damage":0.0,"enemies":"Transient","floor":42.0,"turns":2.0},{"damage":0.0,"enemies":"Writhing Mass","floor":44.0,"turns":1.0},{"damage":21.0,"enemies":"4 Shapes","floor":48.0,"turns":1.0},{"damage":0.0,"enemies":"Jaw Worm Horde","floor":49.0,"turns":2.0},{"damage":183,"enemies":"WA_ARCHETYPE_DIVINITY","floor":50,"turns":6},{"damage":0,"enemies":"downfall:CharBossMerchant","floor":53,"turns":1},{"damage":0,"enemies":"downfall:NeowBoss","floor":56,"turns":3},{"damage":0,"enemies":"downfall:NeowBossFinal","floor":57,"turns":3}],"seed_played":"1171161009834458879","potions_obtained":[{"floor":8.0,"key":"SteroidPotion"},{"floor":14.0,"key":"Fire Potion"},{"floor":15.0,"key":"GamblersBrew"}],"is_trial":false,"path_per_floor":["R","M","M","?","COS","?","T","E","?","E","R","M","R","M","M","B",null,"R","M","M","?","M","$","T","$","?","?","M","M","M","M","M","B",null,"R","M","?","?","M","M","T","M","?","M","?","$","R","M","M","B",null,null,"E","$","R","B","B",null],"character_chosen":"THE_SNECKO","items_purchased":["sneckomod:UnknownCommonAttack","sneckomod:QuickBite","sneckomod:UnendingSupply","Sling","Potion Belt","Toy Ornithopter","LiquidBronze","AttackPotion","Pen Nib","Boot","PrismaticShard"],"campfire_rested":1,"item_purchase_floors":[23,23,23,23,23,23,23,23,25,46,46],"current_hp_per_floor":[1000,1000,1000,1000,1000,800,800,800,795,795,795,794,1010,996,996,996,1010,1020,1020,1020,1020,1020,1020,1020,1020,1020,1020,1020,1020,1020,1020,1020,1020,1020,1020,1020,1020,1020,1003,1003,1003,1003,1003,1003,1003,1018,1018,997,997,814,814,1020,1020,1020,1020,1020,1020],"gold":9,"neow_bonus":"","is_daily":false,"chose_seed":false,"campfire_upgraded":0,"win_rate":0.0,"timestamp":1612086237,"path_taken":["R","M","M","?","COS","?","T","E","?","E","R","M","R","M","M","BOSS","R","M","M","?","M","$","T","$","?","?","M","M","M","M","M","BOSS","R","M","?","?","?","M","T","M","?","M","?","$","R","M","M","BOSS","E","$","R","BOSS","BOSS"],"items_purchased_type":["Card","Card","Card","Relic","Relic","Relic","Potion","Potion","Relic","Relic","Relic"],"build_version":"2020-12-22","purchased_purges":1,"victory":true,"max_hp_per_floor":[1000,1000,1000,1000,1000,1000,1000,1000,1010,1010,1010,1010,1010,1010,1010,1010,1010,1020,1020,1020,1020,1020,1020,1020,1020,1020,1020,1020,1020,1020,1020,1020,1020,1020,1020,1020,1020,1020,1020,1020,1020,1020,1020,1020,1020,1020,1020,1020,1020,1020,1020,1020,1020,1020,1020,1020,1020],"card_choices":[{"not_picked":["sneckomod:QuickMove","sneckomod:SoulCleanse"],"picked":"sneckomod:UnknownDraw","floor":2.0},{"not_picked":["sneckomod:Unknown2Cost","sneckomod:SoulRoll"],"picked":"sneckomod:MixItUp","floor":3.0},{"not_picked":["sneckomod:UnknownVulnerable","sneckomod:SoulRoll"],"picked":"sneckomod:UnknownBlock","floor":4.0},{"not_picked":["sneckomod:ImprovisedGuard","sneckomod:QuickMove"],"picked":"sneckomod:UnknownX","floor":4.0},{"not_picked":["sneckomod:SoulCleanse+1","sneckomod:Unknown0Cost+1","sneckomod:UnknownWeak+1"],"picked":"SKIP","floor":8.0},{"not_picked":["sneckomod:TrashToTreasure+1","sneckomod:RainOfDice"],"picked":"sneckomod:UnknownCommonSkill+1","floor":10.0},{"not_picked":["sneckomod:DiceCrush","sneckomod:SoulExchange+1","sneckomod:Unknown1Cost+1"],"picked":"SKIP","floor":12.0},{"not_picked":["sneckomod:UnknownCommonSkill+1","sneckomod:IronFang"],"picked":"sneckomod:RainOfDice","floor":14.0},{"not_picked":["sneckomod:QuickMove+1","sneckomod:CheapStock"],"picked":"sneckomod:QuickBite","floor":15.0},{"not_picked":["sneckomod:UnknownBoss+1","sneckomod:UnknownRareAttack"],"picked":"sneckomod:Restock+1","floor":16.0},{"not_picked":["sneckomod:UnknownBlock+1","sneckomod:Unknown0Cost+1"],"picked":"sneckomod:ImprovisedGuard+1","floor":19.0},{"not_picked":["sneckomod:ImprovisedAttack","sneckomod:Memorize+1"],"picked":"sneckomod:UnknownDraw+1","floor":20.0},{"not_picked":["sneckomod:SerpentIdol+1","sneckomod:MasterEye+1"],"picked":"sneckomod:UnknownX+1","floor":22.0},{"not_picked":["sneckomod:IronFang","sneckomod:DiceCrush"],"picked":"sneckomod:SerpentMind","floor":23.0},{"not_picked":["sneckomod:Unknown2Cost+1","sneckomod:DiceCrush","sneckomod:RainOfDice"],"picked":"SKIP","floor":28.0},{"not_picked":["sneckomod:SlitherStrike","sneckomod:DefensiveFlair+1"],"picked":"sneckomod:UnknownColorless+1","floor":29.0},{"not_picked":["sneckomod:SerpentMind","sneckomod:UnknownCommonAttack","sneckomod:DefensiveFlair+1"],"picked":"SKIP","floor":30.0},{"not_picked":["sneckomod:UnknownWeak+1","sneckomod:SnakeSap","sneckomod:UnknownStrength+1"],"picked":"SKIP","floor":31.0},{"not_picked":["sneckomod:UnknownUncommonSkill+1","sneckomod:Unknown2Cost+1","sneckomod:UnlimitedRolls"],"picked":"SKIP","floor":32.0},{"not_picked":["sneckomod:UnknownClassMARISA_COLOR+1","sneckomod:UnknownExhaust+1"],"picked":"sneckomod:UnknownDraw+1","floor":36.0},{"not_picked":["sneckomod:CheapStock","sneckomod:IronFang","sneckomod:QuickBite+1"],"picked":"SKIP","floor":39.0},{"not_picked":["sneckomod:UnknownVulnerable+1","sneckomod:Memorize+1","sneckomod:SoulDraw+1"],"picked":"SKIP","floor":40.0},{"not_picked":["sneckomod:SerpentIdol+1","sneckomod:PureSnecko+1"],"picked":"sneckomod:UnknownCommonAttack+1","floor":42.0},{"not_picked":["sneckomod:QuickBite+1","sneckomod:SoulDraw+1"],"picked":"sneckomod:UnknownUncommonAttack+1","floor":44.0},{"not_picked":["bronze:BugBarrage+1","BootSequence+1"],"picked":"astrologer:Still+1","floor":48.0},{"not_picked":["SfantasyHide_purple+1","Guardian:Gem_Cyan"],"picked":"Gensokyo:SalamanderShield+1","floor":49.0},{"not_picked":["Exhume+1","RobotSpaceExplorer:MetalStrike+1"],"picked":"MadScienceMod:Bombardment+1","floor":53}],"player_experience":170378,"relics_obtained":[{"floor":8.0,"key":"Toxic Egg 2"},{"floor":10.0,"key":"Happy Flower"},{"floor":24.0,"key":"Dream Catcher"},{"floor":28.0,"key":"LetterFromLob"},{"floor":31.0,"key":"AtMidnight"},{"floor":41.0,"key":"Juzu Bracelet"},{"floor":53,"key":"reliquary:Aerogel"}],"event_choices":[],"is_beta":false,"boss_relics":[{"not_picked":["LagranYue:ContractPerformanceRelic","Philosopher\u0027s Stone"],"picked":"EasyGame_NEW"},{"not_picked":["SacredBark","reliquary:WritOfMandamus"],"picked":"Snecko Eye"}],"items_purged_floors":[54],"is_endless":false,"potions_floor_spawned":[2,8,14,15,19,20,30,31,33,36,42,49,53],"ascension_level":2}}