{"host":"gk9qdtkqd8dwfeg2","time":1612103010,"event":{"mods":["Aspiration","BaseMod","Colored Powertips","Minty Spire (QoL Compilation)","Quick Restart","Shop Mod","StSLib","TestMod","The Servant 0.9.4","Waifu the Spire","WarShipGirlsR/’ΩΩ¢…Ÿ≈ÆR mod"],"gold_per_floor":[113,133,133,58,58,58,86,86,110,144,163,2,14,29,29,103,103,117,127,142,154,79,111,101,101,127,127,162,1,1,1,1,73,73,86,86,135,135,35,67,85,110,110,110,41,75,75,25,25,25,25,25,25,25,54,54],"floor_reached":57,"language":"ZHS","playtime":2228,"items_purged":["Strike_R","Defend_R","Flechettes","Bash+1"],"score":3414,"play_id":"2e1f7b32-c1cf-4c49-8b8c-a36d6fd32355","local_time":"20210131222330","is_ascension_mode":true,"campfire_choices":[{"data":"Bash","floor":6.0,"key":"SMITH"},{"data":"Bludgeon","floor":8.0,"key":"SMITH"},{"data":"Dark Embrace","floor":15.0,"key":"SMITH"},{"floor":25.0,"key":"REST"},{"floor":30.0,"key":"REST"},{"floor":32.0,"key":"REST"},{"floor":44.0,"key":"REST"},{"floor":47,"key":"RECALL"},{"data":"Offering","floor":49,"key":"SMITH"},{"data":"Bloodletting","floor":53,"key":"SMITH"}],"circlet_count":0,"master_deck":["AscendersBane","Defend_R","Armaments+1","Body Slam","Bludgeon+1","Dark Embrace+1","Rampage","Second Wind","Barricade","Bloodletting+1","Fire Breathing","Offering+1","Power Through","Berserk","Predator","Backflip","Dark Embrace+1","Shockwave","Injury","Shrug It Off","Offering","Offering"],"relics":["Burning Blood","testmod-TestBox","testmod-IncinerationGenerator","Ring of the Snake","Bag of Marbles","Mummified Hand","Ancient Tea Set","Red Skull","Vajra","Kunai","MerchantsRug","Cursed Key","testmod-InjuryResistance","Frozen Egg 2","Smiling Mask","testmod-CyclicPeriapt","Lee\u0027s Waffle","aspiration:ChemicalBlood"],"acts_visited":["TheCity","TheBeyond","TheEnding"],"potions_floor_usage":[50,51,56,56,56,56],"damage_taken":[{"damage":6.0,"enemies":"Cultist","floor":1.0,"turns":3.0},{"damage":3.0,"enemies":"2 Louse","floor":2.0,"turns":3.0},{"damage":22.0,"enemies":"Lagavulin","floor":7.0,"turns":6.0},{"damage":0.0,"enemies":"Gremlin Nob","floor":10.0,"turns":2.0},{"damage":0.0,"enemies":"Small Slimes","floor":11.0,"turns":2.0},{"damage":1.0,"enemies":"Exordium Thugs","floor":13.0,"turns":2.0},{"damage":3.0,"enemies":"Blue Slaver","floor":14.0,"turns":2.0},{"damage":0.0,"enemies":"Slime Boss","floor":16.0,"turns":5.0},{"damage":0.0,"enemies":"Shell Parasite","floor":18.0,"turns":1.0},{"damage":20.0,"enemies":"2 Thieves","floor":19.0,"turns":3.0},{"damage":24.0,"enemies":"Snake Plant","floor":20.0,"turns":2.0},{"damage":22.0,"enemies":"Shelled Parasite and Fungi","floor":21.0,"turns":3.0},{"damage":31.0,"enemies":"Slavers","floor":23.0,"turns":5.0},{"damage":31.0,"enemies":"Book of Stabbing","floor":28.0,"turns":3.0},{"damage":18.0,"enemies":"Champ","floor":33.0,"turns":5.0},{"damage":8.0,"enemies":"3 Shapes","floor":35.0,"turns":3.0},{"damage":23.0,"enemies":"2 Orb Walkers","floor":37.0,"turns":3.0},{"damage":6.0,"enemies":"Nemesis","floor":40.0,"turns":3.0},{"damage":11.0,"enemies":"3 Darklings","floor":41.0,"turns":3.0},{"damage":41.0,"enemies":"Reptomancer","floor":42.0,"turns":4.0},{"damage":5,"enemies":"Nemesis","floor":46,"turns":3},{"damage":22,"enemies":"Awakened One","floor":50,"turns":3},{"damage":18,"enemies":"Donu and Deca","floor":51,"turns":1},{"damage":21,"enemies":"Shield and Spear","floor":55,"turns":2},{"damage":40,"enemies":"The Heart","floor":56,"turns":5}],"seed_played":"7912730060549901899","potions_obtained":[{"floor":2.0,"key":"Regen Potion"},{"floor":10.0,"key":"SkillPotion"},{"floor":11.0,"key":"BloodPotion"},{"floor":19.0,"key":"AttackPotion"},{"floor":23.0,"key":"BlessingOfTheForge"},{"floor":28.0,"key":"Explosive Potion"},{"floor":33.0,"key":"SkillPotion"},{"floor":35.0,"key":"testmod-TestPotion"},{"floor":42.0,"key":"Block Potion"}],"is_trial":false,"path_per_floor":["M","M","T","?","?","R","E","R","T","E","M","$","M","M","R","B",null,"M","M","M","M","$","E","?","R","T","?","E","$","R","?","R","B",null,"M","?","?","?","$","E","M","E","T","R","$","E","R","$","R","B","B",null,"R","$","E","B",null],"character_chosen":"IRONCLAD","items_purchased":["Dark Embrace","Rampage","MerchantsRug","Shrug It Off","Lee\u0027s Waffle"],"campfire_rested":4,"item_purchase_floors":[12,12,29,45,45],"current_hp_per_floor":[68,71,71,71,71,71,55,55,55,61,67,67,72,75,75,75,75,75,61,43,27,27,17,17,39,39,39,14,14,36,15,39,27,67,65,65,48,48,48,48,43,8,8,32,87,87,87,87,87,71,59,80,80,80,65,31],"gold":54,"neow_bonus":"NOSTALGIA","is_daily":false,"chose_seed":false,"campfire_upgraded":5,"win_rate":0.0,"timestamp":1612103010,"path_taken":["M","M","?","?","?","R","E","R","T","E","?","$","M","M","R","BOSS","M","M","M","M","$","E","?","R","T","?","E","?","R","?","R","BOSS","M","?","?","?","$","E","?","E","T","R","$","E","R","$","R","BOSS","BOSS","R","$","E","BOSS"],"items_purchased_type":["Card","Card","Relic","Card","Relic"],"build_version":"2020-12-22","purchased_purges":4,"victory":true,"max_hp_per_floor":[75,75,75,75,75,75,75,75,75,75,75,75,75,75,75,75,75,75,75,75,75,75,75,75,75,75,75,75,75,75,80,80,80,80,80,80,80,80,80,80,80,80,80,80,87,87,87,87,87,87,87,87,87,87,87,87],"card_choices":[{"not_picked":["Pommel Strike","Cleave"],"picked":"Armaments","floor":1.0},{"not_picked":["Anger","Armaments"],"picked":"Body Slam","floor":2.0},{"not_picked":["Shockwave","Whirlwind"],"picked":"Bludgeon","floor":7.0},{"not_picked":["Armaments","Metallicize","Sword Boomerang"],"picked":"SKIP","floor":10.0},{"not_picked":["Pummel","Havoc","Warcry"],"picked":"SKIP","floor":11.0},{"not_picked":["Clothesline","Anger"],"picked":"Second Wind","floor":13.0},{"not_picked":["Entrench","Juggernaut","Armaments"],"picked":"SKIP","floor":14.0},{"not_picked":["Juggernaut","Double Tap"],"picked":"Barricade","floor":16.0},{"not_picked":["Inflame","Rage","Havoc"],"picked":"SKIP","floor":18.0},{"not_picked":["Whirlwind","True Grit","Flame Barrier+1"],"picked":"SKIP","floor":19.0},{"not_picked":["Warcry","Havoc"],"picked":"Bloodletting","floor":20.0},{"not_picked":["Pommel Strike","Carnage"],"picked":"Fire Breathing","floor":21.0},{"not_picked":["Whirlwind+1","Pommel Strike","Cleave"],"picked":"SKIP","floor":23.0},{"not_picked":["Warcry","Bloodletting"],"picked":"Power Through","floor":28.0},{"not_picked":["Limit Break","Juggernaut"],"picked":"Berserk","floor":33.0},{"not_picked":["Heavy Blade+1","Blood for Blood","Twin Strike+1"],"picked":"SKIP","floor":35.0},{"not_picked":["Clothesline","Heavy Blade"],"picked":"Dark Embrace+1","floor":40.0},{"not_picked":["Perfected Strike","Anger"],"picked":"Shockwave","floor":41.0},{"not_picked":["Sentinel","Hemokinesis","Clothesline"],"picked":"SKIP","floor":42.0},{"not_picked":["Fire Breathing+1","Pommel Strike"],"picked":"Offering","floor":46},{"not_picked":["Iron Wave","Havoc+1"],"picked":"Offering","floor":55}],"player_experience":687914,"relics_obtained":[{"floor":7.0,"key":"Matryoshka"},{"floor":9.0,"key":"Bag of Marbles"},{"floor":9.0,"key":"aspiration:HiddenCompartment"},{"floor":10.0,"key":"Mummified Hand"},{"floor":23.0,"key":"Ancient Tea Set"},{"floor":26.0,"key":"Red Skull"},{"floor":26.0,"key":"Vajra"},{"floor":28.0,"key":"Kunai"},{"floor":37.0,"key":"testmod-InjuryResistance"},{"floor":40.0,"key":"Frozen Egg 2"},{"floor":42.0,"key":"Smiling Mask"},{"floor":43.0,"key":"testmod-CyclicPeriapt"},{"floor":46,"key":"aspiration:ChemicalBlood"}],"event_choices":[{"cards_removed":["Strike_R"],"damage_healed":0.0,"max_hp_gain":0.0,"max_hp_loss":0.0,"gold_gain":0.0,"event_name":"The Cleric","player_choice":"Card Removal","floor":4.0,"gold_loss":75.0,"damage_taken":0.0},{"damage_healed":0.0,"max_hp_gain":0.0,"max_hp_loss":0.0,"gold_gain":0.0,"event_name":"Upgrade Shrine","player_choice":"Upgraded","floor":5.0,"gold_loss":0.0,"damage_taken":0.0,"cards_upgraded":["Armaments"]},{"damage_healed":0.0,"max_hp_gain":0.0,"max_hp_loss":0.0,"gold_gain":0.0,"event_name":"The Library","player_choice":"Read","floor":27.0,"gold_loss":0.0,"damage_taken":0.0,"cards_obtained":["Offering"]},{"damage_healed":0.0,"max_hp_gain":5.0,"max_hp_loss":0.0,"gold_gain":0.0,"event_name":"Forgotten Altar","player_choice":"Shed Blood","floor":31.0,"gold_loss":0.0,"damage_taken":26.0},{"damage_healed":0.0,"max_hp_gain":0.0,"max_hp_loss":0.0,"gold_gain":0.0,"event_name":"Tomb of Lord Red Mask","player_choice":"Ignored","floor":36.0,"gold_loss":0.0,"damage_taken":0.0},{"damage_healed":0.0,"max_hp_gain":0.0,"max_hp_loss":0.0,"gold_gain":0.0,"event_name":"Mysterious Sphere","player_choice":"Fight","floor":37.0,"gold_loss":0.0,"damage_taken":0.0}],"is_beta":false,"boss_relics":[{"not_picked":["testmod-SaigiyounoYou","testmod-EnergyCheck"],"picked":"Empty Cage"},{"not_picked":["testmod-CardMagician","Runic Dome"],"picked":"Cursed Key"}],"items_purged_floors":[22,39,45,48],"is_endless":false,"potions_floor_spawned":[2,10,11,13,16,19,23,28,33,35,42],"ascension_level":20}}