{"host":"ixbvfs3so5a39bhe","time":1612055582,"event":{"mods":["BaseMod","Minty Spire (QoL Compilation)","Quick Restart","StSLib"],"gold_per_floor":[112,187,362,1,1,30,42,77,112,124,124],"floor_reached":10,"language":"ZHS","playtime":259,"items_purged":["Doubt"],"score":93,"play_id":"660c51d3-3dd7-4439-8ad0-a76dc333d9c3","local_time":"20210131091302","is_ascension_mode":true,"campfire_choices":[],"circlet_count":0,"master_deck":["Strike_P","Strike_P","Strike_P","Defend_P","Defend_P","Defend_P","Defend_P","Eruption","Vigilance","Injury"],"relics":["PureWater","NeowsBlessing","Gambling Chip","MawBank","Golden Idol"],"acts_visited":["Exordium"],"potions_floor_usage":[],"damage_taken":[{"damage":0,"enemies":"Jaw Worm","floor":1,"turns":1},{"damage":0,"enemies":"3 Sentries","floor":6,"turns":1},{"damage":0,"enemies":"2 Louse","floor":8,"turns":1},{"damage":40,"enemies":"Gremlin Nob","floor":10,"turns":4}],"seed_played":"-5069229436113287036","potions_obtained":[],"is_trial":false,"path_per_floor":["M","?","?","$","?","E","?","M","T","E"],"character_chosen":"WATCHER","items_purchased":["Gambling Chip"],"campfire_rested":0,"item_purchase_floors":[4],"current_hp_per_floor":[72,61,61,61,54,54,54,54,54,14,14],"gold":124,"neow_bonus":"THREE_ENEMY_KILL","is_daily":false,"chose_seed":false,"campfire_upgraded":0,"win_rate":0.0,"timestamp":1612055582,"path_taken":["M","?","?","$","?","E","?","?","T","E"],"items_purchased_type":["Relic"],"build_version":"2020-12-22","purchased_purges":1,"victory":false,"max_hp_per_floor":[72,72,72,72,72,72,72,72,72,72,72],"card_choices":[{"not_picked":["ThirdEye","TalkToTheHand","EmptyMind"],"picked":"SKIP","floor":1},{"not_picked":["Vengeance","ThirdEye","SashWhip"],"picked":"SKIP","floor":6},{"not_picked":["CutThroughFate","EmptyFist","Brilliance"],"picked":"SKIP","floor":8}],"player_experience":134636,"relics_obtained":[{"floor":6,"key":"MawBank"}],"event_choices":[{"damage_healed":0,"gold_gain":75,"player_choice":"Gather Gold","damage_taken":11,"max_hp_gain":0,"max_hp_loss":0,"event_name":"World of Goop","floor":2,"gold_loss":0},{"damage_healed":0,"gold_gain":175,"player_choice":"AGREE","damage_taken":0,"max_hp_gain":0,"max_hp_loss":0,"event_name":"Liars Game","floor":3,"gold_loss":0,"cards_obtained":["Doubt"]},{"cards_removed":["Strike_P"],"damage_healed":0,"gold_gain":0,"player_choice":"Card Removal","damage_taken":7,"max_hp_gain":0,"max_hp_loss":0,"event_name":"Golden Wing","floor":5,"gold_loss":0},{"damage_healed":0,"gold_gain":0,"player_choice":"Take Wound","damage_taken":0,"relics_obtained":["Golden Idol"],"max_hp_gain":0,"max_hp_loss":0,"event_name":"Golden Idol","floor":7,"gold_loss":0,"cards_obtained":["Injury"]}],"is_beta":false,"boss_relics":[],"items_purged_floors":[4],"is_endless":false,"potions_floor_spawned":[],"killed_by":"Gremlin Nob","ascension_level":1}}