{"host":"6xsbn6ynqlzwllfm","time":1612063962,"event":{"mods":["2.2 Compatiblity","BaseMod","Bestiary","Colored Map","Colored Powertips","Curses Come First","Highlight Path","Keyboard Shortcuts","Minty Spire (QoL Compilation)","Relic Stats","Slay the Relics Exporter","StSLib","SuperFastMode"],"gold_per_floor":[12,12,12,12,32,32,47,86,86,105,139,139,182,207,207,297,297,316,341,341,341,182,182,217,230,276,301,301,314,314,128,128,221,221,237,237,237,237],"floor_reached":37,"language":"ENG","playtime":1161,"items_purged":["Pain","Strike_P+1"],"score":964,"play_id":"2e7af708-9f5b-4c3c-999c-0eda7a68874f","local_time":"20210130223242","is_ascension_mode":true,"campfire_choices":[{"data":"BattleHymn","floor":6.0,"key":"SMITH"},{"floor":12.0,"key":"REST"},{"data":"CrushJoints","floor":15.0,"key":"SMITH"},{"floor":23.0,"key":"REST"},{"floor":28.0,"key":"REST"},{"floor":30.0,"key":"REST"},{"data":"Conclude","floor":32.0,"key":"SMITH"}],"circlet_count":0,"master_deck":["AscendersBane","Strike_P+1","Strike_P+1","Strike_P+1","Defend_P+1","Defend_P+1","Defend_P+1","Defend_P+1","Eruption+1","Vigilance","Scrawl+1","BattleHymn+1","CrushJoints+1","TalkToTheHand","Conclude+1","Protect+1","FlyingSleeves","Scrawl","Protect","FollowUp","Scrawl+1","Protect","FearNoEvil+1","WaveOfTheHand","LessonLearned","Omniscience"],"relics":["HolyWater","Golden Idol","WarpedTongs","InkBottle","Anchor","War Paint","Art of War","Dream Catcher","Regal Pillow","Busted Crown"],"acts_visited":["Exordium","TheCity","TheBeyond"],"potions_floor_usage":[33],"damage_taken":[{"damage":1.0,"enemies":"2 Louse","floor":1.0,"turns":4.0},{"damage":10.0,"enemies":"Cultist","floor":5.0,"turns":5.0},{"damage":11.0,"enemies":"Small Slimes","floor":7.0,"turns":3.0},{"damage":3.0,"enemies":"Lagavulin","floor":8.0,"turns":5.0},{"damage":11.0,"enemies":"Red Slaver","floor":10.0,"turns":4.0},{"damage":21.0,"enemies":"3 Sentries","floor":11.0,"turns":5.0},{"damage":9.0,"enemies":"Gremlin Nob","floor":13.0,"turns":3.0},{"damage":3.0,"enemies":"2 Fungi Beasts","floor":14.0,"turns":3.0},{"damage":4.0,"enemies":"Hexaghost","floor":16.0,"turns":9.0},{"damage":23.0,"enemies":"3 Byrds","floor":18.0,"turns":5.0},{"damage":0.0,"enemies":"2 Thieves","floor":19.0,"turns":2.0},{"damage":19.0,"enemies":"Slavers","floor":24.0,"turns":5.0},{"damage":8.0,"enemies":"3 Cultists","floor":25.0,"turns":4.0},{"damage":14.0,"enemies":"Snake Plant","floor":27.0,"turns":3.0},{"damage":5.0,"enemies":"Centurion and Healer","floor":29.0,"turns":3.0},{"damage":38,"enemies":"Champ","floor":33,"turns":14},{"damage":30,"enemies":"3 Darklings","floor":35,"turns":3},{"damage":45,"enemies":"2 Orb Walkers","floor":37,"turns":4}],"seed_played":"287737922907342090","potions_obtained":[{"floor":1.0,"key":"SkillPotion"},{"floor":11.0,"key":"Weak Potion"},{"floor":13.0,"key":"Fruit Juice"},{"floor":24.0,"key":"Ancient Potion"},{"floor":25.0,"key":"PowerPotion"}],"is_trial":false,"path_per_floor":["M","?","?","$","M","R","M","E","T","M","E","R","E","M","R","B",null,"M","M","?","?","$","R","E","M","T","M","R","M","R","$","R","B",null,"M","?","?"],"character_chosen":"WATCHER","items_purchased":["Block Potion","Protect","LessonLearned"],"campfire_rested":4,"item_purchase_floors":[22,22,31],"current_hp_per_floor":[60,60,60,60,50,50,39,36,36,25,4,22,18,15,15,11,53,30,30,30,30,30,50,31,23,23,9,44,39,67,67,67,29,58,28,28,0,0],"gold":237,"neow_bonus":"THREE_RARE_CARDS","is_daily":false,"chose_seed":false,"campfire_upgraded":3,"win_rate":0.0,"timestamp":1612063962,"path_taken":["M","?","?","$","M","R","M","E","T","M","E","R","E","?","R","BOSS","M","M","?","?","$","R","E","M","T","M","R","M","R","$","R","BOSS","M","?","?"],"items_purchased_type":["Potion","Card","Card"],"build_version":"2020-12-22","purchased_purges":2,"victory":false,"max_hp_per_floor":[68,62,62,62,62,62,62,62,62,62,62,62,67,67,67,67,67,67,67,67,67,67,67,67,67,67,67,67,67,67,67,67,67,67,67,67,67,67],"relic_stats":{"Dream Catcher":2,"Regal Pillow":23,"Busted Crown":2,"counters":[18,84],"Golden Idol":119,"Art of War":[3],"War Paint":["Protect","Scrawl"],"obtain_stats":[{"Anchor":9,"Dream Catcher":24,"Regal Pillow":26,"Busted Crown":34,"Golden Idol":2,"HolyWater":17,"Art of War":13,"PureWater":0,"War Paint":11,"InkBottle":8,"WarpedTongs":3},{"Anchor":4,"Dream Catcher":12,"Regal Pillow":13,"Busted Crown":16,"Golden Idol":1,"HolyWater":9,"Art of War":7,"PureWater":0,"War Paint":6,"InkBottle":4,"WarpedTongs":1},{"Anchor":17,"Dream Catcher":53,"Regal Pillow":57,"Busted Crown":77,"Golden Idol":4,"HolyWater":41,"Art of War":29,"PureWater":0,"War Paint":26,"InkBottle":17,"WarpedTongs":4}],"InkBottle":[25],"WarpedTongs":[80]},"card_choices":[{"not_picked":["MasterReality","Vault"],"picked":"Scrawl","floor":0.0},{"not_picked":["Pray","Swivel"],"picked":"BattleHymn","floor":1.0},{"not_picked":["Evaluate","Protect"],"picked":"CrushJoints","floor":5.0},{"not_picked":["Perseverance","Evaluate"],"picked":"TalkToTheHand","floor":7.0},{"not_picked":["Crescendo","Swivel"],"picked":"Conclude","floor":8.0},{"not_picked":["ThirdEye","Prostrate"],"picked":"Protect","floor":10.0},{"not_picked":["Crescendo","WreathOfFlame"],"picked":"FlyingSleeves","floor":11.0},{"not_picked":["FollowUp","WindmillStrike","ThirdEye"],"picked":"SKIP","floor":13.0},{"not_picked":["JustLucky","InnerPeace"],"picked":"Consecrate","floor":14.0},{"not_picked":["Blasphemy","DevaForm"],"picked":"Scrawl","floor":16.0},{"not_picked":["EmptyFist","ClearTheMind"],"picked":"Protect","floor":18.0},{"not_picked":["Fasting2","EmptyFist"],"picked":"FollowUp","floor":19.0},{"not_picked":["SandsOfTime","Worship"],"picked":"FearNoEvil","floor":25.0},{"not_picked":["JustLucky","EmptyBody"],"picked":"WaveOfTheHand","floor":28.0},{"not_picked":["Wish","Brilliance"],"picked":"Omniscience","floor":33}],"player_experience":1317903,"relics_obtained":[{"floor":8.0,"key":"InkBottle"},{"floor":9.0,"key":"Anchor"},{"floor":11.0,"key":"War Paint"},{"floor":13.0,"key":"Art of War"},{"floor":24.0,"key":"Dream Catcher"},{"floor":26.0,"key":"Regal Pillow"}],"event_choices":[{"damage_healed":0.0,"max_hp_gain":0.0,"max_hp_loss":6.0,"gold_gain":0.0,"event_name":"Golden Idol","player_choice":"Lose Max HP","floor":2.0,"gold_loss":0.0,"damage_taken":0.0,"relics_obtained":["Golden Idol"]},{"damage_healed":0.0,"max_hp_gain":0.0,"max_hp_loss":0.0,"gold_gain":0.0,"event_name":"Accursed Blacksmith","player_choice":"Rummage","floor":3.0,"gold_loss":0.0,"damage_taken":0.0,"relics_obtained":["WarpedTongs"],"cards_obtained":["Pain"]},{"damage_healed":0.0,"max_hp_gain":0.0,"max_hp_loss":0.0,"gold_gain":0.0,"event_name":"Back to Basics","player_choice":"Simplicity","floor":20.0,"gold_loss":0.0,"damage_taken":0.0,"cards_upgraded":["Strike_P","Strike_P","Strike_P","Strike_P","Defend_P","Defend_P","Defend_P","Defend_P"]},{"damage_healed":0.0,"max_hp_gain":0.0,"max_hp_loss":0.0,"gold_gain":0.0,"event_name":"Duplicator","player_choice":"Copied","floor":21.0,"gold_loss":0.0,"damage_taken":0.0,"cards_obtained":["Scrawl"]},{"cards_removed":["Consecrate"],"damage_healed":0,"gold_gain":0,"player_choice":"Removed Attack","damage_taken":0,"max_hp_gain":0,"max_hp_loss":0,"event_name":"Falling","floor":36,"gold_loss":0},{"damage_healed":0,"gold_gain":0,"player_choice":"Fight","damage_taken":0,"max_hp_gain":0,"max_hp_loss":0,"event_name":"Mysterious Sphere","floor":37,"gold_loss":0}],"is_beta":false,"boss_relics":[{"not_picked":["Velvet Choker","Runic Pyramid"],"picked":"HolyWater"},{"not_picked":["VioletLotus","Tiny House"],"picked":"Busted Crown"}],"items_purged_floors":[22,31],"is_endless":false,"potions_floor_spawned":[1,11,13,24,25],"killed_by":"2 Orb Walkers","ascension_level":20}}