{"host":"6affnl2vk6en9o4b","time":1612099598,"event":{"mods":["AchievementEnabler","Aspiration","BaseMod","BetterRewards","Colored Powertips","Conspire","Downfall","Friendly Minions","Googly Eyes","Highlight Path","Hubris","Minty Spire (QoL Compilation)","Replay The Spire","StSLib","Trackpad","Unceasing Turn Reminder"],"gold_per_floor":[111,142,139,225,237,307,345,367,404,401,413,442,154,192,215,227,227,227],"floor_reached":16,"language":"ENG","playtime":498,"items_purged":[],"score":108,"play_id":"c63a8a73-32fc-4e85-aed9-14d01533d7d2","local_time":"20210131132638","is_ascension_mode":false,"campfire_choices":[{"floor":1.0,"key":"RECALL"},{"floor":13.0,"key":"REST"}],"circlet_count":0,"master_deck":["bronze:Strike","bronze:Strike","bronze:Strike","bronze:Strike","bronze:Defend","bronze:Defend","bronze:Defend","bronze:Defend","bronze:Replicate","bronze:Goto","bronze:Frontload","bronze:Fortify","bronze:DigitalCarnage","bronze:FineTuning","bronze:Iterate","bronze:WildBeam","bronze:WhirlingStrike","bronze:Shell","bronze:Assembly","bronze:FineTuning"],"relics":["bronze:BronzeCore","MawBank","bronze:BottledCode","Replay:Wax Seal","Lantern","Bronze Scales","aspiration:BabyByrd","downfall:HeartBlessingRed","downfall:HeartBlessingGreen","downfall:HeartBlessingBlue","Boot"],"acts_visited":["Exordium"],"potions_floor_usage":[16],"damage_taken":[{"damage":5.0,"enemies":"Cultist","floor":2.0,"turns":4.0},{"damage":0.0,"enemies":"downfall:FleeingMerchant","floor":3.0,"turns":4.0},{"damage":0.0,"enemies":"Jaw Worm","floor":8.0,"turns":3.0},{"damage":13.0,"enemies":"3 Sentries","floor":9.0,"turns":5.0},{"damage":0.0,"enemies":"downfall:FleeingMerchant","floor":10.0,"turns":4.0},{"damage":0.0,"enemies":"2 Louse","floor":12.0,"turns":2.0},{"damage":27.0,"enemies":"Lagavulin","floor":14.0,"turns":4.0},{"damage":0.0,"enemies":"Blue Slaver","floor":15.0,"turns":2.0},{"damage":27,"enemies":"WA_ARCHETYPE_RETAIN","floor":16,"turns":4}],"seed_played":"-2360345704675434899","potions_obtained":[{"floor":2.0,"key":"LiquidBronze"},{"floor":6.0,"key":"AttackPotion"},{"floor":8.0,"key":"sneckomod:MuddlingPotion"},{"floor":14.0,"key":"Explosive Potion"},{"floor":15.0,"key":"PowerPotion"}],"is_trial":false,"path_per_floor":["R","M","$","T","?","?","T","M","E","$","?","M","R","E","M","B"],"character_chosen":"THE_AUTOMATON","items_purchased":[],"campfire_rested":1,"item_purchase_floors":[],"current_hp_per_floor":[70,65,65,65,60,36,36,36,23,23,23,23,54,27,27,0,0,0],"gold":227,"neow_bonus":"RANDOM_COMMON_RELIC","is_daily":false,"chose_seed":false,"campfire_upgraded":0,"win_rate":0.0,"timestamp":1612099598,"path_taken":["R","M","?","?","?","?","T","M","E","$","?","M","R","E","M","BOSS"],"items_purchased_type":[],"build_version":"2020-12-22","purchased_purges":0,"victory":false,"max_hp_per_floor":[70,70,70,70,60,60,60,60,60,60,60,60,70,70,70,70,70,70],"card_choices":[{"not_picked":["bronze:Allocate","bronze:Safeguard"],"picked":"bronze:Frontload","floor":2.0},{"not_picked":["bronze:DigitalCarnage","bronze:DelayedGuard"],"picked":"bronze:Fortify","floor":3.0},{"not_picked":["bronze:Deprecate","bronze:BugBarrage"],"picked":"bronze:DigitalCarnage","floor":6.0},{"not_picked":["bronze:Overload","bronze:Deprecate"],"picked":"bronze:FineTuning","floor":6.0},{"not_picked":["bronze:Invalidate","bronze:Deprecate"],"picked":"bronze:Iterate","floor":8.0},{"not_picked":["bronze:Branch","bronze:Shell"],"picked":"bronze:WildBeam","floor":9.0},{"not_picked":["bronze:FineTuning","bronze:GetLatest"],"picked":"bronze:WhirlingStrike","floor":10.0},{"not_picked":["bronze:BuggyMess","bronze:CutThrough"],"picked":"bronze:Shell","floor":12.0},{"not_picked":["bronze:Return","bronze:Shell"],"picked":"bronze:Assembly","floor":14.0},{"not_picked":["bronze:Shell","bronze:Invalidate"],"picked":"bronze:FineTuning","floor":15.0}],"player_experience":231237,"relics_obtained":[{"floor":6.0,"key":"Replay:Wax Seal"},{"floor":7.0,"key":"Lantern"},{"floor":9.0,"key":"Bronze Scales"},{"floor":14.0,"key":"Boot"}],"event_choices":[],"is_beta":false,"boss_relics":[],"items_purged_floors":[],"is_endless":false,"potions_floor_spawned":[2,8,14,15],"killed_by":"WA_ARCHETYPE_RETAIN","ascension_level":0}}