{"host":"jqa9y4qkalbx8qgz","time":1612066833,"event":{"mods":["Act Like it!","BaseMod","BetterRewards","CCEM2","Downfall","Gensokyo","Marisa????????","Minty Spire (QoL Compilation)","Permanent Neow","Relic Stats","Replay The Spire","StSLib","Wandering Minibosses"],"gold_per_floor":[114,189,205,205,218,218,233,261,261,293,293,312,387,714,714,812,812,831,842,207,226,274,303,322,354,378,398,398,398,102,117,117,213,213,233,233,251,266,30,62,62,89,89,107,107,158,188,206,206,206,206,206,32,63,63],"floor_reached":56,"language":"ENG","playtime":4879,"items_purged":["Strike_B"],"score":1791,"play_id":"48bc8019-1a0b-46e5-b516-9b88afbcd61c","local_time":"20210131072033","is_ascension_mode":true,"campfire_choices":[{"floor":6.0,"key":"REST"},{"data":"Hologram","floor":11.0,"key":"SMITH"},{"floor":28.0,"key":"REST"},{"floor":32.0,"key":"REST"},{"floor":45,"key":"RECALL"},{"floor":49,"key":"REST"},{"floor":52,"key":"REST"}],"circlet_count":0,"master_deck":["Strike_B+1","Strike_B+1","Strike_B+1","Defend_B","Defend_B","Defend_B+1","Defend_B","Zap","Dualcast","Defragment+1","Apotheosis","Hologram","Hologram+1","Leap","Doom and Gloom","Flash of Steel+1","Capacitor","Fusion","Leap","Rebound","Seek","Conserve Battery","Self Repair","Seek","Seek","Consume","Ball Lightning","Go for the Eyes+1","Defragment+1","Ball Lightning","Hologram","Leap+1","Cold Snap","Turbo","Chill+1","Creative AI","Rainbow","Skim+1","Defragment","Barrage","Rainbow","Panic Button","Undo+1","Multi-Cast","Tempest+1"],"relics":["Cracked Core","Tiny Chest","Pen Nib","Du-Vu Doll","CCEMRelics:Barrel","Nunchaku","CCEMRelics:CocoNut","Old Coin","Fusion Hammer","Blood Vial","ReplayTheSpireMod:Lightbulb","CCEMRelics:WrappedPresent","Pocketwatch","ReplayTheSpireMod:TigerMarble","Gremlin Food","Art of War","Nloth\u0027s Gift","Cables","Replay:Bronze Core","Happy Flower","Replay:Antivirus Software","CCEMRelics:SpiritsEdge","Mercury Hourglass","CCEMRelics:OverlyComfyChair","CCEMRelics:CarbonFilter","Quantum Egg"],"acts_visited":["Exordium","TheCity","TheBeyond","TheEnding"],"potions_floor_usage":[46,46,55,55,55],"damage_taken":[{"damage":0.0,"enemies":"2 Louse","floor":1.0,"turns":3.0},{"damage":2.0,"enemies":"Small Slimes","floor":3.0,"turns":4.0},{"damage":6.0,"enemies":"Jaw Worm","floor":5.0,"turns":4.0},{"damage":10.0,"enemies":"Exordium Wildlife","floor":7.0,"turns":5.0},{"damage":0.0,"enemies":"3 Sentries","floor":8.0,"turns":3.0},{"damage":0.0,"enemies":"Lagavulin","floor":10.0,"turns":5.0},{"damage":12.0,"enemies":"Blue Slaver","floor":12.0,"turns":2.0},{"damage":13.0,"enemies":"Replay:BlueRogue","floor":14.0,"turns":6.0},{"damage":5.0,"enemies":"Slime Boss","floor":16.0,"turns":7.0},{"damage":2.0,"enemies":"Spheric Guardian","floor":18.0,"turns":4.0},{"damage":39.0,"enemies":"Shell Parasite","floor":19.0,"turns":7.0},{"damage":3.0,"enemies":"Snecko","floor":21.0,"turns":4.0},{"damage":62.0,"enemies":"Slavers","floor":23.0,"turns":7.0},{"damage":6.0,"enemies":"Shelled Parasite and Fungi","floor":24.0,"turns":4.0},{"damage":9.0,"enemies":"Gremlin Leader","floor":25.0,"turns":7.0},{"damage":7.0,"enemies":"3 Cultists","floor":27.0,"turns":5.0},{"damage":6.0,"enemies":"Snake Plant","floor":31.0,"turns":3.0},{"damage":0.0,"enemies":"Champ","floor":33.0,"turns":9.0},{"damage":17.0,"enemies":"3 Shapes","floor":35.0,"turns":7.0},{"damage":0,"enemies":"Orb Walker","floor":37,"turns":3},{"damage":6,"enemies":"3 Darklings","floor":38,"turns":6},{"damage":29,"enemies":"Reptomancer","floor":40,"turns":8},{"damage":3,"enemies":"Giant Head","floor":42,"turns":8},{"damage":0,"enemies":"4 Shapes","floor":44,"turns":5},{"damage":21,"enemies":"2 Orb Walkers","floor":46,"turns":4},{"damage":0,"enemies":"Reptomancer","floor":47,"turns":5},{"damage":0,"enemies":"Sphere and 2 Shapes","floor":48,"turns":4},{"damage":2,"enemies":"Donu and Deca","floor":50,"turns":13},{"damage":64,"enemies":"Shield and Spear","floor":54,"turns":6},{"damage":31,"enemies":"The Heart","floor":55,"turns":11}],"seed_played":"6730932242772783440","potions_obtained":[{"floor":1.0,"key":"hexamod:SoulburnPotion"},{"floor":3.0,"key":"SteroidPotion"},{"floor":7.0,"key":"SteroidPotion"},{"floor":10.0,"key":"Dexterity Potion"},{"floor":18.0,"key":"Regen Potion"},{"floor":24.0,"key":"bronze:BurnAndBuffPotion"},{"floor":27.0,"key":"ColorlessPotion"},{"floor":31.0,"key":"BlessingOfTheForge"},{"floor":33.0,"key":"Death Potion"},{"floor":46,"key":"Adrenaline Potion"},{"floor":47,"key":"BlessingOfTheForge"},{"floor":48,"key":"Energy Potion"}],"is_trial":false,"path_per_floor":["M","?","M","?","M","R","M","E","T","E","R","M","?","E","R","B",null,"M","M","$","M","T","E","M","E","T","M","R","?","$","M","R","B",null,"M","?","M","M","$","E","T","E","T","M","R","?","E","M","R","B",null,"R","$","E","B",null],"character_chosen":"DEFECT","items_purchased":["Tiny Chest","Pen Nib","Defragment","Apotheosis","Hologram","Leap","Doom and Gloom","Flash of Steel","Go for the Eyes+1","Blood Vial","ReplayTheSpireMod:Lightbulb","CCEMRelics:WrappedPresent","Turbo","Cables","Defragment","Happy Flower","Barrage","EssenceOfDarkness"],"campfire_rested":5,"item_purchase_floors":[0,0,0,0,0,0,0,0,20,20,20,20,30,30,39,39,39,53],"current_hp_per_floor":[37,26,24,24,18,40,30,30,30,35,35,23,23,17,41,46,80,80,51,51,60,60,25,31,31,31,36,60,60,60,56,80,80,80,70,70,72,68,68,56,56,65,65,80,80,69,74,78,80,80,80,80,80,34,15],"gold":63,"neow_bonus":"","is_daily":false,"chose_seed":false,"campfire_upgraded":1,"win_rate":0.0,"timestamp":1612066833,"path_taken":["M","?","M","?","M","R","M","E","T","E","R","M","?","E","R","BOSS","M","M","$","M","?","E","M","E","T","M","R","?","$","?","R","BOSS","M","?","M","M","$","E","?","E","T","M","R","?","E","M","R","BOSS","R","$","E","BOSS"],"items_purchased_type":["Relic","Relic","Card","Card","Card","Card","Card","Card","Card","Relic","Relic","Relic","Card","Relic","Card","Relic","Card","Potion"],"build_version":"2020-12-22","purchased_purges":1,"victory":true,"max_hp_per_floor":[75,75,75,75,75,75,75,75,75,80,80,80,80,80,80,80,80,80,80,80,80,80,80,80,80,80,80,80,80,80,80,80,80,80,80,80,80,80,80,80,80,80,80,80,80,80,80,80,80,80,80,80,80,80,80],"relic_stats":{"Blood Vial":28,"Nunchaku":[21],"Happy Flower":[21],"counters":[188,1212],"Tiny Chest":2,"Pen Nib":[23],"Art of War":[48],"Nloth\u0027s Gift":7,"obtain_stats":[{"Golden Egg":6,"Replay:Accelerometer":23,"Spirit Poop":39,"downfall:HeartBlessingGreen":27,"infinitespire:Cubic Diamond":10,"Whetstone":6,"Sling":38,"Old Coin":14,"Blood Vial":20,"Replay:Ringing Soul":0,"Replay:Bronze Core":34,"MealTicket":29,"CCEMRelics:Sandal":40,"Fusion Hammer":17,"Replay:Wax Seal":21,"Eternal Feather":54,"Pen Nib":38,"Akabeko":0,"Slimebound:TarBlob":17,"Cables":30,"SlaversCollar":17,"CCEMRelics:FestiveHat":10,"ReplayTheSpireMod:Ring of Collecting":37,"Snecko Eye":34,"Abe\u0027s Treasure":17,"Torii":6,"CCEMRelics:WrappedPresent":20,"Blue Doll":9,"StoneCalendar":28,"Bag of Preparation":0,"m_SlimeRing":10,"infinitespire:Bottled Soul":4,"Chemical X":30,"Replay:Bottled Eggs":45,"CCEMRelics:Icicle":53,"InkBottle":25,"CCEMRelics:OrganicArmor":46,"Lee\u0027s Waffle":0,"Inserter":17,"downfall:HeartBlessingRed":27,"Golden Idol":11,"PreservedInsect":36,"Geode":13,"Omamori":38,"CCEMRelics:CocoNut":10,"infinitespire:Lucky Rock":6,"Frozen Egg 2":9,"MawBank":30,"Nuclear Battery":0,"Ornamental Fan":42,"Ring of Misfortune":37,"Turnip":0,"Slimebound:AbsorbEndCombat":0,"Durian":8,"Garlic":25,"Art of War":48,"ReplayTheSpireMod:Ring of Challenge":37,"ReplayTheSpireMod:Lightbulb":4,"Ice Cream":0,"Divine Protection":43,"Gremlin Horn":12,"Vajra":11,"Sozu":17,"Centennial Puzzle":24,"HornCleat":19,"Honey Jar":17,"Prayer Wheel":0,"Iron Hammer":39,"CCEMRelics:CarbonFilter":46,"Girya":0,"Happy Flower":39,"ReplayTheSpireMod:CursedCoin":0,"Dead Branch":24,"Replay:Grab Bag":17,"Oddly Smooth Stone":26,"Replay:Kaleidoscope":20,"WarpedTongs":12,"Du-Vu Doll":0,"Replay:Baseball":9,"ReplayTheSpireMod:Shallot":41,"Shuriken":2,"Molten Egg 2":48,"ReplayTheSpireMod:TigerMarble":7,"Nloth\u0027s Gift":19,"Black Star":34,"Grinning Jar":28,"CCEMRelics:WarHorn":31,"Pocketwatch":42,"Darkstone Periapt":9,"ReplayTheSpireMod:Ring of Exchange":43,"CCEMRelics:Pendulum":26,"Mango":52,"Incense Burner":25,"Replay:Mystery Machine":26,"Nunchaku":2,"Replay:Bandana":14,"Chameleon Ring":9,"TheAbacus":20,"Mummified Hand":38,"downfall:HeartBlessingBlue":44,"CCEMRelics:OverlyComfyChair":43,"Tiny Chest":0,"Red Mask":46,"Replay:Antivirus Software":46,"Cracked Core":0,"infinitespire:Chaos":0,"Replay:Drink Me":34,"Gremlin Food":31,"CCEMRelics:Barrel":6,"ReplayTheSpireMod:Ninjato":41,"Replay:Towering Pillar of Hats":42,"Quantum Egg":47,"infinitespire:EmptyRelic":0,"Replay:WaspNest":26,"Medical Kit":0,"Mercury Hourglass":48,"CCEMRelics:SpiritsEdge":46,"Peace Pipe":0,"Cauldron":0,"downfall:GremlinSack":29,"infinitespire:WardingShard":45,"Ring of Fury":37,"Snack Pack":13,"Coffee Dripper":34,"Bag of Marbles":43},{"Golden Egg":3,"Replay:Accelerometer":72,"Spirit Poop":125,"downfall:HeartBlessingGreen":17,"infinitespire:Cubic Diamond":112,"Whetstone":40,"Sling":80,"Old Coin":166,"Blood Vial":169,"Replay:Ringing Soul":132,"Replay:Bronze Core":176,"MealTicket":51,"CCEMRelics:Sandal":126,"Fusion Hammer":167,"Replay:Wax Seal":49,"Eternal Feather":131,"Pen Nib":80,"Akabeko":132,"Slimebound:TarBlob":10,"Cables":174,"SlaversCollar":115,"CCEMRelics:FestiveHat":99,"ReplayTheSpireMod:Ring of Collecting":124,"Snecko Eye":23,"Abe\u0027s Treasure":68,"Torii":65,"CCEMRelics:WrappedPresent":169,"Blue Doll":66,"StoneCalendar":74,"Bag of Preparation":36,"m_SlimeRing":112,"infinitespire:Bottled Soul":110,"Chemical X":20,"Replay:Bottled Eggs":84,"CCEMRelics:Icicle":130,"InkBottle":16,"CCEMRelics:OrganicArmor":128,"Lee\u0027s Waffle":132,"Inserter":102,"downfall:HeartBlessingRed":17,"Golden Idol":99,"PreservedInsect":24,"Geode":67,"Omamori":152,"CCEMRelics:CocoNut":164,"infinitespire:Lucky Rock":91,"Frozen Egg 2":91,"MawBank":76,"Nuclear Battery":36,"Ornamental Fan":156,"Ring of Misfortune":152,"Turnip":132,"Slimebound:AbsorbEndCombat":0,"Durian":42,"Garlic":73,"Art of War":157,"ReplayTheSpireMod:Ring of Challenge":152,"ReplayTheSpireMod:Lightbulb":2,"Ice Cream":60,"Divine Protection":156,"Gremlin Horn":113,"Vajra":137,"Sozu":141,"Centennial Puzzle":51,"HornCleat":116,"Honey Jar":47,"Prayer Wheel":36,"Iron Hammer":55,"CCEMRelics:CarbonFilter":183,"Girya":87,"Happy Flower":179,"ReplayTheSpireMod:CursedCoin":132,"Dead Branch":15,"Replay:Grab Bag":102,"Oddly Smooth Stone":51,"Replay:Kaleidoscope":12,"WarpedTongs":99,"Du-Vu Doll":158,"Replay:Baseball":5,"ReplayTheSpireMod:Shallot":82,"Shuriken":88,"Molten Egg 2":86,"ReplayTheSpireMod:TigerMarble":3,"Nloth\u0027s Gift":48,"Black Star":78,"Grinning Jar":147,"CCEMRelics:WarHorn":149,"Pocketwatch":28,"Darkstone Periapt":42,"ReplayTheSpireMod:Ring of Exchange":127,"CCEMRelics:Pendulum":145,"Mango":35,"Incense Burner":145,"Replay:Mystery Machine":118,"Nunchaku":37,"Replay:Bandana":140,"Chameleon Ring":98,"TheAbacus":104,"Mummified Hand":26,"downfall:HeartBlessingBlue":29,"CCEMRelics:OverlyComfyChair":181,"Tiny Chest":36,"Red Mask":84,"Replay:Antivirus Software":156,"Cracked Core":0,"infinitespire:Chaos":87,"Replay:Drink Me":122,"Gremlin Food":52,"CCEMRelics:Barrel":111,"ReplayTheSpireMod:Ninjato":82,"Replay:Towering Pillar of Hats":127,"Quantum Egg":184,"infinitespire:EmptyRelic":87,"Replay:WaspNest":73,"Medical Kit":36,"Mercury Hourglass":86,"CCEMRelics:SpiritsEdge":128,"Peace Pipe":132,"Cauldron":87,"downfall:GremlinSack":19,"infinitespire:WardingShard":128,"Ring of Fury":124,"Snack Pack":45,"Coffee Dripper":53,"Bag of Marbles":57},{"Golden Egg":19,"Replay:Accelerometer":431,"Spirit Poop":780,"downfall:HeartBlessingGreen":85,"infinitespire:Cubic Diamond":642,"Whetstone":194,"Sling":484,"Old Coin":1075,"Blood Vial":1093,"Replay:Ringing Soul":871,"Replay:Bronze Core":1132,"MealTicket":274,"CCEMRelics:Sandal":787,"Fusion Hammer":1082,"Replay:Wax Seal":258,"Eternal Feather":861,"Pen Nib":484,"Akabeko":871,"Slimebound:TarBlob":47,"Cables":1120,"SlaversCollar":661,"CCEMRelics:FestiveHat":584,"ReplayTheSpireMod:Ring of Collecting":772,"Snecko Eye":114,"Abe\u0027s Treasure":408,"Torii":386,"CCEMRelics:WrappedPresent":1093,"Blue Doll":395,"StoneCalendar":444,"Bag of Preparation":179,"m_SlimeRing":642,"infinitespire:Bottled Soul":636,"Chemical X":96,"Replay:Bottled Eggs":511,"CCEMRelics:Icicle":852,"InkBottle":80,"CCEMRelics:OrganicArmor":821,"Lee\u0027s Waffle":871,"Inserter":606,"downfall:HeartBlessingRed":85,"Golden Idol":584,"PreservedInsect":117,"Geode":399,"Omamori":1004,"CCEMRelics:CocoNut":1067,"infinitespire:Lucky Rock":549,"Frozen Egg 2":549,"MawBank":460,"Nuclear Battery":179,"Ornamental Fan":1029,"Ring of Misfortune":1004,"Turnip":871,"Slimebound:AbsorbEndCombat":0,"Durian":209,"Garlic":439,"Art of War":1034,"ReplayTheSpireMod:Ring of Challenge":1004,"ReplayTheSpireMod:Lightbulb":10,"Ice Cream":365,"Divine Protection":1029,"Gremlin Horn":649,"Vajra":890,"Sozu":911,"Centennial Puzzle":274,"HornCleat":666,"Honey Jar":247,"Prayer Wheel":179,"Iron Hammer":328,"CCEMRelics:CarbonFilter":1173,"Girya":532,"Happy Flower":1148,"ReplayTheSpireMod:CursedCoin":871,"Dead Branch":74,"Replay:Grab Bag":606,"Oddly Smooth Stone":274,"Replay:Kaleidoscope":57,"WarpedTongs":584,"Du-Vu Doll":1043,"Replay:Baseball":28,"ReplayTheSpireMod:Shallot":498,"Shuriken":534,"Molten Egg 2":527,"ReplayTheSpireMod:TigerMarble":19,"Nloth\u0027s Gift":252,"Black Star":473,"Grinning Jar":964,"CCEMRelics:WarHorn":980,"Pocketwatch":137,"Darkstone Periapt":209,"ReplayTheSpireMod:Ring of Exchange":813,"CCEMRelics:Pendulum":944,"Mango":171,"Incense Burner":944,"Replay:Mystery Machine":685,"Nunchaku":183,"Replay:Bandana":899,"Chameleon Ring":576,"TheAbacus":616,"Mummified Hand":129,"downfall:HeartBlessingBlue":144,"CCEMRelics:OverlyComfyChair":1164,"Tiny Chest":179,"Red Mask":511,"Replay:Antivirus Software":1029,"Cracked Core":0,"infinitespire:Chaos":532,"Replay:Drink Me":748,"Gremlin Food":283,"CCEMRelics:Barrel":639,"ReplayTheSpireMod:Ninjato":498,"Replay:Towering Pillar of Hats":813,"Quantum Egg":1178,"infinitespire:EmptyRelic":532,"Replay:WaspNest":439,"Medical Kit":179,"Mercury Hourglass":527,"CCEMRelics:SpiritsEdge":821,"Peace Pipe":871,"Cauldron":532,"downfall:GremlinSack":92,"infinitespire:WardingShard":821,"Ring of Fury":772,"Snack Pack":228,"Coffee Dripper":293,"Bag of Marbles":348}],"Pocketwatch":[52],"Cables":[79,17,45,14,3],"Mercury Hourglass":[219]},"card_choices":[{"not_picked":["Panic Button","Streamline"],"picked":"Capacitor","floor":1.0},{"not_picked":["Fusion","ReplayTheSpireMod:Reroute Power","Hologram"],"picked":"SKIP","floor":3.0},{"not_picked":["ReplayTheSpireMod:Reroute Power","Hologram"],"picked":"Fusion","floor":3.0},{"not_picked":["Barrage","Rebound"],"picked":"Leap","floor":5.0},{"not_picked":["Hologram","Sweeping Beam"],"picked":"Rebound","floor":7.0},{"not_picked":["Conserve Battery","Panic Button"],"picked":"Seek","floor":8.0},{"not_picked":["Steam Power","ReplayTheSpireMod:Reroute Power"],"picked":"Conserve Battery","floor":10.0},{"not_picked":["Rebound","Chaos"],"picked":"Self Repair","floor":12.0},{"not_picked":["Static Discharge","Hologram"],"picked":"Seek","floor":14.0},{"not_picked":["Hyperbeam","Thunder Strike"],"picked":"Seek","floor":16.0},{"not_picked":["Go for the Eyes","Static Discharge+1"],"picked":"Consume","floor":18.0},{"not_picked":["Capacitor","Melter"],"picked":"Ball Lightning","floor":19.0},{"not_picked":["Steam Power+1","ReplayTheSpireMod:System Scan"],"picked":"Defragment+1","floor":21.0},{"not_picked":["Sweeping Beam+1","Panic Button"],"picked":"Ball Lightning","floor":23.0},{"not_picked":["Time Bomb","Melter"],"picked":"Hologram","floor":24.0},{"not_picked":["Steam","Conserve Battery"],"picked":"Leap+1","floor":25.0},{"not_picked":["Thunder Strike","Steam"],"picked":"Cold Snap","floor":27.0},{"not_picked":["BasicCrystalCard","Meteor Strike"],"picked":"Chill+1","floor":31.0},{"not_picked":["Fission","ReplayTheSpireMod:Omega Cannon"],"picked":"Creative AI","floor":33.0},{"not_picked":["Coolheaded+1","ReplayTheSpireMod:Calculation Training+1"],"picked":"Rainbow","floor":35},{"not_picked":["FIFO Queue","FTL","Rebound"],"picked":"SKIP","floor":37},{"not_picked":["Genetic Algorithm","FTL"],"picked":"Skim+1","floor":38},{"not_picked":["Scrape","Gash","Biased Cognition"],"picked":"SKIP","floor":40},{"not_picked":["ReplayTheSpireMod:System Scan+1","Scrape"],"picked":"Rainbow","floor":42},{"not_picked":["BootSequence+1","Sweeping Beam"],"picked":"Panic Button","floor":44},{"not_picked":["Panic Button","ReplayTheSpireMod:Reroute Power+1"],"picked":"Undo+1","floor":46},{"not_picked":["Conserve Battery+1","Tempest"],"picked":"Multi-Cast","floor":47},{"not_picked":["Beam Cell+1","Creative AI","Rebound"],"picked":"SKIP","floor":48},{"not_picked":["Crystallizer","Compile Driver+1"],"picked":"Tempest+1","floor":54}],"player_experience":333354,"relics_obtained":[{"floor":8.0,"key":"CCEMRelics:Barrel"},{"floor":9.0,"key":"Nunchaku"},{"floor":10.0,"key":"CCEMRelics:CocoNut"},{"floor":14.0,"key":"Old Coin"},{"floor":20.0,"key":"Replay:Mystery Machine"},{"floor":20.0,"key":"Pocketwatch"},{"floor":22.0,"key":"ReplayTheSpireMod:TigerMarble"},{"floor":23.0,"key":"Gremlin Food"},{"floor":25.0,"key":"Art of War"},{"floor":40,"key":"Replay:Antivirus Software"},{"floor":41,"key":"CCEMRelics:SpiritsEdge"},{"floor":42,"key":"Mercury Hourglass"},{"floor":43,"key":"CCEMRelics:OverlyComfyChair"},{"floor":46,"key":"CCEMRelics:CarbonFilter"},{"floor":47,"key":"Quantum Egg"}],"event_choices":[{"damage_healed":0.0,"max_hp_gain":0.0,"max_hp_loss":0.0,"gold_gain":75.0,"event_name":"World of Goop","player_choice":"Gather Gold","floor":2.0,"gold_loss":0.0,"damage_taken":11.0},{"damage_healed":0.0,"max_hp_gain":0.0,"max_hp_loss":0.0,"gold_gain":75.0,"event_name":"Golden Wing","player_choice":"Gained Gold","floor":13.0,"gold_loss":0.0,"damage_taken":0.0},{"damage_healed":0.0,"max_hp_gain":0.0,"max_hp_loss":0.0,"gold_gain":0.0,"event_name":"N\u0027loth","player_choice":"Traded Relic","floor":29.0,"relics_lost":["Replay:Mystery Machine"],"gold_loss":0.0,"damage_taken":0.0,"relics_obtained":["Nloth\u0027s Gift"]},{"damage_healed":0,"gold_gain":0,"player_choice":"Ignored","damage_taken":0,"max_hp_gain":0,"max_hp_loss":0,"event_name":"Tomb of Lord Red Mask","floor":36,"gold_loss":0},{"damage_healed":0,"gold_gain":0,"player_choice":"Fight","damage_taken":0,"max_hp_gain":0,"max_hp_loss":0,"event_name":"Mysterious Sphere","floor":46,"gold_loss":0}],"is_beta":false,"boss_relics":[{"not_picked":["Runic Dome","Painkiller Herb"],"picked":"Fusion Hammer"},{"not_picked":["Velvet Choker","CCEMRelics:TransientCore"],"picked":"Replay:Bronze Core"}],"items_purged_floors":[53],"is_endless":false,"potions_floor_spawned":[1,3,7,10,18,24,27,31,33,38,42,46,47,48],"ascension_level":1}}