{"host":"ke3urjq17qgissv4","time":1612090805,"event":{"mods":["AchievementEnabler","Act Like it!","Arknights","BaseMod","Challenge The Spire","Conspire","Highlight Path","Marisa£¨ìFÓê¡¡Ä§ÀíÉ³£©","Minty Spire (QoL Compilation)","Quick Restart","Replay The Spire","RumiaBox-Â¶Ã×æ«µÄÉñÃØºÐ×Ó","Spicy Shops","StSLib","Waifu the Spire","¡¾¹¦ÄÜMod¡¿»ìãçÖ®»·ÐÞ¸´²¹¶¡","¡¾ÒÅÎï¿¨ÅÆ¡¿REMEMod"],"gold_per_floor":[112,129,129,129,142,176,176,219,265,306,38,38,71,71,71,196,196,210,224,37,37,52,83,103,103,126,167,167,191,44,79,79,203,203,227,248,269,284,284,322,322,353,423,442,478,502,163,187,187,187,187,187,114,155,155],"floor_reached":56,"language":"ZHS","playtime":3742,"items_purged":["Strike_R","Normality","Pain","ManaRampage+1"],"score":1686,"play_id":"175487fe-6104-4e1e-8448-c03d91c55010","local_time":"20210131190005","is_ascension_mode":true,"campfire_choices":[{"data":"REME_EyeOfCthun","floor":7.0,"key":"SMITH"},{"floor":12.0,"key":"REST"},{"data":"ManaRampage","floor":15.0,"key":"SMITH"},{"data":"REME_BodyOfCthun","floor":25.0,"key":"SMITH"},{"floor":28.0,"key":"REST"},{"floor":41.0,"key":"RECALL"},{"floor":49.0,"key":"REST"},{"data":"Crow Ritual","floor":52.0,"key":"SMITH"}],"circlet_count":0,"master_deck":["conspire:Purge","REME_BodyOfCthun+1","Crow Ritual+1","REME_HeartOfCthun","REME_AllRoundStrike"],"relics":["REME_ComplimentaryCards","REME_LowDesire","Vajra","Art of War","Golden Idol","Garlic","Potion Belt","REME_PuzzleBoxRelic","Kunai","Replay:Wax Seal","SSSystem","REME_DuelDisc","Chemical X","Blood Vial","ReplayTheSpireMod:Lightbulb","Bronze Scales","Medical Kit","MagicDraw3","conspire:RunicOctahedron","Blue Candle","Regal Pillow","Ccalipers","Dead Branch","Replay:Rubber Ducky"],"acts_visited":["Exordium","TheCity","TheBeyond","TheEnding"],"potions_floor_usage":[55,55,55,55],"damage_taken":[{"damage":5.0,"enemies":"Cultist","floor":1.0,"turns":4.0},{"damage":3.0,"enemies":"Small Slimes","floor":2.0,"turns":3.0},{"damage":7.0,"enemies":"2 Louse","floor":5.0,"turns":2.0},{"damage":31.0,"enemies":"Lagavulin","floor":6.0,"turns":5.0},{"damage":14.0,"enemies":"3 Sentries","floor":8.0,"turns":6.0},{"damage":8.0,"enemies":"Gremlin Nob","floor":10.0,"turns":3.0},{"damage":0.0,"enemies":"Replay:BlueRogue","floor":13.0,"turns":5.0},{"damage":7.0,"enemies":"Fading Forest","floor":16.0,"turns":11.0},{"damage":5.0,"enemies":"Spheric Guardian","floor":18.0,"turns":2.0},{"damage":7.0,"enemies":"Chosen","floor":19.0,"turns":3.0},{"damage":7.0,"enemies":"Centurion and Healer","floor":22.0,"turns":1.0},{"damage":19.0,"enemies":"conspire:SneckoGhost","floor":23.0,"turns":5.0},{"damage":6.0,"enemies":"Snake Plant","floor":24.0,"turns":4.0},{"damage":25.0,"enemies":"REME_1_Revenger","floor":27.0,"turns":5.0},{"damage":9.0,"enemies":"Cultist and Chosen","floor":29.0,"turns":2.0},{"damage":5.0,"enemies":"conspire:Head Lice","floor":31.0,"turns":2.0},{"damage":0.0,"enemies":"Collector","floor":33.0,"turns":4.0},{"damage":5.0,"enemies":"3 Shapes","floor":35.0,"turns":1.0},{"damage":5.0,"enemies":"Orb Walker","floor":36.0,"turns":1.0},{"damage":119.0,"enemies":"Transient","floor":37.0,"turns":5.0},{"damage":5.0,"enemies":"Writhing Mass","floor":38.0,"turns":4.0},{"damage":8.0,"enemies":"R_Hoarder","floor":40.0,"turns":3.0},{"damage":0.0,"enemies":"Giant Head","floor":42.0,"turns":1.0},{"damage":5.0,"enemies":"3 Darklings","floor":44.0,"turns":1.0},{"damage":5.0,"enemies":"Reptomancer","floor":45.0,"turns":1.0},{"damage":5.0,"enemies":"Sphere and 2 Shapes","floor":46.0,"turns":1.0},{"damage":0.0,"enemies":"4 Shapes","floor":48.0,"turns":1.0},{"damage":44.0,"enemies":"Awakened One","floor":50.0,"turns":4.0},{"damage":50.0,"enemies":"Shield and Spear","floor":54.0,"turns":4.0},{"damage":60,"enemies":"The Heart","floor":55,"turns":7}],"seed_played":"4080364686120380737","potions_obtained":[{"floor":1.0,"key":"Regen Potion"},{"floor":6.0,"key":"LiquidBronze"},{"floor":8.0,"key":"FearPotion"},{"floor":22.0,"key":"GamblersBrew"},{"floor":23.0,"key":"LiquidMemories"},{"floor":24.0,"key":"BloodPotion"},{"floor":29.0,"key":"BloodPotion"},{"floor":33.0,"key":"Dexterity Potion"},{"floor":36.0,"key":"Explosive Potion"},{"floor":37.0,"key":"Weak Potion"},{"floor":38.0,"key":"SkillPotion"},{"floor":44.0,"key":"LiquidMemories"}],"is_trial":false,"path_per_floor":["M","M","?","?","M","E","R","E","T","E","$","R","E","?","R","B",null,"M","M","$","?","M","E","M","R","T","E","R","M","$","E","R","B",null,"M","M","M","M","?","E","R","E","T","M","E","M","$","M","R","B",null,"R","$","E","B",null],"character_chosen":"IRONCLAD","items_purchased":["Replay:Wax Seal","Shockwave+1","Chemical X","Medical Kit","REME_HeartOfCthun","Dead Branch"],"campfire_rested":3,"item_purchase_floors":[11,11,20,30,47,53],"current_hp_per_floor":[75,72,56,56,49,27,27,13,13,5,5,27,27,27,27,37,74,69,65,65,65,58,51,51,51,51,32,57,50,50,51,51,53,89,88,85,4,6,103,95,95,101,101,98,95,92,92,94,107,63,107,107,107,62,4],"gold":155,"neow_bonus":"BOSS_RELIC","is_daily":false,"chose_seed":false,"campfire_upgraded":4,"win_rate":0.0,"timestamp":1612090805,"path_taken":["M","M","?","?","M","E","R","E","T","E","$","R","E","?","R","BOSS","M","M","$","?","M","E","M","R","T","E","R","M","$","E","R","BOSS","M","M","M","M","?","E","R","E","T","M","E","?","?","M","R","BOSS","R","$","E","BOSS"],"items_purchased_type":["Relic","Card","Relic","Relic","Card","Relic"],"build_version":"2020-12-22","purchased_purges":4,"victory":true,"max_hp_per_floor":[80,80,80,74,74,74,74,74,74,74,74,74,74,74,74,74,74,74,77,77,77,77,77,81,81,81,85,85,85,85,89,89,89,89,93,93,93,93,103,103,103,107,107,107,107,107,107,107,107,107,107,107,107,107,107],"card_choices":[{"not_picked":["Dropkick","Warcry","Spot Weakness","Mind Blast"],"picked":"SKIP","floor":1.0},{"not_picked":["Massacre","Twin Strike","Cleave","Replay:Parry"],"picked":"SKIP","floor":2.0},{"not_picked":["Run Through","Havoc","Evolve"],"picked":"REME_EyeOfCthun","floor":5.0},{"not_picked":["Combust","Perfected Strike","Transmutation"],"picked":"ReplayTheSpireMod:Stacked","floor":6.0},{"not_picked":["Shrug It Off","Brutality","REME_TwoStrings"],"picked":"Feed","floor":8.0},{"not_picked":["REME_SingleHolding","Wild Strike","Thunderclap","Thinking Ahead"],"picked":"SKIP","floor":10.0},{"not_picked":["Sword Boomerang","Evolve","Thunderclap","REME_ShortnessOfBreath"],"picked":"SKIP","floor":13.0},{"not_picked":["Replay:Many Hands","Double Tap","ReplayTheSpireMod:Uncanny Aura"],"picked":"conspire:Purge","floor":16.0},{"not_picked":["Pommel Strike","Thunderclap","Havoc+1"],"picked":"REME_BodyOfCthun","floor":18.0},{"not_picked":["Twin Strike","Havoc","Headbutt","Good Instincts+1"],"picked":"SKIP","floor":19.0},{"not_picked":["Run Through","Uppercut+1","Flash of Steel+1"],"picked":"Reaper","floor":22.0},{"not_picked":["Seeing Red","Warcry","ReplayTheSpireMod:Stacked","Mind Blast"],"picked":"SKIP","floor":23.0},{"not_picked":["Entrench","Seeing Red","Cleave","Replay:Sssssssssstrike"],"picked":"SKIP","floor":24.0},{"not_picked":["REME_Scribble","Armaments","Perfected Strike","Specialist"],"picked":"SKIP","floor":27.0},{"not_picked":["Cleave","Blood for Blood","Apotheosis"],"picked":"Burning Pact+1","floor":29.0},{"not_picked":["conspire:Purge","Intimidate","ReplayTheSpireMod:Trickstab"],"picked":"ReplayTheSpireMod:Stacked","floor":31.0},{"not_picked":["Berserk","Demonic Infusion","Corruption"],"picked":"REME_MawOfCthun","floor":33.0},{"not_picked":["Clash+1","Pommel Strike","Disarm","Discovery"],"picked":"SKIP","floor":35.0},{"not_picked":["Heavy Blade","Clash+1","Thunderclap","ReplayTheSpireMod:Uncanny Aura+1"],"picked":"SKIP","floor":36.0},{"not_picked":["Twin Strike","Warcry+1","Armaments+1","Purity"],"picked":"SKIP","floor":37.0},{"not_picked":["Warcry","Intimidate","ReplayTheSpireMod:Strike From Hell"],"picked":"Crow Ritual","floor":38.0},{"not_picked":["Demon Form","Cleave","Abandon","PanicButton+1"],"picked":"SKIP","floor":40.0},{"not_picked":["Replay:Undeath\u0027s Touch+1","conspire:Charge","True Grit","REME_FirmDetermination"],"picked":"SKIP","floor":42.0},{"not_picked":["Havoc","ReplayTheSpireMod:Limb From Limb+1","ReplayTheSpireMod:Strike From Hell"],"picked":"REME_AllRoundStrike","floor":44.0},{"not_picked":["Reaper","Anger+1","Warcry","REME_ProfessionalPlagiarism"],"picked":"SKIP","floor":45.0},{"not_picked":["Body Slam+1","Anger","Armaments+1","HandOfGreed"],"picked":"SKIP","floor":46.0},{"not_picked":["Iron Wave","Body Slam+1","Perfected Strike","Enlightenment+1"],"picked":"SKIP","floor":48.0},{"not_picked":["Demonic Infusion","Feel No Pain","Run Through","ReplayTheSpireMod:Brewmster"],"picked":"SKIP","floor":54.0}],"player_experience":150662,"relics_obtained":[{"floor":0.0,"key":"Vajra"},{"floor":0.0,"key":"Art of War"},{"floor":6.0,"key":"Garlic"},{"floor":8.0,"key":"Potion Belt"},{"floor":9.0,"key":"REME_PuzzleBoxRelic"},{"floor":10.0,"key":"Kunai"},{"floor":13.0,"key":"SSSystem"},{"floor":23.0,"key":"Blood Vial"},{"floor":26.0,"key":"ReplayTheSpireMod:Lightbulb"},{"floor":27.0,"key":"Bronze Scales"},{"floor":31.0,"key":"MagicDraw3"},{"floor":40.0,"key":"Blue Candle"},{"floor":42.0,"key":"Regal Pillow"},{"floor":45.0,"key":"Ccalipers"},{"floor":54.0,"key":"Replay:Rubber Ducky"}],"event_choices":[{"damage_healed":0.0,"max_hp_gain":0.0,"max_hp_loss":0.0,"gold_gain":0.0,"event_name":"Shining Light","player_choice":"Entered Light","floor":3.0,"gold_loss":0.0,"damage_taken":16.0,"cards_upgraded":["Defend_R","Strike_R"]},{"damage_healed":0.0,"max_hp_gain":0.0,"max_hp_loss":6.0,"gold_gain":0.0,"event_name":"Golden Idol","player_choice":"Lose Max HP","floor":4.0,"gold_loss":0.0,"damage_taken":0.0,"relics_obtained":["Golden Idol"]},{"damage_healed":0.0,"max_hp_gain":0.0,"max_hp_loss":0.0,"gold_gain":0.0,"event_name":"conspire:Investor","player_choice":"Leave","floor":14.0,"gold_loss":0.0,"damage_taken":0.0},{"damage_healed":0.0,"max_hp_gain":0.0,"max_hp_loss":0.0,"gold_gain":0.0,"event_name":"Upgrade Shrine","player_choice":"Upgraded","floor":21.0,"gold_loss":0.0,"damage_taken":0.0,"cards_upgraded":["Feed"]},{"cards_removed":["Iron Wave"],"damage_healed":0.0,"max_hp_gain":0.0,"max_hp_loss":0.0,"gold_gain":0.0,"event_name":"NoteForYourself","player_choice":"Took Card","floor":32.0,"gold_loss":0.0,"damage_taken":0.0,"cards_obtained":["Iron Wave"]},{"cards_removed":["Reaper"],"damage_healed":87.0,"max_hp_gain":10.0,"max_hp_loss":0.0,"gold_gain":0.0,"event_name":"Bonfire Elementals","player_choice":"Offered Rare","floor":39.0,"gold_loss":0.0,"damage_taken":0.0}],"is_beta":false,"boss_relics":[{"not_picked":["Busted Crown","AddBug"],"picked":"REME_DuelDisc"},{"not_picked":["Painkiller Herb","Replay:Bronze Core"],"picked":"conspire:RunicOctahedron"}],"items_purged_floors":[11,11,20,47],"is_endless":false,"potions_floor_spawned":[1,6,8,22,23,24,29,33,36,37,38,40,44],"ascension_level":1}}