{"host":"osk2oboccoevp2u5","time":1612128622,"event":{"mods":["AchievementEnabler","Alarm Clock","BaseMod","Colored Powertips","Disable Question Mark Monsters","Displayed Cursed Tome","Downfall","Key Reminder","Minty Spire (QoL Compilation)","Potion Indicator Mod","Quick Restart","Rare Cards Sparkle","Reorder Act Four","StSLib","Useless Jewels Mod"],"gold_per_floor":[99,118,128,146,146,56,56,56,66,85,85,145,145,158,171,171,171,171],"floor_reached":16,"language":"ENG","playtime":1667,"items_purged":["sneckomod:Strike"],"score":94,"play_id":"6bc3d457-e56a-44fd-886b-15d8733aa2bc","local_time":"20210131173022","is_ascension_mode":false,"campfire_choices":[{"floor":13,"key":"REST"}],"circlet_count":0,"master_deck":["sneckomod:Strike","sneckomod:Strike","sneckomod:Defend","sneckomod:Defend","sneckomod:Defend","sneckomod:TailWhip","sneckomod:SnekBite","sneckomod:Unknown","sneckomod:UnknownDraw","sneckomod:WideSting","Slimebound:Nibble","sneckomod:Unknown2Cost","sneckomod:UnknownUncommonSkill"],"relics":["sneckomod:SneckoSoul","Centennial Puzzle","MealTicket","CaptainsWheel"],"acts_visited":["Exordium"],"potions_floor_usage":[6,12],"damage_taken":[{"damage":1,"enemies":"Jaw Worm","floor":2,"turns":2},{"damage":0,"enemies":"Small Slimes","floor":3,"turns":3},{"damage":0,"enemies":"Cultist","floor":4,"turns":4},{"damage":0,"enemies":"downfall:FleeingMerchant","floor":6,"turns":4},{"damage":4,"enemies":"Blue Slaver","floor":9,"turns":5},{"damage":12,"enemies":"Gremlin Gang","floor":10,"turns":3},{"damage":36,"enemies":"Lagavulin Event","floor":12,"turns":6},{"damage":2,"enemies":"Exordium Thugs","floor":14,"turns":3},{"damage":0,"enemies":"Large Slime","floor":15,"turns":4},{"damage":55,"enemies":"WA_ARCHETYPE_RETAIN","floor":16,"turns":9}],"seed_played":"-8299652855656411314","potions_obtained":[{"floor":2,"key":"sneckomod:MuddlingPotion"},{"floor":3,"key":"LiquidBronze"},{"floor":10,"key":"sneckomod:OffclassReductionPotion"}],"is_trial":false,"path_per_floor":["R","M","M","M","?","$","T","?","M","M","R","?","R","M","M","B"],"character_chosen":"THE_SNECKO","items_purchased":[],"campfire_rested":1,"item_purchase_floors":[],"current_hp_per_floor":[99,98,98,98,91,91,91,99,95,83,83,47,76,74,74,19,19,19],"gold":171,"neow_bonus":"TEN_PERCENT_HP_BONUS","is_daily":false,"chose_seed":false,"campfire_upgraded":0,"win_rate":0.0,"timestamp":1612128622,"path_taken":["R","M","M","M","?","$","T","?","M","?","R","?","R","M","M","BOSS"],"items_purchased_type":[],"build_version":"2020-12-22","purchased_purges":1,"victory":false,"max_hp_per_floor":[99,99,99,99,99,99,99,99,99,99,99,99,99,99,99,99,99,99],"card_choices":[{"not_picked":["sneckomod:SnekBeam","sneckomod:UnknownStrike","sneckomod:RainOfDice"],"picked":"SKIP","floor":2},{"not_picked":["sneckomod:UnknownCommonAttack","sneckomod:QuickMove","sneckomod:Unknown1Cost"],"picked":"SKIP","floor":3},{"not_picked":["sneckomod:SoulDraw","sneckomod:QuickMove"],"picked":"sneckomod:UnknownDraw","floor":4},{"not_picked":["sneckomod:Unknown2Cost","sneckomod:UnknownVulnerable"],"picked":"sneckomod:WideSting","floor":6},{"not_picked":["sneckomod:SoulDraw","sneckomod:UnknownCommonAttack"],"picked":"sneckomod:UnknownUncommonAttack","floor":9},{"not_picked":["sneckomod:IronFang","sneckomod:DefensiveFlair","sneckomod:SoulDraw"],"picked":"SKIP","floor":10},{"not_picked":["sneckomod:TrashToTreasure","sneckomod:UnknownRareSkill"],"picked":"sneckomod:Unknown2Cost","floor":14},{"not_picked":["sneckomod:UnknownExhaust","sneckomod:UnknownUncommonAttack"],"picked":"sneckomod:UnknownUncommonSkill","floor":15}],"player_experience":977350,"relics_obtained":[{"floor":7,"key":"MealTicket"},{"floor":12,"key":"CaptainsWheel"}],"event_choices":[{"damage_healed":0,"gold_gain":0,"player_choice":"Success","damage_taken":7,"relics_obtained":["Centennial Puzzle"],"max_hp_gain":0,"max_hp_loss":0,"event_name":"Scrap Ooze","floor":5,"gold_loss":0},{"cards_removed":["Slimebound:SplitSpecialist"],"damage_healed":8,"gold_gain":0,"player_choice":"Offered Uncommon","damage_taken":0,"max_hp_gain":0,"max_hp_loss":0,"event_name":"Bonfire Elementals","floor":8,"gold_loss":0}],"is_beta":false,"boss_relics":[],"items_purged_floors":[6],"is_endless":false,"potions_floor_spawned":[2,3,10],"killed_by":"WA_ARCHETYPE_RETAIN","ascension_level":0}}