{"host":"kvo7eymyd21g9abd","time":1612131970,"event":{"mods":["AchievementEnabler","BaseMod","Bestiary","Colored Map","Minty Spire (QoL Compilation)","StSLib"],"gold_per_floor":[119,119,22,97,113,113,146,146,146,146,158,112,112,139,139,243,243,260,260,2,72,88,114,114,114,114],"floor_reached":25,"language":"ENG","playtime":1067,"items_purged":[],"score":281,"play_id":"3604e4e7-ad03-47ae-9fdf-4441174a2ae2","local_time":"20210131172610","is_ascension_mode":true,"campfire_choices":[{"floor":6,"key":"RECALL"},{"floor":8,"key":"REST"},{"data":"Meteor Strike","floor":10,"key":"SMITH"},{"data":"Double Energy","floor":15,"key":"SMITH"},{"floor":24,"key":"REST"}],"circlet_count":0,"master_deck":["Strike_B","Strike_B","Strike_B","Strike_B","Defend_B","Defend_B","Defend_B","Defend_B","Zap","Dualcast","Streamline","Double Energy+1","Meteor Strike+1","Loop","Conserve Battery","Echo Form+1","Darkness","Transmutation","Doom and Gloom","Redo"],"relics":["FrozenCore","Ice Cream","Letter Opener","Lizard Tail","Bag of Preparation","Oddly Smooth Stone","The Courier","Shovel"],"acts_visited":["Exordium","TheCity"],"potions_floor_usage":[7,7,16,22,23,23,23],"damage_taken":[{"damage":7,"enemies":"Jaw Worm","floor":1,"turns":3},{"damage":3,"enemies":"Small Slimes","floor":5,"turns":3},{"damage":10,"enemies":"Gremlin Nob","floor":7,"turns":3},{"damage":0,"enemies":"2 Louse","floor":11,"turns":2},{"damage":8,"enemies":"Lagavulin","floor":14,"turns":5},{"damage":50,"enemies":"Slime Boss","floor":16,"turns":11},{"damage":16,"enemies":"Chosen","floor":18,"turns":5},{"damage":9,"enemies":"Spheric Guardian","floor":22,"turns":4},{"damage":62,"enemies":"Gremlin Leader","floor":23,"turns":8},{"damage":57,"enemies":"Shelled Parasite and Fungi","floor":25,"turns":5}],"seed_played":"-7030987234539225959","potions_obtained":[{"floor":1,"key":"PowerPotion"},{"floor":5,"key":"SpeedPotion"},{"floor":11,"key":"Swift Potion"},{"floor":18,"key":"LiquidMemories"},{"floor":22,"key":"DuplicationPotion"}],"is_trial":false,"path_per_floor":["M","?","$","?","M","R","E","R","T","R","M","$","?","E","R","B",null,"M","?","$","T","M","E","R","M"],"character_chosen":"DEFECT","items_purchased":["Fruit Juice","Conserve Battery","Regen Potion","Transmutation"],"campfire_rested":2,"item_purchase_floors":[3,12,20,20],"current_hp_per_floor":[61,66,66,55,52,52,47,70,70,70,70,70,67,59,59,9,61,45,45,45,45,45,25,48,0,0],"gold":114,"neow_bonus":"ONE_RARE_RELIC","is_daily":false,"chose_seed":false,"campfire_upgraded":2,"win_rate":0.0,"timestamp":1612131970,"path_taken":["M","?","$","?","M","R","E","R","T","R","M","$","?","E","R","BOSS","M","?","$","?","?","E","R","M"],"items_purchased_type":["Potion","Card","Potion","Card"],"build_version":"2020-12-22","purchased_purges":0,"victory":false,"max_hp_per_floor":[68,73,73,73,73,73,78,78,78,78,78,78,78,78,78,78,78,78,78,78,78,78,78,78,78,78],"card_choices":[{"not_picked":["Beam Cell","Redo"],"picked":"Streamline","floor":1},{"not_picked":["Ball Lightning","Coolheaded"],"picked":"Double Energy","floor":5},{"not_picked":["Ball Lightning","BootSequence"],"picked":"Meteor Strike","floor":7},{"not_picked":["Sweeping Beam","Steam Power"],"picked":"Loop","floor":11},{"not_picked":["Rip and Tear","Storm","Blizzard"],"picked":"SKIP","floor":14},{"not_picked":["Hyperbeam","Rainbow"],"picked":"Echo Form","floor":16},{"not_picked":["Consume+1","Go for the Eyes"],"picked":"Darkness","floor":18},{"not_picked":["Turbo","Ball Lightning"],"picked":"Doom and Gloom","floor":22},{"not_picked":["Gash","Conserve Battery"],"picked":"Redo","floor":23}],"player_experience":442421,"relics_obtained":[{"floor":7,"key":"Letter Opener"},{"floor":9,"key":"Lizard Tail"},{"floor":14,"key":"Oddly Smooth Stone"},{"floor":21,"key":"The Courier"},{"floor":23,"key":"Shovel"}],"event_choices":[{"damage_healed":0,"gold_gain":0,"player_choice":"Donut","damage_taken":0,"max_hp_gain":5,"max_hp_loss":0,"event_name":"Big Fish","floor":2,"gold_loss":0},{"damage_healed":0,"gold_gain":75,"player_choice":"Gather Gold","damage_taken":11,"max_hp_gain":0,"max_hp_loss":0,"event_name":"World of Goop","floor":4,"gold_loss":0},{"damage_healed":0,"gold_gain":0,"player_choice":"Success","damage_taken":3,"relics_obtained":["Bag of Preparation"],"max_hp_gain":0,"max_hp_loss":0,"event_name":"Scrap Ooze","floor":13,"gold_loss":0},{"damage_healed":0,"gold_gain":0,"player_choice":"Upgraded","damage_taken":0,"max_hp_gain":0,"max_hp_loss":0,"event_name":"Upgrade Shrine","floor":19,"gold_loss":0,"cards_upgraded":["Echo Form"]}],"is_beta":false,"boss_relics":[{"not_picked":["Runic Dome","Velvet Choker"],"picked":"FrozenCore"}],"items_purged_floors":[],"is_endless":false,"potions_floor_spawned":[1,5,11,18,22],"killed_by":"Shelled Parasite and Fungi","ascension_level":5}}