{"host":"6xsbn6ynqlzwllfm","time":1612076903,"event":{"mods":["2.2 Compatiblity","BaseMod","Bestiary","Colored Map","Colored Powertips","Curses Come First","Highlight Path","Keyboard Shortcuts","Minty Spire (QoL Compilation)","Relic Stats","Slay the Relics Exporter","StSLib","SuperFastMode"],"gold_per_floor":[119,119,119,129,145,145,174,194,218,218,218],"floor_reached":10,"language":"ENG","playtime":179,"items_purged":[],"score":136,"play_id":"7b9cb01a-7052-483d-b764-50bfe51aff1c","local_time":"20210131020823","is_ascension_mode":true,"campfire_choices":[{"data":"Cleave","floor":6,"key":"SMITH"}],"circlet_count":0,"master_deck":["AscendersBane","Strike_R","Strike_R","Strike_R","Strike_R","Defend_R","Defend_R","Defend_R","Defend_R","Bash","Cleave+1","Decay","Flame Barrier","Impervious","Cleave","Anger"],"relics":["Burning Blood","NeowsBlessing","Regal Pillow","Centennial Puzzle"],"acts_visited":["Exordium"],"potions_floor_usage":[10,10],"damage_taken":[{"damage":0,"enemies":"Jaw Worm","floor":1,"turns":1},{"damage":0,"enemies":"2 Louse","floor":4,"turns":1},{"damage":0,"enemies":"Cultist","floor":5,"turns":1},{"damage":55,"enemies":"3 Sentries","floor":7,"turns":14},{"damage":15,"enemies":"Large Slime","floor":8,"turns":5},{"damage":34,"enemies":"Gremlin Nob","floor":10,"turns":3}],"seed_played":"-9198813173129840407","potions_obtained":[{"floor":5,"key":"Weak Potion"},{"floor":7,"key":"Swift Potion"},{"floor":8,"key":"Strength Potion"}],"is_trial":false,"path_per_floor":["M","?","?","M","M","R","E","M","T","E"],"character_chosen":"IRONCLAD","items_purchased":[],"campfire_rested":0,"item_purchase_floors":[],"current_hp_per_floor":[74,67,67,73,75,75,26,17,17,0,0],"gold":218,"neow_bonus":"THREE_ENEMY_KILL","is_daily":false,"chose_seed":false,"campfire_upgraded":1,"win_rate":0.0,"timestamp":1612076903,"path_taken":["M","?","?","?","M","R","E","M","T","E"],"items_purchased_type":[],"build_version":"2020-12-22","purchased_purges":0,"victory":false,"max_hp_per_floor":[75,75,75,75,75,75,75,75,75,75,75],"relic_stats":{"Regal Pillow":0,"Centennial Puzzle":[3],"counters":[6,25],"obtain_stats":[{"Regal Pillow":7,"Centennial Puzzle":9,"NeowsBlessing":0,"Burning Blood":0},{"Regal Pillow":4,"Centennial Puzzle":5,"NeowsBlessing":0,"Burning Blood":0},{"Regal Pillow":17,"Centennial Puzzle":22,"NeowsBlessing":0,"Burning Blood":0}],"Burning Blood":26},"card_choices":[{"not_picked":["Body Slam","Pummel"],"picked":"Cleave","floor":1},{"not_picked":["Shrug It Off","Twin Strike"],"picked":"Flame Barrier","floor":4},{"not_picked":["Iron Wave","Whirlwind"],"picked":"Impervious","floor":5},{"not_picked":["True Grit","Clothesline"],"picked":"Cleave","floor":7},{"not_picked":["Flex","Body Slam"],"picked":"Anger","floor":8}],"player_experience":1329836,"relics_obtained":[{"floor":7,"key":"Regal Pillow"},{"floor":9,"key":"Centennial Puzzle"}],"event_choices":[{"cards_removed":["Strike_R"],"damage_healed":0,"gold_gain":0,"player_choice":"Card Removal","damage_taken":7,"max_hp_gain":0,"max_hp_loss":0,"event_name":"Golden Wing","floor":2,"gold_loss":0},{"damage_healed":0,"gold_gain":0,"player_choice":"Cursed","damage_taken":0,"max_hp_gain":0,"max_hp_loss":0,"event_name":"Wheel of Change","floor":3,"gold_loss":0,"cards_obtained":["Decay"]}],"is_beta":false,"boss_relics":[],"items_purged_floors":[],"is_endless":false,"potions_floor_spawned":[5,7,8],"killed_by":"Gremlin Nob","ascension_level":20}}