{"host":"kda2p2afd6bvz6qo","time":1612108224,"event":{"mods":["BaseMod","Colored Map","Minty Spire (QoL Compilation)","Relic Stats"],"gold_per_floor":[113,113,38,52,24,24,55,5,56,89,103,114,128,144,144,218,218,236,151,169,182,200,200,200,214,214,214,226,240,240,250,250,328,328,347,153,172,185,210,210,243,257,257,289,289,289,308,328,328,328,328,328],"floor_reached":51,"language":"ENG","playtime":4207,"items_purged":["Regret","Strike_G","Endless Agony"],"score":1475,"play_id":"6498b972-097e-46d1-b509-e834cab155e3","local_time":"20210131155024","is_ascension_mode":true,"campfire_choices":[{"data":"Sucker Punch","floor":6.0,"key":"SMITH"},{"data":"Bouncing Flask","floor":15.0,"key":"SMITH"},{"floor":23.0,"key":"REST"},{"floor":27.0,"key":"REST"},{"data":"Wraith Form v2","floor":32.0,"key":"SMITH"},{"data":"Skewer","floor":40,"key":"SMITH"},{"floor":45,"key":"REST"},{"floor":49,"key":"REST"}],"circlet_count":0,"master_deck":["AscendersBane","Survivor","Neutralize+1","Dagger Spray","Backflip","Sucker Punch+1","Poisoned Stab","Dash","Acrobatics","Wraith Form v2+1","Bouncing Flask+1","Envenom","Dash","Outmaneuver","Catalyst","Skewer+1","Catalyst","Bouncing Flask","Burst","Reflex","Acrobatics","A Thousand Cuts","After Image","Riddle With Holes","Footwork","Dodge and Roll","Caltrops","Accuracy","Catalyst+1","Footwork","Deflect","Venomology","Calculated Gamble","Catalyst"],"relics":["Ring of the Snake","NeowsBlessing","Ice Cream","Smiling Mask","Whetstone","Happy Flower","Snecko Eye","Ninja Scroll","Pandora\u0027s Box","Mango","Pantograph","HornCleat","Art of War"],"acts_visited":["Exordium","TheCity","TheBeyond"],"potions_floor_usage":[37,41,41,44,50,50,51],"damage_taken":[{"damage":0.0,"enemies":"Cultist","floor":1.0,"turns":1.0},{"damage":0.0,"enemies":"Jaw Worm","floor":4.0,"turns":1.0},{"damage":0.0,"enemies":"Lagavulin","floor":7.0,"turns":1.0},{"damage":27.0,"enemies":"3 Sentries","floor":10.0,"turns":12.0},{"damage":0.0,"enemies":"Small Slimes","floor":11.0,"turns":4.0},{"damage":0.0,"enemies":"Looter","floor":12.0,"turns":3.0},{"damage":0.0,"enemies":"Blue Slaver","floor":13.0,"turns":4.0},{"damage":0.0,"enemies":"Exordium Wildlife","floor":14.0,"turns":2.0},{"damage":8.0,"enemies":"The Guardian","floor":16.0,"turns":9.0},{"damage":14.0,"enemies":"Chosen","floor":18.0,"turns":4.0},{"damage":14.0,"enemies":"Shell Parasite","floor":20.0,"turns":5.0},{"damage":5.0,"enemies":"Chosen and Byrds","floor":21.0,"turns":7.0},{"damage":12.0,"enemies":"Sentry and Sphere","floor":22.0,"turns":6.0},{"damage":2.0,"enemies":"Cultist and Chosen","floor":25.0,"turns":5.0},{"damage":5.0,"enemies":"Centurion and Healer","floor":28.0,"turns":4.0},{"damage":1.0,"enemies":"Snake Plant","floor":29.0,"turns":3.0},{"damage":0.0,"enemies":"Cultist and Chosen","floor":31.0,"turns":5.0},{"damage":6.0,"enemies":"Champ","floor":33.0,"turns":8.0},{"damage":4,"enemies":"Orb Walker","floor":35,"turns":3},{"damage":13,"enemies":"3 Shapes","floor":37,"turns":6},{"damage":7,"enemies":"3 Darklings","floor":38,"turns":5},{"damage":1,"enemies":"Mind Bloom Boss Battle","floor":39,"turns":6},{"damage":59,"enemies":"Nemesis","floor":41,"turns":9},{"damage":0,"enemies":"Sphere and 2 Shapes","floor":42,"turns":6},{"damage":1,"enemies":"Giant Head","floor":44,"turns":4},{"damage":1,"enemies":"Transient","floor":47,"turns":6},{"damage":0,"enemies":"Maw","floor":48,"turns":5},{"damage":71,"enemies":"Awakened One","floor":50,"turns":10},{"damage":41,"enemies":"Donu and Deca","floor":51,"turns":3}],"seed_played":"-2895473209326064022","potions_obtained":[{"floor":1.0,"key":"Ancient Potion"},{"floor":13.0,"key":"Weak Potion"},{"floor":14.0,"key":"AttackPotion"},{"floor":16.0,"key":"SneckoOil"},{"floor":20.0,"key":"EssenceOfSteel"},{"floor":22.0,"key":"Dexterity Potion"},{"floor":31.0,"key":"BlessingOfTheForge"},{"floor":33.0,"key":"PowerPotion"},{"floor":37,"key":"FearPotion"},{"floor":38,"key":"Regen Potion"},{"floor":42,"key":"CunningPotion"}],"is_trial":false,"path_per_floor":["M","?","$","M","$","R","E","$","T","E","M","M","M","M","R","B",null,"M","?","M","M","M","R","?","M","T","R","M","M","?","M","R","B",null,"M","$","M","M","?","R","E","M","T","E","R","?","M","M","R","B","B"],"character_chosen":"THE_SILENT","items_purchased":["Sucker Punch","Footwork","Deflect"],"campfire_rested":4,"item_purchase_floors":[5,36,36],"current_hp_per_floor":[59,59,59,59,59,59,59,59,59,32,32,32,32,32,32,24,56,42,42,28,23,11,30,30,28,28,47,42,41,41,41,41,35,58,54,54,41,34,47,47,3,3,3,2,26,26,25,25,49,3,0,0],"gold":328,"neow_bonus":"THREE_ENEMY_KILL","is_daily":false,"chose_seed":false,"campfire_upgraded":4,"win_rate":0.0,"timestamp":1612108224,"path_taken":["M","?","$","M","?","R","E","$","T","E","?","M","M","M","R","BOSS","M","?","M","M","M","R","?","M","T","R","M","M","?","M","R","BOSS","M","$","M","M","?","R","E","M","T","E","R","?","?","M","R","BOSS","BOSS"],"items_purchased_type":["Card","Card","Card"],"build_version":"2020-12-22","purchased_purges":3,"victory":false,"max_hp_per_floor":[66,66,66,66,66,66,66,66,66,66,66,66,66,66,66,66,66,66,66,66,66,66,66,66,66,66,66,66,66,66,66,66,66,66,66,66,66,66,80,80,80,80,80,80,80,80,80,80,80,80,80,80],"relic_stats":{"Happy Flower":[44],"counters":[29,147],"Pantograph":50,"Snecko Eye":[199,221,184,192],"Pandora\u0027s Box":["Endless Agony","After Image","Riddle With Holes","Footwork","Dodge and Roll","Caltrops","Accuracy"],"Art of War":[3],"Whetstone":["Neutralize","Strike_G"],"Smiling Mask":125,"obtain_stats":[{"Ice Cream":2,"NeowsBlessing":0,"Happy Flower":10,"Mango":39,"Whetstone":9,"Smiling Mask":7,"HornCleat":43,"Ninja Scroll":19,"Pantograph":41,"Snecko Eye":17,"Pandora\u0027s Box":34,"Art of War":44,"Ring of the Snake":0},{"Ice Cream":1,"NeowsBlessing":0,"Happy Flower":4,"Mango":22,"Whetstone":3,"Smiling Mask":3,"HornCleat":24,"Ninja Scroll":10,"Pantograph":23,"Snecko Eye":9,"Pandora\u0027s Box":18,"Art of War":25,"Ring of the Snake":0},{"Ice Cream":1,"NeowsBlessing":0,"Happy Flower":15,"Mango":104,"Whetstone":3,"Smiling Mask":3,"HornCleat":119,"Ninja Scroll":41,"Pantograph":113,"Snecko Eye":37,"Pandora\u0027s Box":84,"Art of War":123,"Ring of the Snake":0}],"Ring of the Snake":[20]},"card_choices":[{"not_picked":["Dagger Throw","Outmaneuver"],"picked":"Dagger Spray","floor":1.0},{"not_picked":["Outmaneuver","Cloak And Dagger"],"picked":"Backflip","floor":4.0},{"not_picked":["Bane","All Out Attack","Sucker Punch"],"picked":"SKIP","floor":7.0},{"not_picked":["Concentrate","Backflip"],"picked":"Poisoned Stab","floor":10.0},{"not_picked":["Deadly Poison","Underhanded Strike"],"picked":"Dash","floor":11.0},{"not_picked":["Dodge and Roll","Flying Knee"],"picked":"Acrobatics","floor":12.0},{"not_picked":["Deadly Poison","Footwork"],"picked":"Wraith Form v2","floor":13.0},{"not_picked":["PiercingWail","Backflip"],"picked":"Bouncing Flask","floor":14.0},{"not_picked":["Grand Finale","Bullet Time"],"picked":"Envenom","floor":16.0},{"not_picked":["Heel Hook","Dodge and Roll"],"picked":"Dash","floor":18.0},{"not_picked":["Sucker Punch","PiercingWail"],"picked":"Outmaneuver","floor":20.0},{"not_picked":["Blade Dance","Deflect"],"picked":"Catalyst","floor":21.0},{"not_picked":["Deflect+1","Dodge and Roll","Cloak And Dagger"],"picked":"SKIP","floor":22.0},{"not_picked":["Dagger Throw","Sucker Punch","Prepared"],"picked":"SKIP","floor":25.0},{"not_picked":["Caltrops","PiercingWail"],"picked":"Catalyst","floor":28.0},{"not_picked":["Outmaneuver","Distraction"],"picked":"Bouncing Flask","floor":29.0},{"not_picked":["Backflip","Skewer"],"picked":"Acrobatics","floor":31.0},{"not_picked":["Burst","Unload"],"picked":"A Thousand Cuts","floor":33.0},{"not_picked":["Bane","Acrobatics"],"picked":"Catalyst+1","floor":35},{"not_picked":["Sucker Punch+1","Dagger Throw","Choke+1"],"picked":"SKIP","floor":37},{"not_picked":["Poisoned Stab","Caltrops+1","Accuracy"],"picked":"SKIP","floor":38},{"not_picked":["Quick Slash+1","Finisher+1"],"picked":"Venomology","floor":41},{"not_picked":["Prepared","Backflip"],"picked":"Calculated Gamble","floor":42},{"not_picked":["Dagger Spray+1","Die Die Die","Acrobatics"],"picked":"SKIP","floor":44},{"not_picked":["Quick Slash+1","Blade Dance"],"picked":"Catalyst","floor":47},{"not_picked":["Deflect","Deadly Poison","Sucker Punch+1"],"picked":"SKIP","floor":48}],"player_experience":188418,"relics_obtained":[{"floor":7.0,"key":"Smiling Mask"},{"floor":9.0,"key":"Whetstone"},{"floor":10.0,"key":"Happy Flower"},{"floor":39,"key":"Mango"},{"floor":41,"key":"Pantograph"},{"floor":43,"key":"HornCleat"},{"floor":44,"key":"Art of War"}],"event_choices":[{"damage_healed":0.0,"max_hp_gain":0.0,"max_hp_loss":0.0,"gold_gain":0.0,"event_name":"Big Fish","player_choice":"Box","floor":2.0,"gold_loss":0.0,"damage_taken":0.0,"relics_obtained":["Ice Cream"],"cards_obtained":["Regret"]},{"damage_healed":0.0,"max_hp_gain":0.0,"max_hp_loss":0.0,"gold_gain":0.0,"event_name":"Addict","player_choice":"Obtained Relic","floor":19.0,"gold_loss":85.0,"damage_taken":0.0,"relics_obtained":["Ninja Scroll"]},{"damage_healed":0.0,"max_hp_gain":0.0,"max_hp_loss":0.0,"gold_gain":0.0,"event_name":"The Library","player_choice":"Read","floor":24.0,"gold_loss":0.0,"damage_taken":0.0,"cards_obtained":["Skewer"]},{"damage_healed":0.0,"max_hp_gain":0.0,"max_hp_loss":0.0,"gold_gain":0.0,"cards_transformed":["Strike_G","Strike_G"],"event_name":"Drug Dealer","player_choice":"Became Test Subject","floor":30.0,"gold_loss":0.0,"damage_taken":0.0,"cards_obtained":["Burst","Reflex"]},{"damage_healed":0,"gold_gain":0,"player_choice":"Fight","damage_taken":0,"max_hp_gain":0,"max_hp_loss":0,"event_name":"MindBloom","floor":39,"gold_loss":0},{"damage_healed":0,"gold_gain":0,"player_choice":"Ignored","damage_taken":0,"max_hp_gain":0,"max_hp_loss":0,"event_name":"The Moai Head","floor":46,"gold_loss":0}],"is_beta":false,"boss_relics":[{"not_picked":["Tiny House","SlaversCollar"],"picked":"Snecko Eye"},{"not_picked":["Philosopher\u0027s Stone","Empty Cage"],"picked":"Pandora\u0027s Box"}],"items_purged_floors":[3,8,36],"is_endless":false,"potions_floor_spawned":[1,13,14,16,20,22,31,33,37,38,42],"killed_by":"Donu and Deca","ascension_level":20}}