{"host":"59fzh68erzs7h44i","time":1612130693,"event":{"mods":["AchievementEnabler","BaseMod","Minty Spire (QoL Compilation)","StSLib","The Jungle"],"gold_per_floor":[109,109,109,34,34,68,80,80,106,132,132,145,94,114,114,239,239,252,57,81,81,96,139,139,163,163,163,163,163,163,194,194,325,388,408,408,187,187,250,290,303,318,367,367,117,117,117,155,155,155],"floor_reached":51,"language":"ENG","playtime":1712,"items_purged":["Defend_P","Defend_P","Strike_P"],"score":901,"play_id":"66ba5cf9-7b27-4484-96b3-301cf7cd147d","local_time":"20210131170453","is_ascension_mode":true,"campfire_choices":[{"data":"Tantrum","floor":8,"key":"SMITH"},{"floor":15,"key":"REST"},{"data":"Halt","floor":24,"key":"SMITH"},{"data":"CutThroughFate","floor":28,"key":"SMITH"},{"data":"CutThroughFate","floor":30,"key":"SMITH"},{"floor":32,"key":"REST"},{"floor":47,"key":"REST"},{"floor":49,"key":"REST"}],"circlet_count":0,"master_deck":["Strike_P+1","Strike_P","Defend_P+1","Eruption+1","Vigilance","Tantrum+1","EmptyFist+1","Sanctity+1","Indignation+1","CutThroughFate+1","EmptyBody+1","LessonLearned+1","Halt+1","Swift Strike+1","CutThroughFate+1","WheelKick","Wish","FollowUp","Dramatic Entrance"],"relics":["HolyWater","NeowsBlessing","Toy Ornithopter","Oddly Smooth Stone","Bag of Marbles","Golden Idol","Tiny Chest","Ginger","MutagenicStrength","PreservedInsect","Tiny House","Blood Vial","Ice Cream","Anchor","Damaru","Kunai","CeramicFish"],"acts_visited":["Exordium","TheCity","TheBeyond"],"potions_floor_usage":[18,33,33,50,50],"damage_taken":[{"damage":0,"enemies":"Jaw Worm","floor":1,"turns":1},{"damage":0,"enemies":"Gremlin Nob","floor":6,"turns":1},{"damage":0,"enemies":"Small Slimes","floor":7,"turns":1},{"damage":0,"enemies":"2 Louse","floor":12,"turns":2},{"damage":0,"enemies":"Looter","floor":14,"turns":1},{"damage":45,"enemies":"Hexaghost","floor":16,"turns":8},{"damage":10,"enemies":"2 Thieves","floor":18,"turns":3},{"damage":5,"enemies":"3 Byrds","floor":20,"turns":4},{"damage":2,"enemies":"Cultist and Chosen","floor":22,"turns":3},{"damage":0,"enemies":"Gremlin Leader","floor":23,"turns":1},{"damage":0,"enemies":"Snake Plant","floor":25,"turns":3},{"damage":0,"enemies":"Slavers","floor":31,"turns":2},{"damage":55,"enemies":"Champ","floor":33,"turns":6},{"damage":0,"enemies":"3 Shapes","floor":35,"turns":2},{"damage":18,"enemies":"Mind Bloom Boss Battle","floor":39,"turns":7},{"damage":28,"enemies":"Giant Head","floor":40,"turns":4},{"damage":0,"enemies":"3 Darklings","floor":41,"turns":1},{"damage":9,"enemies":"4 Shapes","floor":42,"turns":5},{"damage":0,"enemies":"Nemesis","floor":48,"turns":1},{"damage":12,"enemies":"Time Eater","floor":50,"turns":5}],"seed_played":"4477230913742357559","potions_obtained":[{"floor":12,"key":"BottledMiracle"},{"floor":16,"key":"Block Potion"},{"floor":22,"key":"Energy Potion"},{"floor":23,"key":"Dexterity Potion"},{"floor":31,"key":"Strength Potion"},{"floor":33,"key":"SpeedPotion"},{"floor":34,"key":"CultistPotion"},{"floor":41,"key":"Fire Potion"}],"is_trial":false,"path_per_floor":["M","?","?","$","?","E","M","R","T","T","?","M","$","M","R","B",null,"M","$","M","?","M","E","R","M","T","?","R","?","R","E","R","B",null,"M","?","$","T","?","E","M","M","T","?","$","$","R","E","R","B",null],"character_chosen":"WATCHER","items_purchased":["CutThroughFate","Swift Strike","Dramatic Entrance","Kunai"],"campfire_rested":4,"item_purchase_floors":[13,19,37,45],"current_hp_per_floor":[72,58,51,51,51,51,51,51,51,51,33,33,33,33,54,9,72,62,62,57,57,55,55,55,55,55,55,55,55,55,55,72,27,77,77,77,77,77,59,33,35,28,28,28,28,28,51,53,76,65],"gold":155,"neow_bonus":"THREE_ENEMY_KILL","is_daily":false,"chose_seed":false,"campfire_upgraded":4,"win_rate":0.0,"timestamp":1612130693,"path_taken":["M","?","?","$","?","E","M","R","T","?","?","M","?","?","R","BOSS","M","$","M","?","M","E","R","M","T","?","R","?","R","E","R","BOSS","M","?","$","?","?","E","M","M","T","?","?","$","R","E","R","BOSS"],"items_purchased_type":["Card","Card","Card","Relic"],"build_version":"2020-12-22","purchased_purges":3,"victory":true,"max_hp_per_floor":[72,72,72,72,72,72,72,72,72,72,72,72,72,72,72,72,72,72,72,72,72,72,72,72,72,72,72,72,72,72,72,72,72,77,77,77,77,77,77,77,77,77,77,77,77,77,77,77,77,77],"card_choices":[{"not_picked":["Protect","InnerPeace"],"picked":"Tantrum","floor":1},{"not_picked":["ClearTheMind","EmptyMind"],"picked":"EmptyFist","floor":6},{"not_picked":["JustLucky","ClearTheMind"],"picked":"Sanctity","floor":7},{"not_picked":["JustLucky","CrushJoints"],"picked":"Indignation","floor":12},{"not_picked":["DeceiveReality","Halt"],"picked":"EmptyBody","floor":14},{"not_picked":["Devotion","MasterReality"],"picked":"LessonLearned","floor":16},{"not_picked":["Evaluate","CrushJoints"],"picked":"Halt","floor":18},{"not_picked":["FlyingSleeves+1","Consecrate"],"picked":"CutThroughFate","floor":20},{"not_picked":["Study+1","EmptyBody","BowlingBash+1"],"picked":"SKIP","floor":22},{"not_picked":["JustLucky","Vengeance","FearNoEvil+1"],"picked":"SKIP","floor":23},{"not_picked":["Sanctity","Consecrate","Collect+1"],"picked":"SKIP","floor":25},{"not_picked":["Weave","Worship"],"picked":"WheelKick","floor":31},{"not_picked":["LessonLearned","Omniscience"],"picked":"Wish","floor":33},{"not_picked":["FlurryOfBlows","MentalFortress+1"],"picked":"FollowUp","floor":34},{"not_picked":["CrushJoints+1","FlyingSleeves","SashWhip"],"picked":"SKIP","floor":35},{"not_picked":["Impatience","Magnetism"],"picked":"Panache","floor":36},{"not_picked":["WheelKick","FearNoEvil+1","ThirdEye+1"],"picked":"SKIP","floor":40},{"not_picked":["WaveOfTheHand","TalkToTheHand","EmptyBody"],"picked":"SKIP","floor":41},{"not_picked":["FlyingSleeves+1","InnerPeace+1","Tantrum+1"],"picked":"SKIP","floor":42},{"not_picked":["SignatureMove+1","DeceiveReality+1","EmptyMind+1"],"picked":"SKIP","floor":48}],"player_experience":195605,"relics_obtained":[{"floor":6,"key":"Toy Ornithopter"},{"floor":9,"key":"Oddly Smooth Stone"},{"floor":10,"key":"Bag of Marbles"},{"floor":23,"key":"Tiny Chest"},{"floor":26,"key":"Ginger"},{"floor":31,"key":"PreservedInsect"},{"floor":38,"key":"Blood Vial"},{"floor":39,"key":"Ice Cream"},{"floor":40,"key":"Anchor"},{"floor":43,"key":"Damaru"},{"floor":48,"key":"CeramicFish"}],"event_choices":[{"damage_healed":0,"gold_gain":0,"player_choice":"Entered Light","damage_taken":14,"max_hp_gain":0,"max_hp_loss":0,"event_name":"Shining Light","floor":2,"gold_loss":0,"cards_upgraded":["Eruption","Defend_P"]},{"cards_removed":["Defend_P"],"damage_healed":0,"gold_gain":0,"player_choice":"Card Removal","damage_taken":7,"max_hp_gain":0,"max_hp_loss":0,"event_name":"Golden Wing","floor":3,"gold_loss":0},{"damage_healed":0,"gold_gain":0,"player_choice":"Fled","damage_taken":0,"max_hp_gain":0,"max_hp_loss":0,"event_name":"Scrap Ooze","floor":5,"gold_loss":0},{"damage_healed":0,"gold_gain":0,"player_choice":"Take Damage","damage_taken":18,"relics_obtained":["Golden Idol"],"max_hp_gain":0,"max_hp_loss":0,"event_name":"Golden Idol","floor":11,"gold_loss":0},{"cards_removed":["Strike_P"],"damage_healed":0,"gold_gain":0,"player_choice":"Elegance","damage_taken":0,"max_hp_gain":0,"max_hp_loss":0,"event_name":"Back to Basics","floor":21,"gold_loss":0},{"damage_healed":0,"gold_gain":0,"player_choice":"Inject Mutagens","damage_taken":0,"relics_obtained":["MutagenicStrength"],"max_hp_gain":0,"max_hp_loss":0,"event_name":"Drug Dealer","floor":27,"gold_loss":0},{"damage_healed":0,"gold_gain":0,"player_choice":"Upgraded","damage_taken":0,"max_hp_gain":0,"max_hp_loss":0,"event_name":"Upgrade Shrine","floor":29,"gold_loss":0,"cards_upgraded":["LessonLearned"]},{"damage_healed":0,"gold_gain":0,"player_choice":"Memory 1","damage_taken":0,"max_hp_gain":0,"max_hp_loss":0,"event_name":"SensoryStone","floor":36,"gold_loss":0},{"damage_healed":0,"gold_gain":0,"player_choice":"Fight","damage_taken":0,"max_hp_gain":0,"max_hp_loss":0,"event_name":"MindBloom","floor":39,"gold_loss":0},{"cards_removed":["Panache"],"damage_healed":0,"gold_gain":0,"player_choice":"Removed Power","damage_taken":0,"max_hp_gain":0,"max_hp_loss":0,"event_name":"Falling","floor":44,"gold_loss":0}],"is_beta":false,"boss_relics":[{"not_picked":["Runic Pyramid","VioletLotus"],"picked":"HolyWater"},{"not_picked":["Snecko Eye","Cursed Key"],"picked":"Tiny House"}],"items_purged_floors":[4,19,37],"is_endless":false,"potions_floor_spawned":[12,16,22,23,31,33,41,42],"ascension_level":1}}