{"host":"4rvakrj1idbgia3f","time":1612115115,"event":{"mods":["BaseMod","Colored Map","Colored Powertips","DeckTracker","Highlight Path","Minty Spire (QoL Compilation)","Random Character Button","StSLib"],"gold_per_floor":[112,129,149,164,164,164,195,226,238,287,299,340,352,403,415,427,427],"floor_reached":16,"language":"JPN","playtime":612,"items_purged":[],"score":244,"play_id":"6d9ee231-f94c-4493-a75c-82c53472b787","local_time":"20210201024515","is_ascension_mode":true,"campfire_choices":[{"data":"Predator","floor":6,"key":"SMITH"},{"data":"Night Terror","floor":13,"key":"SMITH"},{"data":"Neutralize","floor":15,"key":"SMITH"}],"circlet_count":0,"master_deck":["AscendersBane","Strike_G","Strike_G","Strike_G","Strike_G","Strike_G","Defend_G","Defend_G","Defend_G","Defend_G","Defend_G","Survivor","Neutralize+1","All Out Attack","Flying Knee","Crippling Poison+1","Predator+1","Night Terror+1","Acrobatics","Caltrops","Deadly Poison","Poisoned Stab"],"relics":["Coffee Dripper","MawBank","CeramicFish","Art of War","Sundial"],"acts_visited":["Exordium"],"potions_floor_usage":[7,7,10,14,16],"damage_taken":[{"damage":1,"enemies":"Cultist","floor":1,"turns":4},{"damage":0,"enemies":"2 Louse","floor":2,"turns":2},{"damage":5,"enemies":"Jaw Worm","floor":3,"turns":4},{"damage":3,"enemies":"Looter","floor":4,"turns":4},{"damage":2,"enemies":"Lagavulin","floor":7,"turns":4},{"damage":0,"enemies":"Red Slaver","floor":8,"turns":4},{"damage":31,"enemies":"Gremlin Nob","floor":10,"turns":4},{"damage":7,"enemies":"Large Slime","floor":12,"turns":6},{"damage":9,"enemies":"3 Sentries","floor":14,"turns":6},{"damage":9,"enemies":"Hexaghost","floor":16,"turns":7}],"seed_played":"3771043384731521046","potions_obtained":[{"floor":3,"key":"DistilledChaos"},{"floor":4,"key":"CunningPotion"},{"floor":7,"key":"Poison Potion"},{"floor":12,"key":"Swift Potion"},{"floor":14,"key":"PowerPotion"}],"is_trial":false,"path_per_floor":["M","M","M","M","?","R","E","M","T","E","T","M","R","E","R","B"],"character_chosen":"THE_SILENT","items_purchased":[],"campfire_rested":0,"item_purchase_floors":[],"current_hp_per_floor":[58,58,53,50,50,50,48,48,48,17,17,10,10,1,1,0,0],"gold":427,"neow_bonus":"BOSS_RELIC","is_daily":false,"chose_seed":false,"campfire_upgraded":3,"win_rate":0.0,"timestamp":1612115115,"path_taken":["M","?","M","M","?","R","E","M","T","E","?","M","R","E","R","BOSS"],"items_purchased_type":[],"build_version":"2020-12-22","purchased_purges":0,"victory":false,"max_hp_per_floor":[66,66,66,66,66,66,66,66,66,66,66,66,66,66,66,66,66],"card_choices":[{"not_picked":["Dodge and Roll","Masterful Stab"],"picked":"All Out Attack","floor":1},{"not_picked":["Choke","Calculated Gamble"],"picked":"Flying Knee","floor":2},{"not_picked":["Backstab","Dagger Spray"],"picked":"Crippling Poison","floor":3},{"not_picked":["Bane","Finisher"],"picked":"Predator","floor":4},{"not_picked":["Finisher","Bane"],"picked":"Night Terror","floor":7},{"not_picked":["Tactician","Predator"],"picked":"Acrobatics","floor":8},{"not_picked":["Deflect","Endless Agony"],"picked":"Caltrops","floor":10},{"not_picked":["Distraction","Acrobatics"],"picked":"Deadly Poison","floor":12},{"not_picked":["Deadly Poison","Prepared"],"picked":"Poisoned Stab","floor":14}],"player_experience":2149844,"relics_obtained":[{"floor":7,"key":"MawBank"},{"floor":10,"key":"CeramicFish"},{"floor":11,"key":"Art of War"},{"floor":14,"key":"Sundial"}],"event_choices":[{"damage_healed":0,"gold_gain":0,"player_choice":"Grow","damage_taken":0,"max_hp_gain":0,"max_hp_loss":0,"event_name":"Living Wall","floor":5,"gold_loss":0,"cards_upgraded":["Crippling Poison"]}],"is_beta":false,"boss_relics":[],"items_purged_floors":[],"is_endless":false,"potions_floor_spawned":[3,4,7,12,14],"killed_by":"Hexaghost","ascension_level":20}}