{"host":"pesfwaef25r60kxm","time":1612080271,"event":{"mods":["ATMod(阿瑾Mod)","Act Like it!","Arknights","BaseMod","Colored Powertips","Downfall","Gensokyo","Minty Spire (QoL Compilation)","Pale of the Ancients","Replay The Spire","RumiaBox-露米娅的神秘盒子","Spicy Shops","StSLib","Waifu the Spire","WarShipGirlsR/战舰少女R mod","[IsaacMod]以撒尖塔","noobMod","【功能Mod】聪明的最终Boss","【遗物卡牌】REMEMod"],"gold_per_floor":[99,111,122,132,147,175,257,273,353,372,422,439,439,141,158,262,262,262,275,288,301,301,351,428,460,476,556,556,591,591,591,591,125,142,545,545,545,557,263,263,274,292,364,104,122,122,122,151,151,182,194,224,0,0,0,0],"floor_reached":57,"language":"ZHS","playtime":3053,"items_purged":["Guardian:Defend_Guardian","Guardian:Defend_Guardian"],"score":1656,"play_id":"fa5539d2-db5e-4661-b0b2-e1ff03cabbb5","local_time":"20210131160431","is_ascension_mode":false,"campfire_choices":[{"floor":1,"key":"DIG"},{"data":"REME_Shoggoth","floor":13,"key":"SMITH"},{"floor":18,"key":"RECALL"},{"data":"Guardian:PolyBeam","floor":28,"key":"SMITH"},{"data":"Guardian:BaubleBeam","floor":30,"key":"SMITH"},{"data":"AT_PowerWithin","floor":46,"key":"SMITH"},{"data":"Guardian:TwinSlam","floor":49,"key":"SMITH"},{"data":"Magnetism","floor":54,"key":"SMITH"}],"circlet_count":0,"master_deck":["Guardian:Strike_Guardian","Guardian:Strike_Guardian","Guardian:Strike_Guardian","Guardian:Strike_Guardian","Guardian:CurlUp","Guardian:TwinSlam+1","AT_ShrugMaster+1","REME_Shoggoth+1","Guardian:Gem_White","Guardian:PolyBeam+1","Guardian:CrystalBeam","Guardian:TimeCapacitor","Guardian:StasisStrike+1","Guardian:BronzeArmor","Guardian:BaubleBeam+1","Guardian:Gem_Purple","Guardian:Gem_Lightblue","Writhe","Guardian:Incinerate","Guardian:TimeBomb+1","Magnetism+1","AT_PowerWithin+1","Violence","Guardian:FastForward","Guardian:VentSteam","Guardian:Gem_Cyan","Guardian:Gem_Yellow"],"relics":["Guardian:ModeShifter","HushsDoor","ice","REME_ComplimentaryCards","NeowsBlessing","GuppysTail","REME_PuzzleBoxRelic","AT_TimeSand","TuHaoJin","Tiny Chest","AT_SunfireAegis","Blue Doll","Replay:Kaleidoscope","Black Star","GuppysCollar","REME_LimitBreaker","MealTicket","Garlic","ats:Originium","Juzu Bracelet","GodSword1","Sundial","ReplayTheSpireMod:Shallot","Anchor","Guide Book","ReplayTheSpireMod:ShopPack","SlaversCollar","Ring of Hypnosis","Gambling Chip","GnawedLeaf","MagicDraw2","Blue Candle","DeadEye","AT_EbonyIvory","AT_DeathDance","Void","Orichalcum","Oddly Smooth Stone","Cauldron","BelialBook"],"acts_visited":["Exordium","Gensokyo:Gensokyo","TheBeyond"],"potions_floor_usage":[10,11,25,55,55,55],"damage_taken":[{"damage":0,"enemies":"Gensokyo:3_Fairies","floor":2,"turns":1},{"damage":0,"enemies":"Gensokyo:Gryphon","floor":3,"turns":1},{"damage":0,"enemies":"Gensokyo:Python","floor":4,"turns":1},{"damage":9,"enemies":"Gensokyo:3_Kodama","floor":5,"turns":6},{"damage":10,"enemies":"Gensokyo:Cirno","floor":6,"turns":5},{"damage":18,"enemies":"Gensokyo:2_Rabbits","floor":8,"turns":4},{"damage":0,"enemies":"Gensokyo:5_Fairies","floor":10,"turns":5},{"damage":20,"enemies":"Hiden Room Battle","floor":11,"turns":2},{"damage":3,"enemies":"Gensokyo:Python_and_Kodama","floor":12,"turns":2},{"damage":0,"enemies":"downfall:FleeingMerchant","floor":14,"turns":2},{"damage":15,"enemies":"Gensokyo:Gryphon_and_Rabbit","floor":15,"turns":3},{"damage":0,"enemies":"IC_STATUS_ARCHETYPE","floor":16,"turns":2},{"damage":6,"enemies":"Gensokyo:2_Gloops","floor":19,"turns":4},{"damage":19,"enemies":"Gensokyo:AngelMirror","floor":20,"turns":2},{"damage":32,"enemies":"Gensokyo:Slime_Group","floor":21,"turns":3},{"damage":0,"enemies":"Hiden Room Battle","floor":23,"turns":1},{"damage":0,"enemies":"Gensokyo:Reisen","floor":25,"turns":3},{"damage":6,"enemies":"Gensokyo:3_Gloops","floor":26,"turns":3},{"damage":15,"enemies":"Gensokyo:Koishi","floor":29,"turns":4},{"damage":3,"enemies":"Gensokyo:Wraith","floor":34,"turns":3},{"damage":7,"enemies":"WA_ARCHETYPE_CALM","floor":35,"turns":5},{"damage":0,"enemies":"Orb Walker","floor":38,"turns":4},{"damage":0,"enemies":"3 Darklings","floor":41,"turns":4},{"damage":12,"enemies":"4 Shapes","floor":42,"turns":3},{"damage":9,"enemies":"Writhing Mass","floor":45,"turns":3},{"damage":2,"enemies":"R_Hoarder","floor":48,"turns":2},{"damage":10,"enemies":"Nemesis","floor":50,"turns":3},{"damage":0,"enemies":"Jaw Worm Horde","floor":51,"turns":1},{"damage":17,"enemies":"downfall:CharBossMerchant","floor":52,"turns":3},{"damage":77,"enemies":"Delirium","floor":55,"turns":3},{"damage":136,"enemies":"Delirium","floor":56,"turns":8}],"seed_played":"2435035298098570341","potions_obtained":[{"floor":4,"key":"PowerPotion"},{"floor":6,"key":"Fire Potion"},{"floor":11,"key":"Explosive Potion"},{"floor":12,"key":"DuplicationPotion"},{"floor":15,"key":"DuplicationPotion"},{"floor":26,"key":"Fire Potion"},{"floor":52,"key":"BlessingOfTheForge"}],"is_trial":false,"path_per_floor":["R","M","M","M","M","E","T","M","?","M","?","M","R","$","M","B",null,"R","M","M","M","?","?","T","E","M","T","R","E","R","PTL","PTL","COS","M","B",null,"R","M","$","?","M","M","T","$","M","R","?","E","R","E","M","E","$","R","B","B",null],"character_chosen":"GUARDIAN","items_purchased":["AT_SunfireAegis","Blue Doll","Replay:Kaleidoscope","GuppysCollar","Guardian:Gem_Purple","ForgetMeNow","Blue Candle","Cauldron","BelialBook"],"campfire_rested":0,"item_purchase_floors":[14,14,14,17,17,39,44,53,53],"current_hp_per_floor":[80,80,80,80,71,71,71,53,53,53,33,30,30,30,15,15,59,59,53,34,2,2,59,59,59,53,53,53,38,38,38,38,38,35,28,69,69,69,72,72,72,60,60,75,66,66,66,64,64,54,88,71,86,86,9,92],"gold":0,"neow_bonus":"THREE_ENEMY_KILL","is_daily":false,"chose_seed":false,"campfire_upgraded":6,"win_rate":0.0,"timestamp":1612080271,"path_taken":["R","M","M","?","M","E","T","M","?","M","?","M","R","?","M","BOSS","R","M","M","M","?","?","T","E","M","?","R","E","R","PTL","PTL","COS","M","BOSS","R","M","$","?","M","M","T","$","M","R","?","E","R","E","M","E","$","R","BOSS","BOSS"],"items_purchased_type":["Relic","Relic","Relic","Relic","Card","Relic","Relic","Relic","Relic"],"build_version":"2020-12-22","purchased_purges":2,"victory":true,"max_hp_per_floor":[80,80,80,80,80,80,80,80,80,80,80,80,80,80,80,80,59,59,59,59,59,59,59,59,59,59,59,59,62,62,62,62,62,66,69,69,69,72,72,72,74,83,83,83,85,85,85,85,85,88,88,89,89,89,99,315],"card_choices":[{"not_picked":[],"picked":"Bomb","floor":0},{"not_picked":["Guardian:TimeBomb","Guardian:Gem_Crimson"],"picked":"Guardian:Gem_White","floor":2},{"not_picked":["Guardian:BodySlam","Guardian:Planning"],"picked":"Guardian:PolyBeam","floor":3},{"not_picked":["Guardian:ShieldCharger","Guardian:Gem_Cyan"],"picked":"Guardian:CrystalBeam","floor":4},{"not_picked":["Guardian:DecasProtection","Guardian:Gem_Cyan"],"picked":"Guardian:TimeCapacitor","floor":5},{"not_picked":["Guardian:BronzeOrb","Guardian:Recover","Guardian:RollAttack"],"picked":"SKIP","floor":6},{"not_picked":["Guardian:Harden","Guardian:Gem_Fragmented"],"picked":"Guardian:Gem_Yellow","floor":8},{"not_picked":["Guardian:PiercingHide","Guardian:Gem_Cyan"],"picked":"Guardian:Gem_Red","floor":10},{"not_picked":["Guardian:Planning","Guardian:CrystalBeam"],"picked":"Guardian:StasisStrike","floor":11},{"not_picked":["Guardian:PiercingHide","Guardian:Planning"],"picked":"Guardian:BronzeArmor","floor":12},{"not_picked":["Guardian:Gem_Yellow","Guardian:ShieldCharger","Guardian:PrimingBeam"],"picked":"SKIP","floor":14},{"not_picked":["Guardian:StasisField","Guardian:Preprogram","Guardian:GuardianWhirl"],"picked":"SKIP","floor":15},{"not_picked":["Guardian:FastForward","Guardian:RevengeProtocol"],"picked":"Guardian:BaubleBeam","floor":16},{"not_picked":["Guardian:VentSteam","Guardian:Incinerate","Guardian:CrystalBeam+1"],"picked":"SKIP","floor":19},{"not_picked":["Guardian:RollAttack+1","Guardian:Gem_Cyan"],"picked":"Guardian:Gem_Lightblue","floor":20},{"not_picked":["Guardian:TemporalStrike","Guardian:WalkerClaw","Guardian:ShieldCharger"],"picked":"SKIP","floor":21},{"not_picked":["Guardian:PolyBeam","Guardian:DonusPower"],"picked":"Guardian:Incinerate","floor":23},{"not_picked":["Guardian:CrystalBeam+1","Guardian:MultiBeam","Guardian:TemporalStrike"],"picked":"SKIP","floor":25},{"not_picked":["Guardian:ExploitGems","Guardian:TemporalShield"],"picked":"Guardian:Incinerate+1","floor":26},{"not_picked":["Guardian:CrystalBeam+1","Guardian:PrimingBeam"],"picked":"Guardian:TimeBomb+1","floor":29},{"not_picked":["REME_HeartOfCthun","REME_PuzzleBox"],"picked":"Magnetism","floor":33},{"not_picked":["Finesse","Survey Options"],"picked":"AT_PowerWithin","floor":33},{"not_picked":["HandOfGreed","ReplayTheSpireMod:Brewmster"],"picked":"Violence","floor":33},{"not_picked":["Guardian:RefractedBeam+1","Guardian:BronzeOrb+1","Guardian:CrystalBeam"],"picked":"SKIP","floor":34},{"not_picked":["Guardian:BaubleBeam","Guardian:ConstructionForm"],"picked":"Guardian:FastForward","floor":35},{"not_picked":["Guardian:Reroute+1","Guardian:Preprogram+1","Guardian:SpikerProtocol"],"picked":"SKIP","floor":38},{"not_picked":["Guardian:Recover","Guardian:ShieldSpikes+1","Guardian:BronzeArmor"],"picked":"SKIP","floor":41},{"not_picked":["Guardian:WalkerClaw+1","Guardian:ShieldCharger","Guardian:SentryBeam+1"],"picked":"SKIP","floor":42},{"not_picked":["Guardian:PrimingBeam","Guardian:RollAttack+1","Guardian:ShieldSpikes+1"],"picked":"SKIP","floor":45},{"not_picked":["Guardian:RefractedBeam+1","Guardian:Planning+1"],"picked":"Guardian:VentSteam","floor":48},{"not_picked":["Guardian:TimeCapacitor","Guardian:Emergency"],"picked":"Guardian:Gem_Cyan","floor":50},{"not_picked":["Guardian:RollAttack+1","Guardian:PrimingBeam+1"],"picked":"Guardian:Gem_Yellow","floor":51},{"not_picked":["Guardian:Suspension","Guardian:PrismaticBarrier","Guardian:ShieldSpikes"],"picked":"SKIP","floor":52}],"player_experience":114634,"relics_obtained":[{"floor":1,"key":"REME_PuzzleBoxRelic"},{"floor":6,"key":"AT_TimeSand"},{"floor":11,"key":"TuHaoJin"},{"floor":11,"key":"Tiny Chest"},{"floor":23,"key":"REME_LimitBreaker"},{"floor":23,"key":"MealTicket"},{"floor":24,"key":"Garlic"},{"floor":25,"key":"ats:Originium"},{"floor":25,"key":"Juzu Bracelet"},{"floor":25,"key":"GodSword1"},{"floor":27,"key":"Sundial"},{"floor":29,"key":"ReplayTheSpireMod:Shallot"},{"floor":29,"key":"Anchor"},{"floor":40,"key":"Ring of Hypnosis"},{"floor":43,"key":"MagicDraw2"},{"floor":48,"key":"DeadEye"},{"floor":48,"key":"AT_EbonyIvory"},{"floor":50,"key":"AT_DeathDance"},{"floor":50,"key":"Void"},{"floor":52,"key":"Orichalcum"},{"floor":52,"key":"Oddly Smooth Stone"}],"event_choices":[{"damage_healed":0,"gold_gain":0,"player_choice":"Fight","damage_taken":0,"max_hp_gain":0,"max_hp_loss":0,"event_name":"HidenRoomEvent","floor":11,"gold_loss":0},{"damage_healed":0,"gold_gain":0,"player_choice":"Fight","damage_taken":0,"max_hp_gain":0,"max_hp_loss":0,"event_name":"HidenRoomEvent","floor":23,"gold_loss":0},{"cards_removed":["Guardian:Incinerate"],"damage_healed":0,"gold_gain":0,"player_choice":"Removed Attack","damage_taken":0,"max_hp_gain":0,"max_hp_loss":0,"event_name":"Falling","floor":47,"gold_loss":0}],"is_beta":false,"boss_relics":[{"not_picked":["Cursed Key","Sozu"],"picked":"Black Star"},{"not_picked":[]},{"not_picked":["Runic Dome","Calling Bell"],"picked":"SlaversCollar"},{"not_picked":[]}],"items_purged_floors":[14,17],"is_endless":false,"potions_floor_spawned":[4,6,11,12,15,19,23,26,34,41,42,52],"ascension_level":0}}