{"host":"87mnajev72vv2sjg","time":1612085385,"event":{"mods":["BaseMod","BetterRewards","Colored Map","Curses Come First","Infinite Spire","Minty Spire (QoL Compilation)","Shop Mod","StSLib","SuperFastMode","The Gatherer"],"gold_per_floor":[112,123,123,141,153,182,182,213,239,259,259,279,35,113,113,208,208,248,262,262,262,262,262],"floor_reached":21,"language":"ENG","playtime":1104,"items_purged":[],"score":310,"play_id":"51e7ecb8-8603-4c51-9195-84436806a03c","local_time":"20210131042945","is_ascension_mode":true,"metric_token":657,"campfire_choices":[{"floor":7,"key":"REST"},{"floor":11,"key":"REST"},{"floor":15,"key":"REST"}],"circlet_count":0,"master_deck":["Gatherer:Strike_Gatherer","Gatherer:Strike_Gatherer","Gatherer:Strike_Gatherer","Gatherer:Strike_Gatherer","Gatherer:Strike_Gatherer","Gatherer:Defend_Gatherer","Gatherer:Defend_Gatherer","Gatherer:Defend_Gatherer","Gatherer:Defend_Gatherer","Gatherer:Defend_Gatherer","Gatherer:Centralize","Gatherer:FlowerWhip","Bandage Up","Gatherer:FlowerFalling","Gatherer:Liquidism","Gatherer:FlowerShield","Gatherer:FragileHammer","Gatherer:FlowerPower","Gatherer:Liquidism","HandOfGreed","Gatherer:DrugPower","Gatherer:Examine","Gatherer:QuickSynthesis","Gatherer:QuickSynthesis"],"relics":["Gatherer:MiracleBag","NlothsMask","infinitespire:Lucky Rock","Strawberry"],"acts_visited":["Exordium","TheCity"],"potions_floor_usage":[8,16,16,16,18,19,19,19,20,20,21,21],"damage_taken":[{"damage":4,"enemies":"Small Slimes","floor":1,"turns":3},{"damage":5,"enemies":"Cultist","floor":2,"turns":4},{"damage":0,"enemies":"2 Louse","floor":4,"turns":2},{"damage":26,"enemies":"Gremlin Gang","floor":5,"turns":6},{"damage":45,"enemies":"Gremlin Nob","floor":6,"turns":6},{"damage":24,"enemies":"3 Sentries","floor":8,"turns":9},{"damage":1,"enemies":"Large Slime","floor":10,"turns":5},{"damage":1,"enemies":"Blue Slaver","floor":12,"turns":5},{"damage":18,"enemies":"3 Louse","floor":14,"turns":8},{"damage":44,"enemies":"Hexaghost","floor":16,"turns":13},{"damage":58,"enemies":"Shell Parasite","floor":18,"turns":11},{"damage":17,"enemies":"Chosen","floor":19,"turns":7},{"damage":7,"enemies":"Shelled Parasite and Fungi","floor":20,"turns":2},{"damage":14,"enemies":"Snake Plant","floor":21,"turns":2}],"seed_played":"-1920292322061013747","potions_obtained":[{"floor":6,"key":"FearPotion"},{"floor":10,"key":"LiquidBronze"},{"floor":12,"key":"DistilledChaos"},{"floor":14,"key":"Explosive Potion"},{"floor":16,"key":"SmokeBomb"}],"is_trial":false,"path_per_floor":["M","M","?","M","M","E","R","E","T","M","R","M","$","M","R","B",null,"M","M","M","M"],"character_chosen":"THE_GATHERER","items_purchased":["Bandage Up","Gatherer:Liquidism","HandOfGreed"],"campfire_rested":3,"item_purchase_floors":[0,13,13],"current_hp_per_floor":[65,64,64,64,42,1,22,9,9,12,35,38,38,24,47,7,79,25,14,7,0,0,0],"gold":262,"neow_bonus":"","is_daily":false,"chose_seed":false,"campfire_upgraded":0,"win_rate":0.0,"timestamp":1612085385,"path_taken":["M","M","?","M","?","E","R","E","T","M","R","M","?","M","R","BOSS","M","M","M","M"],"items_purchased_type":["Card","Card","Card"],"build_version":"2020-12-22","purchased_purges":0,"victory":false,"max_hp_per_floor":[72,72,72,72,72,72,72,79,79,79,79,79,79,79,79,79,79,79,79,79,84,84,84],"card_choices":[{"not_picked":["Gatherer:PotentialSlash","Gatherer:Frenzy","Gatherer:TacticalStrike"],"picked":"SKIP","floor":1},{"not_picked":["Gatherer:Snatch","Gatherer:Polymorphism"],"picked":"Gatherer:FlowerFalling","floor":2},{"not_picked":["Gatherer:PotentialSlash","Gatherer:FlowerShield"],"picked":"Gatherer:Liquidism","floor":4},{"not_picked":["Gatherer:FeelingFine","Gatherer:Snatch"],"picked":"Gatherer:FlowerShield","floor":5},{"not_picked":["Gatherer:GrowBook","Gatherer:CollectorsShot","Gatherer:VenomBarrier"],"picked":"SKIP","floor":6},{"not_picked":["Gatherer:WoolGloves","Gatherer:AcidicSpray"],"picked":"Gatherer:FragileHammer","floor":8},{"not_picked":["Gatherer:FlowerShield","Gatherer:TacticalStrike"],"picked":"Gatherer:FlowerPower","floor":10},{"not_picked":["Gatherer:BlackTea","Gatherer:AcidicSpray","Gatherer:SaveValuables"],"picked":"SKIP","floor":12},{"not_picked":["Gatherer:AcidicSpray","Gatherer:Uplift"],"picked":"Gatherer:DrugPower","floor":14},{"not_picked":["Gatherer:HeartToFruit","Gatherer:Bulldoze"],"picked":"Gatherer:Examine","floor":16},{"not_picked":["Gatherer:GatherMaterial","Gatherer:Transmute+1"],"picked":"Gatherer:QuickSynthesis","floor":18},{"not_picked":["Gatherer:Convert","Gatherer:FlowerShield"],"picked":"Gatherer:QuickSynthesis","floor":19}],"player_experience":326833,"relics_obtained":[{"floor":6,"key":"infinitespire:Lucky Rock"},{"floor":8,"key":"Strawberry"}],"event_choices":[{"damage_healed":0,"gold_gain":0,"player_choice":"Trade","damage_taken":0,"relics_obtained":["NlothsMask"],"max_hp_gain":0,"max_hp_loss":0,"event_name":"FaceTrader","floor":3,"gold_loss":0}],"is_beta":false,"boss_relics":[{"not_picked":["Velvet Choker","Philosopher\u0027s Stone"],"picked":"Gatherer:MiracleBag"}],"items_purged_floors":[],"is_endless":false,"potions_floor_spawned":[6,10,12,14,16,20],"killed_by":"Snake Plant","ascension_level":1}}