{"host":"2c1pg2m9wpz3w4c0","time":1612065314,"event":{"mods":["AchievementEnabler","Act Like it!","Aspiration","BaseMod","Better Note","BetterRewards","Curses Come First","Disable Question Mark Monsters","Halation","Hubris","Infinite Spire","Lotus Mark","Marisa????????","Minty Spire (QoL Compilation)","Replay The Spire","StSLib","SuperFastMode","The Clintock","The Jungle","The Marked","The Runesmith","Transform Curses"],"gold_per_floor":[115,134,134,99,99,134,134,81,106,118,118,118,135,155,155,250,250,267,20,20,62,72,72,82,119,195,209,241,286,304,360,360,465,465,479,479,497,513,603,635,635,653,653,667,667,667,693,693,693,798,798,826,822,871,875,685,685,685,684,684,684,684,562,562,588,588,670,670,660,651,651,648,639,639,468,477,545,545,544,541,546,539,539,596,596,583,583,583,600,578,578,573,573,573,573,596,588,588,588,588,692,692,690,695,695,695,688,695,695,693,693,693,691,866,878,831,831,915,915,905,898,889,889,907,907,884,906,906,899,899,899,899,899,902,947,947,997,997,987,995,1006,1032,1032,1032,1001,1001,1001,968,968],"floor_reached":148,"language":"ENG","playtime":6187,"items_purged":[],"score":3316,"play_id":"5bec822a-0d4c-438a-a723-e8dbb5e31294","local_time":"20210130205514","is_ascension_mode":false,"campfire_choices":[{"data":"Runesmith:Fortify","floor":7.0,"key":"SMITH"},{"data":"hubris:EnhanceAbility","floor":11.0,"key":"SMITH"},{"data":"Runesmith:ArcReactor","floor":15.0,"key":"SMITH"},{"data":"infinitespire:UltimateForm","floor":23.0,"key":"SMITH"},{"floor":32.0,"key":"REST"},{"floor":41.0,"key":"REST"},{"floor":46,"key":"REST"},{"floor":49,"key":"REST"},{"data":"Replay:Fractal Strike","floor":57,"key":"SMITH"},{"floor":62,"key":"REST"},{"floor":64,"key":"REST"},{"floor":66,"key":"DIG"},{"floor":74,"key":"REST"},{"floor":83,"key":"DIG"},{"data":"Runesmith:GrandSlam","floor":91,"key":"SMITH"},{"data":"Runesmith:DuctTape","floor":93,"key":"SMITH"},{"floor":100,"key":"REST"},{"floor":109,"key":"REST"},{"floor":117,"key":"REST"},{"floor":125,"key":"REST"},{"data":"Runesmith:WhiteBalance","floor":132,"key":"SMITH"},{"floor":136,"key":"REST"},{"data":"Runesmith:ArcReactor","floor":144,"key":"SMITH"}],"circlet_count":0,"master_deck":["Runesmith:CraftFirestone","Runesmith:Fortify+1","hubris:EnhanceAbility+1","Runesmith:HammerThrow","Runesmith:BackupBattery","Runesmith:EarthShield","Runesmith:NanitesCloud","Runesmith:EarthShield+1","Runesmith:Grindstone+1","Runesmith:Repurpose+1","Runesmith:GenerateForcefield+1","Runesmith:ArcReactor+1","Runesmith:Supernova+1","Runesmith:CraftProtectio+1","HandOfGreed+1","Runesmith:HeatedChisel","infinitespire:UltimateForm+1","infinitespire:Collect+1","Runesmith:LithiumIon","Runesmith:ChiselStab","Runesmith:EnergizedChisel","Runesmith:BackupBattery+1","Runesmith:StaticCage+1","Runesmith:WhiteBalance","Runesmith:GoWithTheFlow","Runesmith:HeatExchange","Runesmith:EarthShield+1","Runesmith:ArcReactor+1","Runesmith:BackupBattery+1","Runesmith:Attraction+1","Runesmith:Retool+1","Runesmith:FieryHammer","Runesmith:CraftObretio+1","Runesmith:ChargedHammer+1","Runesmith:LightningRod+1","Runesmith:Terraform+1","Runesmith:CraftMagma+1","Runesmith:GoWithTheFlow+1","Runesmith:RunicBlueprint+1","Runesmith:RuneHurl","Runesmith:CraftProtectio+1","Runesmith:CraftPrismatica+1","hubris:DuctTapeCard+2","Runesmith:Permafrost+1","Runesmith:CraftObretio+1","hubris:InfiniteBlow+800","Replay:Fractal Strike+1","Runesmith:MetallurgicalResearch+1","CurseOfTheBell","Runesmith:ChiselStab","Runesmith:Prism+1","Runesmith:FrozenChisel","Runesmith:Grindstone+1","Runesmith:MetallurgicalResearch+1","Runesmith:CraftMagma+1","Runesmith:CraftObretio+1","Runesmith:DuctTape+1","Runesmith:Grindstone+1","Runesmith:DoubleUp+1","Runesmith:DoubleUp+1","Runesmith:GrandSlam+1","Runesmith:GoWithTheFlow+1","Runesmith:StaticCage+1","Runesmith:EarthShield+1","Runesmith:CraftIndustria+1","infinitespire:Starlight+1","Runesmith:Prism+1","Bandage Up+1","Panacea+1","Runesmith:DoubleUp+1","Runesmith:Firestorm+1","Runesmith:CraftProtectio+1","Runesmith:Prism+1","Runesmith:WhiteBalance+1","Runesmith:EarthShield+1","Runesmith:Reinforce+1","Doubt","Runesmith:Duplicate+1","Runesmith:Empowerment+1","Runesmith:PerfectChisel+1","Runesmith:PoweredAnvil+1"],"relics":["Runesmith:BrokenRuby","hubris:Icosahedron","Toxic Egg 2","aspiration:DSix","Orichalcum","SacredBark","Iron Hammer","hubris:DuctTape","hubris:Reverence","Pandora\u0027s Box","Replay:WaspNest","The Courier","Runesmith:CoreCrystal","halation:VictoryRuler","halation:AfternoonTea","Calling Bell","Centennial Puzzle","Kunai","Lizard Tail","Replay:Mystery Machine","Pear","Tiny Chest","Gremlin Horn","infinitespire:Blanks Blanky","Whetstone","Blue Candle","Replay:Fungal Core","Garlic","hubris:DeckOfHolding","aspiration:PoetsPen_weak","Golden Egg","Runesmith:Nanobots","Mummified Hand","halation:KoshaPiece","Replay:Bottled Flurry","hubris:EvacipatedBox","hubris:HollowSoul","Pantograph","hubris:SlimyHat","Quantum Egg","Omamori","hubris:PeanutButter","halation:PromiseList","Mango","hubris:MobiusCoin","Replay:Accelerometer","hubris:TenFootPole"],"acts_visited":["Exordium","theJungle:Jungle","TheBeyond","Exordium","theJungle:Jungle","TheBeyond","Exordium","theJungle:Jungle","TheBeyond"],"potions_floor_usage":[47,50,50,54,54,67,67,69,84,84,89,90,92,101,116,116,116,126,134,134,134,137,139,140,148],"damage_taken":[{"damage":1.0,"enemies":"Jaw Worm","floor":1.0,"turns":4.0},{"damage":0.0,"enemies":"Small Slimes","floor":2.0,"turns":3.0},{"damage":16.0,"enemies":"Gremlin Nob","floor":6.0,"turns":5.0},{"damage":1.0,"enemies":"Cultist","floor":10.0,"turns":4.0},{"damage":0.0,"enemies":"Looter","floor":13.0,"turns":4.0},{"damage":0.0,"enemies":"Exordium Thugs","floor":14.0,"turns":6.0},{"damage":19.0,"enemies":"The Guardian","floor":16.0,"turns":10.0},{"damage":0.0,"enemies":"theJungle:MUSHROOMGANG","floor":18.0,"turns":6.0},{"damage":0.0,"enemies":"theJungle:5_Spyders","floor":21.0,"turns":8.0},{"damage":16.0,"enemies":"theJungle:Lyon","floor":22.0,"turns":6.0},{"damage":20.0,"enemies":"theJungle:2_Flameangoes","floor":24.0,"turns":6.0},{"damage":0.0,"enemies":"theJungle:Snecko_Cultist_And_Trap","floor":25.0,"turns":7.0},{"damage":3.0,"enemies":"theJungle:Lyon","floor":27.0,"turns":5.0},{"damage":21.0,"enemies":"theJungle:2_Phrogs","floor":28.0,"turns":12.0},{"damage":10.0,"enemies":"theJungle:SlimyTreeVines","floor":29.0,"turns":8.0},{"damage":0.0,"enemies":"Snake Plant","floor":30.0,"turns":3.0},{"damage":0.0,"enemies":"theJungle:JungleHuntersEncounter","floor":31.0,"turns":7.0},{"damage":4.0,"enemies":"theJungle:QueenSpyder","floor":33.0,"turns":11.0},{"damage":0.0,"enemies":"3 Shapes","floor":35.0,"turns":5.0},{"damage":0.0,"enemies":"Orb Walker","floor":37.0,"turns":1.0},{"damage":8.0,"enemies":"Spire Growth","floor":38.0,"turns":8.0},{"damage":13.0,"enemies":"Nemesis","floor":40.0,"turns":9.0},{"damage":1,"enemies":"Writhing Mass","floor":42,"turns":6},{"damage":6,"enemies":"Sphere and 2 Shapes","floor":44,"turns":4},{"damage":0,"enemies":"Nightmare","floor":47,"turns":2},{"damage":22,"enemies":"Awakened One","floor":50,"turns":9},{"damage":12,"enemies":"Small Slimes","floor":52,"turns":2},{"damage":9,"enemies":"Cultist","floor":53,"turns":4},{"damage":0,"enemies":"Gremlin Nob","floor":54,"turns":2},{"damage":0,"enemies":"2 Louse","floor":55,"turns":2},{"damage":40,"enemies":"Looter","floor":59,"turns":4},{"damage":0,"enemies":"Hexaghost","floor":67,"turns":4},{"damage":1,"enemies":"theJungle:5_Spyders","floor":69,"turns":4},{"damage":13,"enemies":"theJungle:GiantWrat","floor":70,"turns":5},{"damage":0,"enemies":"theJungle:2_Snecko_Cultists","floor":72,"turns":4},{"damage":13,"enemies":"theJungle:2_Flameangoes","floor":73,"turns":6},{"damage":0,"enemies":"theJungle:Lyon","floor":76,"turns":2},{"damage":1,"enemies":"theJungle:2_Snecko_Cultists","floor":79,"turns":3},{"damage":3,"enemies":"theJungle:Snecko_Cultist_And_Trap","floor":80,"turns":4},{"damage":9,"enemies":"theJungle:SlimyTreeVines","floor":81,"turns":3},{"damage":16,"enemies":"theJungle:JungleHuntersEncounter","floor":82,"turns":5},{"damage":15,"enemies":"theJungle:QueenSpyder","floor":84,"turns":9},{"damage":3,"enemies":"Orb Walker","floor":86,"turns":4},{"damage":32,"enemies":"3 Darklings","floor":89,"turns":5},{"damage":10,"enemies":"4 Shapes","floor":90,"turns":8},{"damage":0,"enemies":"Reptomancer","floor":92,"turns":6},{"damage":14,"enemies":"Spire Growth","floor":97,"turns":4},{"damage":0,"enemies":"hubris:GrandSnecko","floor":101,"turns":1},{"damage":0,"enemies":"Small Slimes","floor":103,"turns":4},{"damage":0,"enemies":"Cultist","floor":104,"turns":2},{"damage":0,"enemies":"Jaw Worm","floor":107,"turns":3},{"damage":40,"enemies":"3 Sentries","floor":108,"turns":5},{"damage":3,"enemies":"Exordium Thugs","floor":110,"turns":3},{"damage":0,"enemies":"Exordium Wildlife","floor":113,"turns":3},{"damage":0,"enemies":"Blue Slaver","floor":115,"turns":1},{"damage":80,"enemies":"Nightmare","floor":116,"turns":11},{"damage":0,"enemies":"The Guardian","floor":118,"turns":2},{"damage":1,"enemies":"theJungle:5_Spyders","floor":120,"turns":5},{"damage":3,"enemies":"theJungle:Flameango_and_Byrd","floor":121,"turns":5},{"damage":44,"enemies":"Snake Plant","floor":122,"turns":4},{"damage":0,"enemies":"theJungle:2_Snecko_Cultists","floor":124,"turns":4},{"damage":10,"enemies":"theJungle:JungleHuntersEncounter","floor":126,"turns":7},{"damage":2,"enemies":"theJungle:Snecko_Cultist_And_Trap","floor":127,"turns":3},{"damage":0,"enemies":"theJungle:2_Snecko_Cultists","floor":129,"turns":3},{"damage":29,"enemies":"Snake Plant","floor":134,"turns":3},{"damage":0,"enemies":"infinitespire:LordOfFortification","floor":137,"turns":2},{"damage":7,"enemies":"3 Shapes","floor":139,"turns":5},{"damage":9,"enemies":"Orb Walker","floor":140,"turns":2},{"damage":19,"enemies":"Jaw Worm Horde","floor":141,"turns":3},{"damage":20,"enemies":"Mind Bloom Boss Battle","floor":142,"turns":6},{"damage":30,"enemies":"R_Hoarder","floor":145,"turns":11},{"damage":81,"enemies":"Transient","floor":148,"turns":3}],"seed_played":"-2705019803423680762","potions_obtained":[{"floor":1.0,"key":"Elixir"},{"floor":2.0,"key":"AttackPotion"},{"floor":6.0,"key":"Reflective Coating"},{"floor":16.0,"key":"FearPotion"},{"floor":22.0,"key":"Swift Potion"},{"floor":25.0,"key":"Adrenaline Potion"},{"floor":27.0,"key":"LiquidMemories"},{"floor":29.0,"key":"SkillPotion"},{"floor":30.0,"key":"LiquidMemories"},{"floor":31.0,"key":"Reflective Coating"},{"floor":33.0,"key":"PowerPotion"},{"floor":35.0,"key":"ColorlessPotion"},{"floor":37.0,"key":"SkillPotion"},{"floor":42,"key":"BlessingOfTheForge"},{"floor":47,"key":"Milkshake"},{"floor":50,"key":"ColorlessPotion"},{"floor":52,"key":"Strength Potion"},{"floor":53,"key":"Regen Potion"},{"floor":59,"key":"Doom Potion"},{"floor":67,"key":"Explosive Potion"},{"floor":72,"key":"Ancient Potion"},{"floor":76,"key":"Dexterity Potion"},{"floor":80,"key":"Regen Potion"},{"floor":86,"key":"Venom Potion"},{"floor":90,"key":"ColorlessPotion"},{"floor":97,"key":"EssenceOfSteel"},{"floor":108,"key":"BlessingOfTheForge"},{"floor":113,"key":"AttackPotion"},{"floor":115,"key":"Death Potion"},{"floor":116,"key":"SteroidPotion"},{"floor":122,"key":"Weak Potion"},{"floor":127,"key":"BlessingOfTheForge"},{"floor":129,"key":"Energy Potion"},{"floor":134,"key":"Swift Potion"},{"floor":137,"key":"Explosive Potion"},{"floor":139,"key":"Milkshake"},{"floor":145,"key":"DistilledChaos"}],"is_trial":false,"path_per_floor":["M","M","?","?","?","E","R","$","T","M","R","?","M","M","R","B",null,"M","$","AVR","M","M","R","M","M","T","M","E","M","M","M","R","B",null,"M","?","M","M","?","E","R","M","T","M","AVR","R","NM","?","R","B",null,"M","M","?","M","$","R","T","M","T","?","R","$","R","T","R","B",null,"M","M","T","M","M","R","$","M","T","?","M","M","M","M","R","B",null,"M","T","?","M","M","R","E","R","T","?","T","M","T","$","R","B",null,"M","M","?","?","M","E","R","M","T","T","M","?","M","NM","R","B",null,"M","M","M","?","M","R","M","M","T","M","PTL","PTL","R","?","M","T","R","B",null,"M","M","M","?","T","R","E","?","T","M"],"character_chosen":"RUNESMITH_CLASS","items_purchased":["hubris:EnhanceAbility","Runesmith:HammerThrow","Runesmith:ChiselStab","Runesmith:BackupBattery","Runesmith:Grindstone+1","HandOfGreed","Runesmith:HeatedChisel","Pear","Regal Pillow","Runesmith:DoubleUp+1","Runesmith:GrandSlam","hubris:EvacipatedBox"],"campfire_rested":12,"item_purchase_floors":[0,0,0,0,8,19,19,56,63,75,75,99],"current_hp_per_floor":[59,59,59,70,70,54,54,54,54,53,53,53,53,53,53,34,70,70,70,70,70,54,54,34,34,34,31,10,6,6,6,27,23,70,70,70,70,62,34,21,42,41,41,35,35,56,56,56,70,54,70,58,49,59,59,69,69,69,29,29,29,53,53,80,80,80,80,80,79,66,66,66,53,80,80,80,80,80,79,76,70,54,54,80,80,77,77,72,46,57,57,57,57,57,57,57,43,43,24,63,63,80,80,80,80,80,80,40,80,77,77,77,77,77,77,3,80,80,80,79,77,33,44,44,80,76,74,74,74,74,74,74,74,51,51,80,40,80,79,70,51,70,70,70,40,40,40,0,0],"gold":968,"neow_bonus":"","is_daily":false,"chose_seed":false,"campfire_upgraded":9,"win_rate":0.0,"timestamp":1612065314,"path_taken":["M","M","?","?","?","E","R","$","T","M","R","?","M","M","R","BOSS","M","?","AVR","M","M","R","M","M","T","M","E","M","M","M","R","BOSS","M","?","?","M","?","E","R","M","T","M","AVR","R","NM","?","R","BOSS","M","M","?","M","$","R","?","M","T","?","R","?","R","?","R","BOSS","M","M","?","M","?","R","$","?","T","?","M","M","M","M","R","BOSS","M","?","?","M","M","R","E","R","T","?","?","M","?","?","R","BOSS","M","M","?","?","M","E","R","M","T","?","M","?","M","NM","R","BOSS","M","M","M","?","M","R","M","M","T","M","PTL","PTL","R","?","M","?","R","BOSS","M","?","?","?","?","R","E","?","T","?"],"items_purchased_type":["Card","Card","Card","Card","Card","Card","Card","Relic","Relic","Card","Card","Relic"],"build_version":"2020-12-22","purchased_purges":0,"victory":false,"max_hp_per_floor":[70,70,70,70,70,70,70,70,70,70,70,70,70,70,70,70,70,70,70,70,70,70,70,70,70,70,70,70,70,70,70,70,70,70,70,70,70,70,70,70,70,70,70,70,70,70,70,70,70,70,70,70,70,70,70,80,80,80,80,80,80,80,80,80,80,80,80,80,80,80,80,80,80,80,80,80,80,80,80,80,80,80,80,80,80,80,80,80,80,80,80,80,80,80,80,80,80,80,80,80,80,80,80,80,80,80,80,80,80,80,80,80,80,80,80,80,80,80,80,80,80,80,80,80,80,80,80,80,80,80,80,80,80,80,80,80,80,80,80,80,80,94,94,94,94,94,94,94,94],"card_choices":[{"not_picked":["Runesmith:BackupBattery","Runesmith:RuneHurl"],"picked":"Runesmith:EarthShield","floor":1.0},{"not_picked":["Runesmith:UnstableHammer","Runesmith:MakeshiftArmor"],"picked":"Runesmith:NanitesCloud","floor":2.0},{"not_picked":["Runesmith:HammerAndChisel+1","Runesmith:UnstableHammer"],"picked":"Runesmith:EarthShield+1","floor":6.0},{"not_picked":["Runesmith:ChargedHammer","Runesmith:UnstableHammer"],"picked":"Runesmith:Repurpose+1","floor":10.0},{"not_picked":["Runesmith:ChargedHammer","Runesmith:ShiftingStrike"],"picked":"Runesmith:ArcReactor","floor":13.0},{"not_picked":["Runesmith:ElementalConversion+1","Runesmith:RuneHurl"],"picked":"Runesmith:ChiselStab","floor":14.0},{"not_picked":["Runesmith:LastStand+1","Runesmith:FissionHammer"],"picked":"Runesmith:Supernova+1","floor":16.0},{"not_picked":["Runesmith:RuneHurl+1","Runesmith:HammerThrow"],"picked":"Runesmith:CraftProtectio+1","floor":18.0},{"not_picked":["Runesmith:MakeshiftArmor+1","Runesmith:EarthShield+1"],"picked":"Runesmith:LithiumIon","floor":21.0},{"not_picked":["Runesmith:NanitesCloud+1","Runesmith:FissionHammer"],"picked":"Runesmith:ChiselStab","floor":22.0},{"not_picked":["Runesmith:BackupBattery+1","Runesmith:ChiselStab"],"picked":"Runesmith:EnergizedChisel","floor":24.0},{"not_picked":["Runesmith:Overpower","Runesmith:NegativeSpace+1"],"picked":"Runesmith:BackupBattery+1","floor":25.0},{"not_picked":["Runesmith:Grindstone+1","Runesmith:Overpower"],"picked":"Runesmith:StaticCage+1","floor":27.0},{"not_picked":["Runesmith:ChargedHammer+1","Runesmith:Permafrost"],"picked":"Runesmith:WhiteBalance","floor":28.0},{"not_picked":["Runesmith:Firestorm","Runesmith:EnergizedChisel"],"picked":"Runesmith:GoWithTheFlow","floor":29.0},{"not_picked":["Runesmith:HammerAndChisel+1","Runesmith:Augment+1"],"picked":"Runesmith:HeatExchange","floor":30.0},{"not_picked":["Runesmith:ChiselStab+1","Runesmith:CraftMedicinae+1"],"picked":"Runesmith:EarthShield+1","floor":31.0},{"not_picked":["Runesmith:FissionHammer","Runesmith:LastStand+1"],"picked":"Runesmith:ArcReactor","floor":33.0},{"not_picked":["Runesmith:ChaoticBlast+1","Runesmith:Accelerate+1"],"picked":"Runesmith:Terraform+1","floor":35.0},{"not_picked":["Runesmith:Superposition","Runesmith:EarthShield+1"],"picked":"Runesmith:CraftMagma+1","floor":37.0},{"not_picked":["Runesmith:Grindstone+1","Runesmith:OneForEveryone+1"],"picked":"Runesmith:GoWithTheFlow+1","floor":38.0},{"not_picked":["Runesmith:CraftProtectio+1","Runesmith:Firewall+1"],"picked":"Runesmith:RunicBlueprint+1","floor":39.0},{"not_picked":["Runesmith:NegativeSpace+1","Runesmith:Empowerment+1"],"picked":"Runesmith:RuneHurl","floor":39.0},{"not_picked":["aspiration:UnbridledHammer+1","Runesmith:RuneHurl+1"],"picked":"Runesmith:CraftProtectio+1","floor":39.0},{"not_picked":["Runesmith:Discharge+1","Runesmith:LithiumIon"],"picked":"Runesmith:CraftPrismatica+1","floor":40.0},{"not_picked":["Runesmith:NegativeSpace+1","Runesmith:RuneHurl"],"picked":"Runesmith:Permafrost+1","floor":42},{"not_picked":["Runesmith:BackupBattery+1","Runesmith:HeatedChisel+1"],"picked":"Runesmith:CraftObretio+1","floor":44},{"not_picked":["Runesmith:Repurpose+1","Runesmith:Overpower","Runesmith:ChaoticBlast+1"],"picked":"SKIP","floor":47},{"not_picked":["Runesmith:CraftMedicinae+1","Runesmith:Supernova+1"],"picked":"Runesmith:MetallurgicalResearch+1","floor":50},{"not_picked":["Runesmith:HeatedChisel","Runesmith:HammerAndChisel+1"],"picked":"Runesmith:ChiselStab","floor":52},{"not_picked":["Runesmith:Repurpose+1","Runesmith:CraftMagma+1"],"picked":"Runesmith:Prism+1","floor":53},{"not_picked":["Runesmith:Retool+1","Runesmith:RuneHurl"],"picked":"Runesmith:FrozenChisel","floor":54},{"not_picked":["Runesmith:RuneHurl","Runesmith:NanitesCloud+1"],"picked":"Runesmith:Grindstone+1","floor":55},{"not_picked":["Runesmith:RuneHurl","Runesmith:Repurpose+1","Runesmith:MakeshiftArmor+1"],"picked":"SKIP","floor":59},{"not_picked":["Runesmith:FissionHammer","Runesmith:Supernova+1"],"picked":"Runesmith:MetallurgicalResearch+1","floor":67},{"not_picked":["Runesmith:FrozenChisel","Runesmith:ChiselStab"],"picked":"Runesmith:CraftMagma+1","floor":69},{"not_picked":["Runesmith:ChiselStab","Runesmith:CraftMagma+1"],"picked":"Runesmith:CraftObretio+1","floor":70},{"not_picked":["Runesmith:Grindstone+1","Runesmith:HammerThrow"],"picked":"Runesmith:DuctTape","floor":72},{"not_picked":["Runesmith:Electrocute","Runesmith:EnergizedChisel"],"picked":"Runesmith:Grindstone+1","floor":73},{"not_picked":["Runesmith:Overpower","Runesmith:LithiumIon"],"picked":"Runesmith:GoWithTheFlow+1","floor":76},{"not_picked":["Runesmith:Repurpose+1","Runesmith:CraftMagma+1"],"picked":"Runesmith:StaticCage+1","floor":79},{"not_picked":["Runesmith:Retool+1","Runesmith:CraftProtectio+1","Runesmith:MakeshiftArmor+1"],"picked":"SKIP","floor":80},{"not_picked":["Runesmith:ShiftingStrike","Runesmith:Grindstone+1","Runesmith:EnergizedChisel"],"picked":"SKIP","floor":81},{"not_picked":["Runesmith:BackupBattery+1","Runesmith:MakeshiftArmor+1"],"picked":"Runesmith:EarthShield+1","floor":82},{"not_picked":["Runesmith:DuctTape","Runesmith:GenerateForcefield+1"],"picked":"Runesmith:CraftIndustria+1","floor":84},{"not_picked":["infinitespire:NeuralNetwork","infinitespire:Fortify"],"picked":"infinitespire:Starlight","floor":85},{"not_picked":["Runesmith:CraftProtectio+1","Runesmith:Overpower+1"],"picked":"Runesmith:Prism+1","floor":86},{"not_picked":["Master of Strategy+1","ReplayUltimateDefense"],"picked":"Bandage Up+1","floor":88},{"not_picked":["The Bomb+1","Metamorphosis+1"],"picked":"Panacea+1","floor":88},{"not_picked":["Runesmith:Overpower+1","Runesmith:StaticCage+1","Runesmith:Firewall+1"],"picked":"SKIP","floor":89},{"not_picked":["Runesmith:StaticCage+1","Runesmith:WhiteBalance+1","Runesmith:ElementalConversion+1"],"picked":"SKIP","floor":90},{"not_picked":["Runesmith:Repurpose+1","Runesmith:RuneHurl+1"],"picked":"Runesmith:DoubleUp+1","floor":92},{"not_picked":["Runesmith:HammerTime+1","Runesmith:OneForEveryone"],"picked":"Runesmith:Firestorm+1","floor":97},{"not_picked":["Runesmith:ChiselStab","Runesmith:EnergizedChisel"],"picked":"Runesmith:CraftProtectio+1","floor":103},{"not_picked":["Runesmith:CraftProtectio+1","Runesmith:EarthShield+1"],"picked":"Runesmith:Prism+1","floor":104},{"not_picked":["Runesmith:UnstableHammer","Runesmith:FrozenChisel"],"picked":"Runesmith:EarthShield+1","floor":107},{"not_picked":["Runesmith:ElementalConversion+1","Runesmith:UnstableHammer","Runesmith:Accelerate+1"],"picked":"SKIP","floor":108},{"not_picked":["Runesmith:HammerThrow","Runesmith:Prism+1","Runesmith:MakeshiftArmor+1"],"picked":"SKIP","floor":110},{"not_picked":["Runesmith:CraftIncendium+1","Runesmith:NanitesCloud+1"],"picked":"Runesmith:Reinforce+1","floor":113},{"not_picked":["Runesmith:Firewall+1","Runesmith:CraftProtectio+1","Runesmith:EarthShield+1"],"picked":"SKIP","floor":115},{"not_picked":["Runesmith:LightningRod+1","Runesmith:ElementalConversion+1","Runesmith:CraftProtectio+1"],"picked":"SKIP","floor":116},{"not_picked":["Runesmith:UnlimitedPower","Runesmith:ReplicatingBarrier"],"picked":"Runesmith:Duplicate+1","floor":118},{"not_picked":["Runesmith:FrozenChisel","Runesmith:RuneHurl+1","Runesmith:UnstableHammer"],"picked":"SKIP","floor":120},{"not_picked":["Runesmith:Accelerate+1","Runesmith:UnstableHammer"],"picked":"Runesmith:Empowerment+1","floor":121},{"not_picked":["Runesmith:HeatedChisel","Runesmith:HeatExchange","Runesmith:ChargedHammer"],"picked":"SKIP","floor":122},{"not_picked":["Runesmith:CraftVitae+1","Runesmith:ChiselStab","Runesmith:Overpower"],"picked":"SKIP","floor":124},{"not_picked":["Runesmith:CraftIncendium+1","Runesmith:Attraction+1","Runesmith:Overpower"],"picked":"SKIP","floor":126},{"not_picked":["Runesmith:EarthShield+1","Runesmith:DuctTape","Runesmith:BackupBattery+1"],"picked":"SKIP","floor":127},{"not_picked":["Runesmith:Prism+1","Runesmith:EnergizedChisel"],"picked":"Runesmith:PerfectChisel+1","floor":129},{"not_picked":["Runesmith:HeatExchange","Runesmith:ChiselStab","Runesmith:RunicBlueprint+1"],"picked":"SKIP","floor":134},{"not_picked":["Runesmith:Repurpose+1","Runesmith:RuneHurl+1","Runesmith:Grindstone+1"],"picked":"SKIP","floor":139},{"not_picked":["Runesmith:CraftMagma+1","Runesmith:Repurpose+1","Runesmith:Empowerment+1"],"picked":"SKIP","floor":140},{"not_picked":["Runesmith:RuneHurl","Runesmith:FrozenChisel+1"],"picked":"Runesmith:PoweredAnvil+1","floor":141},{"not_picked":["Runesmith:ChaoticBlast","Runesmith:Permafrost+1","Runesmith:MakeshiftArmor+1"],"picked":"SKIP","floor":145}],"player_experience":1206846,"relics_obtained":[{"floor":6.0,"key":"aspiration:DSix"},{"floor":9.0,"key":"Orichalcum"},{"floor":26.0,"key":"hubris:DuctTape"},{"floor":28.0,"key":"hubris:Reverence"},{"floor":40.0,"key":"Replay:WaspNest"},{"floor":43,"key":"The Courier"},{"floor":47,"key":"halation:AfternoonTea"},{"floor":51,"key":"Centennial Puzzle"},{"floor":51,"key":"Kunai"},{"floor":51,"key":"Lizard Tail"},{"floor":54,"key":"Replay:Mystery Machine"},{"floor":58,"key":"Tiny Chest"},{"floor":60,"key":"Gremlin Horn"},{"floor":65,"key":"Whetstone"},{"floor":66,"key":"Blue Candle"},{"floor":71,"key":"Garlic"},{"floor":77,"key":"hubris:DeckOfHolding"},{"floor":87,"key":"Golden Egg"},{"floor":92,"key":"Runesmith:Nanobots"},{"floor":94,"key":"Mummified Hand"},{"floor":96,"key":"halation:KoshaPiece"},{"floor":98,"key":"Replay:Bottled Flurry"},{"floor":108,"key":"Pantograph"},{"floor":111,"key":"hubris:SlimyHat"},{"floor":112,"key":"Quantum Egg"},{"floor":116,"key":"Omamori"},{"floor":128,"key":"hubris:PeanutButter"},{"floor":135,"key":"halation:PromiseList"},{"floor":142,"key":"Mango"},{"floor":143,"key":"hubris:MobiusCoin"},{"floor":145,"key":"Replay:Accelerometer"},{"floor":147,"key":"hubris:TenFootPole"}],"event_choices":[{"damage_healed":17.0,"max_hp_gain":0.0,"max_hp_loss":0.0,"gold_gain":0.0,"event_name":"The Cleric","player_choice":"Healed","floor":4.0,"gold_loss":35.0,"damage_taken":0.0},{"damage_healed":0.0,"max_hp_gain":0.0,"max_hp_loss":0.0,"gold_gain":0.0,"cards_transformed":["Injury"],"event_name":"Transmorgrifier","player_choice":"Transformed","floor":12.0,"gold_loss":0.0,"damage_taken":0.0,"cards_obtained":["Runesmith:GenerateForcefield"]},{"damage_healed":0,"gold_gain":0,"player_choice":"Ignored","damage_taken":0,"max_hp_gain":0,"max_hp_loss":0,"event_name":"Tomb of Lord Red Mask","floor":48,"gold_loss":0},{"damage_healed":0,"gold_gain":0,"player_choice":"Searched \u00271\u0027 times","damage_taken":0,"max_hp_gain":0,"max_hp_loss":0,"event_name":"Dead Adventurer","floor":54,"gold_loss":0},{"damage_healed":0,"gold_gain":0,"player_choice":"Memory 2","damage_taken":5,"max_hp_gain":0,"max_hp_loss":0,"event_name":"SensoryStone","floor":88,"gold_loss":0},{"damage_healed":0,"gold_gain":0,"player_choice":"Ignored","damage_taken":0,"max_hp_gain":0,"max_hp_loss":0,"event_name":"Tomb of Lord Red Mask","floor":95,"gold_loss":0},{"damage_healed":0,"gold_gain":0,"cards_transformed":["aspiration:UnbridledHammer"],"player_choice":"Transformed","damage_taken":0,"max_hp_gain":0,"max_hp_loss":0,"event_name":"Transmorgrifier","floor":106,"gold_loss":0,"cards_obtained":["Runesmith:WhiteBalance"]},{"damage_healed":0,"gold_gain":175,"player_choice":"AGREE","damage_taken":0,"max_hp_gain":0,"max_hp_loss":0,"event_name":"Liars Game","floor":114,"gold_loss":0,"cards_obtained":["Doubt"]},{"damage_healed":0,"gold_gain":0,"player_choice":"Fight","damage_taken":0,"max_hp_gain":0,"max_hp_loss":0,"event_name":"MindBloom","floor":142,"gold_loss":0},{"damage_healed":0,"gold_gain":0,"player_choice":"Ignored","damage_taken":0,"max_hp_gain":0,"max_hp_loss":0,"event_name":"The Moai Head","floor":146,"gold_loss":0}],"is_beta":false,"boss_relics":[{"not_picked":["halation:Prosthetics","halation:Risk"],"picked":"SacredBark"},{"not_picked":["infinitespire:Cupcake","Runesmith:PocketReactor"],"picked":"Pandora\u0027s Box"},{"not_picked":["Kintsugi","hubris:GrandSneckoEye"],"picked":"Calling Bell"},{"not_picked":["Fusion Hammer","Coffee Dripper"],"picked":"Replay:Fungal Core"},{"not_picked":["Runic Pyramid","halation:SmartPhone"],"picked":"aspiration:PoetsPen_weak"},{"not_picked":["halation:CatFaceCupcake","Cursed Key","aspiration:RunicSpoon"],"picked":"hubris:HollowSoul"},{"not_picked":["Replay:Drink Me","Busted Crown","halation:LoveArrow","halation:Risk"]},{"not_picked":["halation:PinkAlligatorPlush","Runic Dome","hubris:TerracottaHorce","Painkiller Herb"]}],"items_purged_floors":[],"is_endless":true,"potions_floor_spawned":[1,2,6,16,22,25,27,29,30,31,33,35,37,42,47,50,52,53,59,67,72,76,80,86,90,97,108,113,115,116,122,127,129,134,137,139,145],"killed_by":"Transient","ascension_level":0}}