{"host":"2se5dq1do2gp0x9k","time":1612066572,"event":{"mods":["AchievementEnabler","BaseMod","Block Reminder","Colored Map","Colored Powertips","Minty Spire (QoL Compilation)","Relic Stats","StSLib","SuperFastMode"],"gold_per_floor":[114,134,147,121,131,131,131],"floor_reached":6,"language":"ENG","playtime":299,"items_purged":[],"score":76,"play_id":"0fbf6e70-89ef-4b6b-9cbf-366c9b3e7076","local_time":"20210130201612","is_ascension_mode":true,"campfire_choices":[],"circlet_count":0,"master_deck":["AscendersBane","Eruption","Vigilance","Blasphemy","EmptyBody","SashWhip","CutThroughFate","Wallop","Vault","WreathOfFlame","Adaptation","DeceiveReality","TalkToTheHand","FlurryOfBlows","ThirdEye"],"relics":["Pandora\u0027s Box"],"acts_visited":["Exordium"],"potions_floor_usage":[],"damage_taken":[{"damage":0.0,"enemies":"2 Louse","floor":1.0,"turns":1.0},{"damage":5.0,"enemies":"Jaw Worm","floor":2.0,"turns":4.0},{"damage":0.0,"enemies":"Cultist","floor":3.0,"turns":3.0},{"damage":13.0,"enemies":"Exordium Thugs","floor":4.0,"turns":5.0},{"damage":4.0,"enemies":"2 Fungi Beasts","floor":5.0,"turns":2.0},{"damage":68,"enemies":"Gremlin Nob","floor":6,"turns":4}],"seed_played":"643975136623599574","potions_obtained":[{"floor":1.0,"key":"GamblersBrew"}],"is_trial":false,"path_per_floor":["M","M","M","M","M","E"],"character_chosen":"WATCHER","items_purchased":[],"campfire_rested":0,"item_purchase_floors":[],"current_hp_per_floor":[61,56,56,43,39,0,0],"gold":131,"neow_bonus":"BOSS_RELIC","is_daily":false,"chose_seed":false,"campfire_upgraded":0,"win_rate":0.0,"timestamp":1612066572,"path_taken":["M","M","M","M","M","E"],"items_purchased_type":[],"build_version":"2020-12-22","purchased_purges":0,"victory":false,"max_hp_per_floor":[68,68,68,68,68,68,68],"relic_stats":{"counters":[6,19],"Pandora\u0027s Box":["Blasphemy","EmptyBody","SashWhip","CutThroughFate","Wallop","Vault","WreathOfFlame","Adaptation"],"obtain_stats":[{"Pandora\u0027s Box":0,"PureWater":0},{"Pandora\u0027s Box":0,"PureWater":0},{"Pandora\u0027s Box":0,"PureWater":0}]},"card_choices":[{"not_picked":["CutThroughFate","Sanctity"],"picked":"DeceiveReality","floor":1.0},{"not_picked":["FlurryOfBlows","EmptyFist","Prostrate"],"picked":"SKIP","floor":2.0},{"not_picked":["FollowUp","SashWhip"],"picked":"TalkToTheHand","floor":3.0},{"not_picked":["FollowUp","Fasting2"],"picked":"FlurryOfBlows","floor":4.0},{"not_picked":["BowlingBash","Evaluate"],"picked":"ThirdEye","floor":5.0}],"player_experience":4010009,"relics_obtained":[],"event_choices":[],"is_beta":false,"boss_relics":[],"items_purged_floors":[],"is_endless":false,"potions_floor_spawned":[1],"killed_by":"Gremlin Nob","ascension_level":18}}