{"host":"guv5thfpx4d8ikzb","time":1612106279,"event":{"mods":["2.2 Compatiblity","AchievementEnabler","BaseMod","Block Reminder","Colored Map","Colored Powertips","Downfall","Minty Spire (QoL Compilation)","Permanent Neow","Quick Restart","Relic Stats","Replay The Spire","StSLib"],"gold_per_floor":[99,115,84,102,120,147,147,160,160,193,193,223,223,254,254,351,351,362,374,391,410,104,147,147,169,220,220,249,268,608,635,635,733,733,748,84,101,101,123,165,165,203,250,250,288,300,300,110,0,0,0,0,67,96,96],"floor_reached":56,"language":"ENG","playtime":4098,"items_purged":["hexamod:Strike","hexamod:Strike","hexamod:Strike","hexamod:Defend+1"],"score":2430,"play_id":"f5433cb2-b566-4565-a3dd-ab267ecf3b5b","local_time":"20210131101759","daily_mods":["Heirloom"],"is_ascension_mode":true,"campfire_choices":[{"data":"Feel No Pain","floor":7,"key":"SMITH"},{"data":"Carnage","floor":7,"key":"SMITH"},{"data":"hexamod:SuperheatedStrike","floor":13,"key":"SMITH"},{"data":"hexamod:Sear","floor":13,"key":"SMITH"},{"data":"1","floor":15,"key":"LIFT"},{"data":"hexamod:Float","floor":24,"key":"SMITH"},{"data":"hexamod:GhostLash","floor":24,"key":"SMITH"},{"data":"2","floor":27,"key":"LIFT"},{"data":"3","floor":32,"key":"LIFT"},{"floor":41,"key":"RECALL"},{"data":"hexamod:Defend","floor":47,"key":"SMITH"},{"data":"hexamod:Strike","floor":47,"key":"SMITH"},{"floor":52,"key":"REST"}],"circlet_count":0,"master_deck":["hexamod:Strike+1","hexamod:Sear+1","hexamod:Float+1","hexamod:NightmareGuise+1","hexamod:NightmareGuise+1","Feel No Pain+1","Carnage+1","hexamod:TimeOfNeed+1","hexamod:SuperheatedStrike+1","hexamod:ShieldOfDarkness+1","hexamod:FlamesFromBeyond+1","hexamod:GiftsFromTheDead+1","hexamod:UnleashSpirits+1","hexamod:FlamesFromBeyond+1","hexamod:GhostLash+1","hexamod:RecurringNightmare+1","hexamod:SuperheatedStrike+1","hexamod:SecondSeal","hexamod:EtherealExpedition+1","hexamod:EtherealExpedition+1","hexamod:EtherealExpedition+1","Sadistic Nature+1","hexamod:NightmareStrike+1","hexamod:EtherealExpedition+1","hexamod:RecurringNightmare+1","hexamod:Haunt+1","hexamod:RecurringNightmare+1","hexamod:RecurringNightmare+1","hexamod:RecurringNightmare+1","hexamod:WildfireWeapon+1","hexamod:FlamesFromBeyond+1","hexamod:FlamesFromBeyond+1","hexamod:EtherealExpedition+1","Sadistic Nature+1","Pot Of Greed+1","Pot Of Greed+1","Pot Of Greed+1","Pot Of Greed+1","hexamod:TimeWarp+1","hexamod:Hexaguard+1","hexamod:SoulSteal+1","ReplayTheSpireMod:Uncanny Aura+1","hexamod:GiftsFromTheDead+1","Sadistic Nature+1","Feel No Pain+1","hexamod:ExtraCrispy+1","ReplayTheSpireMod:Private Reserves+1","ReplayTheSpireMod:Necrogeddon+1","hexamod:EtherealExpedition+1"],"relics":["Toxic Egg 2","Question Card","Golden Egg","Prayer Wheel","Girya","Replay:Arrowhead","m_DevilBlood","hexamod:JarOfFuel","WingedGreaves","Bottled Tornado","Turnip","Boot","Bottled Tornado","Bag of Preparation","Black Star","Sozu","Toy Ornithopter","FossilizedHelix","hexamod:BolsterEngine","Ice Cream","Bag of Preparation","Old Coin","Onion Ring","Empty Cage","hexamod:RecyclingMachine","Grinning Jar","Pondfish Scales","Quantum Egg","Pet Ghost","Bird Faced Urn","Toxic Egg 2","Smiling Mask","Ornamental Fan","PreservedInsect","Red Mask","Blue Doll","DollysMirror","Garlic","Replay:Ringing Soul","Guardian:GemstoneGun"],"acts_visited":["Exordium","TheCity","TheBeyond","TheEnding"],"potions_floor_usage":[],"damage_taken":[{"damage":0,"enemies":"Cultist","floor":2,"turns":1},{"damage":0,"enemies":"Jaw Worm","floor":4,"turns":1},{"damage":0,"enemies":"Small Slimes","floor":5,"turns":1},{"damage":0,"enemies":"Lagavulin","floor":6,"turns":1},{"damage":7,"enemies":"Looter","floor":8,"turns":3},{"damage":16,"enemies":"3 Sentries","floor":10,"turns":7},{"damage":3,"enemies":"Replay:BlueRogue","floor":12,"turns":4},{"damage":0,"enemies":"Gremlin Nob","floor":14,"turns":3},{"damage":0,"enemies":"The Guardian","floor":16,"turns":6},{"damage":0,"enemies":"Chosen","floor":18,"turns":3},{"damage":0,"enemies":"Spheric Guardian","floor":19,"turns":3},{"damage":0,"enemies":"Snake Plant","floor":20,"turns":3},{"damage":0,"enemies":"Cultist and Chosen","floor":21,"turns":3},{"damage":6,"enemies":"Slavers","floor":23,"turns":3},{"damage":0,"enemies":"Centurion and Healer","floor":25,"turns":4},{"damage":0,"enemies":"Book of Stabbing","floor":28,"turns":3},{"damage":0,"enemies":"Chosen and Byrds","floor":29,"turns":3},{"damage":0,"enemies":"Slavers","floor":30,"turns":2},{"damage":0,"enemies":"Shelled Parasite and Fungi","floor":31,"turns":3},{"damage":0,"enemies":"Collector","floor":33,"turns":3},{"damage":0,"enemies":"3 Shapes","floor":35,"turns":1},{"damage":0,"enemies":"Orb Walker","floor":37,"turns":1},{"damage":0,"enemies":"Reptomancer","floor":40,"turns":4},{"damage":0,"enemies":"R_Hoarder","floor":42,"turns":3},{"damage":0,"enemies":"Giant Head","floor":45,"turns":3},{"damage":0,"enemies":"4 Shapes","floor":46,"turns":3},{"damage":0,"enemies":"Donu and Deca","floor":50,"turns":4},{"damage":0,"enemies":"Shield and Spear","floor":54,"turns":3},{"damage":0,"enemies":"The Heart","floor":55,"turns":3}],"seed_played":"6593567839566281295","potions_obtained":[{"floor":2,"key":"Dexterity Potion"},{"floor":4,"key":"Flashbang"},{"floor":12,"key":"DistilledChaos"}],"is_trial":true,"path_per_floor":["?","M","$","M","M","E","R","M","T","E","?","E","R","E","R","B",null,"M","M","M","M","$","E","R","M","T","R","E","M","E","M","R","B",null,"M","$","M","?","?","E","R","E","T","?","E","M","R","$","R_BF","B",null,"R","$","E","B",null],"character_chosen":"THE_SPIRIT","items_purchased":["hexamod:JarOfFuel","Sadistic Nature","hexamod:NightmareStrike","hexamod:RecyclingMachine","hexamod:EtherealExpedition+1","Sadistic Nature","Grinning Jar","Sadistic Nature","Blue Doll","DollysMirror","hexamod:ExtraCrispy","Garlic","ReplayTheSpireMod:Private Reserves+1","ReplayTheSpireMod:Necrogeddon"],"campfire_rested":1,"item_purchase_floors":[3,22,22,36,36,36,36,48,53,53,53,53,53,53],"current_hp_per_floor":[63,63,63,63,63,63,63,58,58,50,50,53,53,59,59,70,70,70,70,70,70,70,70,70,70,70,70,70,70,70,70,70,70,70,70,70,70,70,53,63,63,70,70,60,70,70,70,70,70,70,70,70,70,73,73],"gold":96,"neow_bonus":"","is_daily":false,"chose_seed":false,"campfire_upgraded":8,"win_rate":0.0,"timestamp":1612106279,"path_taken":["?","?","$","M","M","E","R","M","T","E","?","E","R","E","R","BOSS","M","M","?","M","$","E","R","M","T","R","E","M","E","M","R","BOSS","M","$","M","?","?","E","R","E","T","?","E","M","R","$","R_BF","BOSS","R","$","E","BOSS"],"items_purchased_type":["Relic","Card","Card","Relic","Card","Card","Relic","Card","Relic","Relic","Card","Relic","Card","Card"],"build_version":"2020-12-22","purchased_purges":4,"victory":true,"max_hp_per_floor":[70,70,70,70,70,70,70,70,70,70,70,70,70,70,70,70,70,70,70,70,70,70,70,70,70,70,70,70,70,70,70,70,70,70,70,70,70,70,70,70,70,70,70,70,70,70,70,70,70,70,70,70,70,73,73],"relic_stats":{"counters":[29,85],"PreservedInsect":68,"Bag of Preparation":[68],"Question Card":45,"Boot":[10],"Smiling Mask":100,"Sozu":5,"Ornamental Fan":[28],"Bird Faced Urn":[10],"Prayer Wheel":14,"Turnip":[11],"Black Star":7,"obtain_stats":[{"hexamod:JarOfFuel":3,"Ice Cream":28,"Golden Egg":0,"m_DevilBlood":1,"Blue Doll":53,"Bag of Preparation":15,"Bottled Tornado":10,"Boot":14,"Empty Cage":34,"Smiling Mask":43,"Pet Ghost":40,"Old Coin":30,"Sozu":17,"Replay:Ringing Soul":54,"DollysMirror":53,"Prayer Wheel":0,"WingedGreaves":9,"Red Mask":49,"hexamod:RecyclingMachine":36,"Toxic Egg 2":0,"hexamod:SpiritBrand":0,"Girya":0,"Replay:Towering Pillar of Hats":6,"Quantum Egg":40,"Guardian:GemstoneGun":54,"PreservedInsect":45,"Question Card":0,"Replay:Arrowhead":0,"Pondfish Scales":39,"Ornamental Fan":45,"Bird Faced Urn":42,"Onion Ring":30,"Turnip":12,"Black Star":17,"Garlic":53,"hexamod:BolsterEngine":26,"Grinning Jar":36,"Toy Ornithopter":23,"FossilizedHelix":23},{"hexamod:JarOfFuel":1,"Ice Cream":16,"Golden Egg":0,"m_DevilBlood":0,"Blue Doll":27,"Bag of Preparation":8,"Bottled Tornado":6,"Boot":8,"Empty Cage":20,"Smiling Mask":24,"Pet Ghost":23,"Old Coin":18,"Sozu":9,"Replay:Ringing Soul":28,"DollysMirror":27,"Prayer Wheel":0,"WingedGreaves":5,"Red Mask":26,"hexamod:RecyclingMachine":21,"Toxic Egg 2":0,"hexamod:SpiritBrand":0,"Girya":0,"Replay:Towering Pillar of Hats":4,"Quantum Egg":23,"Guardian:GemstoneGun":28,"PreservedInsect":25,"Question Card":0,"Replay:Arrowhead":0,"Pondfish Scales":22,"Ornamental Fan":25,"Bird Faced Urn":24,"Onion Ring":18,"Turnip":7,"Black Star":9,"Garlic":27,"hexamod:BolsterEngine":15,"Grinning Jar":21,"Toy Ornithopter":14,"FossilizedHelix":14},{"hexamod:JarOfFuel":1,"Ice Cream":49,"Golden Egg":0,"m_DevilBlood":0,"Blue Doll":79,"Bag of Preparation":21,"Bottled Tornado":14,"Boot":21,"Empty Cage":60,"Smiling Mask":69,"Pet Ghost":66,"Old Coin":54,"Sozu":27,"Replay:Ringing Soul":82,"DollysMirror":79,"Prayer Wheel":0,"WingedGreaves":7,"Red Mask":75,"hexamod:RecyclingMachine":61,"Toxic Egg 2":0,"hexamod:SpiritBrand":0,"Girya":0,"Replay:Towering Pillar of Hats":4,"Quantum Egg":66,"Guardian:GemstoneGun":82,"PreservedInsect":72,"Question Card":0,"Replay:Arrowhead":0,"Pondfish Scales":62,"Ornamental Fan":72,"Bird Faced Urn":69,"Onion Ring":54,"Turnip":18,"Black Star":27,"Garlic":79,"hexamod:BolsterEngine":46,"Grinning Jar":61,"Toy Ornithopter":42,"FossilizedHelix":42}],"Toy Ornithopter":0},"card_choices":[{"not_picked":["hexamod:HeatCrush","hexamod:SwordOfDarkness","hexamod:FlamesFromBeyond+1"],"picked":"hexamod:NightmareGuise+1","floor":2},{"not_picked":["hexamod:SwordOfDarkness","hexamod:AdvancingGuard+1","hexamod:NightmareStrike"],"picked":"hexamod:NightmareGuise+1","floor":2},{"not_picked":["hexamod:EtherealExpedition+1","True Grit+1","hexamod:ThermalTransfer"],"picked":"Feel No Pain","floor":4},{"not_picked":["Sentinel+1","hexamod:SpectralAdrenaline+1","hexamod:Incineration","hexamod:RainOfEmbers"],"picked":"SKIP","floor":4},{"not_picked":["True Grit+1","hexamod:ThirdSeal","hexamod:GhostShield+1"],"picked":"Carnage","floor":5},{"not_picked":["hexamod:GhostOfSpirePast","hexamod:GhostShield+1","hexamod:ShieldOfDarkness+1","hexamod:HeatMetal"],"picked":"SKIP","floor":5},{"not_picked":["hexamod:GhostOfSpireFuture","hexamod:RadiantFlame","hexamod:NightmareGuise+1"],"picked":"hexamod:TimeOfNeed+1","floor":6},{"not_picked":["hexamod:NightmareGuise+1","hexamod:EmpoweredFlame","hexamod:HeatMetal"],"picked":"hexamod:SuperheatedStrike","floor":8},{"not_picked":["hexamod:BurningTouch+1","hexamod:ThermalTransfer","hexamod:DynamicBlow","hexamod:HeatMetal"],"picked":"SKIP","floor":8},{"not_picked":["hexamod:HauntingEcho","hexamod:InspiringFlames+1","hexamod:ExtraCrispy","hexamod:ThermalTransfer"],"picked":"SKIP","floor":10},{"not_picked":["hexamod:FifthSeal","hexamod:DynamicBlow","hexamod:SuperheatedStrike"],"picked":"hexamod:FlamesFromBeyond+1","floor":12},{"not_picked":["hexamod:FlamesFromBeyond+1","hexamod:FourthSeal","hexamod:EmpoweredFlame"],"picked":"hexamod:GiftsFromTheDead","floor":14},{"not_picked":["hexamod:FlameSwitch+1","hexamod:WildfireWeapon","hexamod:TimeWarp"],"picked":"hexamod:UnleashSpirits","floor":16},{"not_picked":["hexamod:BacktrackSmack+1","hexamod:AdvancingGuard+1","hexamod:HeatShield+1"],"picked":"hexamod:FlamesFromBeyond+1","floor":18},{"not_picked":["hexamod:Firestarter","hexamod:Again+1","hexamod:HeatMetal"],"picked":"hexamod:GhostLash","floor":18},{"not_picked":["hexamod:RadiantFlame","hexamod:Hexaguard+1","hexamod:ShieldOfDarkness+1"],"picked":"hexamod:RecurringNightmare+1","floor":19},{"not_picked":["hexamod:AdvancingGuard+1","hexamod:Again+1","hexamod:RadiantFlame"],"picked":"hexamod:SuperheatedStrike+1","floor":19},{"not_picked":["hexamod:Firestarter","hexamod:GhostflameBarrier+1","hexamod:FourthSeal"],"picked":"hexamod:SecondSeal","floor":20},{"not_picked":["hexamod:PhantomCloak","hexamod:SuperheatedStrike","hexamod:SearingWound+1","hexamod:HauntingEcho"],"picked":"SKIP","floor":20},{"not_picked":["hexamod:PhantomCloak","hexamod:SuperheatedStrike","hexamod:SearingWound+1","hexamod:HauntingEcho"],"picked":"SKIP","floor":20},{"not_picked":["hexamod:ThirdSeal","hexamod:SuperheatedStrike","hexamod:HauntingEcho"],"picked":"hexamod:EtherealExpedition+1","floor":21},{"not_picked":["hexamod:BacktrackSmack","hexamod:SwordOfDarkness","hexamod:Firestarter","hexamod:SecondSeal"],"picked":"SKIP","floor":21},{"not_picked":["hexamod:Again+1","hexamod:EmpoweredFlame","hexamod:SkipABeat+1","hexamod:BacktrackSmack"],"picked":"SKIP","floor":23},{"not_picked":["hexamod:NightmareGuise+1","hexamod:Firestarter+1","hexamod:GhostOfSpireFuture"],"picked":"hexamod:EtherealExpedition+1","floor":25},{"not_picked":["hexamod:SpectersWail","hexamod:RainOfEmbers+1","hexamod:CatchUp+1","hexamod:Firestarter"],"picked":"SKIP","floor":25},{"not_picked":["hexamod:SuperheatedStrike","hexamod:WildfireWeapon","hexamod:SwordOfDarkness"],"picked":"hexamod:RecurringNightmare+1","floor":28},{"not_picked":["hexamod:InspiringFlames+1","hexamod:NightmareGuise+1","hexamod:GhostOfSpireFuture"],"picked":"hexamod:Haunt+1","floor":29},{"not_picked":["hexamod:Firestarter","hexamod:BacktrackSmack","hexamod:ThermalTransfer+1"],"picked":"hexamod:RecurringNightmare+1","floor":29},{"not_picked":["hexamod:ThermalTransfer","hexamod:RadiantFlame","hexamod:GhostShield+1"],"picked":"hexamod:RecurringNightmare+1","floor":30},{"not_picked":["hexamod:SuperheatedStrike+1","hexamod:Toasty","hexamod:Firestarter"],"picked":"hexamod:RecurringNightmare+1","floor":31},{"not_picked":["hexamod:Firestarter+1","hexamod:BacktrackSmack+1","hexamod:GhostLash+1","hexamod:Again+1"],"picked":"SKIP","floor":31},{"not_picked":["hexamod:Firestarter+1","hexamod:BacktrackSmack+1","hexamod:GhostLash+1","hexamod:Again+1"],"picked":"SKIP","floor":31},{"not_picked":["hexamod:ApocalypticArmor","hexamod:ForkedFlame","hexamod:TurnItUp+1"],"picked":"hexamod:WildfireWeapon","floor":33},{"not_picked":["hexamod:NightmareGuise+1","hexamod:Again+1","hexamod:GhostLash+1"],"picked":"hexamod:FlamesFromBeyond+1","floor":35},{"not_picked":["hexamod:InspiringFlames+1","hexamod:GhostLash","hexamod:FastForward+1"],"picked":"hexamod:FlamesFromBeyond+1","floor":35},{"not_picked":["hexamod:Firestarter+1","hexamod:RadiantFlame","hexamod:HauntingEcho"],"picked":"hexamod:TimeWarp","floor":37},{"not_picked":["hexamod:StepThrough","hexamod:NightmareGuise+1","hexamod:HeatCrush","hexamod:BurningTouch+1"],"picked":"SKIP","floor":37},{"not_picked":["hexamod:NightmareGuise+1","hexamod:ShieldOfDarkness+1","hexamod:BacktrackSmack"],"picked":"hexamod:Hexaguard+1","floor":39},{"not_picked":["hexamod:GhostOfSpireFuture","hexamod:GhostShield+1","hexamod:SwordOfDarkness+1","hexamod:SpectralSpark+1"],"picked":"SKIP","floor":40},{"not_picked":["hexamod:GhostShield+1","hexamod:SuperheatedStrike","hexamod:BacktrackSmack+1"],"picked":"hexamod:SoulSteal+1","floor":42},{"not_picked":["Replay:Sssssssssstrike","Poisoned Strike","Mind Blast"],"picked":"ReplayTheSpireMod:Uncanny Aura+1","floor":44},{"not_picked":["hexamod:EtherealExpedition+1","hexamod:NecessarySacrifice+1","hexamod:RecurringNightmare+1"],"picked":"hexamod:GiftsFromTheDead","floor":45},{"not_picked":["hexamod:Hexaguard+1","hexamod:StepThrough","hexamod:Rewind+1","hexamod:ThermalTransfer+1"],"picked":"SKIP","floor":46},{"not_picked":["hexamod:NecessarySacrifice+1","hexamod:SpectralSpark+1","hexamod:HauntingEcho","hexamod:FastForward+1"],"picked":"SKIP","floor":46},{"not_picked":["hexamod:SuperheatedStrike","hexamod:FourthSeal","hexamod:HeatMetal+1"],"picked":"hexamod:EtherealExpedition+1","floor":54}],"player_experience":1144529,"relics_obtained":[{"floor":6,"key":"Replay:Towering Pillar of Hats"},{"floor":9,"key":"WingedGreaves"},{"floor":10,"key":"Bottled Tornado"},{"floor":12,"key":"Turnip"},{"floor":14,"key":"Boot"},{"floor":23,"key":"Toy Ornithopter"},{"floor":23,"key":"FossilizedHelix"},{"floor":26,"key":"hexamod:BolsterEngine"},{"floor":28,"key":"Ice Cream"},{"floor":28,"key":"Bag of Preparation"},{"floor":30,"key":"Old Coin"},{"floor":30,"key":"Onion Ring"},{"floor":39,"key":"Pondfish Scales"},{"floor":40,"key":"Quantum Egg"},{"floor":40,"key":"Pet Ghost"},{"floor":42,"key":"Bird Faced Urn"},{"floor":42,"key":"Toxic Egg 2"},{"floor":43,"key":"Smiling Mask"},{"floor":45,"key":"Ornamental Fan"},{"floor":45,"key":"PreservedInsect"},{"floor":54,"key":"Replay:Ringing Soul"},{"floor":54,"key":"Guardian:GemstoneGun"}],"event_choices":[{"damage_healed":0,"gold_gain":0,"cards_transformed":["hexamod:Defend"],"player_choice":"Transformed","damage_taken":0,"max_hp_gain":0,"max_hp_loss":0,"event_name":"Transmorgrifier","floor":11,"gold_loss":0,"cards_obtained":["hexamod:ShieldOfDarkness"]},{"damage_healed":0,"gold_gain":0,"player_choice":"Memory 3","damage_taken":10,"max_hp_gain":0,"max_hp_loss":0,"event_name":"SensoryStone","floor":44,"gold_loss":0},{"damage_healed":0,"gold_gain":0,"player_choice":"Paid","damage_taken":0,"relics_obtained":["Red Mask"],"max_hp_gain":0,"max_hp_loss":0,"event_name":"Tomb of Lord Red Mask","floor":49,"gold_loss":110}],"is_beta":false,"boss_relics":[{"not_picked":["Busted Crown","Velvet Choker"],"picked":"Black Star"},{"not_picked":["Sozu","Ring of Chaos"],"picked":"Empty Cage"}],"items_purged_floors":[3,22,36,53],"is_endless":false,"potions_floor_spawned":[2,4,12,16,21,23,25,30,40,45,46],"ascension_level":7}}