{"host":"dowi7cgbhepuzvpj","time":1612098460,"event":{"mods":["AchievementEnabler","BaseMod","Keyboard Shortcuts","Minty Spire (QoL Compilation)","Permanent Neow","Quick Restart","StSLib","SuperFastMode"],"gold_per_floor":[118,118,135,148,160,190,265,265,290,290,215,246,246,263,263,334,334,350,363,363,4,29,29,29],"floor_reached":23,"language":"KOR","playtime":865,"items_purged":["Strike_R"],"score":548,"play_id":"894da2ec-19be-48be-8d65-48058440ed07","local_time":"20210131220740","is_ascension_mode":true,"campfire_choices":[{"data":"Barricade","floor":8,"key":"SMITH"},{"data":"Shrug It Off","floor":15,"key":"SMITH"}],"circlet_count":0,"master_deck":["AscendersBane","Strike_R","Strike_R","Defend_R","Defend_R","Defend_R","Defend_R","Bash","Impervious","Power Through","Evolve+1","Barricade+1","Inflame","Shrug It Off+1","Ghostly Armor","Flame Barrier","Limit Break"],"relics":["Black Blood","Oddly Smooth Stone","Vajra","Bottled Tornado","Mark of Pain","Bag of Preparation","Tiny Chest","Ancient Tea Set","Blood Vial","InkBottle","HornCleat","Red Mask"],"acts_visited":["Exordium","TheCity"],"potions_floor_usage":[6,22,22],"damage_taken":[{"damage":6,"enemies":"Small Slimes","floor":1,"turns":4},{"damage":0,"enemies":"Cultist","floor":3,"turns":3},{"damage":0,"enemies":"2 Louse","floor":4,"turns":2},{"damage":0,"enemies":"2 Fungi Beasts","floor":5,"turns":3},{"damage":14,"enemies":"3 Sentries","floor":6,"turns":8},{"damage":0,"enemies":"Lagavulin","floor":12,"turns":8},{"damage":0,"enemies":"3 Louse","floor":14,"turns":4},{"damage":0,"enemies":"Slime Boss","floor":16,"turns":15},{"damage":0,"enemies":"Chosen","floor":18,"turns":8},{"damage":15,"enemies":"Shell Parasite","floor":19,"turns":8},{"damage":62,"enemies":"Masked Bandits","floor":22,"turns":7},{"damage":32,"enemies":"Slavers","floor":23,"turns":4}],"seed_played":"-1035640034038371498","potions_obtained":[{"floor":1,"key":"DistilledChaos"},{"floor":3,"key":"Explosive Potion"},{"floor":6,"key":"PowerPotion"},{"floor":16,"key":"Explosive Potion"}],"is_trial":false,"path_per_floor":["M","?","M","M","M","E","?","R","T","?","?","E","T","M","R","B",null,"M","M","?","$","?","E"],"character_chosen":"IRONCLAD","items_purchased":["HornCleat"],"campfire_rested":0,"item_purchase_floors":[21],"current_hp_per_floor":[68,68,74,75,75,67,56,56,56,56,56,62,62,70,70,75,75,75,72,72,72,24,0,0],"gold":29,"neow_bonus":"ONE_RANDOM_RARE_CARD","is_daily":false,"chose_seed":false,"campfire_upgraded":2,"win_rate":0.0,"timestamp":1612098460,"path_taken":["M","?","?","M","M","E","?","R","T","?","?","E","?","M","R","BOSS","M","M","?","$","?","E"],"items_purchased_type":["Relic"],"build_version":"2020-12-22","purchased_purges":1,"victory":false,"max_hp_per_floor":[75,75,75,75,75,75,75,75,75,75,75,75,75,75,75,75,75,75,75,75,75,75,75,75],"card_choices":[{"not_picked":["Clothesline","Thunderclap"],"picked":"Power Through","floor":1},{"not_picked":["True Grit","Clothesline"],"picked":"Barricade","floor":3},{"not_picked":["Flex","Combust"],"picked":"Inflame","floor":4},{"not_picked":["Evolve","Pommel Strike"],"picked":"Shrug It Off","floor":5},{"not_picked":["Anger","Havoc"],"picked":"Ghostly Armor","floor":6},{"not_picked":["Perfected Strike","Pommel Strike"],"picked":"Flame Barrier","floor":12},{"not_picked":["Inflame","Sword Boomerang","Wild Strike"],"picked":"SKIP","floor":14},{"not_picked":["Corruption","Brutality"],"picked":"Limit Break","floor":16},{"not_picked":["Ghostly Armor","Sword Boomerang","Wild Strike"],"picked":"SKIP","floor":18},{"not_picked":["Bloodletting","Heavy Blade","Shrug It Off"],"picked":"SKIP","floor":19}],"player_experience":859128,"relics_obtained":[{"floor":6,"key":"Tiny Chest"},{"floor":9,"key":"Ancient Tea Set"},{"floor":12,"key":"Blood Vial"},{"floor":13,"key":"InkBottle"},{"floor":22,"key":"Red Mask"}],"event_choices":[{"damage_healed":0,"gold_gain":0,"player_choice":"Gave Potion","damage_taken":0,"relics_obtained":["Bag of Preparation"],"max_hp_gain":0,"max_hp_loss":0,"event_name":"WeMeetAgain","floor":2,"gold_loss":0},{"damage_healed":0,"gold_gain":75,"player_choice":"Gather Gold","damage_taken":11,"max_hp_gain":0,"max_hp_loss":0,"event_name":"World of Goop","floor":7,"gold_loss":0},{"cards_removed":["Strike_R"],"damage_healed":0,"gold_gain":0,"player_choice":"Forget","damage_taken":0,"max_hp_gain":0,"max_hp_loss":0,"event_name":"Living Wall","floor":10,"gold_loss":0},{"cards_removed":["Strike_R"],"damage_healed":0,"gold_gain":0,"player_choice":"Card Removal","damage_taken":0,"max_hp_gain":0,"max_hp_loss":0,"event_name":"The Cleric","floor":11,"gold_loss":75},{"damage_healed":0,"gold_gain":0,"player_choice":"Ignored","damage_taken":0,"max_hp_gain":0,"max_hp_loss":0,"event_name":"Ghosts","floor":20,"gold_loss":0},{"damage_healed":0,"gold_gain":0,"player_choice":"Fought Bandits","damage_taken":0,"max_hp_gain":0,"max_hp_loss":0,"event_name":"Masked Bandits","floor":22,"gold_loss":0}],"is_beta":false,"boss_relics":[{"not_picked":["Ectoplasm","Snecko Eye"],"picked":"Black Blood"}],"items_purged_floors":[21],"is_endless":false,"potions_floor_spawned":[1,3,6,16,19],"killed_by":"Slavers","ascension_level":20}}