{"host":"nxma0dbhh74lxenq","time":1612102518,"event":{"mods":["Astrologer","BaseMod","Beaked The Cultist","CapriCore","Colored Map","DeckTracker","Gremlin Mod","HololiveMod","KinomotoSakuraMod(ñÿîVñ{?)","Koishi","Mad Scientist","Minty Spire (QoL Compilation)","Prisma Mod","StSLib","SuperFastMode","The Bladedancer","The Cursed","The Immortal","The Mystic","YoumuÅiç∞ÈÆódöÎÅj"],"gold_per_floor":[209,227,70,70,70,102,102,112,112,138,138,163,180,180,180,304,304,329,329,347,347,262,262,277,293,338,338,356,129,228,245,245,347,347,359,9,19,19,36,36,36,36,36,53,73,173,173,25,25,25],"floor_reached":51,"language":"JPN","playtime":8685,"items_purged":["Koishi:BasicStrike","Koishi:BasicStrike"],"score":993,"play_id":"6df8d632-d514-4cd4-8554-13f1390822bb","local_time":"20210131231518","is_ascension_mode":true,"campfire_choices":[{"data":"Koishi:StingingMind","floor":7,"key":"SMITH"},{"data":"Koishi:SubterraneanRose","floor":15,"key":"SMITH"},{"data":"Koishi:PredatoryInstincts","floor":27,"key":"SMITH"},{"data":"Koishi:JumpScare","floor":32,"key":"SMITH"},{"data":"Koishi:PredatoryInstincts","floor":40,"key":"SMITH"},{"data":"Koishi:Vanish","floor":42,"key":"SMITH"},{"data":"Flash of Steel","floor":47,"key":"SMITH"},{"data":"Koishi:SpiritedAway","floor":49,"key":"SMITH"}],"circlet_count":0,"master_deck":["AscendersBane","Koishi:BasicStrike","Koishi:BasicStrike","Koishi:BasicDefend","Koishi:BasicDefend","Koishi:BasicDefend","Koishi:BasicDefend","Koishi:Provoke+1","Koishi:HauntingSlash","Koishi:Jaunt","Koishi:StingingMind+1","Koishi:ParalyzingFear","Koishi:Vanish+1","Koishi:Jaunt","Koishi:Provoke","Koishi:SubterraneanRose+1","Koishi:SpiritedAway+1","Koishi:RuptureMind","Koishi:UnseenTerror+1","Koishi:PredatoryInstincts+1","Koishi:PhantomBarrier","Koishi:Prune","Koishi:PredatoryInstincts+1","Koishi:JumpScare+1","Koishi:UnconsciousUrges+1","Koishi:SilentAndRestless","Koishi:SubconsciousSweep+1","Koishi:Catatonia+1","Flash of Steel+1","Koishi:TremblingHands+1"],"relics":["Koishi:ImaginaryFriend","Lantern","Kunai","InkBottle","Blood Vial","Odd Mushroom","Koishi:AHoleWhereASisterShouldBe","Bloody Idol","Coffee Dripper","Eternal Feather","Enchiridion","Happy Flower","Koishi:BloodstainedWhiteRose","Busted Crown","Shuriken","StrikeDummy","Gremlin Horn","TheAbacus"],"acts_visited":["Exordium","TheCity","TheBeyond"],"potions_floor_usage":[10,16,24,33,50],"damage_taken":[{"damage":5,"enemies":"Jaw Worm","floor":1,"turns":5},{"damage":5,"enemies":"2 Louse","floor":2,"turns":3},{"damage":18,"enemies":"3 Sentries","floor":6,"turns":9},{"damage":1,"enemies":"Cultist","floor":8,"turns":3},{"damage":9,"enemies":"The Mushroom Lair","floor":10,"turns":4},{"damage":12,"enemies":"Lagavulin","floor":12,"turns":7},{"damage":0,"enemies":"Blue Slaver","floor":13,"turns":3},{"damage":42,"enemies":"Hexaghost","floor":16,"turns":16},{"damage":6,"enemies":"Chosen","floor":18,"turns":4},{"damage":16,"enemies":"2 Thieves","floor":20,"turns":4},{"damage":8,"enemies":"Sentry and Sphere","floor":24,"turns":6},{"damage":24,"enemies":"Shelled Parasite and Fungi","floor":25,"turns":6},{"damage":10,"enemies":"3 Cultists","floor":28,"turns":6},{"damage":8,"enemies":"Centurion and Healer","floor":31,"turns":7},{"damage":54,"enemies":"Collector","floor":33,"turns":19},{"damage":4,"enemies":"Orb Walker","floor":35,"turns":4},{"damage":8,"enemies":"3 Shapes","floor":37,"turns":4},{"damage":1,"enemies":"Transient","floor":39,"turns":5},{"damage":4,"enemies":"Maw","floor":44,"turns":6},{"damage":17,"enemies":"Sphere and 2 Shapes","floor":45,"turns":4},{"damage":37,"enemies":"Donu and Deca","floor":50,"turns":9}],"seed_played":"2215010202776009975","potions_obtained":[{"floor":1,"key":"Weak Potion"},{"floor":2,"key":"FearPotion"},{"floor":10,"key":"SpeedPotion"},{"floor":18,"key":"DuplicationPotion"},{"floor":24,"key":"Fruit Juice"},{"floor":31,"key":"FearPotion"},{"floor":44,"key":"Explosive Potion"},{"floor":45,"key":"Regen Potion"}],"is_trial":false,"path_per_floor":["M","M","$","?","?","E","R","M","T","?","?","E","M","?","R","B",null,"M","?","M","?","?","?","M","M","T","R","M","$","?","M","R","B",null,"M","$","M","?","M","R","?","R","T","M","M","?","R","$","R","B",null],"character_chosen":"KOISHI","items_purchased":["Lantern","Koishi:BloodstainedWhiteRose","Shuriken","TheAbacus"],"campfire_rested":0,"item_purchase_floors":[3,29,36,48],"current_hp_per_floor":[51,47,47,44,44,31,31,34,34,32,32,37,43,43,43,16,46,49,49,47,47,47,31,44,50,55,61,61,61,61,61,61,61,61,61,61,61,51,61,61,61,61,61,61,61,61,61,61,61,61],"gold":25,"neow_bonus":"HUNDRED_GOLD","is_daily":false,"chose_seed":false,"campfire_upgraded":8,"win_rate":0.0,"timestamp":1612102518,"path_taken":["M","M","$","?","?","E","R","?","T","?","?","E","?","?","R","BOSS","M","?","M","?","?","?","M","M","T","R","M","$","?","M","R","BOSS","M","$","M","?","M","R","?","R","T","?","M","?","R","?","R","BOSS"],"items_purchased_type":["Relic","Relic","Relic","Relic"],"build_version":"2020-12-22","purchased_purges":2,"victory":true,"max_hp_per_floor":[60,60,60,60,60,60,60,60,60,60,60,60,60,56,56,56,56,56,56,56,56,56,56,61,61,61,61,61,61,61,61,61,61,61,61,61,61,61,61,61,61,61,61,61,61,61,61,61,61,61],"card_choices":[{"not_picked":["Koishi:FidgetySnatcher","Koishi:ReleaseOfTheId"],"picked":"Koishi:Jaunt","floor":1},{"not_picked":["Koishi:Prune","Koishi:GeneticsOfTheUnconscious"],"picked":"Koishi:StingingMind","floor":2},{"not_picked":["Koishi:SpiritedAway","Koishi:MindNumbingTerror"],"picked":"Koishi:ParalyzingFear","floor":6},{"not_picked":["Koishi:SprinkleStarAndHeart","Koishi:StingingMind","Koishi:HeartAttack"],"picked":"SKIP","floor":8},{"not_picked":["Koishi:FleetingPhantom","Koishi:HeartfeltFancy"],"picked":"Koishi:Vanish","floor":10},{"not_picked":["Koishi:RacingHeart","Koishi:RuptureMind"],"picked":"Koishi:SubterraneanRose","floor":12},{"not_picked":["Koishi:ReleaseOfTheId","Koishi:BloodcurdlingScream"],"picked":"Koishi:SpiritedAway","floor":13},{"not_picked":["Koishi:FormlessExistence","Koishi:RollingInRichesHeart"],"picked":"Koishi:RuptureMind","floor":16},{"not_picked":["Koishi:BloodcurdlingScream","Koishi:ParalyzingFear"],"picked":"Koishi:UnseenTerror+1","floor":18},{"not_picked":["Koishi:CatchAndRose","Koishi:UnconsciousUprising"],"picked":"Koishi:PhantomBarrier","floor":20},{"not_picked":["Koishi:DreadfulBlow","Koishi:FadingMemory"],"picked":"Koishi:Prune","floor":24},{"not_picked":["Koishi:ReleaseOfTheId","Koishi:SpiritedAway"],"picked":"Koishi:PredatoryInstincts","floor":25},{"not_picked":["Koishi:SpiritedAway+1","Koishi:SubconsciousSweep"],"picked":"Koishi:JumpScare","floor":28},{"not_picked":["Koishi:PhantomStrike","Koishi:SubterraneanRose"],"picked":"Koishi:UnconsciousUrges+1","floor":31},{"not_picked":["Koishi:ImGoingToCallYouNow","Koishi:TerrifyingSpectre"],"picked":"Koishi:SilentAndRestless","floor":33},{"not_picked":[],"picked":"Koishi:SubconsciousSweep+1","floor":35},{"not_picked":[],"picked":"Koishi:Catatonia+1","floor":37},{"not_picked":[],"picked":"Flash of Steel","floor":38},{"not_picked":["Koishi:JumpScare"],"picked":"SKIP","floor":39},{"not_picked":["Koishi:SprinkleStarAndHeart"],"picked":"SKIP","floor":44},{"not_picked":[],"picked":"Koishi:TremblingHands+1","floor":45}],"player_experience":547116,"relics_obtained":[{"floor":6,"key":"InkBottle"},{"floor":9,"key":"Blood Vial"},{"floor":10,"key":"Odd Mushroom"},{"floor":12,"key":"Koishi:AHoleWhereASisterShouldBe"},{"floor":23,"key":"Enchiridion"},{"floor":26,"key":"Happy Flower"},{"floor":43,"key":"Gremlin Horn"}],"event_choices":[{"damage_healed":0,"gold_gain":0,"player_choice":"Success","damage_taken":3,"relics_obtained":["Kunai"],"max_hp_gain":0,"max_hp_loss":0,"event_name":"Scrap Ooze","floor":4,"gold_loss":0},{"damage_healed":0,"gold_gain":0,"player_choice":"Upgraded","damage_taken":0,"max_hp_gain":0,"max_hp_loss":0,"event_name":"Upgrade Shrine","floor":5,"gold_loss":0,"cards_upgraded":["Koishi:Provoke"]},{"damage_healed":0,"gold_gain":0,"player_choice":"Fought Mushrooms","damage_taken":0,"max_hp_gain":0,"max_hp_loss":0,"event_name":"Mushrooms","floor":10,"gold_loss":0},{"damage_healed":0,"gold_gain":0,"player_choice":"2 cards matched","damage_taken":0,"max_hp_gain":0,"max_hp_loss":0,"event_name":"Match and Keep!","floor":11,"gold_loss":0,"cards_obtained":["Koishi:Jaunt","Koishi:Provoke"]},{"damage_healed":0,"gold_gain":0,"player_choice":"Lose Max HP","damage_taken":0,"relics_obtained":["Golden Idol"],"max_hp_gain":0,"max_hp_loss":4,"event_name":"Golden Idol","floor":14,"gold_loss":0},{"damage_healed":0,"gold_gain":0,"player_choice":"Read","damage_taken":0,"max_hp_gain":0,"max_hp_loss":0,"event_name":"The Library","floor":19,"gold_loss":0,"cards_obtained":["Koishi:PredatoryInstincts"]},{"damage_healed":0,"gold_gain":0,"player_choice":"Gave Idol","damage_taken":0,"relics_obtained":["Bloody Idol"],"max_hp_gain":0,"max_hp_loss":0,"event_name":"Forgotten Altar","floor":21,"relics_lost":["Golden Idol"],"gold_loss":0},{"damage_healed":0,"gold_gain":0,"player_choice":"Obtained Relic","damage_taken":0,"relics_obtained":["Eternal Feather"],"max_hp_gain":0,"max_hp_loss":0,"event_name":"Addict","floor":22,"gold_loss":85},{"damage_healed":0,"gold_gain":0,"player_choice":"Obtained Book","damage_taken":16,"max_hp_gain":0,"max_hp_loss":0,"event_name":"Cursed Tome","floor":23,"gold_loss":0},{"damage_healed":0,"gold_gain":99,"player_choice":"Stole From Cult","damage_taken":0,"max_hp_gain":0,"max_hp_loss":0,"event_name":"Nest","floor":30,"gold_loss":0},{"damage_healed":0,"gold_gain":0,"player_choice":"Memory 3","damage_taken":10,"max_hp_gain":0,"max_hp_loss":0,"event_name":"SensoryStone","floor":38,"gold_loss":0},{"damage_healed":0,"gold_gain":0,"player_choice":"Gave Potion","damage_taken":0,"relics_obtained":["StrikeDummy"],"max_hp_gain":0,"max_hp_loss":0,"event_name":"WeMeetAgain","floor":41,"gold_loss":0},{"damage_healed":0,"gold_gain":100,"player_choice":"Pray","damage_taken":0,"max_hp_gain":0,"max_hp_loss":0,"event_name":"Golden Shrine","floor":46,"gold_loss":0}],"is_beta":false,"boss_relics":[{"not_picked":["Hololive_TopUpMoneyS","Sozu"],"picked":"Coffee Dripper"},{"not_picked":["Pandora\u0027s Box","Philosopher\u0027s Stone"],"picked":"Busted Crown"}],"items_purged_floors":[29,36],"is_endless":false,"potions_floor_spawned":[1,2,10,18,20,24,31,44,45],"ascension_level":12}}