{"host":"qgvpd00zvzorrg7j","time":1612131976,"event":{"mods":["BaseMod","Colored Map","Minty Spire (QoL Compilation)","Quick Restart","StSLib"],"gold_per_floor":[111,36,36,48,48,48,82,82,107,138,138,52,52,2,2,98,98,118,43,43,43,63,63,63],"floor_reached":23,"language":"ENG","playtime":449,"items_purged":["Defend_B","Zap","Strike_B"],"score":338,"play_id":"6043d80c-cf22-40fd-a8b0-5e1d4bb8eb9c","local_time":"20210131172616","is_ascension_mode":true,"campfire_choices":[{"data":"Gash","floor":6.0,"key":"SMITH"},{"data":"Gash","floor":8.0,"key":"SMITH"},{"data":"Recycle","floor":15.0,"key":"SMITH"}],"circlet_count":0,"master_deck":["AscendersBane","Strike_B","Strike_B","Defend_B","Defend_B","Defend_B","Gash+1","Gash+1","Recycle+1","Scrape","Buffer","Gash"],"relics":["Cracked Core","NeowsBlessing","Mercury Hourglass","Vajra","Smiling Mask","Runic Pyramid"],"acts_visited":["Exordium","TheCity"],"potions_floor_usage":[16,16,22],"damage_taken":[{"damage":0.0,"enemies":"Cultist","floor":1.0,"turns":1.0},{"damage":0.0,"enemies":"Small Slimes","floor":4.0,"turns":1.0},{"damage":0.0,"enemies":"Gremlin Nob","floor":7.0,"turns":1.0},{"damage":25.0,"enemies":"Lagavulin","floor":10.0,"turns":5.0},{"damage":46,"enemies":"The Guardian","floor":16,"turns":9},{"damage":0,"enemies":"Spheric Guardian","floor":18,"turns":3},{"damage":12,"enemies":"2 Thieves","floor":22,"turns":3},{"damage":55,"enemies":"Book of Stabbing","floor":23,"turns":4}],"seed_played":"1706407393680146599","potions_obtained":[{"floor":1.0,"key":"EssenceOfSteel"},{"floor":3.0,"key":"EntropicBrew"},{"floor":3.0,"key":"AttackPotion"},{"floor":16,"key":"Swift Potion"},{"floor":22,"key":"LiquidMemories"}],"is_trial":false,"path_per_floor":["M","$","?","M","$","R","E","R","T","E","?","$","?","$","R","B",null,"M","?","$","?","M","E"],"character_chosen":"DEFECT","items_purchased":["Scrape"],"campfire_rested":0,"item_purchase_floors":[12],"current_hp_per_floor":[68,68,68,68,68,68,68,68,68,43,48,48,48,48,48,11,63,63,63,63,63,51,0,0],"gold":63,"neow_bonus":"THREE_ENEMY_KILL","is_daily":false,"chose_seed":false,"campfire_upgraded":3,"win_rate":0.0,"timestamp":1612131976,"path_taken":["M","$","?","?","$","R","E","R","T","E","?","?","?","$","R","BOSS","M","?","$","?","?","E"],"items_purchased_type":["Card"],"build_version":"2020-12-22","purchased_purges":3,"victory":false,"max_hp_per_floor":[75,75,75,75,75,75,75,75,75,75,80,80,80,80,80,80,80,80,80,80,80,80,80,80],"card_choices":[{"not_picked":["Heatsinks","Conserve Battery"],"picked":"Gash","floor":1.0},{"not_picked":["Cold Snap","Sunder","Redo"],"picked":"SKIP","floor":4.0},{"not_picked":["Beam Cell","Steam Power"],"picked":"Gash","floor":7.0},{"not_picked":["Barrage","Go for the Eyes"],"picked":"Recycle","floor":10.0},{"not_picked":["Fission","Meteor Strike"],"picked":"Buffer","floor":16},{"not_picked":["Skim","Cold Snap","Redo"],"picked":"SKIP","floor":18},{"not_picked":["Coolheaded","Steam+1"],"picked":"Gash","floor":22}],"player_experience":583861,"relics_obtained":[{"floor":7.0,"key":"Mercury Hourglass"},{"floor":9.0,"key":"Vajra"},{"floor":10.0,"key":"Smiling Mask"}],"event_choices":[{"damage_healed":0.0,"max_hp_gain":0.0,"max_hp_loss":0.0,"gold_gain":0.0,"event_name":"Lab","player_choice":"Got Potions","floor":3.0,"gold_loss":0.0,"damage_taken":0.0},{"damage_healed":0.0,"max_hp_gain":5.0,"max_hp_loss":0.0,"gold_gain":0.0,"event_name":"Big Fish","player_choice":"Donut","floor":11.0,"gold_loss":0.0,"damage_taken":0.0},{"cards_removed":["Dualcast"],"damage_healed":0.0,"max_hp_gain":0.0,"max_hp_loss":0.0,"gold_gain":0.0,"event_name":"Living Wall","player_choice":"Forget","floor":13.0,"gold_loss":0.0,"damage_taken":0.0},{"cards_removed":["Strike_B"],"damage_healed":0,"gold_gain":0,"player_choice":"Gave Gold","damage_taken":0,"max_hp_gain":0,"max_hp_loss":0,"event_name":"Beggar","floor":19,"gold_loss":75},{"damage_healed":0,"gold_gain":0,"player_choice":"Ignored","damage_taken":0,"max_hp_gain":0,"max_hp_loss":0,"event_name":"Vampires","floor":21,"gold_loss":0}],"is_beta":false,"boss_relics":[{"not_picked":["Cursed Key","Fusion Hammer"],"picked":"Runic Pyramid"}],"items_purged_floors":[2,12,14],"is_endless":false,"potions_floor_spawned":[1,10,16,22],"killed_by":"Book of Stabbing","ascension_level":11}}