{"host":"bq4pt811tk9yrmjl","time":1612057074,"event":{"mods":["AchievementEnabler","BaseMod","Colored Map","Colored Powertips","Defuse TimeMaze Blight","Hermit","Minty Spire (QoL Compilation)","Smile Girya","StSLib","SuperFastMode"],"gold_per_floor":[109,127,127,127,202,232,232,258,258,258,271,126,73,90,90,190,190,201,126,126,225,209,209,240,251,274,286,304,204,204,214,214,316,316,327,339,339,356,356,356],"floor_reached":39,"language":"ENG","playtime":881,"items_purged":["Anger","Strike_R"],"score":458,"play_id":"18ebbc6b-7d02-4e4d-85c4-de44c142e535","local_time":"20210130233754","is_ascension_mode":true,"campfire_choices":[{"data":"Armaments","floor":7.0,"key":"SMITH"},{"data":"Metallicize","floor":10.0,"key":"SMITH"},{"data":"Metallicize","floor":15.0,"key":"SMITH"},{"data":"Body Slam","floor":23.0,"key":"SMITH"},{"floor":32,"key":"REST"}],"circlet_count":0,"master_deck":["Strike_R","Strike_R","Strike_R","Strike_R","Defend_R","Defend_R","Defend_R","Defend_R","Bash","Body Slam+1","Armaments+1","Metallicize+1","Metallicize+1","Rampage","Rage","Juggernaut","Whirlwind+1"],"relics":["Burning Blood","NeowsBlessing","White Beast Statue","Nunchaku","Lizard Tail","Medical Kit","Velvet Choker","Boot","Mark of Pain"],"acts_visited":["Exordium","TheCity","TheBeyond"],"potions_floor_usage":[31,33,36],"damage_taken":[{"damage":0.0,"enemies":"2 Louse","floor":1.0,"turns":1.0},{"damage":0.0,"enemies":"Small Slimes","floor":2.0,"turns":1.0},{"damage":0.0,"enemies":"3 Sentries","floor":6.0,"turns":2.0},{"damage":39.0,"enemies":"Gremlin Nob","floor":8.0,"turns":6.0},{"damage":2.0,"enemies":"Jaw Worm","floor":11.0,"turns":4.0},{"damage":17.0,"enemies":"Exordium Wildlife","floor":14.0,"turns":6.0},{"damage":19.0,"enemies":"Hexaghost","floor":16.0,"turns":12.0},{"damage":3.0,"enemies":"Chosen","floor":18.0,"turns":5.0},{"damage":5.0,"enemies":"2 Thieves","floor":22.0,"turns":4.0},{"damage":50.0,"enemies":"Slavers","floor":24.0,"turns":10.0},{"damage":15.0,"enemies":"Sentry and Sphere","floor":25.0,"turns":8.0},{"damage":1.0,"enemies":"Centurion and Healer","floor":27.0,"turns":7.0},{"damage":25.0,"enemies":"Cultist and Chosen","floor":28.0,"turns":9.0},{"damage":5,"enemies":"Snake Plant","floor":31,"turns":6},{"damage":63,"enemies":"Champ","floor":33,"turns":14},{"damage":21,"enemies":"3 Darklings","floor":35,"turns":8},{"damage":9,"enemies":"3 Shapes","floor":36,"turns":8},{"damage":36,"enemies":"Jaw Worm Horde","floor":38,"turns":7},{"damage":0,"enemies":"Spire Growth","floor":39,"turns":1}],"seed_played":"-8258998772808679545","potions_obtained":[{"floor":2.0,"key":"SpeedPotion"},{"floor":8.0,"key":"ElixirPotion"},{"floor":11.0,"key":"GamblersBrew"},{"floor":16.0,"key":"Regen Potion"},{"floor":18.0,"key":"Block Potion"},{"floor":22.0,"key":"BloodPotion"},{"floor":24.0,"key":"DistilledChaos"},{"floor":25.0,"key":"DistilledChaos"},{"floor":27.0,"key":"ElixirPotion"},{"floor":28.0,"key":"Dexterity Potion"},{"floor":31,"key":"FearPotion"},{"floor":33,"key":"Fire Potion"},{"floor":36,"key":"LiquidBronze"}],"is_trial":false,"path_per_floor":["M","M","$","?","?","E","R","E","T","R","M","$","$","M","R","B",null,"M","$","?","?","M","R","E","M","T","M","M","$","?","M","R","B",null,"M","M","?","M","M"],"character_chosen":"IRONCLAD","items_purchased":["Medical Kit","Anger"],"campfire_rested":1,"item_purchase_floors":[12,13],"current_hp_per_floor":[80,80,80,80,69,75,75,42,42,42,46,46,46,35,35,22,80,80,80,80,80,80,80,67,58,58,63,44,44,44,45,69,12,80,65,62,62,32,32,32],"gold":356,"neow_bonus":"THREE_ENEMY_KILL","is_daily":false,"chose_seed":false,"campfire_upgraded":4,"win_rate":0.0,"timestamp":1612057074,"path_taken":["M","M","$","?","?","E","R","E","T","R","M","?","$","?","R","BOSS","M","$","?","?","?","R","E","M","T","M","M","$","?","M","R","BOSS","M","M","?","M","M"],"items_purchased_type":["Relic","Card"],"build_version":"2020-12-22","purchased_purges":2,"victory":false,"max_hp_per_floor":[80,80,80,80,80,80,80,80,80,80,80,80,80,80,80,80,80,80,80,80,80,80,80,80,80,80,80,80,80,80,80,80,80,80,80,80,80,80,80,80],"card_choices":[{"not_picked":["Havoc","Pommel Strike"],"picked":"Body Slam","floor":1.0},{"not_picked":["Sentinel","Carnage"],"picked":"Armaments","floor":2.0},{"not_picked":["Heavy Blade","Dropkick","Infernal Blade"],"picked":"SKIP","floor":6.0},{"not_picked":["Perfected Strike","Armaments"],"picked":"Metallicize","floor":8.0},{"not_picked":["Warcry","Shrug It Off"],"picked":"Metallicize","floor":11.0},{"not_picked":["Juggernaut","Clothesline"],"picked":"Rampage","floor":14.0},{"not_picked":["Iron Wave+1","True Grit"],"picked":"Rage","floor":18.0},{"not_picked":["Iron Wave","Clothesline","Ghostly Armor"],"picked":"SKIP","floor":22.0},{"not_picked":["Immolate","Sword Boomerang","Headbutt"],"picked":"SKIP","floor":24.0},{"not_picked":["Flex","Sword Boomerang+1","Cleave"],"picked":"SKIP","floor":25.0},{"not_picked":["Headbutt","Heavy Blade","Ghostly Armor"],"picked":"SKIP","floor":27.0},{"not_picked":["Body Slam","Flex+1"],"picked":"Inflame","floor":28.0},{"not_picked":["Body Slam","Warcry+1","Reckless Charge"],"picked":"SKIP","floor":31},{"not_picked":["Fiend Fire","Impervious"],"picked":"Juggernaut","floor":33},{"not_picked":["Armaments","Havoc+1","Cleave"],"picked":"SKIP","floor":35},{"not_picked":["Dark Embrace+1","Havoc","Twin Strike+1"],"picked":"SKIP","floor":36},{"not_picked":["Power Through+1","Wild Strike"],"picked":"Whirlwind+1","floor":38}],"player_experience":288057,"relics_obtained":[{"floor":6.0,"key":"White Beast Statue"},{"floor":8.0,"key":"Nunchaku"},{"floor":9.0,"key":"Lizard Tail"},{"floor":24.0,"key":"Boot"}],"event_choices":[{"damage_healed":0.0,"max_hp_gain":0.0,"max_hp_loss":0.0,"gold_gain":0.0,"event_name":"The Cleric","player_choice":"Leave","floor":4.0,"gold_loss":0.0,"damage_taken":0.0},{"damage_healed":0.0,"max_hp_gain":0.0,"max_hp_loss":0.0,"gold_gain":75.0,"event_name":"World of Goop","player_choice":"Gather Gold","floor":5.0,"gold_loss":0.0,"damage_taken":11.0},{"damage_healed":0.0,"max_hp_gain":0.0,"max_hp_loss":0.0,"gold_gain":0.0,"event_name":"Ghosts","player_choice":"Ignored","floor":20.0,"gold_loss":0.0,"damage_taken":0.0},{"damage_healed":0.0,"max_hp_gain":0.0,"max_hp_loss":0.0,"gold_gain":99.0,"event_name":"Nest","player_choice":"Stole From Cult","floor":21.0,"gold_loss":0.0,"damage_taken":0.0},{"damage_healed":0,"gold_gain":0,"player_choice":"Ignored","damage_taken":0,"max_hp_gain":0,"max_hp_loss":0,"event_name":"Cursed Tome","floor":30,"gold_loss":0},{"cards_removed":["Inflame"],"damage_healed":0,"gold_gain":0,"player_choice":"Removed Power","damage_taken":0,"max_hp_gain":0,"max_hp_loss":0,"event_name":"Falling","floor":37,"gold_loss":0}],"is_beta":false,"boss_relics":[{"not_picked":["Coffee Dripper","Runic Pyramid"],"picked":"Velvet Choker"},{"not_picked":["Astrolabe","Pandora\u0027s Box"],"picked":"Mark of Pain"}],"items_purged_floors":[19,29],"is_endless":false,"potions_floor_spawned":[2,8,11,14,16,18,22,24,25,27,28,31,33,35,36,38],"killed_by":"Spire Growth","ascension_level":1}}