{"host":"ekyl8r8j8fco3zlk","time":1612098298,"event":{"mods":["ATMod(∞¢Ë™Mod)","Act Like it!","Arknights","BaseMod","CapriCore","Decade(Õı–°√˜)","Dota2Spire","Friendly Minions","Gensokyo","Marisa£®ÏF”Í°°ƒß¿Ì…≥£©","Minty Spire (QoL Compilation)","READ ME - Guardian Mod","Rare Cards Sparkle","Reimu£®≤©¿ˆ¡È√Œ£©","StSLib","The Alterego","The Immortal","The Jungle","The Senshi","TheWitcher","Waifu the Spire","WarShipGirlsR/’ΩΩ¢…Ÿ≈ÆR mod","Yakumo Yukari mod","°æ“≈ŒÔø®≈∆°øREMEMod"],"gold_per_floor":[112,137,147,147,147,147,160,160,160,166,166,174,149,149],"floor_reached":13,"language":"ZHS","playtime":465,"items_purged":[],"score":85,"play_id":"fa0090e4-4457-44e7-b774-5fdae52e12ce","local_time":"20210131210458","is_ascension_mode":false,"campfire_choices":[{"data":"SnafuTest:PowerCrimsonRitual","floor":8,"key":"SMITH"}],"circlet_count":0,"master_deck":["SnafuTest:DefaultCommonAttack","SnafuTest:DefaultCommonAttack","SnafuTest:DefaultCommonAttack","SnafuTest:BountyHunt","SnafuTest:DefaultCommonSkill","SnafuTest:DefaultCommonSkill","SnafuTest:DefaultCommonSkill","SnafuTest:SignAxii","SnafuTest:BombDevilsPuffball","SnafuTest:PowerCrimsonRitual+1","AT_TearsDenial+1","SnafuTest:FlashingRaid+1","SnafuTest:PayWeaponSmith","SnafuTest:SwordDance","SnafuTest:SneakKill+1","SnafuTest:FirstAid"],"relics":["SnafuTest:UnstableMutagenRelic","AT_ATBox","REME_ComplimentaryCards","Dota2Spire:MantaStyle","CrazyTorch:ReiMu","Eternal Feather"],"acts_visited":["Exordium"],"potions_floor_usage":[13],"damage_taken":[{"damage":6,"enemies":"Cultist","floor":1,"turns":6},{"damage":10,"enemies":"Small Slimes","floor":2,"turns":3},{"damage":11,"enemies":"Jaw Worm","floor":3,"turns":4},{"damage":54,"enemies":"Lagavulin","floor":7,"turns":6},{"damage":15,"enemies":"Looter","floor":10,"turns":3},{"damage":0,"enemies":"Exordium Thugs","floor":12,"turns":2},{"damage":28,"enemies":"Gremlin Nob","floor":13,"turns":3}],"seed_played":"1910439584083451858","potions_obtained":[{"floor":1,"key":"PowerPotion"},{"floor":10,"key":"SnafuTest:PlaceholderPotion"}],"is_trial":false,"path_per_floor":["M","M","M","?","T","?","E","R","T","M","$","M","E"],"character_chosen":"THE_WITCHER","items_purchased":[],"campfire_rested":0,"item_purchase_floors":[],"current_hp_per_floor":[69,59,48,48,48,48,11,11,11,11,11,11,0,0],"gold":149,"neow_bonus":"THREE_CARDS","is_daily":false,"chose_seed":false,"campfire_upgraded":1,"win_rate":0.0,"timestamp":1612098298,"path_taken":["M","?","M","?","?","?","E","R","T","M","$","M","E"],"items_purchased_type":[],"build_version":"2020-12-22","purchased_purges":0,"victory":false,"max_hp_per_floor":[75,75,75,75,75,75,75,75,75,75,75,75,75,75],"card_choices":[{"not_picked":["SnafuTest:Offering","SnafuTest:PayHappyHour"],"picked":"SnafuTest:BombDevilsPuffball","floor":0},{"not_picked":["SnafuTest:PowerAlwaysAWay","SnafuTest:WeddingDance"],"picked":"SnafuTest:FlashingRaid","floor":1},{"not_picked":["SnafuTest:PowerAlwaysOnRoads","SnafuTest:SpellLivingArmor"],"picked":"SnafuTest:PayWeaponSmith","floor":2},{"not_picked":["SnafuTest:MCFeignDeath","SnafuTest:AncestralRitual"],"picked":"SnafuTest:SwordDance","floor":3},{"not_picked":["SnafuTest:BlackSunReturn","SnafuTest:BlackSunRise"],"picked":"SnafuTest:SneakKill","floor":7},{"not_picked":["SnafuTest:Siege","SnafuTest:PowerTrialOfGrasses"],"picked":"SnafuTest:FirstAid","floor":10},{"not_picked":["SnafuTest:Siege","SnafuTest:Meditation"],"picked":"SnafuTest:PaySmithWorkshop","floor":12}],"player_experience":583610,"relics_obtained":[{"floor":5,"key":"Dota2Spire:MantaStyle"},{"floor":7,"key":"CrazyTorch:ReiMu"},{"floor":9,"key":"Eternal Feather"}],"event_choices":[{"damage_healed":0,"gold_gain":0,"player_choice":"Grow","damage_taken":0,"max_hp_gain":0,"max_hp_loss":0,"event_name":"Living Wall","floor":4,"gold_loss":0,"cards_upgraded":["AT_TearsDenial"]},{"damage_healed":0,"gold_gain":0,"player_choice":"Forge","damage_taken":0,"max_hp_gain":0,"max_hp_loss":0,"event_name":"Accursed Blacksmith","floor":6,"gold_loss":0,"cards_upgraded":["SnafuTest:FlashingRaid"]}],"is_beta":false,"boss_relics":[],"items_purged_floors":[],"is_endless":false,"potions_floor_spawned":[1,10],"killed_by":"Gremlin Nob","ascension_level":0}}