{"host":"7k7s6ne09mxa92o8","time":1612086313,"event":{"mods":["2.2 Compatiblity","BaseMod","DeckTracker","Hermit","Minty Spire (QoL Compilation)","StSLib","Waifu the Spire"],"gold_per_floor":[211,67,133,133,133,133,162,162,162,196,256,256,268,20,20,20,20],"floor_reached":16,"language":"KOR","playtime":507,"items_purged":[],"score":147,"play_id":"4fe18984-f6f6-4005-a119-58ad2ca5fb43","local_time":"20210131184513","is_ascension_mode":true,"campfire_choices":[{"data":"hermit:DeadOrAlive","floor":6.0,"key":"SMITH"},{"data":"hermit:TakeCover","floor":8.0,"key":"SMITH"},{"floor":12,"key":"REST"},{"data":"hermit:Brawl","floor":15,"key":"SMITH"}],"circlet_count":0,"master_deck":["AscendersBane","hermit:Strike_Hermit","hermit:Strike_Hermit","hermit:Strike_Hermit","hermit:Strike_Hermit","hermit:Defend_Hermit","hermit:Defend_Hermit","hermit:Defend_Hermit","hermit:Defend_Hermit","hermit:Snapshot","hermit:Covet","hermit:Reprieve","hermit:DeadOrAlive+1","hermit:CursedWeapon","hermit:Cheat","hermit:Quickdraw","hermit:TakeCover+1","hermit:Dissolve","hermit:Brawl+1"],"relics":["hermit:Momento","Orrery","Matryoshka","Bottled Lightning","Toxic Egg 2"],"acts_visited":["Exordium"],"potions_floor_usage":[11,16],"damage_taken":[{"damage":1.0,"enemies":"Cultist","floor":1.0,"turns":4.0},{"damage":3.0,"enemies":"Small Slimes","floor":7.0,"turns":4.0},{"damage":8.0,"enemies":"Jaw Worm","floor":10.0,"turns":5.0},{"damage":48,"enemies":"Lagavulin","floor":11,"turns":9},{"damage":6,"enemies":"Red Slaver","floor":13,"turns":4},{"damage":63,"enemies":"Slime Boss","floor":16,"turns":9}],"seed_played":"-2463625735796054582","potions_obtained":[{"floor":10.0,"key":"CultistPotion"},{"floor":13,"key":"Strength Potion"}],"is_trial":false,"path_per_floor":["M","$","?","$","?","R","M","R","T","M","E","R","M","$","R","B"],"character_chosen":"HERMIT","items_purchased":["Orrery","Toxic Egg 2"],"campfire_rested":1,"item_purchase_floors":[2,14],"current_hp_per_floor":[67,67,67,67,67,67,72,72,72,68,28,50,52,52,52,0,0],"gold":20,"neow_bonus":"HUNDRED_GOLD","is_daily":false,"chose_seed":false,"campfire_upgraded":3,"win_rate":0.0,"timestamp":1612086313,"path_taken":["M","?","?","$","?","R","?","R","T","M","E","R","M","$","R","BOSS"],"items_purchased_type":["Relic","Relic"],"build_version":"2020-12-22","purchased_purges":0,"victory":false,"max_hp_per_floor":[75,75,75,75,75,75,75,75,75,75,75,75,75,75,75,75,75],"card_choices":[{"not_picked":["hermit:Misfire","hermit:Roulette","hermit:Feint"],"picked":"SKIP","floor":1.0},{"not_picked":["hermit:SprayPray","hermit:Vantage"],"picked":"hermit:Reprieve","floor":2.0},{"not_picked":["hermit:Vantage","hermit:Virtue"],"picked":"hermit:DeadOrAlive","floor":2.0},{"not_picked":["hermit:LowProfile","hermit:Grudge"],"picked":"hermit:CursedWeapon","floor":2.0},{"not_picked":["hermit:Roulette","hermit:Grudge"],"picked":"hermit:Cheat","floor":2.0},{"not_picked":["hermit:Manifest","hermit:ItchyTrigger"],"picked":"hermit:Quickdraw","floor":2.0},{"not_picked":["hermit:CalledShot","hermit:LowProfile"],"picked":"hermit:TakeCover","floor":7.0},{"not_picked":["hermit:Manifest","hermit:LowProfile"],"picked":"hermit:Dissolve","floor":10.0},{"not_picked":["hermit:SprayPray","hermit:Midnight"],"picked":"hermit:Brawl","floor":11},{"not_picked":["hermit:SprayPray","hermit:Glare","hermit:Combo"],"picked":"SKIP","floor":13}],"player_experience":1232128,"relics_obtained":[{"floor":9.0,"key":"Matryoshka"},{"floor":11,"key":"Bottled Lightning"}],"event_choices":[{"damage_healed":0.0,"max_hp_gain":0.0,"max_hp_loss":0.0,"gold_gain":66.0,"event_name":"Golden Wing","player_choice":"Gained Gold","floor":3.0,"gold_loss":0.0,"damage_taken":0.0},{"damage_healed":0.0,"max_hp_gain":0.0,"max_hp_loss":0.0,"gold_gain":0.0,"event_name":"The Woman in Blue","player_choice":"Bought 0 Potions","floor":5.0,"gold_loss":0.0,"damage_taken":0.0}],"is_beta":false,"boss_relics":[],"items_purged_floors":[],"is_endless":false,"potions_floor_spawned":[10,13],"killed_by":"Slime Boss","ascension_level":10}}