{"host":"sckme7d1fomdxamv","time":1612092365,"event":{"mods":["Act Like it!","BaseMod","Downfall","Friendly Minions","Gensokyo","Kiyohime（清姬）","Marisa（F雨　魔理沙）","Minty Spire (QoL Compilation)","READ ME - Guardian Mod","Rare Cards Sparkle","Remilia（蕾米莉亚）","Replay The Spire","Shop Mod","StSLib","The Bug Knight","The Hierophant","The Servant 0.9.4"],"gold_per_floor":[109,109,184,240,0,34,34,34,108,108,123,123,48,64,64,64,64],"floor_reached":16,"language":"ZHS","playtime":413,"items_purged":["HollowMod:FocusHealStart"],"score":121,"play_id":"16005475-9a7a-40bf-88a9-0a7ea1d11568","local_time":"20210131192605","is_ascension_mode":false,"campfire_choices":[{"data":"HollowMod:DescendingDark","floor":8,"key":"SMITH"},{"data":"HollowMod:NewLastStag","floor":10,"key":"SMITH"},{"data":"HollowMod:SiblingsSouls","floor":12,"key":"SMITH"},{"data":"HollowMod:DoubleDash","floor":15,"key":"SMITH"}],"circlet_count":0,"master_deck":["HollowMod:NailStrikeStart","HollowMod:NailStrikeStart","HollowMod:NailStrikeStart","HollowMod:NailStrikeStart","HollowMod:QuickDashStart","HollowMod:QuickDashStart","HollowMod:QuickDashStart","HollowMod:QuickDashStart","HollowMod:PogoStrike","HollowMod:ShadowDash","HollowMod:DescendingDark+1","HollowMod:NewLastStag+1","HollowMod:DoubleDash+1","HollowMod:SiblingsSouls+1","HollowMod:ShadowDash"],"relics":["HollowMod:VesselMask","NeowsBlessing","Pear","ReplayTheSpireMod:Ninjato","ReplayTheSpireMod:Shallot"],"acts_visited":["Exordium"],"potions_floor_usage":[],"damage_taken":[{"damage":0,"enemies":"2 Louse","floor":1,"turns":1},{"damage":0,"enemies":"3 Sentries","floor":6,"turns":1},{"damage":0,"enemies":"Small Slimes","floor":11,"turns":1},{"damage":0,"enemies":"Jaw Worm","floor":14,"turns":3},{"damage":74,"enemies":"Hexaghost","floor":16,"turns":14}],"seed_played":"2905728874638292223","potions_obtained":[{"floor":4,"key":"Block Potion"},{"floor":14,"key":"SmokeBomb"}],"is_trial":false,"path_per_floor":["M","$","?","?","?","E","$","R","T","R","M","R","$","M","R","B"],"character_chosen":"THE_BUGKNIGHT","items_purchased":[],"campfire_rested":0,"item_purchase_floors":[],"current_hp_per_floor":[75,75,64,74,74,74,74,74,74,74,74,74,74,74,74,0,0],"gold":64,"neow_bonus":"THREE_ENEMY_KILL","is_daily":false,"chose_seed":false,"campfire_upgraded":4,"win_rate":0.0,"timestamp":1612092365,"path_taken":["M","$","?","?","?","E","$","R","T","R","M","R","?","M","R","BOSS"],"items_purchased_type":[],"build_version":"2020-12-22","purchased_purges":1,"victory":false,"max_hp_per_floor":[75,75,75,85,85,85,85,85,85,85,85,85,85,85,85,85,85],"card_choices":[{"not_picked":["HollowMod:NewLittleFool","HollowMod:HowlingWraiths"],"picked":"HollowMod:ShadowDash","floor":1},{"not_picked":["HollowMod:PureVessel","HollowMod:WraithStrike"],"picked":"HollowMod:DescendingDark","floor":4},{"not_picked":["HollowMod:HornetsHelp","HollowMod:SoulEater"],"picked":"HollowMod:DoubleDash","floor":6},{"not_picked":["HollowMod:GoodIntentions","HollowMod:InfectedCysts"],"picked":"HollowMod:SiblingsSouls","floor":11},{"not_picked":["HollowMod:DashSlash","HollowMod:NewGlowingWomb"],"picked":"HollowMod:ShadowDash","floor":14}],"player_experience":254445,"relics_obtained":[{"floor":4,"key":"Pear"},{"floor":6,"key":"ReplayTheSpireMod:Ninjato"},{"floor":9,"key":"ReplayTheSpireMod:Shallot"}],"event_choices":[{"damage_healed":0,"gold_gain":75,"player_choice":"Gather Gold","damage_taken":11,"max_hp_gain":0,"max_hp_loss":0,"event_name":"World of Goop","floor":3,"gold_loss":0}],"is_beta":false,"boss_relics":[],"items_purged_floors":[13],"is_endless":false,"potions_floor_spawned":[14],"killed_by":"Hexaghost","ascension_level":0}}