{"host":"phy652c7lim9lcu2","time":1612066337,"event":{"mods":["BaseMod","BetterRewards","Colored Powertips","Downfall","Googly Eyes","Hubris","Minty Spire (QoL Compilation)","Relic Stats","Spicy Shops","StSLib","everything is the same but u backflip on backflip"],"gold_per_floor":[111,186,186,186,186,215,234,3,3,28,40,60,87,114,114,218,218,237,237,217,217,236,262,12,12,60,77,77,94,94,113,113,217,217,248,280,292,10,10,10,10,10,37,52,52,69,80,107,107,107,107,107,27,55,55,55],"floor_reached":55,"language":"ENG","playtime":2982,"items_purged":["Defend_G","Defend_G"],"score":956,"play_id":"cf81c40e-b8cf-4708-8b4b-d67a581493da","local_time":"20210131141217","is_ascension_mode":true,"campfire_choices":[{"data":"Infinite Blades","floor":15.0,"key":"SMITH"},{"data":"Footwork","floor":28.0,"key":"SMITH"},{"data":"Caltrops","floor":30.0,"key":"SMITH"},{"floor":32.0,"key":"REST"},{"data":"Well Laid Plans","floor":40.0,"key":"SMITH"},{"floor":42.0,"key":"RECALL"},{"data":"Defend_G","floor":49,"key":"PURGE"},{"data":"Defend_G","floor":52,"key":"PURGE"}],"circlet_count":0,"master_deck":["Survivor","Neutralize","Dash","Blade Dance","PiercingWail+1","PiercingWail+1","Infinite Blades+1","Footwork+1","Backflip+1","Quick Slash","Leg Sweep+1","Venomology+1","PiercingWail+1","Outmaneuver+1","Caltrops+1","Slimebound:Tackle+1","Slimebound:Tackle+1","Slimebound:Tackle+1","Cloak And Dagger+1","CurseOfTheBell","Well Laid Plans+1","Leg Sweep+1","Accuracy","Panacea+1","Skewer+1"],"relics":["Ring of the Serpent","NeowsBlessing","hubris:Icosahedron","Toxic Egg 2","The Courier","Peace Pipe","hubris:TinFlute","Bag of Preparation","hubris:Towel","Vajra","hubris:Zylophone","Blood Vial","Calling Bell","hubris:GlazedTorus","MawBank","hubris:BottledRain","Chemical X","Toy Ornithopter","Nunchaku","Centennial Puzzle"],"acts_visited":["Exordium","TheCity","TheBeyond","TheEnding"],"potions_floor_usage":[48,50,54,55,55,55],"damage_taken":[{"damage":0.0,"enemies":"Small Slimes","floor":1.0,"turns":1.0},{"damage":0.0,"enemies":"3 Sentries","floor":6.0,"turns":1.0},{"damage":0.0,"enemies":"2 Louse","floor":7.0,"turns":1.0},{"damage":22.0,"enemies":"Gremlin Nob","floor":10.0,"turns":5.0},{"damage":0.0,"enemies":"Cultist","floor":11.0,"turns":4.0},{"damage":7.0,"enemies":"2 Fungi Beasts","floor":12.0,"turns":6.0},{"damage":2.0,"enemies":"Lagavulin","floor":13.0,"turns":8.0},{"damage":20.0,"enemies":"Slime Boss","floor":16.0,"turns":9.0},{"damage":8.0,"enemies":"Shell Parasite","floor":18.0,"turns":6.0},{"damage":2.0,"enemies":"2 Thieves","floor":20.0,"turns":4.0},{"damage":6.0,"enemies":"3 Cultists","floor":22.0,"turns":6.0},{"damage":2.0,"enemies":"Book of Stabbing","floor":23.0,"turns":8.0},{"damage":3.0,"enemies":"Snecko","floor":27.0,"turns":5.0},{"damage":12.0,"enemies":"Cultist and Chosen","floor":29.0,"turns":7.0},{"damage":7.0,"enemies":"Snake Plant","floor":31.0,"turns":5.0},{"damage":37.0,"enemies":"Automaton","floor":33.0,"turns":14.0},{"damage":6.0,"enemies":"3 Shapes","floor":35.0,"turns":8.0},{"damage":8.0,"enemies":"Orb Walker","floor":36.0,"turns":4.0},{"damage":21.0,"enemies":"Jaw Worm Horde","floor":44.0,"turns":4.0},{"damage":0.0,"enemies":"Spire Growth","floor":46.0,"turns":5.0},{"damage":6.0,"enemies":"Writhing Mass","floor":47.0,"turns":8.0},{"damage":0,"enemies":"Giant Head","floor":48,"turns":8},{"damage":27,"enemies":"Time Eater","floor":50,"turns":12},{"damage":23,"enemies":"Shield and Spear","floor":54,"turns":6},{"damage":65,"enemies":"The Heart","floor":55,"turns":5}],"seed_played":"-5895960766085082852","potions_obtained":[{"floor":1.0,"key":"Regen Potion"},{"floor":10.0,"key":"DuplicationPotion"},{"floor":12.0,"key":"Explosive Potion"},{"floor":13.0,"key":"Strength Potion"},{"floor":35.0,"key":"Weak Potion"},{"floor":44.0,"key":"SkillPotion"}],"is_trial":false,"path_per_floor":["M","?","?","?","?","E","M","$","T","E","M","M","E","T","R","B",null,"M","?","M","?","M","E","$","?","T","M","R","M","R","M","R","B",null,"M","M","?","$","?","R","?","R","T","M","?","M","M","E","R","B",null,"R","$","E","B"],"character_chosen":"THE_SILENT","items_purchased":["Infinite Blades","hubris:Zylophone","Accuracy","Chemical X","Toy Ornithopter"],"campfire_rested":1,"item_purchase_floors":[8,24,38,38,38],"current_hp_per_floor":[63,52,52,52,52,52,52,52,52,30,30,23,21,21,21,1,53,45,45,43,43,37,35,35,35,35,34,34,24,24,19,40,5,54,50,44,44,44,44,44,44,44,44,25,25,51,47,54,54,34,61,61,61,45,0,0],"gold":55,"neow_bonus":"THREE_ENEMY_KILL","is_daily":false,"chose_seed":false,"campfire_upgraded":4,"win_rate":0.0,"timestamp":1612066337,"path_taken":["M","?","?","?","?","E","M","$","T","E","M","M","E","?","R","BOSS","M","?","?","?","M","E","$","?","T","M","R","M","R","M","R","BOSS","M","M","?","$","?","R","?","R","T","M","?","M","M","E","R","BOSS","R","$","E","BOSS"],"items_purchased_type":["Card","Relic","Card","Relic","Relic"],"build_version":"2020-12-22","purchased_purges":2,"victory":false,"max_hp_per_floor":[70,70,70,70,70,70,70,70,70,70,70,70,70,70,70,70,70,70,70,70,70,70,70,70,70,70,70,70,70,70,70,70,70,70,70,70,70,70,70,70,70,70,70,70,70,70,70,70,70,70,70,70,70,70,70,70],"relic_stats":{"Peace Pipe":2,"Blood Vial":40,"Nunchaku":[7],"Centennial Puzzle":[3],"counters":[35,187],"Bag of Preparation":[36],"Chemical X":[10],"MawBank":48,"obtain_stats":[{"NeowsBlessing":0,"Vajra":23,"The Courier":9,"Bag of Preparation":14,"hubris:Towel":21,"Question Card":6,"MawBank":34,"Peace Pipe":10,"hubris:Zylophone":24,"Blood Vial":26,"Calling Bell":34,"Nunchaku":48,"Centennial Puzzle":54,"hubris:Icosahedron":5,"Chemical X":38,"Toxic Egg 2":6,"hubris:TinFlute":13,"Ring of the Serpent":17,"Toy Ornithopter":38,"Ring of the Snake":0,"hubris:GlazedTorus":34,"hubris:BottledRain":34},{"NeowsBlessing":0,"Vajra":22,"The Courier":13,"Bag of Preparation":17,"hubris:Towel":20,"Question Card":9,"MawBank":26,"Peace Pipe":14,"hubris:Zylophone":22,"Blood Vial":22,"Calling Bell":26,"Nunchaku":32,"Centennial Puzzle":34,"hubris:Icosahedron":11,"Chemical X":28,"Toxic Egg 2":12,"hubris:TinFlute":17,"Ring of the Serpent":18,"Toy Ornithopter":28,"Ring of the Snake":0,"hubris:GlazedTorus":26,"hubris:BottledRain":26},{"NeowsBlessing":0,"Vajra":96,"The Courier":40,"Bag of Preparation":63,"hubris:Towel":82,"Question Card":32,"MawBank":127,"Peace Pipe":45,"hubris:Zylophone":96,"Blood Vial":96,"Calling Bell":127,"Nunchaku":164,"Centennial Puzzle":182,"hubris:Icosahedron":38,"Chemical X":139,"Toxic Egg 2":39,"hubris:TinFlute":63,"Ring of the Serpent":72,"Toy Ornithopter":139,"Ring of the Snake":0,"hubris:GlazedTorus":127,"hubris:BottledRain":127}],"Toy Ornithopter":150},"card_choices":[{"not_picked":["Deflect","Cloak And Dagger"],"picked":"Dash","floor":1.0},{"not_picked":["Dagger Throw","Concentrate+1"],"picked":"PiercingWail+1","floor":6.0},{"not_picked":["Deflect+1","Acrobatics+1"],"picked":"PiercingWail+1","floor":7.0},{"not_picked":["Flechettes","Poisoned Stab"],"picked":"Footwork","floor":10.0},{"not_picked":["Quick Slash","Expertise+1"],"picked":"Backflip+1","floor":11.0},{"not_picked":["Underhanded Strike","Poisoned Stab"],"picked":"Quick Slash","floor":12.0},{"not_picked":["Underhanded Strike","Backstab"],"picked":"Leg Sweep+1","floor":13.0},{"not_picked":["Tools of the Trade","Night Terror+1"],"picked":"Venomology+1","floor":16.0},{"not_picked":["Dash","hubris:SlightOfHand+1"],"picked":"PiercingWail+1","floor":18.0},{"not_picked":["Prepared+1","Deadly Poison+1"],"picked":"Outmaneuver+1","floor":20.0},{"not_picked":["Endless Agony+1","Heel Hook+1"],"picked":"Caltrops","floor":22.0},{"not_picked":["hubris:SlightOfHand+1","Masterful Stab+1"],"picked":"Dagger Spray","floor":23.0},{"not_picked":["Deflect+1","Slice","Dagger Throw"],"picked":"SKIP","floor":27.0},{"not_picked":["Backflip+1","hubris:SlightOfHand+1"],"picked":"Cloak And Dagger+1","floor":29.0},{"not_picked":["Outmaneuver+1","Heel Hook","Escape Plan+1"],"picked":"SKIP","floor":31.0},{"not_picked":["Quick Slash","Cloak And Dagger+1"],"picked":"Well Laid Plans","floor":35.0},{"not_picked":["Dash+1","Bane"],"picked":"Leg Sweep+1","floor":36.0},{"not_picked":["Escape Plan+1","PiercingWail+1","Poisoned Stab+1"],"picked":"SKIP","floor":44.0},{"not_picked":["hubris:EnhanceAbility","Good Instincts+1"],"picked":"Panacea+1","floor":45.0},{"not_picked":["Deadly Poison+1","PiercingWail+1","Underhanded Strike+1"],"picked":"SKIP","floor":46.0},{"not_picked":["Well Laid Plans","Noxious Fumes","Deadly Poison+1"],"picked":"SKIP","floor":47.0},{"not_picked":["Phantasmal Killer+1","Caltrops","Infinite Blades"],"picked":"SKIP","floor":48},{"not_picked":["Underhanded Strike","Finisher"],"picked":"Skewer+1","floor":54}],"player_experience":284362,"relics_obtained":[{"floor":6.0,"key":"Toxic Egg 2"},{"floor":9.0,"key":"The Courier"},{"floor":10.0,"key":"Peace Pipe"},{"floor":13.0,"key":"hubris:TinFlute"},{"floor":14.0,"key":"Bag of Preparation"},{"floor":23.0,"key":"Vajra"},{"floor":26.0,"key":"Blood Vial"},{"floor":34.0,"key":"hubris:GlazedTorus"},{"floor":34.0,"key":"MawBank"},{"floor":34.0,"key":"hubris:BottledRain"},{"floor":48,"key":"Nunchaku"},{"floor":54,"key":"Centennial Puzzle"}],"event_choices":[{"damage_healed":0.0,"max_hp_gain":0.0,"max_hp_loss":0.0,"gold_gain":75.0,"event_name":"World of Goop","player_choice":"Gather Gold","floor":2.0,"gold_loss":0.0,"damage_taken":11.0},{"damage_healed":0.0,"max_hp_gain":0.0,"max_hp_loss":0.0,"gold_gain":0.0,"event_name":"Liars Game","player_choice":"Ignored","floor":3.0,"gold_loss":0.0,"damage_taken":0.0},{"cards_removed":["Defend_G"],"damage_healed":0.0,"max_hp_gain":0.0,"max_hp_loss":0.0,"gold_gain":0.0,"event_name":"Purifier","player_choice":"Purged","floor":19.0,"gold_loss":0.0,"damage_taken":0.0},{"damage_healed":0.0,"max_hp_gain":0.0,"max_hp_loss":0.0,"gold_gain":0.0,"event_name":"Tomb of Lord Red Mask","player_choice":"Ignored","floor":37.0,"gold_loss":0.0,"damage_taken":0.0},{"cards_removed":["Dagger Spray"],"damage_healed":0.0,"max_hp_gain":0.0,"max_hp_loss":0.0,"gold_gain":0.0,"event_name":"Falling","player_choice":"Removed Attack","floor":39.0,"gold_loss":0.0,"damage_taken":0.0},{"damage_healed":0.0,"max_hp_gain":0.0,"max_hp_loss":0.0,"gold_gain":0.0,"event_name":"Mysterious Sphere","player_choice":"Ignored","floor":41.0,"gold_loss":0.0,"damage_taken":0.0},{"damage_healed":0.0,"max_hp_gain":0.0,"max_hp_loss":0.0,"gold_gain":0.0,"event_name":"SensoryStone","player_choice":"Memory 1","floor":45.0,"gold_loss":0.0,"damage_taken":0.0}],"is_beta":false,"boss_relics":[{"not_picked":["Fusion Hammer","Ectoplasm"],"picked":"Ring of the Serpent"},{"not_picked":["hubris:BlackHole","Philosopher\u0027s Stone"],"picked":"Calling Bell"}],"items_purged_floors":[38,53],"is_endless":false,"potions_floor_spawned":[1,10,12,13,22,29,31,35,44,48,54],"killed_by":"The Heart","ascension_level":6}}