{"host":"dscols65uipasqd2","time":1612065459,"event":{"mods":["2.2 Compatiblity","AchievementEnabler","Aspiration","BaseMod","Colored Powertips","Downfall","Energized Spire","GifTheSpireLib","Hermit","Hubris","Infinite Spire","JesterMod","Jorbs\u0027s Wanderer Trilogy","Magitek Elite","Marisa????????","Minty Spire (QoL Compilation)","Rare Cards Sparkle","Replay The Spire","StSLib","Stuff the Spire","The Cursed","The Disciple","The Hierophant","The Judge","The Jungle","TheFirefly"],"gold_per_floor":[99,111,111,129,229,247,247,147,9,34,48,33,33,62,78,183,183,83,93,93,93,93,93,146,156,170,185,204,204,204,223,235,235,235,235],"floor_reached":33,"language":"ENG","playtime":1616,"items_purged":[],"score":259,"play_id":"ad7514c8-d7ee-4750-a536-5045ff41bf1b","local_time":"20210130225739","is_ascension_mode":false,"campfire_choices":[{"floor":1,"key":"RECALL"},{"floor":8,"key":"REST"},{"floor":13,"key":"REST"},{"data":"bronze:Backtrace","floor":18,"key":"SMITH"},{"floor":29,"key":"REST"}],"circlet_count":0,"master_deck":["bronze:Strike","bronze:Strike","bronze:Strike","bronze:Strike","bronze:Defend","bronze:Defend","bronze:Defend","bronze:Defend","bronze:Replicate","bronze:Goto","bronze:Branch","Regret","bronze:ForLoop","bronze:ChildClass","bronze:Iterate","bronze:FineTuning","bronze:Backtrace+1","bronze:Overheat","bronze:Branch","bronze:ItsAFeature","bronze:Frontload","bronze:Turbo","bronze:AlphaBuild","bronze:Terminator+1","bronze:Invalidate","StuffTheSpire:CuriosityCurse","bronze:Separator+1","bronze:DelayedSlice+1","bronze:DigitalCarnage","bronze:BronzeOrb","bronze:Shield+1","bronze:Branch+1"],"relics":["bronze:BronzeCore","Centennial Puzzle","Lantern","Darkstone Periapt","downfall:HeartBlessingRed","Simple Rune","bronze:SilverBullet","Honey Jar","downfall:HeartBlessingGreen","Angel_Ring","hubris:Towel","bronze:BottledCode","downfall:KnowingSkull"],"acts_visited":["Exordium","TheCity"],"potions_floor_usage":[14,16,19,32,33,33],"damage_taken":[{"damage":1,"enemies":"Cultist","floor":2,"turns":4},{"damage":6,"enemies":"Jaw Worm","floor":4,"turns":3},{"damage":8,"enemies":"Small Slimes","floor":6,"turns":4},{"damage":4,"enemies":"downfall:FleeingMerchant","floor":9,"turns":4},{"damage":26,"enemies":"3 Sentries","floor":10,"turns":5},{"damage":10,"enemies":"3 Louse","floor":11,"turns":2},{"damage":3,"enemies":"downfall:FleeingMerchant","floor":12,"turns":4},{"damage":14,"enemies":"Gremlin Nob","floor":14,"turns":3},{"damage":0,"enemies":"Large Slime","floor":15,"turns":4},{"damage":32,"enemies":"IC_STATUS_ARCHETYPE","floor":16,"turns":9},{"damage":3,"enemies":"3 Byrds","floor":19,"turns":3},{"damage":0,"enemies":"3 Cultists","floor":25,"turns":5},{"damage":30,"enemies":"Snecko","floor":26,"turns":6},{"damage":4,"enemies":"Chosen and Byrds","floor":27,"turns":3},{"damage":3,"enemies":"Centurion and Healer","floor":28,"turns":2},{"damage":37,"enemies":"Snake Plant","floor":31,"turns":5},{"damage":1,"enemies":"Snecko","floor":32,"turns":2},{"damage":30,"enemies":"DF_ARCHETYPE_CLAW","floor":33,"turns":4}],"seed_played":"-3971927163559419853","potions_obtained":[{"floor":6,"key":"bronze:BurnAndBuffPotion"},{"floor":14,"key":"SkillPotion"},{"floor":16,"key":"Explosive Potion"},{"floor":27,"key":"Regen Potion"},{"floor":28,"key":"champ:CounterPotion"},{"floor":31,"key":"hexamod:SoulburnPotion"}],"is_trial":false,"path_per_floor":["R","M","?","M","?","M","T","R","$","E","M","$","R","E","M","B",null,"R","M","?","?","?","?","T","M","M","M","M","R","?","M","M","B"],"character_chosen":"THE_AUTOMATON","items_purchased":["bronze:FineTuning","bronze:Backtrace"],"campfire_rested":3,"item_purchase_floors":[9,9],"current_hp_per_floor":[70,69,69,63,63,55,55,70,66,40,30,27,48,34,34,2,70,70,67,67,73,73,66,66,66,36,32,29,48,41,20,28,0,0,0],"gold":235,"neow_bonus":"RANDOM_COMMON_RELIC","is_daily":false,"chose_seed":false,"campfire_upgraded":1,"win_rate":0.0,"timestamp":1612065459,"path_taken":["R","M","?","M","?","?","T","R","$","E","M","$","R","E","M","BOSS","R","M","?","?","?","?","T","M","M","M","M","R","?","M","M","BOSS"],"items_purchased_type":["Card","Card"],"build_version":"2020-12-22","purchased_purges":0,"victory":false,"max_hp_per_floor":[70,70,70,70,70,70,70,70,70,70,70,70,70,70,70,70,70,70,70,70,76,76,66,66,66,66,66,66,66,66,66,66,66,66,66],"card_choices":[{"not_picked":["bronze:Safeguard","bronze:ForceShield"],"picked":"bronze:Branch","floor":2},{"not_picked":["bronze:BuggyMess","bronze:BugBarrage"],"picked":"bronze:ForLoop","floor":4},{"not_picked":["bronze:DarkDash","bronze:BugBarrage"],"picked":"bronze:ChildClass","floor":6},{"not_picked":["bronze:Fortify","bronze:DelayedSlice"],"picked":"bronze:Iterate","floor":9},{"not_picked":["bronze:Invalidate","bronze:Philosophize"],"picked":"bronze:Overheat","floor":10},{"not_picked":["bronze:CloningBeam","bronze:Frontload"],"picked":"bronze:Branch","floor":11},{"not_picked":["bronze:Iterate","bronze:CutThrough"],"picked":"bronze:ItsAFeature","floor":12},{"not_picked":["bronze:Shield","bronze:DarkDash"],"picked":"bronze:Frontload","floor":14},{"not_picked":["bronze:BugBarrage","bronze:FollowUp"],"picked":"bronze:Turbo","floor":15},{"not_picked":["bronze:ThunderWave","bronze:HyperBeam"],"picked":"bronze:AlphaBuild","floor":16},{"not_picked":["bronze:Flail","bronze:Return","bronze:ChosenStrike"],"picked":"bronze:Terminator+1","floor":19},{"not_picked":["bronze:Terminator","bronze:CutThrough","bronze:WildBeam"],"picked":"bronze:Separator+1","floor":25},{"not_picked":["bronze:Invalidate+1","bronze:Deprecate","bronze:Separator"],"picked":"bronze:DelayedSlice+1","floor":26},{"not_picked":["bronze:Overheat","bronze:DelayedSlice","bronze:Shell"],"picked":"bronze:DigitalCarnage","floor":27},{"not_picked":["bronze:Assembly","bronze:Overheat","bronze:Turbo"],"picked":"bronze:BronzeOrb","floor":28},{"not_picked":["bronze:FollowUp","bronze:Boost","bronze:BuggyMess"],"picked":"bronze:Shield+1","floor":31},{"not_picked":["bronze:CloningBeam+1","bronze:BurnOut","bronze:Backtrace+1"],"picked":"bronze:Branch+1","floor":32}],"player_experience":511387,"relics_obtained":[{"floor":7,"key":"Darkstone Periapt"},{"floor":10,"key":"Simple Rune"},{"floor":14,"key":"bronze:SilverBullet"}],"event_choices":[{"damage_healed":0,"gold_gain":0,"player_choice":"Box","damage_taken":0,"relics_obtained":["Lantern"],"max_hp_gain":0,"max_hp_loss":0,"event_name":"Big Fish","floor":3,"gold_loss":0,"cards_obtained":["Regret"]}],"is_beta":false,"boss_relics":[{"not_picked":["StuffTheSpire:ModemDavis","jesterMod:MachoBrace"],"picked":"Honey Jar"}],"items_purged_floors":[],"is_endless":false,"potions_floor_spawned":[6,14,16,27,28,31],"killed_by":"DF_ARCHETYPE_CLAW","ascension_level":0}}