{"host":"7oiwk103j2prpym5","time":1612127441,"event":{"mods":["BaseMod","BetterRewards","Colored Map","Colored Powertips","GifTheSpireLib","Infinite Spire","Minty Spire (QoL Compilation)","Permanent Neow","Relic Filter Mod","Reliquary","Remove Card Discount Mod","Replay The Spire","StSLib","Stuff the Spire","Weighted Paths"],"gold_per_floor":[111,111,111,130,144,171,57,88,88,88,88,88,88,30,30,150,150,168,232,322,338,24,24,57,76,76,95,115,115,115,128,128,251,251,272,272,252,270,295,329,345,345,345,364,383,423,269,290,290,290,290,290,82,113,113,113],"floor_reached":55,"language":"ENG","playtime":3735,"items_purged":["Writhe","Strike_G","Defend_G","Strike_G","Defend_G","Defend_G","Strike_G","Regret","Injury","Doubt","Injury"],"score":1007,"play_id":"f243f71a-c807-42ef-bc3d-4de209628e64","local_time":"20210131151041","is_ascension_mode":false,"campfire_choices":[{"floor":11,"key":"REST"},{"floor":13,"key":"REST"},{"floor":15,"key":"RECALL"},{"data":"Noxious Fumes","floor":23,"key":"SMITH"},{"floor":30,"key":"REST"},{"floor":32,"key":"REST"},{"floor":42,"key":"REST"},{"floor":49,"key":"REST"},{"data":"Noxious Fumes","floor":52,"key":"SMITH"}],"circlet_count":0,"master_deck":["Strike_G+1","Strike_G+1","Defend_G","Defend_G","Survivor","Neutralize+1","Footwork","Footwork","Endless Agony","Toxin Wave","Cloak And Dagger","Poisoned Stab","Distraction","Noxious Fumes+1","Replay:Poison Smokescreen","StuffTheSpire:Injection","Prepared","Envenom","Noxious Fumes+1","Dash","Backflip","Purity","Outmaneuver+1","infinitespire:Neurotoxin","Atom Bomb","Flying Knee+1","ReplayTheSpireMod:Faulty Equipment","Backflip","Catalyst","Crippling Poison","Adrenaline","Swift Strike","Bane","All Out Attack+1","Bane+1","infinitespire:UltimateForm","Dagger Throw+1","Skewer+1","StuffTheSpire:MirrorStance+1"],"relics":["Ring of the Snake","Chameleon Ring","Onion Ring","Replay:Ringing Soul","Golden Idol","StuffTheSpire:RedRose","Cursed Key","infinitespire:WardingShard","Oddly Smooth Stone","StuffTheSpire:Gunfinga","HoveringKite","Replay:WaspNest","Byrd Skull","StuffTheSpire:OldFever","Bronze Scales","HandDrill","reliquary:Firecrackers"],"acts_visited":["Exordium","TheCity","TheBeyond","TheEnding"],"potions_floor_usage":[18,33,46,46,50,55,55,55],"damage_taken":[{"damage":0,"enemies":"Cultist","floor":1,"turns":5},{"damage":0,"enemies":"Jaw Worm","floor":4,"turns":3},{"damage":2,"enemies":"Small Slimes","floor":5,"turns":4},{"damage":10,"enemies":"Gremlin Nob","floor":6,"turns":5},{"damage":2,"enemies":"Lagavulin","floor":8,"turns":6},{"damage":17,"enemies":"Fading Forest","floor":16,"turns":11},{"damage":8,"enemies":"Spheric Guardian","floor":18,"turns":4},{"damage":5,"enemies":"3 Byrds","floor":21,"turns":3},{"damage":3,"enemies":"Book of Stabbing","floor":24,"turns":5},{"damage":0,"enemies":"Snake Plant","floor":25,"turns":3},{"damage":12,"enemies":"3 Cultists","floor":27,"turns":4},{"damage":13,"enemies":"Snecko","floor":28,"turns":4},{"damage":14,"enemies":"Cultist and Chosen","floor":31,"turns":5},{"damage":17,"enemies":"Champ","floor":33,"turns":9},{"damage":51,"enemies":"3 Darklings","floor":35,"turns":4},{"damage":5,"enemies":"3 Shapes","floor":38,"turns":2},{"damage":26,"enemies":"Sphere and 2 Shapes","floor":39,"turns":7},{"damage":27,"enemies":"Giant Head","floor":40,"turns":6},{"damage":21,"enemies":"4 Shapes","floor":41,"turns":3},{"damage":5,"enemies":"3 Darklings","floor":44,"turns":4},{"damage":10,"enemies":"Spire Growth","floor":45,"turns":5},{"damage":20,"enemies":"Nightmare","floor":46,"turns":5},{"damage":17,"enemies":"Jaw Worm Horde","floor":48,"turns":3},{"damage":35,"enemies":"Time Eater","floor":50,"turns":9},{"damage":61,"enemies":"Shield and Spear","floor":54,"turns":6},{"damage":93,"enemies":"The Heart","floor":55,"turns":5}],"seed_played":"1339120954924177357","potions_obtained":[{"floor":4,"key":"DistilledChaos"},{"floor":6,"key":"FairyPotion"},{"floor":8,"key":"EssenceOfSteel"},{"floor":25,"key":"BlessingOfTheForge"},{"floor":33,"key":"Poison Potion"},{"floor":44,"key":"SneckoOil"},{"floor":46,"key":"Poison Potion"},{"floor":48,"key":"Venom Potion"},{"floor":54,"key":"AttackPotion"}],"is_trial":false,"path_per_floor":["M","?","?","M","M","E","$","E","T","?","R","?","R","$","R","B",null,"M","?","?","M","$","R","E","M","T","M","M","$","R","M","R","B",null,"M","?","?","M","M","E","M","R","T","M","M","NM","$","M","R","B",null,"R","$","E","B"],"character_chosen":"THE_SILENT","items_purchased":["Footwork","Endless Agony","Noxious Fumes","Replay:Poison Smokescreen","Prepared","Oddly Smooth Stone","infinitespire:Neurotoxin","Bronze Scales","HandDrill","Skewer+1"],"campfire_rested":6,"item_purchase_floors":[0,0,7,7,14,22,22,47,53,53],"current_hp_per_floor":[55,41,41,41,39,29,29,27,27,30,51,54,76,79,79,70,82,77,80,65,63,66,66,66,69,72,63,53,53,86,75,109,95,118,67,65,65,63,40,13,32,70,73,68,58,41,41,27,67,32,136,136,139,81,0,0],"gold":113,"neow_bonus":"","is_daily":false,"chose_seed":false,"campfire_upgraded":2,"win_rate":0.0,"timestamp":1612127441,"path_taken":["M","?","?","M","M","E","$","E","T","?","R","?","R","?","R","BOSS","M","?","?","M","$","R","E","M","T","?","M","$","R","M","R","BOSS","M","?","?","?","M","E","M","R","T","M","M","NM","?","M","R","BOSS","R","$","E","BOSS"],"items_purchased_type":["Card","Card","Card","Card","Card","Relic","Card","Relic","Relic","Card"],"build_version":"2020-12-22","purchased_purges":11,"victory":false,"max_hp_per_floor":[70,70,70,70,70,70,70,70,70,73,73,76,76,79,79,82,82,85,88,91,94,97,97,100,103,106,109,112,112,112,115,115,118,118,118,121,121,124,127,127,127,127,130,130,130,133,133,136,136,136,136,136,139,142,142,142],"card_choices":[{"not_picked":["Acrobatics","Blur"],"picked":"Toxin Wave","floor":1},{"not_picked":["Heel Hook","Fluid Movement"],"picked":"Cloak And Dagger","floor":4},{"not_picked":["Flying Knee","ReplayTheSpireMod:Shiv Toss"],"picked":"Poisoned Stab","floor":5},{"not_picked":["Poisoned Stab","Sneak Up"],"picked":"Distraction","floor":6},{"not_picked":["PiercingWail","Dagger Spray"],"picked":"StuffTheSpire:Injection","floor":8},{"not_picked":["A Thousand Cuts","Doppelganger"],"picked":"Envenom","floor":16},{"not_picked":["StuffTheSpire:Injection","Slice"],"picked":"Noxious Fumes","floor":18},{"not_picked":["StuffTheSpire:Injection","Bane"],"picked":"Dash","floor":19},{"not_picked":["StuffTheSpire:Injection","Cloak And Dagger"],"picked":"Backflip","floor":19},{"not_picked":["Eviscerate","Hidden Blade+1"],"picked":"Outmaneuver+1","floor":21},{"not_picked":["Acrobatics","Dagger Spray+1"],"picked":"Atom Bomb","floor":24},{"not_picked":["Dagger Spray","Acrobatics"],"picked":"Flying Knee+1","floor":25},{"not_picked":["Outmaneuver+1","Unload"],"picked":"Backflip","floor":27},{"not_picked":["Quick Slash","Finisher"],"picked":"Catalyst","floor":28},{"not_picked":["ReplayTheSpireMod:Scrap Shanks","Dodge and Roll+1"],"picked":"Crippling Poison","floor":31},{"not_picked":["Doppelganger","Tools of the Trade"],"picked":"Adrenaline","floor":33},{"not_picked":["Eviscerate","StuffTheSpire:Python+1","ReplayTheSpireMod:Scrap Shanks"],"picked":"SKIP","floor":35},{"not_picked":["Blind","Replay:Parry"],"picked":"Swift Strike","floor":36},{"not_picked":["A Thousand Cuts","Infinite Blades+1"],"picked":"Bane","floor":38},{"not_picked":["Sucker Punch","StuffTheSpire:Python+1"],"picked":"All Out Attack+1","floor":39},{"not_picked":["Outmaneuver","Infinite Blades","StuffTheSpire:DoubleShiv"],"picked":"SKIP","floor":40},{"not_picked":["Outmaneuver","Infinite Blades","StuffTheSpire:DoubleShiv"],"picked":"SKIP","floor":40},{"not_picked":["Dagger Throw+1","Dodge and Roll","ReplayTheSpireMod:Shiv Toss+1"],"picked":"SKIP","floor":41},{"not_picked":["Dagger Spray","Prepared","Outmaneuver+1"],"picked":"SKIP","floor":44},{"not_picked":["StuffTheSpire:ClusterCrunch+1","StuffTheSpire:Python+1","Backflip+1"],"picked":"SKIP","floor":45},{"not_picked":["Hidden Blade+1","Blade Dance+1"],"picked":"Bane+1","floor":46},{"not_picked":["infinitespire:Gouge","infinitespire:NeuralNetwork"],"picked":"infinitespire:UltimateForm","floor":46},{"not_picked":["StuffTheSpire:Injection+1","Accuracy+1"],"picked":"Dagger Throw+1","floor":48},{"not_picked":["Bane+1","Endless Agony+1"],"picked":"StuffTheSpire:MirrorStance+1","floor":54}],"player_experience":822012,"relics_obtained":[{"floor":6,"key":"Chameleon Ring"},{"floor":8,"key":"Onion Ring"},{"floor":9,"key":"Replay:Ringing Soul"},{"floor":19,"key":"infinitespire:WardingShard"},{"floor":24,"key":"StuffTheSpire:Gunfinga"},{"floor":40,"key":"Replay:WaspNest"},{"floor":43,"key":"Byrd Skull"},{"floor":46,"key":"StuffTheSpire:OldFever"},{"floor":54,"key":"reliquary:Firecrackers"}],"event_choices":[{"damage_healed":0,"gold_gain":0,"player_choice":"Entered Light","damage_taken":14,"max_hp_gain":0,"max_hp_loss":0,"event_name":"Shining Light","floor":2,"gold_loss":0,"cards_upgraded":["Strike_G","Strike_G"]},{"damage_healed":0,"gold_gain":0,"player_choice":"Grow","damage_taken":0,"max_hp_gain":0,"max_hp_loss":0,"event_name":"Living Wall","floor":3,"gold_loss":0,"cards_upgraded":["Neutralize"]},{"damage_healed":0,"gold_gain":0,"player_choice":"Take Wound","damage_taken":0,"relics_obtained":["Golden Idol"],"max_hp_gain":0,"max_hp_loss":0,"event_name":"Golden Idol","floor":10,"gold_loss":0,"cards_obtained":["Injury"]},{"damage_healed":0,"gold_gain":90,"player_choice":"GOLD CARD ","damage_taken":18,"max_hp_gain":0,"max_hp_loss":0,"event_name":"Knowing Skull","floor":20,"potions_obtained":[],"gold_loss":0,"cards_obtained":["Purity"]},{"damage_healed":0,"gold_gain":0,"player_choice":"Memory 2","damage_taken":5,"max_hp_gain":0,"max_hp_loss":0,"event_name":"SensoryStone","floor":36,"gold_loss":0},{"damage_healed":0,"gold_gain":0,"player_choice":"Bought 1 Potion","damage_taken":0,"max_hp_gain":0,"max_hp_loss":0,"event_name":"The Woman in Blue","floor":37,"gold_loss":0}],"is_beta":false,"boss_relics":[{"not_picked":["Abe\u0027s Treasure","Ectoplasm"],"picked":"Cursed Key"},{"not_picked":["StuffTheSpire:ModemDavis","Kintsugi"],"picked":"HoveringKite"}],"items_purged_floors":[0,0,0,7,7,7,7,14,14,22,47],"is_endless":false,"potions_floor_spawned":[4,6,8,16,25,27,31,33,40,44,45,46,48,54],"killed_by":"The Heart","ascension_level":0}}