{"host":"kvo7eymyd21g9abd","time":1612115792,"event":{"mods":["AchievementEnabler","BaseMod","Bestiary","Colored Map","Minty Spire (QoL Compilation)","StSLib"],"gold_per_floor":[118,136,147,147,147,147,161,177,201,56,75,96,96,127,127,127,127],"floor_reached":16,"language":"ENG","playtime":444,"items_purged":[],"score":130,"play_id":"73cf8282-ec64-45bb-b391-c21b3eae859e","local_time":"20210131125632","is_ascension_mode":true,"campfire_choices":[{"floor":6,"key":"RECALL"},{"floor":13,"key":"REST"},{"floor":15,"key":"REST"}],"circlet_count":0,"master_deck":["Strike_G","Strike_G","Strike_G","Strike_G","Strike_G","Defend_G","Defend_G","Defend_G","Defend_G","Defend_G","Survivor","Neutralize","Flying Knee","Eviscerate","Underhanded Strike","Underhanded Strike","Acrobatics","Phantasmal Killer","Acrobatics","Quick Slash","Backflip"],"relics":["Ring of the Snake","NeowsBlessing","Golden Idol","Regal Pillow","Dream Catcher"],"acts_visited":["Exordium"],"potions_floor_usage":[8,14,16,16],"damage_taken":[{"damage":0,"enemies":"Cultist","floor":1,"turns":1},{"damage":0,"enemies":"Jaw Worm","floor":2,"turns":1},{"damage":0,"enemies":"2 Louse","floor":3,"turns":1},{"damage":14,"enemies":"Exordium Wildlife","floor":7,"turns":4},{"damage":2,"enemies":"2 Fungi Beasts","floor":8,"turns":3},{"damage":16,"enemies":"3 Louse","floor":11,"turns":4},{"damage":0,"enemies":"Exordium Wildlife","floor":12,"turns":1},{"damage":27,"enemies":"3 Sentries","floor":14,"turns":6},{"damage":69,"enemies":"The Guardian","floor":16,"turns":9}],"seed_played":"1186517535127606975","potions_obtained":[{"floor":2,"key":"PowerPotion"},{"floor":3,"key":"Fire Potion"},{"floor":11,"key":"Swift Potion"},{"floor":14,"key":"PowerPotion"}],"is_trial":false,"path_per_floor":["M","M","M","?","$","R","M","M","T","$","M","M","R","E","R","B"],"character_chosen":"THE_SILENT","items_purchased":["Regal Pillow"],"campfire_rested":2,"item_purchase_floors":[10],"current_hp_per_floor":[70,70,70,53,53,53,39,37,37,37,21,21,57,30,66,0,0],"gold":127,"neow_bonus":"THREE_ENEMY_KILL","is_daily":false,"chose_seed":false,"campfire_upgraded":0,"win_rate":0.0,"timestamp":1612115792,"path_taken":["M","M","M","?","$","R","M","M","T","?","M","M","R","E","R","BOSS"],"items_purchased_type":["Relic"],"build_version":"2020-12-22","purchased_purges":0,"victory":false,"max_hp_per_floor":[70,70,70,70,70,70,70,70,70,70,70,70,70,70,70,70,70],"card_choices":[{"not_picked":["Cloak And Dagger","Deadly Poison"],"picked":"Flying Knee","floor":1},{"not_picked":["Dodge and Roll","Riddle With Holes"],"picked":"Eviscerate","floor":2},{"not_picked":["Poisoned Stab","PiercingWail"],"picked":"Underhanded Strike","floor":3},{"not_picked":["Blur","Dodge and Roll"],"picked":"Underhanded Strike","floor":7},{"not_picked":["Reflex","Deadly Poison"],"picked":"Acrobatics","floor":8},{"not_picked":["Noxious Fumes","Outmaneuver"],"picked":"Phantasmal Killer","floor":11},{"not_picked":["Dash","Quick Slash"],"picked":"Acrobatics","floor":12},{"not_picked":["After Image","Choke"],"picked":"Quick Slash","floor":14},{"not_picked":["Dodge and Roll","Sucker Punch"],"picked":"Backflip","floor":15}],"player_experience":441144,"relics_obtained":[{"floor":14,"key":"Dream Catcher"}],"event_choices":[{"damage_healed":0,"gold_gain":0,"player_choice":"Take Damage","damage_taken":17,"relics_obtained":["Golden Idol"],"max_hp_gain":0,"max_hp_loss":0,"event_name":"Golden Idol","floor":4,"gold_loss":0}],"is_beta":false,"boss_relics":[],"items_purged_floors":[],"is_endless":false,"potions_floor_spawned":[2,3,11,14],"killed_by":"The Guardian","ascension_level":5}}