{"host":"fzjk61lpi4bwj033","time":1612115833,"event":{"mods":["Ascension Unlocker","BaseMod","Conspire","Downfall","Hermit","Hubris","Infinite Spire","Jorbs\u0027s Wanderer Trilogy","Minty Spire (QoL Compilation)","Rare Cards Sparkle","Replay The Spire","StSLib","The Jungle"],"gold_per_floor":[99,118,147,147,147,192,192,212,41,65,99,159,159,185,215,338,338,338,370,185,213,65,65,65,132,168,63,98,98,140,161,202,325,325,125,163,210,242,272,314,314,214,41,89,145,145,145,209,235,263,263,323,44,44,64,78],"floor_reached":57,"language":"ENG","playtime":3816,"items_purged":["bronze:Strike","bronze:Strike"],"score":1446,"play_id":"f014dbd8-7e6a-4132-b596-1c669cb604c5","local_time":"20210131115713","is_ascension_mode":true,"campfire_choices":[{"data":"bronze:Replicate","floor":1.0,"key":"SMITH"},{"data":"expansioncontent:QuickStudy","floor":13.0,"key":"SMITH"},{"data":"bronze:ItsAFeature","floor":18.0,"key":"SMITH"},{"floor":29,"key":"REST"},{"floor":35,"key":"RECALL"},{"data":"bronze:Flail","floor":42,"key":"SMITH"},{"floor":46,"key":"REST"},{"data":"infinitespire:UltimateForm","floor":54,"key":"SMITH"}],"circlet_count":0,"master_deck":["bronze:Strike","bronze:Defend","bronze:Defend","bronze:Defend","bronze:Defend","bronze:Replicate+1","bronze:Goto","bronze:BuggyMess","bronze:DigitalCarnage","bronze:WhirlingStrike","bronze:Replicate+1","bronze:Flail+1","bronze:ItsAFeature+1","bronze:Frontload","expansioncontent:QuickStudy+1","bronze:FineTuning","bronze:OilSpill","bronze:ThunderWave","bronze:Turbo","bronze:CleanCode","bronze:Boost+1","bronze:SpaghettiCode+1","bronze:FindAndReplace+1","bronze:Repair+1","bronze:ForceShield+1","bronze:Branch","bronze:MaxOutput+1","bronze:BronzeOrb+1","bronze:Invalidate+1","bronze:Overload+1","bronze:DelayedSlice+1","bronze:Shield+1","bronze:ClassDefault+1","expansioncontent:StudyTheSpire","bronze:DelayedGuard+1","infinitespire:Starlight+1","infinitespire:UltimateForm+1","conspire:SharedLibrary+1","Replay:SS_hec_1"],"relics":["bronze:BronzeCore","Replay:Bandana","StoneCalendar","Replay:Ringing Soul","infinitespire:Broken Mirror","bronze:MakeshiftBattery","theJungle:Creamberry","OrangePellets","Toxic Egg 2","Replay:Fungal Core","downfall:HeartBlessingGreen","downfall:HeartBlessingBlue","hubris:DisguiseKit","downfall:HeartBlessingRed","hubris:CuriousFeather","Replay:Lucky Slots","infinitespire:Golems Mask","Gambling Chip"],"acts_visited":["Exordium","Exordium","TheBeyond","TheEnding"],"potions_floor_usage":[21,25,33,40,45,50,50,55,56,56],"damage_taken":[{"damage":6.0,"enemies":"2 Louse","floor":2.0,"turns":3.0},{"damage":1.0,"enemies":"Cultist","floor":3.0,"turns":4.0},{"damage":3.0,"enemies":"Gremlin Nob","floor":6.0,"turns":3.0},{"damage":0.0,"enemies":"Jaw Worm","floor":8.0,"turns":1.0},{"damage":0.0,"enemies":"downfall:FleeingMerchant","floor":9.0,"turns":4.0},{"damage":0.0,"enemies":"2 Fungi Beasts","floor":10.0,"turns":2.0},{"damage":4.0,"enemies":"conspire:2 RoseBushes","floor":11.0,"turns":2.0},{"damage":13.0,"enemies":"3 Sentries","floor":12.0,"turns":4.0},{"damage":4.0,"enemies":"Blue Slaver","floor":14.0,"turns":2.0},{"damage":0.0,"enemies":"Lots of Slimes","floor":15.0,"turns":1.0},{"damage":34.0,"enemies":"WA_ARCHETYPE_RETAIN","floor":16.0,"turns":6.0},{"damage":20.0,"enemies":"theJungle:Flameango_and_Byrd","floor":19.0,"turns":4.0},{"damage":28,"enemies":"Shell Parasite","floor":21,"turns":4},{"damage":5,"enemies":"downfall:FleeingMerchant","floor":22,"turns":4},{"damage":0,"enemies":"theJungle:MamaSnecko","floor":25,"turns":5},{"damage":2,"enemies":"theJungle:Lyon","floor":26,"turns":3},{"damage":0,"enemies":"downfall:FleeingMerchant","floor":27,"turns":4},{"damage":16,"enemies":"Snake Plant","floor":28,"turns":3},{"damage":6,"enemies":"theJungle:JungleHuntersEncounter","floor":30,"turns":4},{"damage":4,"enemies":"theJungle:Lyon","floor":31,"turns":5},{"damage":4,"enemies":"theJungle:SlimyTreeVines","floor":32,"turns":3},{"damage":36,"enemies":"IC_MUSHROOM_ARCHETYPE","floor":33,"turns":6},{"damage":5,"enemies":"Orb Walker","floor":36,"turns":2},{"damage":6,"enemies":"3 Darklings","floor":37,"turns":3},{"damage":11,"enemies":"Writhing Mass","floor":38,"turns":4},{"damage":34,"enemies":"Maw","floor":39,"turns":7},{"damage":0,"enemies":"Jaw Worm Horde","floor":40,"turns":2},{"damage":0,"enemies":"downfall:FleeingMerchant","floor":43,"turns":1},{"damage":0,"enemies":"4 Shapes","floor":44,"turns":3},{"damage":20,"enemies":"3 Darklings","floor":45,"turns":3},{"damage":41,"enemies":"Nightmare","floor":48,"turns":4},{"damage":0,"enemies":"Sphere and 2 Shapes","floor":49,"turns":2},{"damage":27,"enemies":"DF_ARCHETYPE_ORBS","floor":50,"turns":9},{"damage":61,"enemies":"downfall:CharBossMerchant","floor":52,"turns":9},{"damage":26,"enemies":"downfall:NeowBoss","floor":55,"turns":12},{"damage":42,"enemies":"downfall:NeowBossFinal","floor":56,"turns":6}],"seed_played":"1022637648262300199","potions_obtained":[{"floor":3.0,"key":"BlessingOfTheForge"},{"floor":6.0,"key":"FearPotion"},{"floor":11.0,"key":"Energy Potion"},{"floor":15.0,"key":"Flashbang"},{"floor":19.0,"key":"ColorlessPotion"},{"floor":21,"key":"Flashbang"},{"floor":26,"key":"Explosive Potion"},{"floor":33,"key":"SpeedPotion"},{"floor":37,"key":"Reflective Coating"},{"floor":44,"key":"Regen Potion"},{"floor":48,"key":"Dexterity Potion"},{"floor":52,"key":"Energy Potion"}],"is_trial":false,"path_per_floor":["R","M","M","?","?","E","T","M","$","M","M","E","R","M","M","B",null,"R","M","?","M","$","?","T","E","M","$","M","R","M","M","M","B",null,"R","M","M","M","M","M","T","R","$","M","M","R","AVR","NM","M","B",null,"E","$","R","B","B",null],"character_chosen":"THE_AUTOMATON","items_purchased":["expansioncontent:QuickStudy","OrangePellets","bronze:Branch","hubris:CuriousFeather","expansioncontent:StudyTheSpire","bronze:DelayedGuard+1","Doom Potion","Replay:SS_hec_1"],"campfire_rested":2,"item_purchase_floors":[9,22,27,43,43,43,53,53],"current_hp_per_floor":[70,64,63,63,63,60,60,63,66,69,68,58,58,57,57,26,91,91,71,71,46,44,44,44,47,48,51,38,70,67,76,75,49,115,125,123,117,119,88,91,91,91,94,94,83,125,128,97,97,80,143,100,103,103,87,55],"gold":78,"neow_bonus":"RANDOM_COMMON_RELIC","is_daily":false,"chose_seed":false,"campfire_upgraded":5,"win_rate":0.0,"timestamp":1612115833,"path_taken":["R","M","M","?","?","E","T","?","?","M","M","E","R","M","M","BOSS","R","M","?","M","$","?","T","E","M","?","?","R","M","M","M","BOSS","R","M","M","M","M","M","T","R","$","M","?","R","AVR","NM","M","BOSS","E","$","R","BOSS","BOSS"],"items_purchased_type":["Card","Relic","Card","Relic","Card","Card","Potion","Card"],"build_version":"2020-12-22","purchased_purges":2,"victory":true,"max_hp_per_floor":[70,70,70,70,70,70,70,73,76,79,82,85,85,88,88,91,91,91,91,91,94,97,97,97,100,103,106,109,109,112,115,115,115,115,125,128,128,131,134,137,137,137,140,140,140,140,143,143,143,143,143,146,149,149,149,149],"card_choices":[{"not_picked":["bronze:Overheat","bronze:ClassDefault"],"picked":"bronze:BuggyMess","floor":2.0},{"not_picked":["bronze:Allocate","bronze:BronzeOrb"],"picked":"bronze:DigitalCarnage","floor":3.0},{"not_picked":["bronze:BitShift","bronze:Repulsor"],"picked":"bronze:Flail","floor":6.0},{"not_picked":["bronze:Shield","bronze:CutThrough"],"picked":"bronze:ItsAFeature","floor":8.0},{"not_picked":["bronze:ChildClass","bronze:Shell"],"picked":"bronze:Frontload","floor":9.0},{"not_picked":["bronze:Backtrace","bronze:CutThrough"],"picked":"bronze:FineTuning","floor":10.0},{"not_picked":["bronze:WhirlingStrike","bronze:Deprecate"],"picked":"bronze:OilSpill","floor":11.0},{"not_picked":["bronze:BuggyMess","bronze:Deprecate"],"picked":"bronze:ThunderWave","floor":12.0},{"not_picked":["bronze:Boost","bronze:Iterate"],"picked":"bronze:Turbo","floor":14.0},{"not_picked":["bronze:ChildClass","bronze:WhirlingStrike","bronze:BugBarrage"],"picked":"SKIP","floor":15.0},{"not_picked":["bronze:ShipIt","bronze:Virus"],"picked":"bronze:CleanCode","floor":16.0},{"not_picked":["bronze:Turbo","bronze:BitShift","bronze:Overheat"],"picked":"SKIP","floor":19.0},{"not_picked":["bronze:BitShift","bronze:OilSpill"],"picked":"bronze:Boost+1","floor":21},{"not_picked":["bronze:DelayedSlice","bronze:CutThrough"],"picked":"bronze:SpaghettiCode+1","floor":22},{"not_picked":["bronze:DigitalCarnage+1","bronze:Turbo+1"],"picked":"bronze:FindAndReplace+1","floor":25},{"not_picked":["bronze:Flail+1","bronze:DarkDash+1"],"picked":"bronze:Repair+1","floor":26},{"not_picked":["bronze:CutThrough","bronze:WildBeam"],"picked":"bronze:ForceShield+1","floor":27},{"not_picked":["bronze:CutThrough+1","bronze:WhirlingStrike"],"picked":"bronze:MaxOutput+1","floor":28},{"not_picked":["bronze:Turbo+1","bronze:WildBeam"],"picked":"bronze:BronzeOrb+1","floor":30},{"not_picked":["bronze:WhirlingStrike+1","bronze:DigitalCarnage+1"],"picked":"bronze:Invalidate+1","floor":31},{"not_picked":["bronze:Deprecate+1","bronze:WhirlingStrike","bronze:CutThrough"],"picked":"SKIP","floor":32},{"not_picked":["bronze:FollowUp+1","bronze:DelayedGuard+1"],"picked":"bronze:Overload+1","floor":36},{"not_picked":["bronze:DelayedGuard+1","bronze:Repulsor+1","bronze:Deprecate+1"],"picked":"SKIP","floor":37},{"not_picked":["bronze:DelayedGuard+1","bronze:NullPointer+1"],"picked":"bronze:DelayedSlice+1","floor":38},{"not_picked":["bronze:Backtrace+1","bronze:ChildClass+1"],"picked":"bronze:Shield+1","floor":39},{"not_picked":["bronze:CutThrough+1","bronze:DelayedGuard+1"],"picked":"bronze:ClassDefault+1","floor":40},{"not_picked":["bronze:Virus+1","bronze:Turbo+1","bronze:BronzeArmor+1","Sweeping Beam"],"picked":"SKIP","floor":43},{"not_picked":["bronze:Invalidate+1","bronze:BronzeOrb+1","bronze:Shield+1","Redo"],"picked":"SKIP","floor":44},{"not_picked":["bronze:FollowUp+1","bronze:ClassDefault+1","bronze:Shield+1","Compile Driver"],"picked":"SKIP","floor":45},{"not_picked":["bronze:Iterate","bronze:FollowUp+1","bronze:Overheat","Turbo"],"picked":"SKIP","floor":48},{"not_picked":["bronze:WildBeam+1","bronze:Turbo+1","bronze:Boost+1","ReplayTheSpireMod:Reroute Power+1"],"picked":"SKIP","floor":49},{"not_picked":["bronze:Deprecate+1","bronze:Philosophize+1","bronze:Fortify+1"],"picked":"conspire:SharedLibrary+1","floor":52}],"player_experience":806885,"relics_obtained":[{"floor":6.0,"key":"StoneCalendar"},{"floor":7.0,"key":"Replay:Ringing Soul"},{"floor":12.0,"key":"infinitespire:Broken Mirror"},{"floor":25,"key":"Toxic Egg 2"},{"floor":41,"key":"hubris:DisguiseKit"},{"floor":48,"key":"infinitespire:Golems Mask"},{"floor":52,"key":"Gambling Chip"}],"event_choices":[],"is_beta":false,"boss_relics":[{"not_picked":["Runic Dome","conspire:RoyalGoblet"],"picked":"bronze:MakeshiftBattery"},{"not_picked":["SacredBark","Replay:Ancient Bell"],"picked":"Replay:Fungal Core"}],"items_purged_floors":[27,53],"is_endless":false,"potions_floor_spawned":[3,6,11,15,19,21,26,30,33,37,39,44,48,52],"ascension_level":1}}