{"host":"pgm1p3lvdjflie30","time":1612106975,"event":{"mods":["ATMod(阿瑾Mod)","AchievementEnabler","Alarm Clock","Aspiration","Astrologer","Bard","BaseMod","Colored Map","Colored Powertips","Conspire","Dark Map","Dota2Spire","Downfall","Energized Spire","GungeonMod","Highlight Path","Hunter ?人","LagranYue(拉格朗·月)","Mari Mod (Legacy)","Mari\u0027s V1 Patch","Minty Spire (QoL Compilation)","MostiFishMod","Nova Terra(?娃·泰拉)","Quarter Circle Forward PUNCH!","Quick Restart","Relic Stats","Reliquary","Replay The Spire","SOS（斯巴?之子）","Spicy Shops","StSLib","TestMod","The Blackbeard","The Bladedancer","The Bug Knight","The Cursed","The Dragon Tamer","The Hayseed","The Hierophant","The IronCluck","The Jungle","The Mystic","The Runesmith","The Saiyan","The Showman","TheHeartMod","TheWitcher","Waifu the Spire","【?物卡牌】REMEMod","篝火指南"],"gold_per_floor":[113,123,139,154,168,200,210,210,210,210,54,80,80,97,97,192,192,210,210,210],"floor_reached":18,"language":"ZHS","playtime":686,"items_purged":[],"score":226,"play_id":"bdd1189b-a2c8-4a9c-9f8a-38d446d5dbf4","local_time":"20210131232935","is_ascension_mode":false,"campfire_choices":[{"floor":10,"key":"RECALL"},{"floor":15,"key":"DIG"}],"circlet_count":0,"master_deck":[],"relics":["blackbeard:LoadTheGoldenCannons","AT_ATBox","REME_ComplimentaryCards","DaveBox","testmod-TestBox","LagranYue:RandomDrawCardRelic","testmod-KeyOfTheVoid","PatriotShield","NeowsBlessing","SynthV:TestCard","reliquary:PurpleTingedLeaf","testmod-Charity","AT_ForceNature","LagranYue:GuideDeadRelic","DemoMod:GlassGuonStoneRelic"],"acts_visited":["Exordium","TheCity"],"potions_floor_usage":[12,14,14],"damage_taken":[{"damage":0,"enemies":"Cultist","floor":1,"turns":1},{"damage":0,"enemies":"Jaw Worm","floor":2,"turns":1},{"damage":0,"enemies":"2 Louse","floor":3,"turns":1},{"damage":0,"enemies":"Lots of Slimes","floor":4,"turns":2},{"damage":0,"enemies":"Blue Slaver","floor":5,"turns":1},{"damage":0,"enemies":"Gremlin Nob","floor":6,"turns":2},{"damage":0,"enemies":"Looter","floor":7,"turns":1},{"damage":0,"enemies":"3 Sentries","floor":12,"turns":2},{"damage":0,"enemies":"Gremlin Gang","floor":14,"turns":2},{"damage":12,"enemies":"Hexaghost","floor":16,"turns":4},{"damage":22,"enemies":"Shell Parasite","floor":18,"turns":6}],"seed_played":"6260548918265495636","potions_obtained":[{"floor":1,"key":"SkillPotion"},{"floor":4,"key":"GamblersBrew"},{"floor":6,"key":"Strength Potion"},{"floor":7,"key":"EssenceOfSteel"},{"floor":12,"key":"Fire Potion"},{"floor":16,"key":"blackbeard:OrangeJuicePotion"}],"is_trial":false,"path_per_floor":["M","M","M","M","M","E","M","?","T","R","$","E","?","M","R_BF","B",null,"M"],"character_chosen":"BLACKBEARD_CLASS","items_purchased":["testmod-Charity"],"campfire_rested":0,"item_purchase_floors":[11],"current_hp_per_floor":[75,75,75,75,75,75,75,75,75,75,75,76,76,77,77,69,78,57,57,57],"gold":210,"neow_bonus":"THREE_ENEMY_KILL","is_daily":false,"chose_seed":false,"campfire_upgraded":0,"win_rate":0.0,"timestamp":1612106975,"path_taken":["M","M","M","?","?","E","M","?","T","R","$","E","?","M","R_BF","BOSS","M"],"items_purchased_type":["Relic"],"build_version":"2020-12-22","purchased_purges":0,"victory":false,"max_hp_per_floor":[75,75,75,75,75,75,75,75,75,75,75,76,76,77,77,78,78,79,79,79],"relic_stats":{"counters":[11,23],"obtain_stats":[{"AT_ForceNature":12,"PatriotShield":0,"AT_ATBox":0,"testmod-TestBox":0,"DaveBox":0,"LagranYue:RandomDrawCardRelic":0,"NeowsBlessing":0,"blackbeard:LoadTheCannons":0,"DemoMod:GlassGuonStoneRelic":1,"testmod-KeyOfTheVoid":0,"LagranYue:GuideDeadRelic":15,"blackbeard:LoadTheGoldenCannons":17,"testmod-Charity":11,"SynthV:TestCard":1,"reliquary:PurpleTingedLeaf":6,"REME_ComplimentaryCards":0},{"AT_ForceNature":8,"PatriotShield":0,"AT_ATBox":0,"testmod-TestBox":0,"DaveBox":0,"LagranYue:RandomDrawCardRelic":0,"NeowsBlessing":0,"blackbeard:LoadTheCannons":0,"DemoMod:GlassGuonStoneRelic":1,"testmod-KeyOfTheVoid":0,"LagranYue:GuideDeadRelic":9,"blackbeard:LoadTheGoldenCannons":10,"testmod-Charity":7,"SynthV:TestCard":1,"reliquary:PurpleTingedLeaf":6,"REME_ComplimentaryCards":0},{"AT_ForceNature":11,"PatriotShield":0,"AT_ATBox":0,"testmod-TestBox":0,"DaveBox":0,"LagranYue:RandomDrawCardRelic":0,"NeowsBlessing":0,"blackbeard:LoadTheCannons":0,"DemoMod:GlassGuonStoneRelic":1,"testmod-KeyOfTheVoid":0,"LagranYue:GuideDeadRelic":13,"blackbeard:LoadTheGoldenCannons":17,"testmod-Charity":9,"SynthV:TestCard":1,"reliquary:PurpleTingedLeaf":8,"REME_ComplimentaryCards":0}]},"card_choices":[{"not_picked":["blackbeard:Eyepatch","blackbeard:Fencing"],"picked":"blackbeard:Spear","floor":1},{"not_picked":["blackbeard:GoldenDefense","blackbeard:DeadlyArsenal","blackbeard:PiratesWill","blackbeard:WeaponMastery"],"picked":"blackbeard:PirateEarring","floor":2},{"not_picked":["blackbeard:BlindAttacks","blackbeard:TacticalRetreat","blackbeard:DeadlyArsenal","blackbeard:SwordDance"],"picked":"blackbeard:BrownPants","floor":3},{"not_picked":["blackbeard:AgileStrike","blackbeard:ArmorUp","blackbeard:Spear","blackbeard:PiratesWill"],"picked":"blackbeard:SwordDance","floor":4},{"not_picked":["blackbeard:UndeadForm","blackbeard:PirateEarring","blackbeard:TerrorOfTheSeas","blackbeard:Eyepatch"],"picked":"blackbeard:CannonBarrage","floor":5},{"not_picked":["blackbeard:TerrorOfTheSeas","blackbeard:InfiniteBarrage","blackbeard:GoldenCannonball","blackbeard:WoodenLeg"],"picked":"blackbeard:Anchor","floor":6},{"not_picked":["blackbeard:Sword","blackbeard:GoldenCannonball","blackbeard:CaptainsCabin","blackbeard:DeadlyArsenal"],"picked":"blackbeard:BlindAttacks","floor":7},{"not_picked":["blackbeard:TacticalRetreat","blackbeard:Anchor","blackbeard:Shrapnel","blackbeard:WiseDefense"],"picked":"blackbeard:PowerHungry","floor":12},{"not_picked":["blackbeard:Fencing","blackbeard:BuriedTreasure","blackbeard:BlindAttacks","blackbeard:TerrorOfTheSeas"],"picked":"blackbeard:RearmingStrike","floor":14},{"not_picked":["blackbeard:PowerHungry","blackbeard:BoostMorale","blackbeard:WeaponMastery","blackbeard:Lifeboat"],"picked":"blackbeard:Halberd","floor":16}],"player_experience":300029,"relics_obtained":[{"floor":1,"key":"SynthV:TestCard"},{"floor":6,"key":"reliquary:PurpleTingedLeaf"},{"floor":12,"key":"AT_ForceNature"},{"floor":15,"key":"LagranYue:GuideDeadRelic"}],"event_choices":[{"cards_removed":["AT_FamilyPortrait"],"damage_healed":0,"gold_gain":0,"player_choice":"Forget","damage_taken":0,"max_hp_gain":0,"max_hp_loss":0,"event_name":"Living Wall","floor":8,"gold_loss":0},{"cards_removed":["blackbeard:PowerHungry"],"damage_healed":0,"gold_gain":0,"player_choice":"Took Card","damage_taken":0,"max_hp_gain":0,"max_hp_loss":0,"event_name":"NoteForYourself","floor":13,"gold_loss":0,"cards_obtained":["AT_RightCognition"]}],"is_beta":false,"boss_relics":[{"not_picked":["testmod-Fanaticism","JellyFishMachine"],"picked":"blackbeard:LoadTheGoldenCannons"}],"items_purged_floors":[],"is_endless":false,"potions_floor_spawned":[1,4,6,7,12,16],"killed_by":"Shell Parasite","ascension_level":0}}