{"host":"wuernuywc9gl215o","time":1612093713,"event":{"mods":["AchievementEnabler","BaseMod","Block Reminder","Key Reminder","Minty Spire (QoL Compilation)","Permanent Neow","Potion Indicator Mod","Quick Restart","Relic Stats"],"gold_per_floor":[99,99,99,59,59,59,59,59,59,59,59,19,19,19,19,19,19,19,19,19,19,19,19,19],"floor_reached":23,"language":"ENG","playtime":999,"items_purged":[],"score":386,"play_id":"606bd095-b0e8-4218-8c6d-c3bc07951526","local_time":"20210131114833","is_ascension_mode":true,"campfire_choices":[{"floor":7.0,"key":"REST"},{"data":"Whirlwind","floor":10.0,"key":"SMITH"},{"data":"Bash","floor":15.0,"key":"SMITH"}],"circlet_count":0,"master_deck":["AscendersBane","Strike_R","Strike_R","Strike_R","Strike_R","Defend_R","Defend_R","Defend_R","Defend_R","Bash+1","Power Through","Whirlwind+1","Second Wind","Iron Wave","Burning Pact","Entrench+1","Anger","Bludgeon","Havoc","Evolve","Iron Wave+1","Blood for Blood+1","Writhe"],"relics":["Ectoplasm","Bottled Flame","Pantograph","Tiny House","Unceasing Top"],"acts_visited":["Exordium","TheCity"],"potions_floor_usage":[18,20],"damage_taken":[{"damage":7.0,"enemies":"Jaw Worm","floor":1.0,"turns":4.0},{"damage":0.0,"enemies":"Small Slimes","floor":2.0,"turns":3.0},{"damage":3.0,"enemies":"2 Louse","floor":3.0,"turns":2.0},{"damage":7.0,"enemies":"Looter","floor":4.0,"turns":3.0},{"damage":32.0,"enemies":"Gremlin Nob","floor":6.0,"turns":4.0},{"damage":0.0,"enemies":"3 Louse","floor":8.0,"turns":1.0},{"damage":0.0,"enemies":"Blue Slaver","floor":14.0,"turns":3.0},{"damage":43.0,"enemies":"Hexaghost","floor":16.0,"turns":10.0},{"damage":8,"enemies":"Shell Parasite","floor":18,"turns":3},{"damage":17,"enemies":"Spheric Guardian","floor":20,"turns":5},{"damage":37,"enemies":"Cultist and Chosen","floor":21,"turns":7},{"damage":8,"enemies":"Gremlin Leader","floor":23,"turns":1}],"seed_played":"1151984924443841952","potions_obtained":[{"floor":2.0,"key":"FearPotion"},{"floor":6.0,"key":"EntropicBrew"},{"floor":8.0,"key":"Dexterity Potion"},{"floor":17.0,"key":"AttackPotion"},{"floor":21,"key":"FearPotion"}],"is_trial":false,"path_per_floor":["M","M","M","M","?","E","R","M","T","R","?","$","?","M","R","B",null,"M","?","M","M","?","E"],"character_chosen":"IRONCLAD","items_purchased":["Entrench"],"campfire_rested":1,"item_purchase_floors":[12],"current_hp_per_floor":[61,61,58,51,44,12,34,34,34,34,34,34,39,39,39,21,70,62,62,45,8,8,0,0],"gold":19,"neow_bonus":"BOSS_RELIC","is_daily":false,"chose_seed":false,"campfire_upgraded":2,"win_rate":0.0,"timestamp":1612093713,"path_taken":["M","M","M","M","?","E","R","M","T","R","?","$","?","M","R","BOSS","M","?","M","M","?","E"],"items_purchased_type":["Card"],"build_version":"2020-12-22","purchased_purges":0,"victory":false,"max_hp_per_floor":[75,75,75,75,75,75,75,75,75,75,75,75,80,80,80,80,85,85,85,85,85,85,85,85],"relic_stats":{"counters":[12,46],"Pantograph":25,"Ectoplasm":396,"obtain_stats":[{"Bottled Flame":6,"Tiny House":17,"Pantograph":9,"Ectoplasm":0,"Burning Blood":0,"Unceasing Top":22},{"Bottled Flame":5,"Tiny House":8,"Pantograph":6,"Ectoplasm":0,"Burning Blood":0,"Unceasing Top":11},{"Bottled Flame":16,"Tiny House":30,"Pantograph":17,"Ectoplasm":0,"Burning Blood":0,"Unceasing Top":45}],"Unceasing Top":[0]},"card_choices":[{"not_picked":["Anger","Sword Boomerang"],"picked":"Power Through","floor":1.0},{"not_picked":["Havoc","Twin Strike"],"picked":"Whirlwind","floor":2.0},{"not_picked":["Clash","Cleave","Warcry"],"picked":"SKIP","floor":3.0},{"not_picked":["Cleave","Burning Pact"],"picked":"Second Wind","floor":4.0},{"not_picked":["Armaments","Metallicize"],"picked":"Iron Wave","floor":6.0},{"not_picked":["Berserk","Flex"],"picked":"Burning Pact","floor":8.0},{"not_picked":["Whirlwind","Sever Soul"],"picked":"Anger","floor":14.0},{"not_picked":["Impervious","Corruption"],"picked":"Bludgeon","floor":16.0},{"not_picked":["Intimidate","Uppercut"],"picked":"Havoc","floor":17.0},{"not_picked":["Thunderclap","Heavy Blade","Havoc"],"picked":"SKIP","floor":18},{"not_picked":["Pommel Strike","Burning Pact+1"],"picked":"Iron Wave+1","floor":20},{"not_picked":["Wild Strike","Flex"],"picked":"Blood for Blood+1","floor":21}],"player_experience":722392,"relics_obtained":[{"floor":6.0,"key":"Bottled Flame"},{"floor":9.0,"key":"Pantograph"}],"event_choices":[{"cards_removed":["Strike_R"],"damage_healed":0.0,"max_hp_gain":0.0,"max_hp_loss":0.0,"gold_gain":0.0,"event_name":"Golden Wing","player_choice":"Card Removal","floor":5.0,"gold_loss":0.0,"damage_taken":7.0},{"damage_healed":0.0,"max_hp_gain":0.0,"max_hp_loss":0.0,"gold_gain":0.0,"event_name":"Shining Light","player_choice":"Ignored","floor":11.0,"gold_loss":0.0,"damage_taken":0.0},{"damage_healed":0.0,"max_hp_gain":5.0,"max_hp_loss":0.0,"gold_gain":0.0,"event_name":"Big Fish","player_choice":"Donut","floor":13.0,"gold_loss":0.0,"damage_taken":0.0},{"damage_healed":0,"gold_gain":0,"player_choice":"Read","damage_taken":0,"max_hp_gain":0,"max_hp_loss":0,"event_name":"The Library","floor":19,"gold_loss":0,"cards_obtained":["Evolve"]},{"damage_healed":0,"gold_gain":0,"player_choice":"Opened","damage_taken":0,"relics_obtained":["Unceasing Top"],"max_hp_gain":0,"max_hp_loss":0,"event_name":"The Mausoleum","floor":22,"gold_loss":0,"cards_obtained":["Writhe"]}],"is_beta":false,"boss_relics":[{"not_picked":["Coffee Dripper","Empty Cage"],"picked":"Tiny House"}],"items_purged_floors":[],"is_endless":false,"potions_floor_spawned":[2,6,8,21],"killed_by":"Gremlin Leader","ascension_level":20}}