{"host":"8fuipfsvjht9cgcs","time":1612065050,"event":{"mods":["AchievementEnabler","BaseMod","Colored Map","Colored Powertips","DeckTracker","Friendly Minions","Kiyohime£¨?ýï£©","Marisa£¨Ùöéë¡¡Øª×âÞÞ£©","Minty Spire (QoL Compilation)","Prisma Mod","StSLib","SuperFastMode","The Cursed","The Gatherer"],"gold_per_floor":[109,126,226,22,22,22,45,45,45,45,76,41,41,55,55,186,186,200,200,200,215,34,34,45,45,45],"floor_reached":25,"language":"KOR","playtime":872,"items_purged":["Strike_B"],"score":249,"play_id":"8caeebe0-30ab-4198-abd7-eca5b50a8e02","local_time":"20210131165050","is_ascension_mode":true,"campfire_choices":[{"data":"Defragment","floor":6,"key":"SMITH"},{"data":"Turbo","floor":8,"key":"SMITH"},{"data":"Dualcast","floor":10,"key":"SMITH"},{"data":"Defragment","floor":13,"key":"SMITH"},{"data":"Redo","floor":15,"key":"SMITH"},{"data":"Creative AI","floor":23,"key":"SMITH"}],"circlet_count":0,"master_deck":["Strike_B","Strike_B","Defend_B","Defend_B","Defend_B","Defend_B","Zap","Dualcast+1","Core Surge","Rebound","BootSequence","Defragment+1","Ball Lightning","Turbo+1","Doom and Gloom","BootSequence","Defragment+1","Redo+1","Creative AI+1","Sweeping Beam+1","Compile Driver+1","Rainbow","Self Repair"],"relics":["Cracked Core","Bloody Idol","Pear","Mummified Hand","Runic Pyramid"],"acts_visited":["Exordium","TheCity"],"potions_floor_usage":[16,24],"damage_taken":[{"damage":1,"enemies":"Cultist","floor":1,"turns":3},{"damage":0,"enemies":"Small Slimes","floor":2,"turns":2},{"damage":0,"enemies":"2 Louse","floor":7,"turns":3},{"damage":30,"enemies":"Lagavulin","floor":11,"turns":4},{"damage":0,"enemies":"Blue Slaver","floor":14,"turns":3},{"damage":24,"enemies":"Hexaghost","floor":16,"turns":8},{"damage":23,"enemies":"2 Thieves","floor":18,"turns":4},{"damage":2,"enemies":"3 Byrds","floor":21,"turns":4},{"damage":11,"enemies":"Centurion and Healer","floor":24,"turns":4},{"damage":51,"enemies":"Book of Stabbing","floor":25,"turns":5}],"seed_played":"1042038121890120575","potions_obtained":[{"floor":2,"key":"Weak Potion"},{"floor":16,"key":"Weak Potion"},{"floor":21,"key":"GamblersBrew"},{"floor":24,"key":"AttackPotion"}],"is_trial":false,"path_per_floor":["M","M","?","$","?","R","M","R","T","R","E","$","R","M","R","B",null,"M","?","?","M","$","R","M","E"],"character_chosen":"DEFECT","items_purchased":["Defragment","Ball Lightning","Turbo","Defragment","Rainbow","Self Repair"],"campfire_rested":0,"item_purchase_floors":[4,4,4,12,22,22],"current_hp_per_floor":[74,74,74,74,56,56,56,56,66,66,36,36,36,36,36,12,67,44,44,44,47,47,47,48,0,0],"gold":45,"neow_bonus":"ONE_RANDOM_RARE_CARD","is_daily":false,"chose_seed":false,"campfire_upgraded":6,"win_rate":0.0,"timestamp":1612065050,"path_taken":["M","?","?","?","?","R","M","R","T","R","E","?","R","?","R","BOSS","M","?","?","M","$","R","M","E"],"items_purchased_type":["Card","Card","Card","Card","Card","Card"],"build_version":"2020-12-22","purchased_purges":1,"victory":false,"max_hp_per_floor":[75,75,75,75,75,75,75,75,85,85,85,85,85,85,85,85,85,85,85,85,85,85,85,85,85,85],"card_choices":[{"not_picked":["Scrape","Turbo"],"picked":"Rebound","floor":1},{"not_picked":["Blizzard","Stack"],"picked":"BootSequence","floor":2},{"not_picked":["Gash","Leap"],"picked":"Doom and Gloom","floor":7},{"not_picked":["Go for the Eyes","Hologram"],"picked":"BootSequence","floor":11},{"not_picked":["Auto Shields","Darkness"],"picked":"Redo","floor":14},{"not_picked":["Thunder Strike","Buffer"],"picked":"Creative AI","floor":16},{"not_picked":["Rip and Tear","Go for the Eyes"],"picked":"Sweeping Beam+1","floor":18},{"not_picked":["Darkness","Leap"],"picked":"Compile Driver+1","floor":21},{"not_picked":["Beam Cell","Stack","Conserve Battery"],"picked":"SKIP","floor":24}],"player_experience":470245,"relics_obtained":[{"floor":9,"key":"Pear"},{"floor":11,"key":"Mummified Hand"}],"event_choices":[{"damage_healed":0,"gold_gain":100,"player_choice":"Pray","damage_taken":0,"max_hp_gain":0,"max_hp_loss":0,"event_name":"Golden Shrine","floor":3,"gold_loss":0},{"damage_healed":0,"gold_gain":0,"player_choice":"Take Damage","damage_taken":18,"relics_obtained":["Golden Idol"],"max_hp_gain":0,"max_hp_loss":0,"event_name":"Golden Idol","floor":5,"gold_loss":0},{"damage_healed":0,"gold_gain":0,"player_choice":"Gave Idol","damage_taken":0,"relics_obtained":["Bloody Idol"],"max_hp_gain":0,"max_hp_loss":0,"event_name":"Forgotten Altar","floor":19,"relics_lost":["Golden Idol"],"gold_loss":0},{"cards_removed":["Strike_B"],"damage_healed":0,"gold_gain":0,"player_choice":"Elegance","damage_taken":0,"max_hp_gain":0,"max_hp_loss":0,"event_name":"Back to Basics","floor":20,"gold_loss":0}],"is_beta":false,"boss_relics":[{"not_picked":["Sozu","Runic Dome"],"picked":"Runic Pyramid"}],"items_purged_floors":[4],"is_endless":false,"potions_floor_spawned":[2,16,21,24],"killed_by":"Book of Stabbing","ascension_level":5}}