{"host":"627up2rvtmm0cf0r","time":1612106999,"event":{"mods":["ATMod(°¢èªMod)","Act Like it!","BaseMod","Better Vampires","CapriCore","Card Filter","Card Forge","Colored Powertips","DeckTracker","Dota2Spire","Downfall","Energized Spire","Friendly Minions","Highlight Path","Infinite Spire","Jedi Mod","Minty Spire (QoL Compilation)","MostiFishMod","Permanent Neow","Practice Mode","Quick Restart","Relic Stats","Reliquary","Shop Mod","Spicy Shops","StSLib","SuperFastMode","TestMod","¡¾ÒÅÎï¿¨ÅÆ¡¿REMEMod","óô»ðÖ¸ÄÏ"],"gold_per_floor":[99,112,125,125,144,163,163,195,211,211,267,280,292,303,317,421,421,192,208,93,93,127,146,146,146,190,209,17,27,47,73,91,197,197,46,46,162,162,176,203,203,223,376,434,472,522,322,340,357,367],"floor_reached":51,"language":"ZHS","playtime":2006,"items_purged":["Slimebound:Strike_Slimebound","Slimebound:Defend_Slimebound","Slimebound:Tackle","Slimebound:Defend_Slimebound","Slimebound:Strike_Slimebound","Slimebound:Strike_Slimebound"],"score":2995,"play_id":"6bd66155-136b-4289-a6ef-870430071f59","local_time":"20210131232959","is_ascension_mode":true,"campfire_choices":[{"data":"Slimebound:CorrosiveSpit","floor":1,"key":"SMITH"},{"data":"AT_KingSlayer","floor":10,"key":"SMITH"},{"floor":47,"key":"RECALL"}],"circlet_count":0,"master_deck":["Slimebound:Defend_Slimebound","Slimebound:Split","Slimebound:CorrosiveSpit+1","AT_KingSlayer+1","Slimebound:WasteNot+1","Slimebound:OozeBath+1","Slimebound:SamplingLick+1","Slimebound:SamplingLick+1"],"relics":["Slimebound:AbsorbEndCombat","Hammer of Thor","Seething Fire","Anvil of the Gods","DaveBox","testmod-TestBox","REME_ComplimentaryCards","AT_ATBox","testmod-HeartOfStrike","BrkXgEgg","AT_ForceNature","Mango","testmod-OneHitWonder","Fusion Hammer","Civilization","REME_ArchaeologicalTools","OriginationStaff","Dota2Spire:Mjollnir","testmod-D¨¦j¨¤vu","Ginger","AT_LudenTempest","testmod-DeterminationOfClimber","Membership Card","AT_GoldPhoenixTree","reliquary:IridiumChain","testmod-TheFather","reliquary:OuijaBoard","testmod-Brilliant","downfall:HeartBlessingGreen","downfall:HeartBlessingBlue"],"acts_visited":["Exordium","TheCity","TheBeyond"],"potions_floor_usage":[],"damage_taken":[{"damage":1,"enemies":"Cultist","floor":2,"turns":4},{"damage":2,"enemies":"2 Louse","floor":3,"turns":3},{"damage":2,"enemies":"Jaw Worm","floor":5,"turns":2},{"damage":5,"enemies":"3 Louse","floor":6,"turns":2},{"damage":13,"enemies":"3 Sentries","floor":8,"turns":7},{"damage":19,"enemies":"Lots of Slimes","floor":9,"turns":4},{"damage":33,"enemies":"Lagavulin Event","floor":11,"turns":5},{"damage":3,"enemies":"Blue Slaver","floor":12,"turns":2},{"damage":0,"enemies":"2 Fungi Beasts","floor":13,"turns":3},{"damage":8,"enemies":"Blue Slaver","floor":14,"turns":2},{"damage":7,"enemies":"2 Fungi Beasts","floor":15,"turns":3},{"damage":16,"enemies":"SI_SHIV_ARCHETYPE","floor":16,"turns":5},{"damage":7,"enemies":"Chosen","floor":19,"turns":3},{"damage":1,"enemies":"downfall:FleeingMerchant","floor":20,"turns":4},{"damage":6,"enemies":"3 Byrds","floor":22,"turns":4},{"damage":0,"enemies":"Cultist and Chosen","floor":23,"turns":1},{"damage":19,"enemies":"Slavers","floor":26,"turns":4},{"damage":0,"enemies":"Centurion and Healer","floor":27,"turns":2},{"damage":0,"enemies":"Snecko","floor":29,"turns":2},{"damage":0,"enemies":"Snake Plant","floor":30,"turns":1},{"damage":0,"enemies":"REME_1_Revenger","floor":31,"turns":2},{"damage":0,"enemies":"Centurion and Healer","floor":32,"turns":1},{"damage":0,"enemies":"WA_ARCHETYPE_CALM","floor":33,"turns":1},{"damage":4,"enemies":"infinitespire:Three Voidlings","floor":37,"turns":2},{"damage":80,"enemies":"Nightmare_Alpha","floor":37,"turns":5},{"damage":0,"enemies":"Orb Walker","floor":39,"turns":1},{"damage":0,"enemies":"3 Darklings","floor":40,"turns":1},{"damage":0,"enemies":"4 Shapes","floor":42,"turns":1},{"damage":0,"enemies":"downfall:FleeingMerchant","floor":43,"turns":1},{"damage":0,"enemies":"2 Orb Walkers","floor":44,"turns":1},{"damage":0,"enemies":"Giant Head","floor":45,"turns":1},{"damage":0,"enemies":"Giant Head","floor":46,"turns":1},{"damage":0,"enemies":"Maw","floor":48,"turns":1},{"damage":0,"enemies":"3 Darklings","floor":49,"turns":1},{"damage":0,"enemies":"DF_ARCHETYPE_ORBS","floor":50,"turns":1}],"seed_played":"-4748410493442745160","potions_obtained":[{"floor":3,"key":"FearPotion"},{"floor":6,"key":"Slimebound:ThreeZeroPotion"},{"floor":12,"key":"Explosive Potion"}],"is_trial":false,"path_per_floor":["R","M","M","T","M","M","T","E","M","R","?","M","M","M","M","B",null,"R","M","$","?","M","M","T","AVR","E","M","R","M","M","E","M","B",null,"R","?","?","?","M","M","T","M","$","?","E","?","R","M","M","B",null],"character_chosen":"SLIMEBOUND","items_purchased":["Civilization","Ginger","Membership Card"],"campfire_rested":0,"item_purchase_floors":[18,28,35],"current_hp_per_floor":[65,65,65,65,65,62,62,71,56,56,31,30,32,26,21,13,79,79,75,81,81,85,90,90,90,82,91,91,98,105,112,119,125,125,125,125,70,70,77,92,92,108,116,130,139,146,156,164,169,177],"gold":367,"neow_bonus":"RANDOM_COLORLESS","is_daily":false,"chose_seed":false,"campfire_upgraded":2,"win_rate":0.0,"timestamp":1612106999,"path_taken":["R","M","M","?","M","M","T","E","M","R","?","?","M","M","M","BOSS","R","M","$","?","?","M","T","AVR","E","M","R","M","M","E","M","BOSS","R","?","?","?","?","M","T","M","$","?","E","?","R","?","M","BOSS"],"items_purchased_type":["Relic","Relic","Relic"],"build_version":"2020-12-22","purchased_purges":6,"victory":true,"max_hp_per_floor":[65,65,65,65,65,65,65,79,79,79,79,79,79,79,79,79,79,79,80,81,81,85,90,90,90,95,100,100,105,110,115,120,125,125,125,125,135,135,140,145,145,150,155,160,165,170,180,185,190,195],"relic_stats":{"counters":[35,82],"Ginger":[0],"obtain_stats":[{"reliquary:OuijaBoard":45,"testmod-HeartOfStrike":0,"AT_ATBox":0,"DaveBox":0,"Mango":8,"downfall:HeartBlessingGreen":47,"Hammer of Thor":0,"Ginger":28,"Civilization":18,"testmod-Brilliant":46,"downfall:HeartBlessingBlue":47,"testmod-TheFather":44,"Fusion Hammer":17,"Dota2Spire:Mjollnir":25,"testmod-D¨¦j¨¤vu":26,"REME_ArchaeologicalTools":21,"testmod-DeterminationOfClimber":34,"AT_ForceNature":7,"jedi:command_uncommon":21,"testmod-TestBox":0,"AT_GoldPhoenixTree":37,"BrkXgEgg":0,"Seething Fire":0,"reliquary:IridiumChain":41,"AT_LudenTempest":31,"Anvil of the Gods":0,"Slimebound:AbsorbEndCombat":0,"OriginationStaff":24,"Membership Card":35,"testmod-OneHitWonder":11,"REME_ComplimentaryCards":0},{"reliquary:OuijaBoard":31,"testmod-HeartOfStrike":0,"AT_ATBox":0,"DaveBox":0,"Mango":5,"downfall:HeartBlessingGreen":32,"Hammer of Thor":0,"Ginger":18,"Civilization":12,"testmod-Brilliant":32,"downfall:HeartBlessingBlue":32,"testmod-TheFather":30,"Fusion Hammer":12,"Dota2Spire:Mjollnir":16,"testmod-D¨¦j¨¤vu":17,"REME_ArchaeologicalTools":14,"testmod-DeterminationOfClimber":23,"AT_ForceNature":4,"jedi:command_uncommon":14,"testmod-TestBox":0,"AT_GoldPhoenixTree":25,"BrkXgEgg":0,"Seething Fire":0,"reliquary:IridiumChain":27,"AT_LudenTempest":21,"Anvil of the Gods":0,"Slimebound:AbsorbEndCombat":0,"OriginationStaff":16,"Membership Card":23,"testmod-OneHitWonder":7,"REME_ComplimentaryCards":0},{"reliquary:OuijaBoard":78,"testmod-HeartOfStrike":0,"AT_ATBox":0,"DaveBox":0,"Mango":18,"downfall:HeartBlessingGreen":79,"Hammer of Thor":0,"Ginger":58,"Civilization":41,"testmod-Brilliant":79,"downfall:HeartBlessingBlue":79,"testmod-TheFather":77,"Fusion Hammer":41,"Dota2Spire:Mjollnir":52,"testmod-D¨¦j¨¤vu":56,"REME_ArchaeologicalTools":48,"testmod-DeterminationOfClimber":65,"AT_ForceNature":11,"jedi:command_uncommon":48,"testmod-TestBox":0,"AT_GoldPhoenixTree":72,"BrkXgEgg":0,"Seething Fire":0,"reliquary:IridiumChain":74,"AT_LudenTempest":63,"Anvil of the Gods":0,"Slimebound:AbsorbEndCombat":0,"OriginationStaff":52,"Membership Card":65,"testmod-OneHitWonder":27,"REME_ComplimentaryCards":0}]},"card_choices":[{"not_picked":["Slimebound:Dissolve","Slimebound:SplitSpecialist","Slimebound:ForwardTackle"],"picked":"SKIP","floor":2},{"not_picked":["Slimebound:PressTheAttack","Slimebound:Recollect","Slimebound:HungryTackle"],"picked":"SKIP","floor":3},{"not_picked":["Slimebound:FinishingTackle","Slimebound:GrowthPunch","Slimebound:ProtectTheBoss"],"picked":"SKIP","floor":5},{"not_picked":["Slimebound:ProtectTheBoss","Slimebound:LeechingTouch","Slimebound:FinishingTackle"],"picked":"SKIP","floor":6},{"not_picked":["Slimebound:SplitBruiser","Slimebound:PrepareCrush+1"],"picked":"Slimebound:WasteNot+1","floor":8},{"not_picked":["Slimebound:BestDefense","Slimebound:GoopSpray","Slimebound:HungryTackle"],"picked":"SKIP","floor":9},{"not_picked":["Slimebound:LeechLife+1","Slimebound:Nibble","Slimebound:DivideAndConquer"],"picked":"SKIP","floor":12},{"not_picked":["Slimebound:ComboTackle","Slimebound:SlimeSpikes","Slimebound:HauntingLick"],"picked":"SKIP","floor":13},{"not_picked":["Slimebound:ComboTackle","Slimebound:SplitMire","Slimebound:FlameTackle"],"picked":"SKIP","floor":14},{"not_picked":["Slimebound:SlimeSpikes","Slimebound:SplitMire","Slimebound:SamplingLick"],"picked":"SKIP","floor":15},{"not_picked":["Slimebound:RollThrough","Slimebound:Schlurp","Slimebound:LivingWall"],"picked":"SKIP","floor":19},{"not_picked":["Slimebound:Replication","Slimebound:ItLooksTasty+1","Slimebound:FinishingTackle"],"picked":"SKIP","floor":20},{"not_picked":["Slimebound:Repurpose","Slimebound:SplitMire","Slimebound:ComboTackle+1"],"picked":"SKIP","floor":22},{"not_picked":["Slimebound:Equalize","Slimebound:ItLooksTasty","Slimebound:ComboTackle"],"picked":"SKIP","floor":23},{"not_picked":["Slimebound:Repurpose","Slimebound:Teamwork+1","Slimebound:ServeAndProtect"],"picked":"SKIP","floor":26},{"not_picked":["Slimebound:ItLooksTasty","Slimebound:PressTheAttack","Slimebound:SlimeSpikes"],"picked":"SKIP","floor":27},{"not_picked":["Slimebound:Repurpose+1","Slimebound:RainOfGoop+1","Slimebound:SplitMire"],"picked":"SKIP","floor":29},{"not_picked":["Slimebound:PressTheAttack","Slimebound:SlimeBarrage","Slimebound:ItLooksTasty+1"],"picked":"SKIP","floor":30},{"not_picked":["Slimebound:GoopTackle","Slimebound:LivingWall","Slimebound:Chomp"],"picked":"SKIP","floor":31},{"not_picked":["Slimebound:SlimeSpikes","Slimebound:GoopSpray+1","Slimebound:Schlurp"],"picked":"SKIP","floor":32},{"not_picked":["Slimebound:SlimeSlap+1","Slimebound:MassRepurpose+1"],"picked":"Slimebound:OozeBath+1","floor":33},{"not_picked":["Slimebound:Schlurp+1","Slimebound:DivideAndConquer"],"picked":"Slimebound:SamplingLick+1","floor":39},{"not_picked":["Slimebound:SplitLeeching","Slimebound:ProtectTheBoss+1","Slimebound:ViciousTackle+1"],"picked":"SKIP","floor":40},{"not_picked":["Slimebound:OneTwoCombo+1","Slimebound:SplitBruiser","Slimebound:ItLooksTasty+1"],"picked":"SKIP","floor":42},{"not_picked":["Slimebound:AcidTongue+1","Slimebound:LeechEnergy+1","Slimebound:LivingWall"],"picked":"SKIP","floor":43},{"not_picked":["Slimebound:Prepare","Slimebound:DivideAndConquer+1","Slimebound:Nibble+1"],"picked":"SKIP","floor":45},{"not_picked":["Slimebound:SplitSpecialist+1","Slimebound:SplitAcid"],"picked":"Slimebound:SamplingLick+1","floor":48},{"not_picked":["Slimebound:PressTheAttack","Slimebound:SplitLeeching","Slimebound:SlimeBrawl+1"],"picked":"SKIP","floor":49}],"player_experience":134191,"relics_obtained":[{"floor":7,"key":"AT_ForceNature"},{"floor":8,"key":"Mango"},{"floor":11,"key":"testmod-OneHitWonder"},{"floor":24,"key":"OriginationStaff"},{"floor":26,"key":"testmod-D¨¦j¨¤vu"},{"floor":31,"key":"AT_LudenTempest"},{"floor":37,"key":"AT_GoldPhoenixTree"},{"floor":41,"key":"reliquary:IridiumChain"},{"floor":44,"key":"testmod-TheFather"},{"floor":45,"key":"reliquary:OuijaBoard"},{"floor":46,"key":"testmod-Brilliant"}],"event_choices":[{"cards_removed":["Slimebound:Defend_Slimebound"],"damage_healed":0,"gold_gain":0,"player_choice":"Removed Skill","damage_taken":0,"max_hp_gain":0,"max_hp_loss":0,"event_name":"Falling","floor":36,"gold_loss":0},{"damage_healed":0,"gold_gain":0,"player_choice":"Fight","damage_taken":0,"max_hp_gain":0,"max_hp_loss":0,"event_name":"Mysterious Sphere","floor":44,"gold_loss":0}],"is_beta":false,"boss_relics":[{"not_picked":["REME_DuelDisc","infinitespire:Cupcake"],"picked":"Fusion Hammer"},{"not_picked":["HereWithMe","energizedSpire:RedRose"],"picked":"testmod-DeterminationOfClimber"}],"items_purged_floors":[18,20,25,28,43,43],"is_endless":false,"potions_floor_spawned":[3,6,12,15,19,27,29,30,31,40,42,46,48],"ascension_level":3}}