{"host":"5kirneupyg4uzd3w","time":1612093238,"event":{"mods":["BaseMod","Colored Map","Custom Start","Minty Spire (QoL Compilation)","StSLib","SuperFastMode"],"gold_per_floor":[118,138,149,167,167,167,211,211,211,236,236,277,97,97,97,97,97],"floor_reached":16,"language":"KOR","playtime":306,"items_purged":["Strike_R"],"score":270,"play_id":"050e5596-36a8-4c09-a018-5e4095d00467","local_time":"20210131204038","is_ascension_mode":true,"campfire_choices":[{"data":"Trip","floor":6,"key":"SMITH"},{"data":"Sword Boomerang","floor":8,"key":"SMITH"},{"floor":11,"key":"REST"},{"data":"Ghostly Armor","floor":15,"key":"SMITH"}],"circlet_count":0,"master_deck":["AscendersBane","Strike_R","Strike_R","Strike_R","Defend_R","Defend_R","Defend_R","Defend_R","Bash","Trip+1","Sword Boomerang+1","Evolve","Hemokinesis","Ghostly Armor+1","Flex","Panacea"],"relics":["Burning Blood","Golden Idol","Art of War","White Beast Statue","Champion Belt"],"acts_visited":["Exordium"],"potions_floor_usage":[7,12,16,16],"damage_taken":[{"damage":7,"enemies":"Jaw Worm","floor":1,"turns":3},{"damage":0,"enemies":"Small Slimes","floor":2,"turns":3},{"damage":1,"enemies":"Cultist","floor":3,"turns":3},{"damage":7,"enemies":"3 Louse","floor":4,"turns":3},{"damage":34,"enemies":"3 Sentries","floor":7,"turns":6},{"damage":19,"enemies":"Large Slime","floor":10,"turns":7},{"damage":2,"enemies":"Gremlin Nob","floor":12,"turns":3},{"damage":31,"enemies":"The Guardian","floor":16,"turns":5}],"seed_played":"3460000209571256544","potions_obtained":[{"floor":2,"key":"Strength Potion"},{"floor":4,"key":"LiquidBronze"},{"floor":10,"key":"AttackPotion"},{"floor":12,"key":"EssenceOfSteel"}],"is_trial":false,"path_per_floor":["M","M","M","M","?","R","E","R","T","M","R","E","$","?","R","B"],"character_chosen":"IRONCLAD","items_purchased":["Panacea"],"campfire_rested":1,"item_purchase_floors":[13],"current_hp_per_floor":[67,73,75,74,48,48,20,20,20,7,29,33,33,26,26,0,0],"gold":97,"neow_bonus":"RANDOM_COLORLESS","is_daily":false,"chose_seed":false,"campfire_upgraded":3,"win_rate":0.0,"timestamp":1612093238,"path_taken":["M","M","M","M","?","R","E","R","T","M","R","E","$","?","R","BOSS"],"items_purchased_type":["Card"],"build_version":"2020-12-22","purchased_purges":1,"victory":false,"max_hp_per_floor":[75,75,75,75,75,75,75,75,75,75,75,75,75,75,75,75,75],"card_choices":[{"not_picked":["Blind","Madness"],"picked":"Trip","floor":0},{"not_picked":["Iron Wave","Dual Wield"],"picked":"Sword Boomerang","floor":1},{"not_picked":["Dark Embrace","Clash","Sentinel"],"picked":"SKIP","floor":2},{"not_picked":["Ghostly Armor","Hemokinesis"],"picked":"Evolve","floor":3},{"not_picked":["Heavy Blade","Clothesline"],"picked":"Hemokinesis","floor":4},{"not_picked":["Reckless Charge","Clothesline"],"picked":"Ghostly Armor","floor":7},{"not_picked":["Havoc","True Grit","Armaments"],"picked":"SKIP","floor":10},{"not_picked":["Juggernaut","Hemokinesis"],"picked":"Flex","floor":12}],"player_experience":293904,"relics_obtained":[{"floor":7,"key":"Art of War"},{"floor":9,"key":"White Beast Statue"},{"floor":12,"key":"Champion Belt"}],"event_choices":[{"damage_healed":0,"gold_gain":0,"player_choice":"Take Damage","damage_taken":26,"relics_obtained":["Golden Idol"],"max_hp_gain":0,"max_hp_loss":0,"event_name":"Golden Idol","floor":5,"gold_loss":0},{"cards_removed":["Strike_R"],"damage_healed":0,"gold_gain":0,"player_choice":"Card Removal","damage_taken":7,"max_hp_gain":0,"max_hp_loss":0,"event_name":"Golden Wing","floor":14,"gold_loss":0}],"is_beta":false,"boss_relics":[],"items_purged_floors":[13],"is_endless":false,"potions_floor_spawned":[2,4,10,12],"killed_by":"The Guardian","ascension_level":20}}