{"host":"p34rppyhk302xzzg","time":1612085358,"event":{"mods":["Act Like it!","Ascension Reborn","BaseMod","Better Vampires","BetterRewards","Colored Map","Gensokyo","Googly Eyes","Hallownest","Koishi","Lobotomy","LobotomyExtend","Marisa£®ÏF”Í°°ƒß¿Ì…≥£©","Minty Spire (QoL Compilation)","Pale of the Ancients","Quick Restart","Reimu£®≤©¿ˆ¡È√Œ£©","Remilia£®¿Ÿ√◊¿Ú—«£©","Replay The Spire","SOS£®Àπ∞Õ¥Ô÷Æ◊”£©","StSLib","The Administrix","The Bug Knight","UnlockEverythingMod","Waifu the Spire","Yakumo Yukari mod","Youmu£®ªÍ∆«—˝√Œ£©","noobMod","°æ“≈ŒÔø®≈∆°øREMEMod"],"gold_per_floor":[117,134,134,134,152,152,190,190,282,302,316,336,93,131,192,388,388,400,510,430,508,535,595,595,595,595,595,692,21,55,33,33,211,211,321,350,582,582,582,582,617,617,664,299,14,42,342,360,180,210,280,352,358,22,88,145,145,171,171,189],"floor_reached":61,"language":"ZHS","playtime":3392,"items_purged":[],"score":1603,"play_id":"b35572b4-7b9a-4931-a47c-0a12ba76435f","local_time":"20210131172918","is_ascension_mode":true,"campfire_choices":[{"data":"Reaper","floor":6.0,"key":"SMITH"},{"data":"UpSweep","floor":8.0,"key":"SMITH"},{"floor":25.0,"key":"RECALL"},{"data":"StarlightTyphoon","floor":32.0,"key":"SMITH"},{"data":"TreasureHunter","floor":40.0,"key":"SMITH"},{"floor":47.0,"key":"DIG"},{"floor":57,"key":"DIG"}],"circlet_count":0,"master_deck":["WhiteNight","Woodsman","BodiesMountain","CENSORED","Strike_MRS+1","Strike_MRS+1","Strike_MRS","Defend_MRS","Defend_MRS+1","Defend_MRS","WitchLeyline+1","MHz","CherryBlossoms","PowerUp+1","SpiderBud","TreasureHunter","Freischutz","MillisecondPulsars+1","CrumblingArmor","Hallownest:skillCityofTearsMap","DC+1","MachineGunSpark+1","OortCloud","EarthLightRay+1","Parasite","StarlightTyphoon+1","OpenUniverse","DragonMeteor","Parasite","HereticApostle","UnstableBomb+1","WitchOfGreed+1","Injury","BigBadWolf","PowerUp","ReplayTheSpireMod:Splinters","WitchOfGreed+1","ChargingUp+1","DoubleSpark+1","Alriune","SporeBomb+1","SporeBomb+1","SilentOrchestra","DragonMeteor+1","GalaxyChild","PowerUp+1","LuminesStrike","StarDustReverie+1","Voices"],"relics":["MiniHakkero","REME_ComplimentaryCards","ice","CogitoBucket","LetterFromLob","SolemnVow_r","Hallownest:DreamNailRelic","Omamori","The Courier","HellTrain","Replay:Ringing Soul","CENSORED_r","REME_ArchaeologicalTools","Happy Flower","RedMistMask","Black Star","Gaze_r","TheSmile_r","AspirationHeart","BreadOfAWashokuLover","Shuriken","Frozen Egg 2","ReplayTheSpireMod:Ring of Challenge","Ring of Misfortune","Mirror","Singing Bowl","Bag of Preparation","REME_PuzzleBoxRelic","Quantum Egg","ShroomBag","Whetstone","Prayer Wheel","Cursed Key","Logging_r","ChangeAnything","AtMidnight","Hallownest:GodTamersBeastRelic","Ornamental Fan","Toy Ornithopter","Hallownest:BeastSealRelic","Pen Nib","Replay:Multitool","Bag of Marbles","Membership Card","Snack Pack","ReplayTheSpireMod:TigerMarble","Old Coin","Hallownest:StagBellRelic1","paleoftheancients:Timepiece","paleoftheancients:KeyRelic","Bronze Scales","CultistMask","DeathAngel","paleoftheancients:SoulOfTheSilent","HonorFeather","Moonlight_r","MagicBullet_r","REME_HourglassOfDeath","TentaclePot:ReiMu","Bird Faced Urn","Centennial Puzzle","AmplifyWand","Replay:Baseball","War Paint"],"acts_visited":["Exordium","Hallownest:Greenpath","Hallownest:CityofTears","Hallownest:KingdomsEdge"],"potions_floor_usage":[56,56,56],"damage_taken":[{"damage":6.0,"enemies":"Hallownest:monsterHuskGuard","floor":1.0,"turns":3.0},{"damage":22.0,"enemies":"Hallownest:2_MossCreeps","floor":2.0,"turns":4.0},{"damage":3.0,"enemies":"2_ Uuma","floor":5.0,"turns":2.0},{"damage":7.0,"enemies":"Hallownest:eliteVengeflyKing","floor":7.0,"turns":3.0},{"damage":18.0,"enemies":"Hallownest:2_Tiktiks_1_Baldur_1_Crawlid","floor":10.0,"turns":2.0},{"damage":21.0,"enemies":"Hallownest:monsterAspidMother","floor":11.0,"turns":4.0},{"damage":17.0,"enemies":"Hallownest:1_Ooma_and_2_Uuma","floor":12.0,"turns":3.0},{"damage":125.0,"enemies":"Hallownest:eliteCrystalGuardian","floor":14.0,"turns":9.0},{"damage":23.0,"enemies":"Hallownest:BossHornet","floor":16.0,"turns":5.0},{"damage":22.0,"enemies":"Hallownest:2_Mistakes","floor":18.0,"turns":2.0},{"damage":10.0,"enemies":"Hallownest:2_Mistakes","floor":21.0,"turns":5.0},{"damage":22.0,"enemies":"Hallownest:3_Youths","floor":22.0,"turns":3.0},{"damage":37.0,"enemies":"Hallownest:eliteSoulWarrior","floor":23.0,"turns":5.0},{"damage":19.0,"enemies":"Hallownest:eliteWatcherKnight","floor":28.0,"turns":7.0},{"damage":0.0,"enemies":"Hallownest:monsterMisterMushroom","floor":30.0,"turns":2.0},{"damage":22.0,"enemies":"Hallownest:BossMantisLord","floor":33.0,"turns":3.0},{"damage":49.0,"enemies":"Hallownest:3_Siblings","floor":35.0,"turns":5.0},{"damage":53.0,"enemies":"Hallownest:3_Siblings","floor":37.0,"turns":2.0},{"damage":7.0,"enemies":"Hallownest:3_Siblings","floor":37.0,"turns":3.0},{"damage":0.0,"enemies":"Hallownest:3_Siblings","floor":37.0,"turns":1.0},{"damage":0.0,"enemies":"Hallownest:3_Siblings","floor":37.0,"turns":2.0},{"damage":20.0,"enemies":"Hallownest:eliteHiveKnight","floor":41.0,"turns":2.0},{"damage":4.0,"enemies":"Hallownest:Shield_Heavy","floor":46.0,"turns":2.0},{"damage":0.0,"enemies":"Hallownest:2_Great","floor":48.0,"turns":1.0},{"damage":39.0,"enemies":"Hallownest:Radiance","floor":50.0,"turns":4.0},{"damage":49.0,"enemies":"Hallownest:Radiance","floor":51.0,"turns":5.0},{"damage":20.0,"enemies":"Hallownest:Radiance","floor":52.0,"turns":5.0},{"damage":0.0,"enemies":"Hallownest:Radiance","floor":53.0,"turns":1.0},{"damage":264,"enemies":"","floor":56,"turns":9},{"damage":0,"enemies":"paleoftheancients:N","floor":60,"turns":2}],"seed_played":"6083819210470142033","potions_obtained":[{"floor":5.0,"key":"Strength Potion"},{"floor":10.0,"key":"EssenceOfSteel"},{"floor":12.0,"key":"SkillPotion"},{"floor":14.0,"key":"GamblersBrew"},{"floor":16.0,"key":"Energy Potion"},{"floor":21.0,"key":"CultistPotion"},{"floor":46.0,"key":"BottledSpark"},{"floor":51.0,"key":"Regen Potion"},{"floor":52.0,"key":"BottledSpark"},{"floor":52.0,"key":"Explosive Potion"}],"is_trial":false,"path_per_floor":["M","M","?","?","M","R","E","R","T","M","M","M","$","E","R_BF","B",null,"M","?","?","M","M","E","?","R","T","?","E","$","M","$","R","B",null,"M","T","?","?","?","R","E","?","T","$","$","M","R","M","R","B","M","M","?","$","R","M","R","T","?","B",null],"character_chosen":"MARISA","items_purchased":["Replay:Ringing Soul","TreasureHunter","Bag of Preparation","REME_PuzzleBoxRelic","Quantum Egg","ShroomBag","Whetstone","StarlightTyphoon","DragonMeteor","Replay:Multitool","Bag of Marbles","Membership Card","Snack Pack","ReplayTheSpireMod:TigerMarble","WitchOfGreed+1","REME_HourglassOfDeath","TentaclePot:ReiMu","Bird Faced Urn","Centennial Puzzle"],"campfire_rested":0,"item_purchase_floors":[13,13,29,29,29,29,29,29,31,44,44,45,45,45,45,54,54,54,54],"current_hp_per_floor":[74,58,58,58,56,56,64,64,64,77,56,40,44,8,8,115,115,100,100,104,103,133,150,154,154,154,154,166,169,172,175,175,183,183,175,179,189,189,184,184,185,185,188,188,191,196,196,104,104,92,107,110,91,91,74,0,0,0,0,56],"gold":189,"neow_bonus":"","is_daily":false,"chose_seed":false,"campfire_upgraded":4,"win_rate":0.0,"timestamp":1612085358,"path_taken":["M","M","?","?","M","R","E","R","T","M","?","M","$","E","R_BF","BOSS","M","?","?","M","M","E","?","R","T","?","E","?","M","$","R","BOSS","M","?","?","?","?","R","E","?","T","?","$","M","R","?","R","BOSS","M","M","?","$","R","M","R","T","?","BOSS"],"items_purchased_type":["Relic","Card","Relic","Relic","Relic","Relic","Relic","Card","Card","Relic","Relic","Relic","Relic","Relic","Card","Relic","Relic","Relic","Relic"],"build_version":"2020-12-22","purchased_purges":0,"victory":true,"max_hp_per_floor":[80,80,80,80,80,80,80,80,80,81,88,88,91,98,98,115,115,124,124,127,134,153,158,161,161,161,161,166,169,172,175,175,183,183,186,189,189,189,184,184,187,187,190,190,193,196,196,107,107,107,110,113,110,110,113,114,114,117,117,117],"card_choices":[{"not_picked":["WallGazer","MHz"],"picked":"Funeral","floor":1.0},{"not_picked":["MilkyWay","Occultation"],"picked":"WitchLeyline","floor":1.0},{"not_picked":["WallGazer","MeatLantern"],"picked":"MHz","floor":2.0},{"not_picked":["NonDirectionalLaser","Singularity"],"picked":"SporeBomb","floor":2.0},{"not_picked":["WallGazer","OSAHOGD"],"picked":"CherryBlossoms","floor":5.0},{"not_picked":["DC","SprinkleStarSeal"],"picked":"PowerUp","floor":5.0},{"not_picked":["GalaxyChild","LittleHelper","NakedNest"],"picked":"Singing Bowl","floor":7.0},{"not_picked":["Yin","Bloodbath"],"picked":"PunishingBird","floor":7.0},{"not_picked":["PulseMagic","SatelliteIllusion"],"picked":"AlicesGift","floor":7.0},{"not_picked":["OldLady","Murderer"],"picked":"SpiderBud","floor":10.0},{"not_picked":["MeteoricShower","Acceleration"],"picked":"MagicChant","floor":10.0},{"not_picked":["MeatLantern","BeautyBeast","OSAHOGD"],"picked":"Singing Bowl","floor":11.0},{"not_picked":["MeatLantern","Wellcheers"],"picked":"HappyTeddy","floor":11.0},{"not_picked":["MysteriousBeam","Occultation"],"picked":"Acceleration","floor":11.0},{"not_picked":["Murderer","CrumblingArmor"],"picked":"CENSORED","floor":12.0},{"not_picked":["GravityBeat","LuminesStrike"],"picked":"PowerUp","floor":12.0},{"not_picked":["ShyLook","UniverseFragment"],"picked":"Freischutz","floor":14.0},{"not_picked":["MachineGunSpark","BinaryStars"],"picked":"MillisecondPulsars","floor":14.0},{"not_picked":["OSAHOGD","Murderer"],"picked":"CrumblingArmor","floor":16.0},{"not_picked":["MillisecondPulsars","SatelliteIllusion"],"picked":"BinaryStars","floor":16.0},{"not_picked":["MeatLantern","Woodsman"],"picked":"BodiesMountain","floor":21.0},{"not_picked":["AsteroidBelt","StarBarrage"],"picked":"DC+1","floor":21.0},{"not_picked":["Wellcheers","BigBird","FairyFestival"],"picked":"Singing Bowl","floor":22.0},{"not_picked":["NothingThere","ShyLook"],"picked":"DespairKnight","floor":22.0},{"not_picked":["WitchLeyline+1","Singularity"],"picked":"MachineGunSpark+1","floor":22.0},{"not_picked":["GreedKing","BigBadWolf"],"picked":"WhitesApple","floor":23.0},{"not_picked":["WitchLeyline","Orbital+1"],"picked":"OortCloud","floor":23.0},{"not_picked":["OrrerysSun","ShootingEcho"],"picked":"EarthLightRay","floor":24.0},{"not_picked":["WitchLeyline","Acceleration"],"picked":"EarthLightRay+1","floor":24.0},{"not_picked":["BigBird","UniverseFragment"],"picked":"Woodsman","floor":28.0},{"not_picked":["ShootTheMoon","OrrerysSun+1"],"picked":"PropBag+1","floor":28.0},{"not_picked":["DarkSpark","PropBag"],"picked":"OpenUniverse","floor":30.0},{"not_picked":["VoidDream","BeautyBeast"],"picked":"Woodsman","floor":33.0},{"not_picked":["BigCrunch","BlazingStar"],"picked":"TreasureHunter","floor":33.0},{"not_picked":["Murderer","Funeral"],"picked":"DespairKnight","floor":35.0},{"not_picked":["WitchLeyline","Acceleration+1"],"picked":"UnstableBomb+1","floor":35.0},{"not_picked":["LuminesStrike","SporeBomb"],"picked":"WitchOfGreed+1","floor":35.0},{"not_picked":["Funeral","LittleHelper"],"picked":"BigBadWolf","floor":41.0},{"not_picked":["MysteriousBeam+1","6A"],"picked":"PowerUp","floor":41.0},{"not_picked":["FieryBird","MeltingLove"],"picked":"WhiteNight","floor":46.0},{"not_picked":["EnergyRecoil+1","OneTimeOff"],"picked":"ChargingUp+1","floor":46.0},{"not_picked":["GravityBeat+1","MysteriousBeam"],"picked":"DoubleSpark","floor":46.0},{"not_picked":["DespairKnight","BlackArmy"],"picked":"Alriune","floor":48.0},{"not_picked":["SuperNova+1","MysteriousBeam"],"picked":"SporeBomb+1","floor":48.0},{"not_picked":["Occultation","NonDirectionalLaser"],"picked":"SporeBomb+1","floor":48.0},{"not_picked":["WhitesApple","NakedNest"],"picked":"SilentOrchestra","floor":51.0},{"not_picked":["IllusionStar+1","6A"],"picked":"DragonMeteor+1","floor":51.0},{"not_picked":["BlackSwan","Yin"],"picked":"GalaxyChild","floor":52.0},{"not_picked":["ShootingEcho+1","OpenUniverse"],"picked":"PowerUp+1","floor":52.0},{"not_picked":["6A","GrandCross"],"picked":"LuminesStrike","floor":52.0},{"not_picked":["GravityBeat","6A"],"picked":"StarDustReverie","floor":55}],"player_experience":84432,"relics_obtained":[{"floor":1.0,"key":"LetterFromLob"},{"floor":7.0,"key":"Omamori"},{"floor":9.0,"key":"The Courier"},{"floor":14.0,"key":"REME_ArchaeologicalTools"},{"floor":14.0,"key":"Happy Flower"},{"floor":14.0,"key":"RedMistMask"},{"floor":23.0,"key":"BreadOfAWashokuLover"},{"floor":23.0,"key":"Shuriken"},{"floor":26.0,"key":"Frozen Egg 2"},{"floor":27.0,"key":"ReplayTheSpireMod:Ring of Challenge"},{"floor":27.0,"key":"Ring of Misfortune"},{"floor":28.0,"key":"Mirror"},{"floor":28.0,"key":"Singing Bowl"},{"floor":33.0,"key":"Prayer Wheel"},{"floor":35.0,"key":"AtMidnight"},{"floor":41.0,"key":"Ornamental Fan"},{"floor":41.0,"key":"Toy Ornithopter"},{"floor":43.0,"key":"Pen Nib"},{"floor":47.0,"key":"Old Coin"},{"floor":51.0,"key":"DeathAngel"},{"floor":52.0,"key":"paleoftheancients:SoulOfTheSilent"},{"floor":55,"key":"AmplifyWand"},{"floor":57,"key":"Replay:Baseball"},{"floor":58,"key":"War Paint"}],"event_choices":[],"is_beta":false,"boss_relics":[{"not_picked":["Replay:Grab Bag","Tiny House"],"picked":"Black Star"},{"not_picked":["Pandora\u0027s Box","ChewingGum"],"picked":"Cursed Key"}],"items_purged_floors":[],"is_endless":false,"potions_floor_spawned":[5,10,12,14,16,21,30,37,46,52,53],"ascension_level":0}}