{"host":"qm4rv4rkpk76sbxu","time":1612118675,"event":{"mods":["BaseMod","Bestiary","Block Reminder","DeckTracker","Filter the Spire","Keyboard Shortcuts","Minty Spire (QoL Compilation)","MonsterHotkey","Quick Restart","Random Character Button","Relic Stats","Slay-I","StSLib","Unceasing Turn Reminder","ojb\u0027s Better Paths Mod","ojb\u0027s Info Mod"],"gold_per_floor":[114,127,127,142,217,217,230,230,230,230,195,23,56,66,66,140,140,158,170,170,170,182,212,212,246,246,246,246,246,246,281,281,357,357,370,388,407,426,436,436,471,471,471,471,490,490,385,385,385,385,385,385],"floor_reached":51,"language":"ENG","playtime":4730,"items_purged":["Strike_G"],"score":1391,"play_id":"dc1a3632-9c52-47c9-9e43-139bfaf08730","local_time":"20210131194435","is_ascension_mode":true,"campfire_choices":[{"data":"Glass Knife","floor":6.0,"key":"SMITH"},{"data":"Masterful Stab","floor":8.0,"key":"SMITH"},{"data":"Terror","floor":15.0,"key":"SMITH"},{"data":"Venomology","floor":24.0,"key":"SMITH"},{"floor":27.0,"key":"REST"},{"data":"Footwork","floor":30.0,"key":"SMITH"},{"floor":32.0,"key":"REST"},{"floor":40.0,"key":"RECALL"},{"floor":42.0,"key":"REST"},{"floor":49,"key":"REST"}],"circlet_count":0,"master_deck":["AscendersBane","Strike_G","Strike_G","Strike_G","Defend_G","Defend_G","Defend_G","Defend_G","Defend_G","Survivor","Neutralize","Masterful Stab+1","Glass Knife+1","Dagger Throw","Predator","Terror+1","Dagger Throw","Phantasmal Killer","Footwork+1","Dodge and Roll+1","Eviscerate","Venomology+1","Acrobatics+1","Venomology","Tools of the Trade","Footwork","Finisher+1","Deflect+1","Reflex","Slice+1","Venomology","Escape Plan+1","Calculated Gamble+1","Tactician+1","Blur+1","Trip","Flash of Steel","Outmaneuver"],"relics":["Ring of the Snake","Omamori","Prayer Wheel","Letter Opener","Question Card","Nunchaku","White Beast Statue","Calling Bell","Juzu Bracelet","Mummified Hand","Pocketwatch","WarpedTongs","Strawberry","Tiny Chest","Lizard Tail","Centennial Puzzle","Fusion Hammer","Singing Bowl","Toy Ornithopter"],"acts_visited":["Exordium","TheCity","TheBeyond"],"potions_floor_usage":[45,45,50,50,50,50,50,51,51,51],"damage_taken":[{"damage":10.0,"enemies":"Jaw Worm","floor":1.0,"turns":7.0},{"damage":1.0,"enemies":"Small Slimes","floor":2.0,"turns":4.0},{"damage":0.0,"enemies":"2 Louse","floor":4.0,"turns":2.0},{"damage":1.0,"enemies":"2 Fungi Beasts","floor":7.0,"turns":3.0},{"damage":5.0,"enemies":"Lagavulin","floor":13.0,"turns":5.0},{"damage":1.0,"enemies":"Looter","floor":14.0,"turns":2.0},{"damage":17.0,"enemies":"Hexaghost","floor":16.0,"turns":9.0},{"damage":13.0,"enemies":"Shell Parasite","floor":18.0,"turns":2.0},{"damage":0.0,"enemies":"Spheric Guardian","floor":19.0,"turns":3.0},{"damage":12.0,"enemies":"Snake Plant","floor":22.0,"turns":3.0},{"damage":28.0,"enemies":"Slavers","floor":23.0,"turns":6.0},{"damage":7.0,"enemies":"Gremlin Leader","floor":25.0,"turns":3.0},{"damage":22.0,"enemies":"Slavers","floor":31.0,"turns":7.0},{"damage":17.0,"enemies":"Champ","floor":33.0,"turns":16.0},{"damage":15.0,"enemies":"3 Darklings","floor":35.0,"turns":5.0},{"damage":0.0,"enemies":"Orb Walker","floor":36.0,"turns":3.0},{"damage":0.0,"enemies":"Sphere and 2 Shapes","floor":37.0,"turns":6.0},{"damage":0.0,"enemies":"Jaw Worm Horde","floor":38.0,"turns":4.0},{"damage":0.0,"enemies":"4 Shapes","floor":39.0,"turns":6.0},{"damage":38.0,"enemies":"Giant Head","floor":41.0,"turns":7.0},{"damage":24,"enemies":"Maw","floor":45,"turns":6},{"damage":59,"enemies":"Awakened One","floor":50,"turns":10},{"damage":78,"enemies":"Time Eater","floor":51,"turns":7}],"seed_played":"1730198747175663370","potions_obtained":[{"floor":1.0,"key":"Block Potion"},{"floor":13.0,"key":"Ancient Potion"},{"floor":14.0,"key":"LiquidMemories"},{"floor":16.0,"key":"Regen Potion"},{"floor":18.0,"key":"Energy Potion"},{"floor":19.0,"key":"Strength Potion"},{"floor":22.0,"key":"PowerPotion"},{"floor":23.0,"key":"PowerPotion"},{"floor":25.0,"key":"Poison Potion"},{"floor":31.0,"key":"Ancient Potion"},{"floor":33.0,"key":"LiquidBronze"},{"floor":35.0,"key":"ColorlessPotion"},{"floor":36.0,"key":"DuplicationPotion"},{"floor":37.0,"key":"Regen Potion"},{"floor":45,"key":"LiquidMemories"}],"is_trial":false,"path_per_floor":["M","M","?","M","?","R","M","R","T","?","?","$","E","M","R","B",null,"M","M","?","?","M","E","R","E","T","R","?","?","R","E","R","B",null,"M","M","M","M","M","R","E","R","T","?","M","T","$","?","R","B","B"],"character_chosen":"THE_SILENT","items_purchased":["Nunchaku","Outmaneuver"],"campfire_rested":4,"item_purchase_floors":[12,47],"current_hp_per_floor":[49,48,48,48,37,37,36,36,36,25,41,41,36,35,35,18,54,41,50,50,50,38,17,17,10,10,31,31,31,31,9,30,13,58,43,43,43,55,70,70,32,53,53,45,25,25,25,25,48,14,0,0],"gold":385,"neow_bonus":"RANDOM_COMMON_RELIC","is_daily":false,"chose_seed":false,"campfire_upgraded":5,"win_rate":0.0,"timestamp":1612118675,"path_taken":["M","M","?","M","?","R","M","R","T","?","?","?","E","?","R","BOSS","M","M","?","?","M","E","R","E","T","R","?","?","R","E","R","BOSS","M","M","M","M","M","R","E","R","T","?","M","?","$","?","R","BOSS","BOSS"],"items_purchased_type":["Relic","Card"],"build_version":"2020-12-22","purchased_purges":1,"victory":false,"max_hp_per_floor":[66,66,66,66,66,66,66,66,66,66,66,66,66,66,66,66,66,66,66,66,66,66,73,73,73,73,73,73,73,73,73,73,73,73,73,73,73,73,73,73,73,73,73,75,79,79,79,79,79,79,79,79],"relic_stats":{"Singing Bowl":6,"counters":[23,126],"Juzu Bracelet":2,"Letter Opener":[322],"Question Card":31,"WarpedTongs":[87],"Nunchaku":[22],"Lizard Tail":39,"Centennial Puzzle":[18],"Mummified Hand":[45],"Prayer Wheel":12,"Tiny Chest":1,"obtain_stats":[{"Singing Bowl":41,"Omamori":0,"Juzu Bracelet":17,"Letter Opener":9,"Question Card":10,"White Beast Statue":13,"WarpedTongs":20,"Calling Bell":17,"Nunchaku":12,"Lizard Tail":26,"Centennial Puzzle":31,"Mummified Hand":17,"Strawberry":23,"Prayer Wheel":3,"Tiny Chest":25,"Fusion Hammer":34,"Toy Ornithopter":46,"Ring of the Snake":0,"Pocketwatch":17},{"Singing Bowl":20,"Omamori":0,"Juzu Bracelet":7,"Letter Opener":4,"Question Card":4,"White Beast Statue":5,"WarpedTongs":9,"Calling Bell":7,"Nunchaku":4,"Lizard Tail":12,"Centennial Puzzle":13,"Mummified Hand":7,"Strawberry":11,"Prayer Wheel":2,"Tiny Chest":12,"Fusion Hammer":14,"Toy Ornithopter":21,"Ring of the Snake":0,"Pocketwatch":7},{"Singing Bowl":103,"Omamori":0,"Juzu Bracelet":32,"Letter Opener":16,"Question Card":16,"White Beast Statue":21,"WarpedTongs":37,"Calling Bell":32,"Nunchaku":16,"Lizard Tail":49,"Centennial Puzzle":56,"Mummified Hand":32,"Strawberry":46,"Prayer Wheel":11,"Tiny Chest":49,"Fusion Hammer":72,"Toy Ornithopter":109,"Ring of the Snake":0,"Pocketwatch":32}],"Toy Ornithopter":40,"Ring of the Snake":[46],"Pocketwatch":[65]},"card_choices":[{"not_picked":["Tactician","Concentrate","Prepared"],"picked":"SKIP","floor":1.0},{"not_picked":["Blur","Dodge and Roll"],"picked":"Masterful Stab","floor":2.0},{"not_picked":["Bane","Quick Slash"],"picked":"Glass Knife","floor":4.0},{"not_picked":["Deflect","Deadly Poison"],"picked":"Dagger Throw","floor":4.0},{"not_picked":["Dodge and Roll","Underhanded Strike","Choke"],"picked":"SKIP","floor":7.0},{"not_picked":["Setup","PiercingWail","Quick Slash"],"picked":"SKIP","floor":7.0},{"not_picked":["PiercingWail","Finisher","Prepared"],"picked":"Predator","floor":13.0},{"not_picked":["Outmaneuver","Malaise","Endless Agony"],"picked":"Terror","floor":14.0},{"not_picked":["PiercingWail","Noxious Fumes","Dodge and Roll"],"picked":"Dagger Throw","floor":14.0},{"not_picked":["Die Die Die","Bullet Time","Glass Knife"],"picked":"Phantasmal Killer","floor":16.0},{"not_picked":["Skewer","Blade Dance","Crippling Poison"],"picked":"Footwork","floor":18.0},{"not_picked":["Predator","Dagger Spray","Tactician"],"picked":"Dodge and Roll+1","floor":18.0},{"not_picked":["Infinite Blades","Outmaneuver","Quick Slash"],"picked":"Eviscerate","floor":19.0},{"not_picked":["Dagger Spray","Predator","Distraction","Backflip+1"],"picked":"SKIP","floor":19.0},{"not_picked":["Accuracy","Poisoned Stab","Deadly Poison"],"picked":"Acrobatics+1","floor":22.0},{"not_picked":["Terror","Prepared","Quick Slash","Eviscerate"],"picked":"SKIP","floor":22.0},{"not_picked":["Noxious Fumes","Dagger Spray+1","Storm of Steel","Underhanded Strike"],"picked":"SKIP","floor":23.0},{"not_picked":["Flying Knee","Deflect","Cloak And Dagger"],"picked":"Venomology","floor":25.0},{"not_picked":["Flechettes","Prepared","Setup","Endless Agony"],"picked":"SKIP","floor":31.0},{"not_picked":["Die Die Die","Grand Finale","Bullet Time"],"picked":"Tools of the Trade","floor":33.0},{"not_picked":["Eviscerate","Choke","Accuracy"],"picked":"Footwork","floor":35.0},{"not_picked":["Flying Knee","Underhanded Strike","Dodge and Roll"],"picked":"Finisher+1","floor":35.0},{"not_picked":["Expertise+1","Quick Slash+1","Calculated Gamble"],"picked":"Deflect+1","floor":36.0},{"not_picked":["Dagger Spray","Riddle With Holes","Outmaneuver"],"picked":"Reflex","floor":36.0},{"not_picked":["Noxious Fumes+1","Quick Slash","Acrobatics"],"picked":"Slice+1","floor":37.0},{"not_picked":["Deflect","Underhanded Strike","Bane+1","Sucker Punch"],"picked":"SKIP","floor":37.0},{"not_picked":["Infinite Blades","Bane+1","Predator"],"picked":"Venomology","floor":38.0},{"not_picked":["Prepared","Blade Dance","Underhanded Strike"],"picked":"Escape Plan+1","floor":38.0},{"not_picked":["Quick Slash","Masterful Stab","Flying Knee"],"picked":"Calculated Gamble+1","floor":39.0},{"not_picked":["Skewer","Blade Dance","Cloak And Dagger"],"picked":"Tactician+1","floor":39.0},{"not_picked":["Venomology","Slice+1","Outmaneuver+1"],"picked":"Blur+1","floor":41.0},{"not_picked":["Jack Of All Trades","Violence","Enlightenment","Blind"],"picked":"Singing Bowl","floor":44.0},{"not_picked":["Panache","Jack Of All Trades","The Bomb"],"picked":"Trip","floor":44.0},{"not_picked":["Deep Breath","Forethought","Panache"],"picked":"Flash of Steel","floor":44.0},{"not_picked":["Cloak And Dagger","Bane+1","Dodge and Roll","Setup"],"picked":"Singing Bowl","floor":45},{"not_picked":["Blade Dance+1","Die Die Die","Slice","Dagger Throw"],"picked":"Singing Bowl","floor":45}],"player_experience":1454899,"relics_obtained":[{"floor":9.0,"key":"Letter Opener"},{"floor":13.0,"key":"White Beast Statue"},{"floor":17.0,"key":"Juzu Bracelet"},{"floor":17.0,"key":"Mummified Hand"},{"floor":17.0,"key":"Pocketwatch"},{"floor":23.0,"key":"Strawberry"},{"floor":25.0,"key":"Tiny Chest"},{"floor":26.0,"key":"Lizard Tail"},{"floor":31.0,"key":"Centennial Puzzle"},{"floor":41.0,"key":"Singing Bowl"},{"floor":46,"key":"Toy Ornithopter"}],"event_choices":[{"damage_healed":0.0,"max_hp_gain":0.0,"max_hp_loss":0.0,"gold_gain":0.0,"event_name":"Big Fish","player_choice":"Box","floor":3.0,"gold_loss":0.0,"damage_taken":0.0,"relics_obtained":["Prayer Wheel"],"cards_obtained":["Regret"]},{"damage_healed":0.0,"max_hp_gain":0.0,"max_hp_loss":0.0,"gold_gain":75.0,"event_name":"World of Goop","player_choice":"Gather Gold","floor":5.0,"gold_loss":0.0,"damage_taken":11.0},{"damage_healed":0.0,"max_hp_gain":0.0,"max_hp_loss":0.0,"gold_gain":0.0,"event_name":"Scrap Ooze","player_choice":"Success","floor":10.0,"gold_loss":0.0,"damage_taken":11.0,"relics_obtained":["Question Card"]},{"damage_healed":16.0,"max_hp_gain":0.0,"max_hp_loss":0.0,"gold_gain":0.0,"event_name":"The Cleric","player_choice":"Healed","floor":11.0,"gold_loss":35.0,"damage_taken":0.0},{"damage_healed":0.0,"max_hp_gain":0.0,"max_hp_loss":0.0,"gold_gain":0.0,"event_name":"Accursed Blacksmith","player_choice":"Rummage","floor":20.0,"gold_loss":0.0,"damage_taken":0.0,"relics_obtained":["WarpedTongs"],"cards_obtained":["Pain"]},{"damage_healed":0.0,"max_hp_gain":0.0,"max_hp_loss":0.0,"gold_gain":0.0,"event_name":"The Library","player_choice":"Read","floor":21.0,"gold_loss":0.0,"damage_taken":0.0,"cards_obtained":["Venomology"]},{"cards_removed":["Pain"],"damage_healed":0.0,"max_hp_gain":0.0,"max_hp_loss":0.0,"gold_gain":0.0,"event_name":"Back to Basics","player_choice":"Elegance","floor":28.0,"gold_loss":0.0,"damage_taken":0.0},{"cards_removed":["Strike_G"],"damage_healed":0.0,"max_hp_gain":0.0,"max_hp_loss":0.0,"gold_gain":0.0,"event_name":"Wheel of Change","player_choice":"Card Removal","floor":29.0,"gold_loss":0.0,"damage_taken":0.0},{"damage_healed":0.0,"max_hp_gain":0.0,"max_hp_loss":0.0,"gold_gain":0.0,"event_name":"SensoryStone","player_choice":"Memory 3","floor":44.0,"gold_loss":0.0,"damage_taken":10.0},{"damage_healed":0,"gold_gain":0,"player_choice":"Ignored","damage_taken":0,"max_hp_gain":0,"max_hp_loss":0,"event_name":"SecretPortal","floor":48,"gold_loss":0}],"is_beta":false,"boss_relics":[{"not_picked":["Cursed Key","Astrolabe"],"picked":"Calling Bell"},{"not_picked":["Snecko Eye","HoveringKite"],"picked":"Fusion Hammer"}],"items_purged_floors":[47],"is_endless":false,"potions_floor_spawned":[1,13,14,16,18,19,22,23,25,31,33,35,36,37,38,39,41,45],"killed_by":"Time Eater","ascension_level":20}}