{"host":"03gh5aw7xaqhv7p2","time":1612129174,"event":{"mods":["BaseMod","Colored Powertips","Infinite Spire","Minty Spire (QoL Compilation)","StSLib"],"gold_per_floor":[117,132,148,165,179,210,210,238,264,264,279,292,318,332,332,405,405,424,474,474,474,474,501,501,501,501],"floor_reached":25,"language":"ENG","playtime":1344,"items_purged":["Strike_P"],"score":486,"play_id":"8044d3dd-90b4-4f7c-9aea-41be915241ab","local_time":"20210131223934","is_ascension_mode":true,"campfire_choices":[{"data":"FlurryOfBlows","floor":7,"key":"SMITH"},{"data":"Vigilance","floor":10,"key":"SMITH"},{"data":"MentalFortress","floor":15,"key":"SMITH"},{"floor":24,"key":"REST"}],"circlet_count":0,"master_deck":["AscendersBane","Strike_P","Strike_P","Strike_P","Defend_P","Defend_P","Defend_P","Defend_P","Eruption","Vigilance+1","Wallop","EmptyBody","FlurryOfBlows+1","Consecrate","ForeignInfluence+1","FearNoEvil","Vengeance+1","Meditate+1","MentalFortress+1","Prostrate+1","Vault+1","Crescendo+1","Ghostly+1","Ghostly+1","Ghostly+1","RitualDagger","EmptyBody+1"],"relics":["PureWater","NeowsBlessing","Toxic Egg 2","infinitespire:CheckeredPen","Juzu Bracelet","VioletLotus","Sling","Dream Catcher"],"acts_visited":["Exordium","TheCity"],"potions_floor_usage":[6,8,13,23],"damage_taken":[{"damage":0,"enemies":"Cultist","floor":1,"turns":1},{"damage":0,"enemies":"2 Louse","floor":2,"turns":1},{"damage":0,"enemies":"Jaw Worm","floor":3,"turns":1},{"damage":0,"enemies":"Looter","floor":4,"turns":3},{"damage":0,"enemies":"2 Fungi Beasts","floor":5,"turns":3},{"damage":6,"enemies":"3 Sentries","floor":6,"turns":8},{"damage":3,"enemies":"Gremlin Nob","floor":8,"turns":3},{"damage":2,"enemies":"Large Slime","floor":11,"turns":2},{"damage":0,"enemies":"Looter","floor":12,"turns":2},{"damage":4,"enemies":"3 Sentries","floor":13,"turns":4},{"damage":6,"enemies":"Red Slaver","floor":14,"turns":2},{"damage":7,"enemies":"Slime Boss","floor":16,"turns":8},{"damage":0,"enemies":"Chosen","floor":18,"turns":2},{"damage":27,"enemies":"Nightmare","floor":23,"turns":8},{"damage":17,"enemies":"Book of Stabbing","floor":25,"turns":4}],"seed_played":"3377397518265477959","potions_obtained":[{"floor":2,"key":"Ambrosia"},{"floor":5,"key":"Energy Potion"},{"floor":6,"key":"StancePotion"},{"floor":8,"key":"BlessingOfTheForge"}],"is_trial":false,"path_per_floor":["M","M","M","M","M","E","R","E","T","R","M","M","E","M","R","B",null,"M","?","?","?","AVR","NM","R","E"],"character_chosen":"WATCHER","items_purchased":[],"campfire_rested":1,"item_purchase_floors":[],"current_hp_per_floor":[61,61,61,61,61,55,55,52,52,52,50,50,46,40,40,33,59,59,59,34,28,28,1,11,0,0],"gold":501,"neow_bonus":"THREE_ENEMY_KILL","is_daily":false,"chose_seed":false,"campfire_upgraded":3,"win_rate":0.0,"timestamp":1612129174,"path_taken":["M","M","?","M","M","E","R","E","T","R","M","?","E","M","R","BOSS","M","?","?","?","AVR","NM","R","E"],"items_purchased_type":[],"build_version":"2020-12-22","purchased_purges":1,"victory":false,"max_hp_per_floor":[68,68,68,68,68,68,68,68,68,68,68,68,68,68,68,68,68,68,68,34,34,34,34,34,34,34],"card_choices":[{"not_picked":["FlurryOfBlows","Halt"],"picked":"Wallop","floor":1},{"not_picked":["FlyingSleeves","ThirdEye"],"picked":"EmptyBody","floor":2},{"not_picked":["Halt","JustLucky","Indignation"],"picked":"SKIP","floor":3},{"not_picked":["Evaluate","FollowUp"],"picked":"FlurryOfBlows","floor":4},{"not_picked":["JustLucky","EmptyFist"],"picked":"Consecrate","floor":5},{"not_picked":["Alpha+1","Protect+1"],"picked":"ForeignInfluence+1","floor":6},{"not_picked":["Nirvana","SashWhip"],"picked":"FearNoEvil","floor":8},{"not_picked":["FearNoEvil","BowlingBash"],"picked":"Vengeance+1","floor":11},{"not_picked":["Worship+1","Crescendo+1"],"picked":"Meditate+1","floor":12},{"not_picked":["CutThroughFate","DeusExMachina+1"],"picked":"MentalFortress","floor":13},{"not_picked":["CrushJoints","Protect+1"],"picked":"Prostrate+1","floor":14},{"not_picked":["DevaForm","Brilliance"],"picked":"Vault+1","floor":16},{"not_picked":["Fasting2","FearNoEvil"],"picked":"Crescendo+1","floor":18},{"not_picked":["Tantrum+1","ThirdEye+1"],"picked":"EmptyBody+1","floor":23}],"player_experience":1953788,"relics_obtained":[{"floor":6,"key":"Toxic Egg 2"},{"floor":8,"key":"infinitespire:CheckeredPen"},{"floor":13,"key":"Juzu Bracelet"},{"floor":23,"key":"Dream Catcher"}],"event_choices":[{"damage_healed":0,"gold_gain":50,"player_choice":"Pray","damage_taken":0,"max_hp_gain":0,"max_hp_loss":0,"event_name":"Golden Shrine","floor":19,"gold_loss":0},{"damage_healed":0,"gold_gain":0,"player_choice":"Became a Ghost","damage_taken":0,"max_hp_gain":0,"max_hp_loss":34,"event_name":"Ghosts","floor":20,"gold_loss":0,"cards_obtained":["Ghostly","Ghostly","Ghostly"]},{"damage_healed":0,"gold_gain":0,"player_choice":"Joined the Cult","damage_taken":6,"max_hp_gain":0,"max_hp_loss":0,"event_name":"Nest","floor":21,"gold_loss":0,"cards_obtained":["RitualDagger"]}],"is_beta":false,"boss_relics":[{"not_picked":["Philosopher\u0027s Stone","Ectoplasm"],"picked":"VioletLotus"}],"items_purged_floors":[22],"is_endless":false,"potions_floor_spawned":[2,5,6,8,12],"killed_by":"Book of Stabbing","ascension_level":20}}