{"host":"t8facflq355xg1wc","time":1612126778,"event":{"mods":["AchievementEnabler","BaseMod","DeckTracker","Minty Spire (QoL Compilation)","StSLib","SuperFastMode"],"gold_per_floor":[109,109,34,34,50,50,84,96,96,96,123,142,142,153,153,253,253,273,173,184,184,184,184,200,218,243,263,275,190,216,233,233,329,379,396,450,37,52,70,97,97,117,117,136,136,136,136,84,84,84],"floor_reached":51,"language":"KOR","playtime":6707,"items_purged":["Strike_G","Strike_G","Strike_G"],"score":784,"play_id":"703b7c2b-4323-470f-8d1e-670ed924e8c1","local_time":"20210201055938","is_ascension_mode":false,"campfire_choices":[{"data":"All Out Attack","floor":6,"key":"SMITH"},{"data":"Tools of the Trade","floor":13,"key":"SMITH"},{"data":"Glass Knife","floor":15,"key":"SMITH"},{"data":"Adrenaline","floor":23,"key":"SMITH"},{"data":"Corpse Explosion","floor":32,"key":"SMITH"},{"data":"Tactician","floor":46,"key":"SMITH"},{"data":"Leg Sweep","floor":49,"key":"SMITH"}],"circlet_count":0,"master_deck":["Strike_G","Strike_G","Defend_G","Defend_G","Defend_G","Defend_G","Survivor","Neutralize+1","All Out Attack+1","Backflip","Skewer","Quick Slash+1","Tools of the Trade+1","Glass Knife+1","Flying Knee","Adrenaline+1","Underhanded Strike","Bouncing Flask","Doppelganger","Blade Dance","PiercingWail","Corpse Explosion+1","Glass Knife","Leg Sweep+1","Crippling Poison+1","Outmaneuver+1","Tactician+1","Dodge and Roll","Terror+1","Parasite","Infinite Blades+1"],"relics":["Ring of the Snake","NeowsBlessing","FossilizedHelix","Eternal Feather","Bronze Scales","SlaversCollar","Enchiridion","Blood Vial","Nunchaku","Regal Pillow","Tiny House","Prayer Wheel","Paper Crane","Happy Flower","InkBottle"],"acts_visited":["Exordium","TheCity","TheBeyond"],"potions_floor_usage":[5,16,33,33,35,36,42,50,50],"damage_taken":[{"damage":0,"enemies":"Jaw Worm","floor":1,"turns":1},{"damage":0,"enemies":"Cultist","floor":5,"turns":1},{"damage":0,"enemies":"Lagavulin","floor":7,"turns":1},{"damage":0,"enemies":"Small Slimes","floor":8,"turns":3},{"damage":13,"enemies":"3 Sentries","floor":11,"turns":7},{"damage":0,"enemies":"3 Louse","floor":12,"turns":2},{"damage":0,"enemies":"Red Slaver","floor":14,"turns":3},{"damage":0,"enemies":"Slime Boss","floor":16,"turns":6},{"damage":0,"enemies":"Spheric Guardian","floor":18,"turns":4},{"damage":0,"enemies":"2 Thieves","floor":20,"turns":3},{"damage":1,"enemies":"Centurion and Healer","floor":24,"turns":4},{"damage":0,"enemies":"Snake Plant","floor":25,"turns":3},{"damage":5,"enemies":"Chosen and Byrds","floor":27,"turns":4},{"damage":6,"enemies":"Cultist and Chosen","floor":28,"turns":6},{"damage":0,"enemies":"Book of Stabbing","floor":30,"turns":5},{"damage":0,"enemies":"Centurion and Healer","floor":31,"turns":5},{"damage":37,"enemies":"Collector","floor":33,"turns":8},{"damage":16,"enemies":"3 Darklings","floor":35,"turns":4},{"damage":29,"enemies":"2 Orb Walkers","floor":36,"turns":4},{"damage":0,"enemies":"Orb Walker","floor":38,"turns":3},{"damage":0,"enemies":"4 Shapes","floor":39,"turns":3},{"damage":6,"enemies":"Nemesis","floor":40,"turns":7},{"damage":27,"enemies":"Transient","floor":42,"turns":5},{"damage":20,"enemies":"Writhing Mass","floor":44,"turns":6},{"damage":61,"enemies":"Time Eater","floor":50,"turns":14}],"seed_played":"6366947085629023980","potions_obtained":[{"floor":1,"key":"DistilledChaos"},{"floor":5,"key":"Fruit Juice"},{"floor":8,"key":"Weak Potion"},{"floor":16,"key":"FearPotion"},{"floor":20,"key":"AttackPotion"},{"floor":25,"key":"FairyPotion"},{"floor":34,"key":"Energy Potion"},{"floor":35,"key":"Regen Potion"},{"floor":39,"key":"Block Potion"}],"is_trial":false,"path_per_floor":["M","?","$","$","M","R","E","M","T","$","E","M","R","M","R","B",null,"M","$","M","?","?","R","M","M","T","M","M","?","E","M","R","B",null,"M","?","$","M","M","E","?","M","T","M","?","R","?","$","R","B",null],"character_chosen":"THE_SILENT","items_purchased":["Paper Crane","ColorlessPotion","Swift Potion"],"campfire_rested":0,"item_purchase_floors":[37,37,48],"current_hp_per_floor":[70,70,70,70,75,75,75,75,75,75,62,62,71,71,75,75,75,75,75,75,59,59,71,70,70,70,67,63,63,65,67,75,38,80,64,46,46,48,50,46,46,21,21,3,3,21,66,66,66,5],"gold":84,"neow_bonus":"THREE_ENEMY_KILL","is_daily":false,"chose_seed":false,"campfire_upgraded":7,"win_rate":0.0,"timestamp":1612126778,"path_taken":["M","?","?","$","M","R","E","?","T","?","E","M","R","?","R","BOSS","M","$","?","?","?","R","M","?","T","M","M","?","E","M","R","BOSS","M","?","$","M","M","E","?","M","T","?","?","R","?","?","R","BOSS"],"items_purchased_type":["Relic","Potion","Potion"],"build_version":"2020-12-22","purchased_purges":3,"victory":true,"max_hp_per_floor":[70,70,70,70,75,75,75,75,75,75,75,75,75,75,75,75,75,75,75,75,75,75,75,75,75,75,75,75,75,75,75,75,75,80,80,80,80,80,80,80,76,76,76,76,76,76,66,66,66,66],"card_choices":[{"not_picked":["Tactician","Deadly Poison"],"picked":"All Out Attack","floor":1},{"not_picked":["Terror","Choke"],"picked":"Backflip","floor":5},{"not_picked":["Expertise","Predator"],"picked":"Skewer","floor":7},{"not_picked":["Eviscerate","All Out Attack"],"picked":"Quick Slash","floor":8},{"not_picked":["Acrobatics","Dash"],"picked":"Tools of the Trade","floor":11},{"not_picked":["Dagger Throw","Slice"],"picked":"Glass Knife","floor":12},{"not_picked":["Finisher","Slice"],"picked":"Flying Knee","floor":14},{"not_picked":["Night Terror","Unload"],"picked":"Adrenaline","floor":16},{"not_picked":["Quick Slash","Well Laid Plans"],"picked":"Underhanded Strike","floor":18},{"not_picked":["Tactician","Quick Slash"],"picked":"Bouncing Flask","floor":20},{"not_picked":["Bane","Flying Knee","Masterful Stab+1"],"picked":"SKIP","floor":24},{"not_picked":["Eviscerate+1","Endless Agony"],"picked":"Footwork","floor":25},{"not_picked":["Distraction","Reflex"],"picked":"Blade Dance","floor":27},{"not_picked":["Sucker Punch","Flying Knee+1","Outmaneuver"],"picked":"SKIP","floor":28},{"not_picked":["Flechettes","Sucker Punch"],"picked":"PiercingWail","floor":30},{"not_picked":["Dagger Throw","Crippling Poison"],"picked":"Corpse Explosion","floor":31},{"not_picked":["Venomology","Bullet Time"],"picked":"Glass Knife","floor":33},{"not_picked":["Poisoned Stab","Masterful Stab"],"picked":"Leg Sweep","floor":34},{"not_picked":["Blade Dance","Flying Knee+1"],"picked":"Crippling Poison+1","floor":35},{"not_picked":["Dagger Throw+1","Blade Dance+1"],"picked":"Outmaneuver+1","floor":38},{"not_picked":["Acrobatics+1","Deflect","PiercingWail+1"],"picked":"SKIP","floor":38},{"not_picked":["Masterful Stab+1","Acrobatics+1"],"picked":"Tactician","floor":39},{"not_picked":["Dash","Underhanded Strike","Flying Knee+1"],"picked":"SKIP","floor":39},{"not_picked":["All Out Attack+1","Crippling Poison+1"],"picked":"Dodge and Roll","floor":40},{"not_picked":["Outmaneuver+1","Leg Sweep"],"picked":"Terror+1","floor":42},{"not_picked":["Unload","Prepared+1","Bane"],"picked":"SKIP","floor":42},{"not_picked":["Backflip","Dagger Spray"],"picked":"Infinite Blades+1","floor":44},{"not_picked":["Flying Knee+1","Heel Hook","Bouncing Flask"],"picked":"SKIP","floor":44}],"player_experience":67978,"relics_obtained":[{"floor":7,"key":"FossilizedHelix"},{"floor":9,"key":"Eternal Feather"},{"floor":11,"key":"Bronze Scales"},{"floor":21,"key":"Enchiridion"},{"floor":26,"key":"Blood Vial"},{"floor":30,"key":"Regal Pillow"},{"floor":36,"key":"Prayer Wheel"},{"floor":40,"key":"Happy Flower"},{"floor":43,"key":"InkBottle"}],"event_choices":[{"damage_healed":0,"gold_gain":0,"player_choice":"Upgraded","damage_taken":0,"max_hp_gain":0,"max_hp_loss":0,"event_name":"Upgrade Shrine","floor":2,"gold_loss":0,"cards_upgraded":["Neutralize"]},{"damage_healed":0,"gold_gain":0,"player_choice":"Obtained Book","damage_taken":16,"max_hp_gain":0,"max_hp_loss":0,"event_name":"Cursed Tome","floor":21,"gold_loss":0},{"damage_healed":0,"gold_gain":0,"cards_transformed":["Defend_G"],"player_choice":"Transformed","damage_taken":0,"max_hp_gain":0,"max_hp_loss":0,"event_name":"Transmorgrifier","floor":22,"gold_loss":0,"cards_obtained":["Doppelganger"]},{"damage_healed":0,"gold_gain":0,"player_choice":"Obtained Relic","damage_taken":0,"relics_obtained":["Nunchaku"],"max_hp_gain":0,"max_hp_loss":0,"event_name":"Addict","floor":29,"gold_loss":85},{"damage_healed":0,"gold_gain":0,"player_choice":"Fight","damage_taken":0,"max_hp_gain":0,"max_hp_loss":0,"event_name":"Mysterious Sphere","floor":36,"gold_loss":0},{"damage_healed":0,"gold_gain":0,"player_choice":"Max HP","damage_taken":0,"max_hp_gain":0,"max_hp_loss":4,"event_name":"Winding Halls","floor":41,"gold_loss":0},{"cards_removed":["Footwork"],"damage_healed":0,"gold_gain":0,"player_choice":"Removed Power","damage_taken":0,"max_hp_gain":0,"max_hp_loss":0,"event_name":"Falling","floor":45,"gold_loss":0},{"damage_healed":66,"gold_gain":0,"player_choice":"Heal","damage_taken":0,"max_hp_gain":0,"max_hp_loss":10,"event_name":"The Moai Head","floor":47,"gold_loss":0}],"is_beta":false,"boss_relics":[{"not_picked":["Ectoplasm","Calling Bell"],"picked":"SlaversCollar"},{"not_picked":["Black Star","Runic Pyramid"],"picked":"Tiny House"}],"items_purged_floors":[3,19,37],"is_endless":false,"potions_floor_spawned":[1,5,8,16,20,25,30,31,35,39],"ascension_level":0}}