{"host":"l1bfbgeb3oxa8ieg","time":1612134413,"event":{"mods":["AlwaysNeverKeys","Aspiration","BaseMod","Beaked The Cultist","Better Match","Better Note","Better Third Choice","BetterRewards","Colored Powertips","Conspire","Energized Spire","Fiend Mod","Friendly Minions","Halation","Infinite Spire","Minty Spire (QoL Compilation)","Permanent Neow","Quick Restart","Replay The Spire","Shop Mod","Spicy Shops","Spikes Relics","StSLib","TestMod","The Blackbeard","The Mystic","The Necromancer","Uncapped","UnlockEverythingMod"],"gold_per_floor":[118,39,39,39,114,143,143,143,143,143,157,173,189,189,189,292,342,358,371,385,385,60,60,60,60],"floor_reached":24,"language":"ENG","playtime":2668,"items_purged":["Sweeping Beam"],"score":244,"play_id":"225166eb-1a27-4df9-ab96-ae4b756a4a7f","local_time":"20210201000653","is_ascension_mode":false,"campfire_choices":[{"data":"Creative AI","floor":7,"key":"SMITH"},{"floor":15,"key":"REST"}],"circlet_count":0,"master_deck":["conspire:GhostlyStrike","conspire:GhostlyStrike","conspire:GhostlyStrike","conspire:GhostlyStrike","conspire:GhostlyDefend","conspire:GhostlyDefend","conspire:GhostlyDefend+1","conspire:GhostlyDefend","Zap","Creative AI+1","Capacitor","Leap","Creative AI","Barricade+1"],"relics":["Cracked Core","halation:LostSnail","aspiration:Nostalgia","Replay:M_StaffOfTheSnake","aspiration:ChemicalBlood","halation:LettersToHer","conspire:Boomerang","Tiny House","Divine Protection","Chameleon Ring"],"acts_visited":["Exordium","TheCity"],"potions_floor_usage":[16,20,20,24],"damage_taken":[{"damage":15,"enemies":"Jaw Worm","floor":1,"turns":8},{"damage":13,"enemies":"Replay:BlueRogue","floor":6,"turns":10},{"damage":0,"enemies":"conspire:RoseBush","floor":11,"turns":6},{"damage":7,"enemies":"Small Slimes","floor":12,"turns":6},{"damage":2,"enemies":"Blue Slaver","floor":13,"turns":7},{"damage":21,"enemies":"Slime Boss","floor":16,"turns":8},{"damage":19,"enemies":"Chosen","floor":18,"turns":9},{"damage":5,"enemies":"Shell Parasite","floor":19,"turns":8},{"damage":53,"enemies":"Centurion and Healer","floor":20,"turns":9},{"damage":5,"enemies":"conspire:Head Lice","floor":24,"turns":6}],"seed_played":"-9044110634450911713","potions_obtained":[{"floor":11,"key":"LiquidBronze"},{"floor":12,"key":"testmod-TestPotion"},{"floor":13,"key":"SneckoOil"},{"floor":17,"key":"Languid Potion"},{"floor":18,"key":"SpeedPotion"},{"floor":20,"key":"Explosive Potion"}],"is_trial":false,"path_per_floor":["M","$","?","?","?","E","R","T","T","?","M","M","M","?","R","B",null,"M","M","M","?","$","?","E"],"character_chosen":"DEFECT","items_purchased":["halation:LostSnail","Divine Protection"],"campfire_rested":1,"item_purchase_floors":[2,22],"current_hp_per_floor":[60,60,60,60,49,36,36,36,36,36,36,29,27,27,49,28,80,61,56,3,3,3,3,0,0],"gold":60,"neow_bonus":"ONE_RANDOM_RARE_CARD","is_daily":false,"chose_seed":false,"campfire_upgraded":1,"win_rate":0.0,"timestamp":1612134413,"path_taken":["M","$","?","?","?","E","R","?","T","?","M","M","M","?","R","BOSS","M","M","M","?","$","?","E"],"items_purchased_type":["Relic","Relic"],"build_version":"2020-12-22","purchased_purges":1,"victory":false,"max_hp_per_floor":[75,75,75,75,75,75,75,75,75,75,75,75,75,75,75,75,80,80,80,80,80,80,80,80,80],"card_choices":[{"not_picked":["Cold Snap","Rebound"],"picked":"Capacitor","floor":1},{"not_picked":["Meteor Strike","CutThroughFate"],"picked":"Leap","floor":6},{"not_picked":["Conserve Battery","Turbo","Go for the Eyes"],"picked":"SKIP","floor":11},{"not_picked":["Compile Driver","Stack","Redo"],"picked":"SKIP","floor":12},{"not_picked":["Buffer","Redo","Conserve Battery"],"picked":"SKIP","floor":13},{"not_picked":["Establishment","Meteor Strike"],"picked":"Creative AI","floor":16},{"not_picked":["Hologram","Conserve Battery","Compile Driver"],"picked":"SKIP","floor":18},{"not_picked":["Redo+1","Steam Power","Chill"],"picked":"SKIP","floor":19},{"not_picked":["Hologram","Steam"],"picked":"Sweeping Beam","floor":20}],"player_experience":191268,"relics_obtained":[{"floor":6,"key":"aspiration:ChemicalBlood"},{"floor":8,"key":"halation:LettersToHer"},{"floor":9,"key":"halation:LettersToHer"},{"floor":9,"key":"conspire:Boomerang"},{"floor":23,"key":"Chameleon Ring"}],"event_choices":[{"damage_healed":0,"gold_gain":0,"player_choice":"Agree","damage_taken":0,"max_hp_gain":0,"max_hp_loss":0,"event_name":"conspire:LoneGhost","floor":3,"gold_loss":0},{"damage_healed":0,"gold_gain":0,"player_choice":"Swap Relic","damage_taken":0,"relics_obtained":["aspiration:Nostalgia"],"max_hp_gain":0,"max_hp_loss":0,"event_name":"Box For Yourself","floor":4,"relics_lost":["testmod-TestBox"],"gold_loss":0},{"damage_healed":0,"gold_gain":75,"player_choice":"Gold","damage_taken":11,"max_hp_gain":0,"max_hp_loss":0,"event_name":"betterThird:BetterGoop","floor":5,"gold_loss":0},{"cards_removed":["Dualcast"],"damage_healed":0,"gold_gain":0,"player_choice":"Forget","damage_taken":0,"max_hp_gain":0,"max_hp_loss":0,"event_name":"Living Wall","floor":14,"gold_loss":0},{"cards_removed":["Creative AI"],"damage_healed":0,"gold_gain":0,"player_choice":"Take \u0026 Give","damage_taken":0,"max_hp_gain":0,"max_hp_loss":0,"event_name":"betterNote:BetterNote","floor":21,"gold_loss":0,"cards_obtained":["Barricade"]},{"damage_healed":0,"gold_gain":0,"player_choice":"Relic","damage_taken":0,"max_hp_gain":0,"max_hp_loss":0,"event_name":"Wheel of Change","floor":23,"gold_loss":0}],"is_beta":false,"boss_relics":[{"not_picked":["aspiration:SecretTechniqueScroll","energizedSpire:NeverEndingSparkler"],"picked":"Tiny House"}],"items_purged_floors":[22],"is_endless":false,"potions_floor_spawned":[11,12,13,19,20],"killed_by":"conspire:Head Lice","ascension_level":0}}