{"host":"dlre6nluqh4zuhws","time":1612104056,"event":{"mods":["BaseMod","Minty Spire (QoL Compilation)","StSLib"],"gold_per_floor":[114,189,209,209,209,209,219,219,244,244,244,262,320,338,338,434,434,447,192,204,204,129,79,89,89,113,113,126,8,8,23,23,23,23],"floor_reached":33,"language":"ENG","playtime":1491,"items_purged":[],"score":235,"play_id":"61448bd6-7bca-46b3-9c84-2c42e27c12e3","local_time":"20210131214056","is_ascension_mode":false,"campfire_choices":[{"data":"Cold Snap","floor":6,"key":"SMITH"},{"data":"Lockon","floor":8,"key":"SMITH"},{"data":"Zap","floor":10,"key":"SMITH"},{"data":"Steam","floor":15,"key":"SMITH"},{"data":"Defragment","floor":25,"key":"SMITH"},{"data":"Buffer","floor":27,"key":"SMITH"},{"data":"Dualcast","floor":30,"key":"SMITH"},{"floor":32,"key":"REST"}],"circlet_count":0,"master_deck":["Strike_B","Strike_B","Strike_B","Defend_B","Defend_B","Defend_B","Defend_B","Zap+1","Dualcast+1","Cold Snap+1","Leap+1","Lockon+1","FTL","Ball Lightning","Steam+1","Buffer+1","Go for the Eyes","Static Discharge","Ball Lightning","Defragment+1","Steam+1","Redo","Streamline+1","Sweeping Beam+1"],"relics":["Cracked Core","NeowsBlessing","The Courier","Toy Ornithopter","Ginger","Sozu","Lee\u0027s Waffle","Nilry\u0027s Codex","Juzu Bracelet","Anchor"],"acts_visited":["Exordium","TheCity"],"potions_floor_usage":[28],"damage_taken":[{"damage":0,"enemies":"Small Slimes","floor":1,"turns":1},{"damage":0,"enemies":"2 Louse","floor":3,"turns":1},{"damage":0,"enemies":"Jaw Worm","floor":7,"turns":1},{"damage":0,"enemies":"Blue Slaver","floor":12,"turns":3},{"damage":6,"enemies":"Gremlin Nob","floor":13,"turns":3},{"damage":0,"enemies":"Looter","floor":14,"turns":3},{"damage":21,"enemies":"The Guardian","floor":16,"turns":11},{"damage":18,"enemies":"Shell Parasite","floor":18,"turns":6},{"damage":5,"enemies":"3 Byrds","floor":20,"turns":3},{"damage":23,"enemies":"3 Cultists","floor":24,"turns":5},{"damage":7,"enemies":"Centurion and Healer","floor":28,"turns":6},{"damage":11,"enemies":"Cultist and Chosen","floor":31,"turns":5},{"damage":56,"enemies":"Champ","floor":33,"turns":8}],"seed_played":"-2123438624154097119","potions_obtained":[{"floor":1,"key":"Energy Potion"},{"floor":12,"key":"DistilledChaos"}],"is_trial":false,"path_per_floor":["M","?","M","?","?","R","M","R","T","R","?","M","?","M","R","B",null,"M","$","M","?","?","?","M","R","T","R","M","$","R","M","R","B"],"character_chosen":"DEFECT","items_purchased":["Lee\u0027s Waffle","Static Discharge","Ball Lightning","Defragment","Anchor"],"campfire_rested":1,"item_purchase_floors":[19,19,19,19,29],"current_hp_per_floor":[75,64,64,52,52,52,52,52,52,52,57,57,51,51,51,30,80,62,87,82,66,66,66,43,43,43,43,41,41,41,30,56,0,0],"gold":23,"neow_bonus":"THREE_ENEMY_KILL","is_daily":false,"chose_seed":false,"campfire_upgraded":7,"win_rate":0.0,"timestamp":1612104056,"path_taken":["M","?","M","?","?","R","M","R","T","R","?","?","?","M","R","BOSS","M","$","M","?","?","?","?","R","T","R","M","$","R","M","R","BOSS"],"items_purchased_type":["Relic","Card","Card","Card","Relic"],"build_version":"2020-12-13","purchased_purges":0,"victory":false,"max_hp_per_floor":[75,75,75,75,75,75,75,75,75,75,80,80,80,80,80,80,80,80,87,87,87,87,87,87,87,87,87,87,87,87,87,87,87,87],"card_choices":[{"not_picked":["Hologram","Consume"],"picked":"Cold Snap","floor":1},{"not_picked":["Steam Power","Reprogram"],"picked":"Leap","floor":3},{"not_picked":["Self Repair","Coolheaded"],"picked":"Lockon","floor":7},{"not_picked":["Heatsinks","Compile Driver"],"picked":"FTL","floor":12},{"not_picked":["Compile Driver","Redo"],"picked":"Ball Lightning","floor":13},{"not_picked":["Heatsinks","Compile Driver"],"picked":"Steam","floor":14},{"not_picked":["Multi-Cast","All For One"],"picked":"Buffer","floor":16},{"not_picked":["Hologram","Sweeping Beam"],"picked":"Go for the Eyes","floor":18},{"not_picked":["Redo","Skim+1"],"picked":"Steam+1","floor":20},{"not_picked":["Genetic Algorithm","Hologram"],"picked":"Redo","floor":24},{"not_picked":["Loop","Redo"],"picked":"Streamline+1","floor":28},{"not_picked":["Barrage","Seek"],"picked":"Sweeping Beam+1","floor":31}],"player_experience":35302,"relics_obtained":[{"floor":9,"key":"Toy Ornithopter"},{"floor":13,"key":"Ginger"},{"floor":21,"key":"Nilry\u0027s Codex"},{"floor":26,"key":"Juzu Bracelet"}],"event_choices":[{"damage_healed":0,"gold_gain":75,"player_choice":"Gather Gold","damage_taken":11,"max_hp_gain":0,"max_hp_loss":0,"event_name":"World of Goop","floor":2,"gold_loss":0},{"damage_healed":0,"gold_gain":0,"player_choice":"Success","damage_taken":12,"relics_obtained":["The Courier"],"max_hp_gain":0,"max_hp_loss":0,"event_name":"Scrap Ooze","floor":4,"gold_loss":0},{"damage_healed":0,"gold_gain":0,"player_choice":"Grow","damage_taken":0,"max_hp_gain":0,"max_hp_loss":0,"event_name":"Living Wall","floor":5,"gold_loss":0,"cards_upgraded":["Leap"]},{"damage_healed":0,"gold_gain":0,"player_choice":"Donut","damage_taken":0,"max_hp_gain":5,"max_hp_loss":0,"event_name":"Big Fish","floor":11,"gold_loss":0},{"damage_healed":0,"gold_gain":30,"player_choice":"Searched \u00272\u0027 times","damage_taken":0,"max_hp_gain":0,"max_hp_loss":0,"event_name":"Dead Adventurer","floor":13,"gold_loss":0},{"damage_healed":0,"gold_gain":0,"player_choice":"Obtained Book","damage_taken":16,"max_hp_gain":0,"max_hp_loss":0,"event_name":"Cursed Tome","floor":21,"gold_loss":0},{"cards_removed":["Strike_B"],"damage_healed":0,"gold_gain":0,"player_choice":"Gave Gold","damage_taken":0,"max_hp_gain":0,"max_hp_loss":0,"event_name":"Beggar","floor":22,"gold_loss":75},{"damage_healed":0,"gold_gain":0,"player_choice":"Bet on Murderer","damage_taken":0,"max_hp_gain":0,"max_hp_loss":0,"event_name":"The Joust","floor":23,"gold_loss":50}],"is_beta":false,"boss_relics":[{"not_picked":["Pandora\u0027s Box","Black Star"],"picked":"Sozu"}],"items_purged_floors":[],"is_endless":false,"potions_floor_spawned":[1,12,18,31],"killed_by":"Champ","ascension_level":0}}