{"host":"2se5dq1do2gp0x9k","time":1612056864,"event":{"mods":["AchievementEnabler","BaseMod","Block Reminder","Colored Map","Colored Powertips","Minty Spire (QoL Compilation)","Relic Stats","StSLib","SuperFastMode"],"gold_per_floor":[119,133,37,37,50,50,77,87,113,113,130,5,64,64,64,138,138,151,165,90,103,103,103,115,115,188,207,207,237,54,54,54],"floor_reached":31,"language":"ENG","playtime":1024,"items_purged":["Strike_B","Dualcast"],"score":510,"play_id":"b25aaf6b-99ba-422d-90a8-80e73bcb8a2f","local_time":"20210130173424","is_ascension_mode":true,"campfire_choices":[{"floor":6,"key":"REST"},{"floor":10,"key":"REST"},{"floor":15,"key":"REST"},{"floor":23,"key":"REST"},{"floor":25,"key":"REST"},{"data":"Hologram","floor":28,"key":"SMITH"}],"circlet_count":0,"master_deck":["AscendersBane","Strike_B+1","Strike_B+1","Strike_B+1","Defend_B+1","Defend_B+1","Defend_B+1","Defend_B+1","Zap+1","Thunder Strike","Ball Lightning","Tempest","Genetic Algorithm","Conserve Battery","Hologram+1","Double Energy","Double Energy","Static Discharge","FTL","Thunder Strike","Undo+1","Stack+1","Genetic Algorithm","Ball Lightning","Aggregate","Defragment"],"relics":["Cracked Core","Bag of Preparation","Blood Vial","Oddly Smooth Stone","Snecko Eye","Mercury Hourglass"],"acts_visited":["Exordium","TheCity"],"potions_floor_usage":[11,19,31],"damage_taken":[{"damage":21,"enemies":"Jaw Worm","floor":1,"turns":5},{"damage":3,"enemies":"2 Louse","floor":2,"turns":3},{"damage":0,"enemies":"Cultist","floor":5,"turns":3},{"damage":38,"enemies":"Gremlin Nob","floor":7,"turns":4},{"damage":0,"enemies":"2 Fungi Beasts","floor":8,"turns":2},{"damage":14,"enemies":"Large Slime","floor":11,"turns":7},{"damage":4,"enemies":"Gremlin Nob","floor":13,"turns":3},{"damage":17,"enemies":"The Guardian","floor":16,"turns":9},{"damage":18,"enemies":"Chosen","floor":18,"turns":4},{"damage":22,"enemies":"2 Thieves","floor":19,"turns":4},{"damage":12,"enemies":"Cultist and Chosen","floor":21,"turns":4},{"damage":0,"enemies":"Snecko","floor":24,"turns":5},{"damage":1,"enemies":"Centurion and Healer","floor":27,"turns":6},{"damage":33,"enemies":"Book of Stabbing","floor":29,"turns":5},{"damage":32,"enemies":"Gremlin Leader","floor":31,"turns":4}],"seed_played":"-8326840102639642126","potions_obtained":[{"floor":1,"key":"PowerPotion"},{"floor":7,"key":"Block Potion"},{"floor":13,"key":"Swift Potion"},{"floor":19,"key":"SteroidPotion"}],"is_trial":false,"path_per_floor":["M","M","$","?","M","R","E","M","T","R","M","$","?","?","R","B",null,"M","M","$","M","?","R","M","R","T","M","R","E","$","E"],"character_chosen":"DEFECT","items_purchased":["Genetic Algorithm","Conserve Battery","Static Discharge","FTL","Defragment"],"campfire_rested":5,"item_purchase_floors":[3,3,12,12,30],"current_hp_per_floor":[43,40,40,19,19,40,2,2,2,23,11,11,9,9,30,15,57,41,21,21,11,11,32,34,55,55,56,56,25,25,0,0],"gold":54,"neow_bonus":"ONE_RANDOM_RARE_CARD","is_daily":false,"chose_seed":false,"campfire_upgraded":1,"win_rate":0.0,"timestamp":1612056864,"path_taken":["M","M","$","?","M","R","E","M","T","R","M","$","?","?","R","BOSS","M","M","$","M","?","R","M","R","T","M","R","E","$","E"],"items_purchased_type":["Card","Card","Card","Card","Card"],"build_version":"2020-12-22","purchased_purges":2,"victory":false,"max_hp_per_floor":[71,71,71,71,71,71,71,71,71,71,71,71,71,71,71,71,71,71,71,71,71,71,71,71,71,71,71,71,71,71,71,71],"relic_stats":{"Blood Vial":20,"counters":[15,68],"Snecko Eye":[57,54,58,51],"Bag of Preparation":[22],"obtain_stats":[{"Blood Vial":9,"Oddly Smooth Stone":13,"Snecko Eye":17,"Bag of Preparation":7,"Cracked Core":0,"Mercury Hourglass":26},{"Blood Vial":5,"Oddly Smooth Stone":7,"Snecko Eye":8,"Bag of Preparation":4,"Cracked Core":0,"Mercury Hourglass":12},{"Blood Vial":17,"Oddly Smooth Stone":27,"Snecko Eye":36,"Bag of Preparation":15,"Cracked Core":0,"Mercury Hourglass":53}],"Mercury Hourglass":[60]},"card_choices":[{"not_picked":["Recycle","Hologram"],"picked":"Ball Lightning","floor":1},{"not_picked":["Steam","Stack"],"picked":"Tempest","floor":2},{"not_picked":["Melter","Scrape","Gash"],"picked":"SKIP","floor":5},{"not_picked":["Auto Shields","White Noise"],"picked":"Hologram","floor":7},{"not_picked":["Barrage","Scrape"],"picked":"Double Energy","floor":8},{"not_picked":["Turbo","Force Field"],"picked":"Double Energy","floor":11},{"not_picked":["All For One","Creative AI"],"picked":"Thunder Strike","floor":16},{"not_picked":["Doom and Gloom","Sweeping Beam"],"picked":"Undo+1","floor":18},{"not_picked":["Beam Cell","Steam"],"picked":"Stack+1","floor":19},{"not_picked":["Double Energy","Scrape+1"],"picked":"Genetic Algorithm","floor":21},{"not_picked":["Rebound","Sweeping Beam"],"picked":"Ball Lightning","floor":24},{"not_picked":["Blizzard+1","Streamline","Beam Cell"],"picked":"SKIP","floor":27},{"not_picked":["Barrage","Hyperbeam"],"picked":"Aggregate","floor":29}],"player_experience":4003734,"relics_obtained":[{"floor":7,"key":"Bag of Preparation"},{"floor":9,"key":"Blood Vial"},{"floor":13,"key":"Oddly Smooth Stone"},{"floor":26,"key":"Mercury Hourglass"}],"event_choices":[{"damage_healed":0,"gold_gain":0,"player_choice":"Entered Light","damage_taken":21,"max_hp_gain":0,"max_hp_loss":0,"event_name":"Shining Light","floor":4,"gold_loss":0,"cards_upgraded":["Defend_B","Zap"]},{"damage_healed":0,"gold_gain":0,"player_choice":"Searched \u00272\u0027 times","damage_taken":0,"max_hp_gain":0,"max_hp_loss":0,"event_name":"Dead Adventurer","floor":13,"gold_loss":0},{"damage_healed":0,"gold_gain":0,"player_choice":"Ignored","damage_taken":0,"max_hp_gain":0,"max_hp_loss":0,"event_name":"Liars Game","floor":14,"gold_loss":0},{"damage_healed":0,"gold_gain":0,"player_choice":"Simplicity","damage_taken":0,"max_hp_gain":0,"max_hp_loss":0,"event_name":"Back to Basics","floor":22,"gold_loss":0,"cards_upgraded":["Strike_B","Strike_B","Strike_B","Defend_B","Defend_B","Defend_B"]}],"is_beta":false,"boss_relics":[{"not_picked":["Philosopher\u0027s Stone","Tiny House"],"picked":"Snecko Eye"}],"items_purged_floors":[20,30],"is_endless":false,"potions_floor_spawned":[1,7,13,16,19,24,27],"killed_by":"Gremlin Leader","ascension_level":20}}