{"host":"v08pf7n8rny0u2jk","time":1612092968,"event":{"mods":["Act Like it!","BaseMod","BetterRewards","Colored Map","Colored Powertips","Custom Start","Googly Eyes","Marisa（F雨　魔理沙）","Minty Spire (QoL Compilation)","Replay The Spire","Shop Mod","StSLib","SuperFastMode","[IsaacMod]以撒尖塔","[YSDMod]压实度","slay the spire mod where everything is the same but ironclad has a cowboy hat","篝火指南"],"gold_per_floor":[119,119,69,79,79,79,79,113,113,38,38,56,70,90,106,117,117,222,222,240,104,104,124,135,10,43,43,43,43,43,60,74,93,110,122,122,224,324,335,335,335,347,359,359,359,359,359,151,151,201,26,40,40,40],"floor_reached":55,"language":"ZHS","playtime":3083,"items_purged":["Looming Evil","FairyDestructionRay","Strike_MRS","Defend_MRS","AbsoluteMagnitude"],"score":818,"play_id":"a6b9f32d-0e73-441f-b25e-9748b608a309","local_time":"20210131193608","is_ascension_mode":false,"campfire_choices":[{"data":"CasketOfStar","floor":9.0,"key":"SMITH"},{"data":"BloodyBrimstone","floor":17.0,"key":"SMITH"},{"data":"UpSweep","floor":27.0,"key":"SMITH"},{"data":"OortCloud","floor":36.0,"key":"SMITH"},{"floor":44.0,"key":"REST"},{"floor":46.0,"key":"REST"},{"floor":53,"key":"REST"}],"circlet_count":0,"master_deck":["Strike_MRS","Defend_MRS","Defend_MRS","MasterSpark","UpSweep+1","BloodyBrimstone+1","CasketOfStar+1","MagicAbsorber","SuperPerseids","MagicAbsorber","EnergyFlow","FinalSpark","AbsoluteMagnitude+1","UnstableBomb+1","CollectingQuirk+1","GalacticHalo+1","AbsoluteMagnitude","Parasite","Parasite","Singularity","ShootTheMoon+1","SuperPerseids","Acceleration+1","OortCloud+1","MillisecondPulsars","GalacticHalo+1","DeepEcoloBomb+1"],"relics":["MiniHakkero","HushsDoor","YSD","SatanicBible","ReplayTheSpireMod:Ring of Exchange","Ring of Peace","Replay:Accelerometer","GuppysTail","Astrolabe","Incubus","ShroomBag","UnicornStump","Replay:Wanted Poster","TheBible","SharpPlug","BookofShadows","Bird Faced Urn"],"acts_visited":["Exordium","TheCity","TheBeyond"],"potions_floor_usage":[],"damage_taken":[{"damage":0.0,"enemies":"Small Slimes","floor":1.0,"turns":3.0},{"damage":1.0,"enemies":"Cultist","floor":4.0,"turns":3.0},{"damage":14.0,"enemies":"Lagavulin","floor":8.0,"turns":9.0},{"damage":0.0,"enemies":"2 Louse","floor":12.0,"turns":3.0},{"damage":0.0,"enemies":"Blue Slaver","floor":13.0,"turns":3.0},{"damage":0.0,"enemies":"Looter","floor":14.0,"turns":3.0},{"damage":0.0,"enemies":"3 Louse","floor":15.0,"turns":4.0},{"damage":0.0,"enemies":"Exordium Wildlife","floor":16.0,"turns":4.0},{"damage":0.0,"enemies":"Slime Boss","floor":18.0,"turns":10.0},{"damage":0.0,"enemies":"Shell Parasite","floor":20.0,"turns":4.0},{"damage":0.0,"enemies":"Spheric Guardian","floor":23.0,"turns":3.0},{"damage":10.0,"enemies":"Snake Plant","floor":24.0,"turns":5.0},{"damage":0.0,"enemies":"Slavers","floor":26.0,"turns":3.0},{"damage":0.0,"enemies":"Snecko","floor":31.0,"turns":4.0},{"damage":24.0,"enemies":"Centurion and Healer","floor":32.0,"turns":10.0},{"damage":0.0,"enemies":"Sentry and Sphere","floor":33.0,"turns":5.0},{"damage":0.0,"enemies":"Shelled Parasite and Fungi","floor":34.0,"turns":6.0},{"damage":1.0,"enemies":"Snecko","floor":35.0,"turns":5.0},{"damage":23.0,"enemies":"Automaton","floor":37.0,"turns":8.0},{"damage":0.0,"enemies":"3 Shapes","floor":39.0,"turns":3.0},{"damage":15.0,"enemies":"3 Darklings","floor":42.0,"turns":10.0},{"damage":33.0,"enemies":"Sphere and 2 Shapes","floor":43.0,"turns":5.0},{"damage":0.0,"enemies":"Mind Bloom Boss Battle","floor":50.0,"turns":3.0},{"damage":17,"enemies":"Transient","floor":52,"turns":5},{"damage":0,"enemies":"Awakened One","floor":54,"turns":6}],"seed_played":"4349537052167224467","potions_obtained":[{"floor":1.0,"key":"LifebloodPotion"},{"floor":13.0,"key":"Ancient Potion"},{"floor":16.0,"key":"PowerPotion"},{"floor":18.0,"key":"SpeedPotion"},{"floor":23.0,"key":"Adrenaline Potion"},{"floor":33.0,"key":"AttackPotion"},{"floor":50.0,"key":"Ancient Potion"}],"is_trial":false,"path_per_floor":["M","?","?","M","PTL","PTL","?","E","R","$","T","M","M","M","M","M","R","B",null,"M","$","?","M","M","R","E","R","PTL","PTL","T","M","M","M","M","M","R","B",null,"M","?","?","M","M","R","?","R","T","$","T","?","$","M","R","B",null],"character_chosen":"MARISA","items_purchased":["Incubus","GalacticHalo+1","DeepEcoloBomb+1"],"campfire_rested":3,"item_purchase_floors":[19,21,48],"current_hp_per_floor":[75,75,75,74,74,74,74,60,60,60,60,60,60,60,60,60,60,60,55,55,55,55,55,45,45,45,45,45,45,45,47,27,29,33,36,36,19,52,49,47,47,40,11,25,25,39,39,39,39,39,39,36,47,41],"gold":40,"neow_bonus":"THREE_RARE_CARDS","is_daily":false,"chose_seed":false,"campfire_upgraded":4,"win_rate":0.0,"timestamp":1612092968,"path_taken":["M","?","?","M","PTL","PTL","?","E","R","$","T","M","?","M","M","M","R","BOSS","M","$","?","M","M","R","E","R","PTL","PTL","T","M","M","M","M","M","R","BOSS","M","?","?","M","M","R","?","R","T","$","?","?","$","M","R","BOSS"],"items_purchased_type":["Relic","Card","Card"],"build_version":"2020-12-22","purchased_purges":5,"victory":true,"max_hp_per_floor":[75,75,75,75,75,75,75,75,75,75,75,75,75,75,75,75,75,75,55,55,55,55,55,55,55,52,52,52,52,52,52,52,52,52,52,52,52,52,49,47,47,47,47,47,47,47,47,47,47,47,47,47,47,41],"card_choices":[{"not_picked":[],"picked":"BloodyBrimstone","floor":0.0},{"not_picked":["BigCrunch","StarDustReverie"],"picked":"CasketOfStar","floor":0.0},{"not_picked":["UnstableBomb","MilkyWay"],"picked":"NonDirectionalLaser","floor":1.0},{"not_picked":["6A","Acceleration"],"picked":"MagicAbsorber","floor":4.0},{"not_picked":["NonDirectionalLaser","AlicesGift"],"picked":"SuperPerseids","floor":8.0},{"not_picked":["GravityBeat","EventHorizon"],"picked":"FairyDestructionRay","floor":12.0},{"not_picked":["LuminesStrike","IllusionStar"],"picked":"MagicAbsorber","floor":13.0},{"not_picked":["DarkMatter","DragonMeteor","PowerUp"],"picked":"SKIP","floor":14.0},{"not_picked":["NonDirectionalLaser","AlicesGift"],"picked":"EnergyFlow","floor":15.0},{"not_picked":["LuminesStrike","MysteriousBeam","DoubleSpark"],"picked":"SKIP","floor":16.0},{"not_picked":["ManaRampage","JA"],"picked":"FinalSpark","floor":18.0},{"not_picked":["MachineGunSpark","Occultation","OrrerysSun"],"picked":"SKIP","floor":20.0},{"not_picked":["AlicesGift","DC","GravityBeat"],"picked":"SKIP","floor":23.0},{"not_picked":["Acceleration+1","WitchOfGreed+1"],"picked":"AbsoluteMagnitude","floor":24.0},{"not_picked":["DoubleSpark","MysteriousBeam"],"picked":"Singularity","floor":26.0},{"not_picked":["NonDirectionalLaser","IllusionStar"],"picked":"ShootTheMoon+1","floor":31.0},{"not_picked":["PowerUp+1","DoubleSpark+1"],"picked":"SuperPerseids","floor":32.0},{"not_picked":["DarkSpark","MilkyWay+1","GrandCross+1"],"picked":"SKIP","floor":33.0},{"not_picked":["UltimateShortwave","SuperPerseids"],"picked":"Acceleration+1","floor":34.0},{"not_picked":["MagicChant+1","LuminesStrike+1"],"picked":"OortCloud","floor":35.0},{"not_picked":["SatelliteIllusion","CasketOfStar"],"picked":"MillisecondPulsars","floor":37.0},{"not_picked":["MilkyWay","MachineGunSpark","DC"],"picked":"SKIP","floor":39.0},{"not_picked":["IllusionStar+1","GravityBeat+1","MachineGunSpark"],"picked":"SKIP","floor":42.0},{"not_picked":["UnstableBomb+1","Robbery+1"],"picked":"GalacticHalo+1","floor":43.0},{"not_picked":["MilkyWay","NonDirectionalLaser","AsteroidBelt+1"],"picked":"SKIP","floor":52}],"player_experience":208702,"relics_obtained":[{"floor":7.0,"key":"ReplayTheSpireMod:Ring of Exchange"},{"floor":7.0,"key":"Ring of Peace"},{"floor":8.0,"key":"Replay:Accelerometer"},{"floor":11.0,"key":"GuppysTail"},{"floor":26.0,"key":"ShroomBag"},{"floor":30.0,"key":"UnicornStump"},{"floor":47.0,"key":"SharpPlug"},{"floor":49.0,"key":"BookofShadows"},{"floor":50.0,"key":"Bird Faced Urn"}],"event_choices":[{"cards_removed":["Bash"],"damage_healed":0.0,"max_hp_gain":0.0,"max_hp_loss":0.0,"gold_gain":0.0,"event_name":"Bonfire Elementals","player_choice":"Offered Basic","floor":2.0,"gold_loss":0.0,"damage_taken":0.0},{"cards_removed":["Defend_R"],"damage_healed":0.0,"max_hp_gain":0.0,"max_hp_loss":0.0,"gold_gain":0.0,"event_name":"The Cleric","player_choice":"Card Removal","floor":3.0,"gold_loss":50.0,"damage_taken":0.0},{"damage_healed":0.0,"max_hp_gain":0.0,"max_hp_loss":0.0,"gold_gain":0.0,"cards_transformed":["NonDirectionalLaser"],"event_name":"Transmorgrifier","player_choice":"Transformed","floor":22.0,"gold_loss":0.0,"damage_taken":0.0,"cards_obtained":["AbsoluteMagnitude"]},{"damage_healed":0.0,"max_hp_gain":0.0,"max_hp_loss":2.0,"gold_gain":0.0,"event_name":"Winding Halls","player_choice":"Max HP","floor":40.0,"gold_loss":0.0,"damage_taken":0.0},{"damage_healed":0.0,"max_hp_gain":0.0,"max_hp_loss":0.0,"gold_gain":0.0,"event_name":"WeMeetAgain","player_choice":"Gave Potion","floor":45.0,"gold_loss":0.0,"damage_taken":0.0,"relics_obtained":["TheBible"]},{"damage_healed":0.0,"max_hp_gain":0.0,"max_hp_loss":0.0,"gold_gain":0.0,"event_name":"MindBloom","player_choice":"Fight","floor":50.0,"gold_loss":0.0,"damage_taken":0.0}],"is_beta":false,"boss_relics":[{"not_picked":["DollysMirror","HandDrill"],"picked":"Astrolabe"},{"not_picked":[]},{"not_picked":["TheBattery","NineVolt"],"picked":"Replay:Wanted Poster"},{"not_picked":[]}],"items_purged_floors":[10,21,25,48,51],"is_endless":false,"potions_floor_spawned":[1,13,16,18,23,24,31,33,34,35,39,50],"ascension_level":0}}