{"host":"tpad8qsc9e0g0pa5","time":1612076121,"event":{"mods":["BaseMod","Minty Spire (QoL Compilation)","Quick Restart","StSLib","The Cursed"],"gold_per_floor":[14,14,30,30,41,71,71,104,104,104,130,130,145,32,32,133,133,148,198,168,168],"floor_reached":20,"language":"ZHS","playtime":2433,"items_purged":[],"score":200,"play_id":"8f8426de-375c-498f-b1ec-0813c644015f","local_time":"20210131145521","is_ascension_mode":true,"campfire_choices":[{"floor":7.0,"key":"REST"},{"data":"TheCursedMod:EmpowerCircles","floor":10.0,"key":"SMITH"},{"floor":12.0,"key":"REST"},{"data":"TheCursedMod:Neurasthenia","floor":15.0,"key":"SMITH"}],"circlet_count":0,"master_deck":["TheCursedMod:Strike_TheCursed","TheCursedMod:Strike_TheCursed","TheCursedMod:Defend_TheCursed","TheCursedMod:CursedWand","TheCursedMod:CleanUpWorkshop","TheCursedMod:Dregs","TheCursedMod:CircleOfFlame","TheCursedMod:FuryStrike","TheCursedMod:SoulReap","TheCursedMod:ManaBullet","TheCursedMod:SurpriseAttack","TheCursedMod:RapidMovement","TheCursedMod:EmpowerCircles+1","TheCursedMod:VoidForm","TheCursedMod:Neurasthenia+1","TheCursedMod:AntiAging","TheCursedMod:CircleOfWindfury"],"relics":["TheCursedMod:BlackMagic101","Peace Pipe","The Courier","Bottled Tornado","Pantograph","Empty Cage"],"acts_visited":["TheCity"],"potions_floor_usage":[],"damage_taken":[{"damage":0.0,"enemies":"2 Louse","floor":1.0,"turns":1.0},{"damage":5.0,"enemies":"Small Slimes","floor":3.0,"turns":3.0},{"damage":0.0,"enemies":"Cultist","floor":5.0,"turns":2.0},{"damage":26.0,"enemies":"Lagavulin","floor":6.0,"turns":5.0},{"damage":20.0,"enemies":"Gremlin Nob","floor":8.0,"turns":4.0},{"damage":39.0,"enemies":"3 Sentries","floor":11.0,"turns":7.0},{"damage":0.0,"enemies":"Lots of Slimes","floor":13.0,"turns":2.0},{"damage":47.0,"enemies":"The Guardian","floor":16.0,"turns":7.0},{"damage":36.0,"enemies":"Spheric Guardian","floor":18.0,"turns":6.0},{"damage":5,"enemies":"2 Thieves","floor":20,"turns":2}],"seed_played":"-9026697275081309976","potions_obtained":[{"floor":3.0,"key":"GamblersBrew"},{"floor":4.0,"key":"DistilledChaos"},{"floor":4.0,"key":"Fire Potion"},{"floor":8.0,"key":"FairyPotion"},{"floor":13.0,"key":"GamblersBrew"},{"floor":16.0,"key":"Fire Potion"}],"is_trial":false,"path_per_floor":["M","?","M","?","M","E","R","E","T","R","E","R","M","$","R","B",null,"M","?","M"],"character_chosen":"THE_CURSED","items_purchased":["TheCursedMod:Neurasthenia"],"campfire_rested":2,"item_purchase_floors":[14],"current_hp_per_floor":[75,75,75,75,75,49,71,55,55,55,21,43,43,43,43,32,75,41,41,36,36],"gold":168,"neow_bonus":"TRANSFORM_TWO_CARDS","is_daily":false,"chose_seed":false,"campfire_upgraded":2,"win_rate":0.0,"timestamp":1612076121,"path_taken":["M","?","M","?","M","E","R","E","T","R","E","R","M","$","R","BOSS","M","?","?"],"items_purchased_type":["Card"],"build_version":"2020-12-22","purchased_purges":0,"victory":false,"max_hp_per_floor":[75,75,75,75,75,75,75,75,75,75,75,75,75,75,75,75,75,77,77,77,77],"card_choices":[{"not_picked":["TheCursedMod:SmokeScreen","TheCursedMod:TacticalStrike"],"picked":"TheCursedMod:SoulReap","floor":1.0},{"not_picked":["TheCursedMod:CircleOfCorruption","TheCursedMod:CursedShiv"],"picked":"TheCursedMod:ManaBullet","floor":3.0},{"not_picked":["TheCursedMod:Wield","TheCursedMod:FleshFromBone"],"picked":"TheCursedMod:SurpriseAttack","floor":5.0},{"not_picked":["TheCursedMod:CursedBoomerang","TheCursedMod:WearCloak"],"picked":"TheCursedMod:RapidMovement","floor":6.0},{"not_picked":["TheCursedMod:CircleOfFlame","TheCursedMod:Obscuration"],"picked":"TheCursedMod:EmpowerCircles","floor":8.0},{"not_picked":["TheCursedMod:FleshFromBone","TheCursedMod:CursedStaff","TheCursedMod:FuryStrike"],"picked":"SKIP","floor":11.0},{"not_picked":["TheCursedMod:RavingStaff","TheCursedMod:WearCloak"],"picked":"TheCursedMod:VoidForm","floor":13.0},{"not_picked":["TheCursedMod:DemonicPact","TheCursedMod:OutForBlood"],"picked":"TheCursedMod:AntiAging","floor":16.0},{"not_picked":["TheCursedMod:SmokeScreen+1","TheCursedMod:CircleOfCorruption"],"picked":"TheCursedMod:CircleOfWindfury","floor":18.0}],"player_experience":241907,"relics_obtained":[{"floor":6.0,"key":"Peace Pipe"},{"floor":8.0,"key":"The Courier"},{"floor":9.0,"key":"Bottled Tornado"},{"floor":11.0,"key":"Pantograph"}],"event_choices":[{"cards_removed":["TheCursedMod:Defend_TheCursed"],"damage_healed":0.0,"max_hp_gain":0.0,"max_hp_loss":0.0,"gold_gain":0.0,"event_name":"Living Wall","player_choice":"Forget","floor":2.0,"gold_loss":0.0,"damage_taken":0.0},{"damage_healed":0.0,"max_hp_gain":0.0,"max_hp_loss":0.0,"gold_gain":0.0,"event_name":"Lab","player_choice":"Got Potions","floor":4.0,"gold_loss":0.0,"damage_taken":0.0},{"damage_healed":0.0,"max_hp_gain":0.0,"max_hp_loss":0.0,"gold_gain":100.0,"event_name":"The Joust","player_choice":"Bet on Murderer","floor":19.0,"gold_loss":50.0,"damage_taken":0.0}],"is_beta":false,"boss_relics":[{"not_picked":["Fusion Hammer","Tiny House"],"picked":"Empty Cage"}],"items_purged_floors":[],"is_endless":false,"potions_floor_spawned":[3,8,13,16],"killed_by":"2 Thieves","ascension_level":1}}