{"host":"g4s2zlagidtu703b","time":1612118170,"event":{"mods":["BaseMod","Colored Map","Colored Powertips","Lobotomy","Minty Spire (QoL Compilation)","StSLib"],"gold_per_floor":[115,115,126,90,60,60,76,76,122,154,154,169,179,198,198,303,303,315,349,349,365,384,384,417,417,417,417,431,431,441,144,144,239,239,257,257,274,324,334,334,357,117,117,117,35,54,73,108,108,8,8],"floor_reached":50,"language":"ENG","playtime":4932,"items_purged":["CherryBlossoms","Decay"],"score":567,"play_id":"f5e8fdb3-126f-43dd-ac30-bde870f6213d","local_time":"20210131163610","is_ascension_mode":false,"campfire_choices":[{"data":"Neutralize","floor":6,"key":"SMITH"},{"data":"Well Laid Plans","floor":8,"key":"SMITH"},{"data":"Die Die Die","floor":11,"key":"SMITH"},{"data":"Backflip","floor":15,"key":"SMITH"},{"data":"Noxious Fumes","floor":23,"key":"SMITH"},{"data":"Noxious Fumes","floor":25,"key":"SMITH"},{"data":"PiercingWail","floor":27,"key":"SMITH"},{"data":"Backstab","floor":29,"key":"SMITH"},{"data":"Footwork","floor":32,"key":"SMITH"},{"data":"Calculated Gamble","floor":40,"key":"SMITH"},{"data":"Blade Dance","floor":44,"key":"SMITH"},{"data":"Acrobatics","floor":49,"key":"SMITH"}],"circlet_count":0,"master_deck":["Strike_G","Strike_G+1","Strike_G","Strike_G","Strike_G","Defend_G","Defend_G","Defend_G","Defend_G","Defend_G","Survivor","Neutralize+1","PiercingWail+1","MHz","Die Die Die+1","DreamingCurrent","Well Laid Plans+1","OldLady","Blur","Blade Dance","Backflip+1","Adrenaline","Noxious Fumes+1","Dagger Spray","Noxious Fumes+1","Backstab+1","Crippling Poison+1","PunishingBird","OSAHOGD","Calculated Gamble+1","Freischutz","Backstab+1","Footwork+1","Venomology","QueenOfHatred","Dodge and Roll","Flechettes+1","Acrobatics+1","Blur+1","Blade Dance+1","Purity","Doubt","Noxious Fumes+1","Wellcheers","Escape Plan"],"relics":["Ring of the Snake","CogitoBucket","Matryoshka","Bronze Scales","Lantern","Happy Flower","SkinProphecy","Coffee Dripper","Red Mask","Du-Vu Doll","Sundial","Kunai","Pen Nib","Cursed Key","AtMidnight","ChangeAnything","Tough Bandages","Whetstone","Frozen Egg 2","Vajra"],"acts_visited":["Exordium","TheCity","TheBeyond"],"potions_floor_usage":[10,14,35,37,50,50,50],"damage_taken":[{"damage":0,"enemies":"Cultist","floor":1,"turns":3},{"damage":1,"enemies":"2 Louse","floor":3,"turns":4},{"damage":3,"enemies":"Small Slimes","floor":7,"turns":4},{"damage":24,"enemies":"3 Sentries","floor":10,"turns":4},{"damage":6,"enemies":"Exordium Wildlife","floor":12,"turns":3},{"damage":20,"enemies":"Exordium Thugs","floor":13,"turns":2},{"damage":12,"enemies":"2 Fungi Beasts","floor":14,"turns":2},{"damage":58,"enemies":"Slime Boss","floor":16,"turns":11},{"damage":9,"enemies":"2 Thieves","floor":18,"turns":4},{"damage":0,"enemies":"Masked Bandits","floor":19,"turns":2},{"damage":0,"enemies":"3 Byrds","floor":21,"turns":4},{"damage":8,"enemies":"3 Cultists","floor":22,"turns":4},{"damage":26,"enemies":"Slavers","floor":24,"turns":5},{"damage":17,"enemies":"Snecko","floor":28,"turns":5},{"damage":14,"enemies":"Snake Plant","floor":30,"turns":3},{"damage":90,"enemies":"Collector","floor":33,"turns":10},{"damage":130,"enemies":"3 Darklings","floor":35,"turns":10},{"damage":1,"enemies":"3 Shapes","floor":37,"turns":7},{"damage":8,"enemies":"Mind Bloom Boss Battle","floor":38,"turns":6},{"damage":24,"enemies":"Jaw Worm Horde","floor":39,"turns":3},{"damage":1,"enemies":"Spire Growth","floor":46,"turns":4},{"damage":24,"enemies":"Maw","floor":47,"turns":7},{"damage":31,"enemies":"Giant Head","floor":48,"turns":9},{"damage":133,"enemies":"Time Eater","floor":50,"turns":4}],"seed_played":"5978490671674180861","potions_obtained":[{"floor":3,"key":"Fruit Juice"},{"floor":5,"key":"SpeedPotion"},{"floor":5,"key":"SmokeBomb"},{"floor":12,"key":"LiquidBronze"},{"floor":14,"key":"Strength Potion"},{"floor":18,"key":"Weak Potion"},{"floor":24,"key":"ColorlessPotion"}],"is_trial":false,"path_per_floor":["M","T","M","$","?","R","M","R","T","E","R","M","M","M","R","B",null,"M","?","?","M","M","R","E","R","T","R","M","R","M","$","R","B",null,"M","?","M","?","M","R","T","$","T","R","$","M","M","E","R","B"],"character_chosen":"THE_SILENT","items_purchased":["Well Laid Plans","Pen Nib","Footwork","Blade Dance","Purity","Noxious Fumes+1"],"campfire_rested":0,"item_purchase_floors":[4,31,31,42,42,45],"current_hp_per_floor":[70,70,69,69,69,69,70,70,70,64,64,70,56,57,57,55,79,79,83,83,87,88,88,87,87,87,87,93,93,91,91,91,61,97,14,14,51,85,75,75,75,75,75,75,75,96,99,112,112,0,0],"gold":8,"neow_bonus":"","is_daily":false,"chose_seed":false,"campfire_upgraded":12,"win_rate":0.0,"timestamp":1612118170,"path_taken":["M","?","M","$","?","R","M","R","T","E","R","M","M","M","R","BOSS","M","?","?","?","M","R","E","R","T","R","M","R","M","?","R","BOSS","M","?","?","?","M","R","?","$","T","R","$","M","M","E","R","BOSS"],"items_purchased_type":["Card","Relic","Card","Card","Card","Card"],"build_version":"2020-12-22","purchased_purges":2,"victory":false,"max_hp_per_floor":[70,70,70,70,70,70,70,70,70,70,70,70,70,77,77,79,79,81,83,83,87,89,89,91,91,91,91,93,93,95,95,95,97,97,101,101,103,105,107,107,107,107,107,107,107,109,111,113,113,117,117],"card_choices":[{"not_picked":["All Out Attack","Deflect"],"picked":"PiercingWail","floor":1},{"not_picked":["Laetitia","OSAHOGD"],"picked":"MHz","floor":1},{"not_picked":["Sucker Punch","Poisoned Stab"],"picked":"Die Die Die","floor":3},{"not_picked":["Rudolta","Porccubus"],"picked":"DreamingCurrent","floor":3},{"not_picked":["Caltrops","Underhanded Strike","Infinite Blades"],"picked":"SKIP","floor":7},{"not_picked":["Quick Slash","Deflect","Poisoned Stab"],"picked":"SKIP","floor":10},{"not_picked":["Scorched","SilentOrchestra"],"picked":"OldLady","floor":12},{"not_picked":["All Out Attack","Flechettes"],"picked":"Blur","floor":12},{"not_picked":["Flechettes","PiercingWail"],"picked":"Blade Dance","floor":13},{"not_picked":["Infinite Blades","Dagger Throw"],"picked":"Backflip","floor":14},{"not_picked":["Venomology","Envenom"],"picked":"Adrenaline","floor":16},{"not_picked":["Dodge and Roll","Outmaneuver+1"],"picked":"Noxious Fumes","floor":18},{"not_picked":["GreedKing","UniverseFragment"],"picked":"CrumblingArmor","floor":19},{"not_picked":["Flechettes","Prepared"],"picked":"Dagger Spray","floor":19},{"not_picked":["Accuracy","Calculated Gamble+1"],"picked":"Noxious Fumes","floor":21},{"not_picked":["QueenOfHatred","SnowQueen"],"picked":"CherryBlossoms","floor":22},{"not_picked":["Dagger Spray+1","Venomology"],"picked":"Backstab","floor":22},{"not_picked":["Escape Plan","All Out Attack+1"],"picked":"Crippling Poison+1","floor":24},{"not_picked":["NakedNest","ShyLook"],"picked":"PunishingBird","floor":24},{"not_picked":["QueenBee","Mercenary"],"picked":"OSAHOGD","floor":28},{"not_picked":["Slice","All Out Attack+1"],"picked":"Calculated Gamble","floor":28},{"not_picked":["SingingMachine","SpiderBud"],"picked":"Freischutz","floor":30},{"not_picked":["Blade Dance+1","Predator"],"picked":"Backstab+1","floor":30},{"not_picked":["Envenom","Doppelganger"],"picked":"Venomology","floor":33},{"not_picked":["Scorched","Laetitia"],"picked":"QueenOfHatred","floor":33},{"not_picked":["Choke","Backflip"],"picked":"Dodge and Roll","floor":35},{"not_picked":["Poisoned Stab","Venomology"],"picked":"Acrobatics","floor":37},{"not_picked":["Cloak And Dagger+1","Acrobatics"],"picked":"Blur+1","floor":38},{"not_picked":["Distraction+1","Caltrops+1","Dagger Throw+1"],"picked":"SKIP","floor":39},{"not_picked":["Slice+1","All Out Attack","Quick Slash"],"picked":"SKIP","floor":46},{"not_picked":["BodiesMountain","Funeral"],"picked":"Wellcheers","floor":47},{"not_picked":["Dagger Throw","Sucker Punch","Dagger Spray"],"picked":"SKIP","floor":47},{"not_picked":["Outmaneuver+1","Poisoned Stab"],"picked":"Escape Plan","floor":48}],"player_experience":150292,"relics_obtained":[{"floor":2,"key":"Matryoshka"},{"floor":9,"key":"Bronze Scales"},{"floor":9,"key":"Lantern"},{"floor":10,"key":"Happy Flower"},{"floor":19,"key":"Red Mask"},{"floor":24,"key":"Du-Vu Doll"},{"floor":26,"key":"Sundial"},{"floor":26,"key":"Kunai"},{"floor":35,"key":"AtMidnight"},{"floor":38,"key":"Tough Bandages"},{"floor":41,"key":"Whetstone"},{"floor":43,"key":"Frozen Egg 2"},{"floor":48,"key":"Vajra"}],"event_choices":[{"damage_healed":0,"gold_gain":0,"player_choice":"Bought 2 Potions","damage_taken":0,"max_hp_gain":0,"max_hp_loss":0,"event_name":"The Woman in Blue","floor":5,"gold_loss":0},{"damage_healed":0,"gold_gain":0,"player_choice":"Fought Bandits","damage_taken":0,"max_hp_gain":0,"max_hp_loss":0,"event_name":"Masked Bandits","floor":19,"gold_loss":0},{"damage_healed":0,"gold_gain":0,"player_choice":"Ignored","damage_taken":0,"max_hp_gain":0,"max_hp_loss":0,"event_name":"Ghosts","floor":20,"gold_loss":0},{"damage_healed":0,"gold_gain":0,"cards_transformed":["CrumblingArmor"],"player_choice":"Transformed","damage_taken":0,"max_hp_gain":0,"max_hp_loss":0,"event_name":"Transmorgrifier","floor":36,"gold_loss":0,"cards_obtained":["Flechettes"]},{"damage_healed":0,"gold_gain":0,"player_choice":"Fight","damage_taken":0,"max_hp_gain":0,"max_hp_loss":0,"event_name":"MindBloom","floor":38,"gold_loss":0}],"is_beta":false,"boss_relics":[{"not_picked":["WristBlade","Philosopher\u0027s Stone"],"picked":"Coffee Dripper"},{"not_picked":["Sozu","Black Star"],"picked":"Cursed Key"}],"items_purged_floors":[31,42],"is_endless":false,"potions_floor_spawned":[3,12,14,18,19,24,33,38,47,48],"killed_by":"Time Eater","ascension_level":0}}