{"host":"splhgeaql3beeqc1","time":1612101760,"event":{"mods":["BaseMod","Minty Spire (QoL Compilation)","Quick Restart","StSLib"],"gold_per_floor":[118,138,213,230,230,256,256,266,266,266,281,281,307,321,321,418,418,431,431,442,454,132,132,162,162,188,188,208,241,241,252,252,252,252],"floor_reached":33,"language":"ENG","playtime":4278,"items_purged":["Strike_G"],"score":342,"play_id":"7ae2bf1f-ecd1-4270-9e92-3d19ad18d349","local_time":"20210131140240","is_ascension_mode":true,"campfire_choices":[{"data":"Glass Knife","floor":7,"key":"SMITH"},{"floor":10,"key":"REST"},{"data":"Sucker Punch","floor":12,"key":"SMITH"},{"floor":15,"key":"REST"},{"data":"Neutralize","floor":23,"key":"SMITH"},{"data":"Predator","floor":25,"key":"SMITH"},{"data":"Glass Knife","floor":27,"key":"SMITH"},{"floor":32,"key":"REST"}],"circlet_count":0,"master_deck":["Strike_G","Strike_G","Strike_G","Defend_G","Defend_G","Defend_G","Defend_G","Defend_G","Survivor","Neutralize+1","Sucker Punch+1","Backflip","All Out Attack","Noxious Fumes","Glass Knife+1","Predator+1","Caltrops","Cloak And Dagger","PiercingWail","Glass Knife+1","Acrobatics+1","Backstab","Noxious Fumes","Dash+1","Flying Knee+1","Accuracy"],"relics":["Ring of the Snake","Letter Opener","Ninja Scroll","Question Card","Philosopher\u0027s Stone","Paper Crane","TungstenRod","Mummified Hand","NlothsMask"],"acts_visited":["Exordium","TheCity"],"potions_floor_usage":[6,16,33,33,33],"damage_taken":[{"damage":7,"enemies":"Jaw Worm","floor":1,"turns":7},{"damage":4,"enemies":"Small Slimes","floor":2,"turns":4},{"damage":0,"enemies":"Cultist","floor":4,"turns":4},{"damage":30,"enemies":"Gremlin Nob","floor":6,"turns":6},{"damage":2,"enemies":"2 Fungi Beasts","floor":8,"turns":2},{"damage":0,"enemies":"Large Slime","floor":11,"turns":4},{"damage":4,"enemies":"Lagavulin","floor":13,"turns":6},{"damage":11,"enemies":"Exordium Thugs","floor":14,"turns":4},{"damage":33,"enemies":"The Guardian","floor":16,"turns":11},{"damage":13,"enemies":"3 Byrds","floor":18,"turns":3},{"damage":9,"enemies":"Spheric Guardian","floor":20,"turns":3},{"damage":10,"enemies":"Snecko","floor":21,"turns":4},{"damage":5,"enemies":"Slavers","floor":24,"turns":5},{"damage":0,"enemies":"Centurion and Healer","floor":28,"turns":3},{"damage":17,"enemies":"Book of Stabbing","floor":29,"turns":5},{"damage":0,"enemies":"3 Cultists","floor":31,"turns":3},{"damage":55,"enemies":"Champ","floor":33,"turns":10}],"seed_played":"7539993872977887452","potions_obtained":[{"floor":4,"key":"GhostInAJar"},{"floor":6,"key":"BlessingOfTheForge"},{"floor":8,"key":"AttackPotion"},{"floor":11,"key":"SneckoOil"},{"floor":16,"key":"FearPotion"},{"floor":18,"key":"SpeedPotion"}],"is_trial":false,"path_per_floor":["M","M","?","M","?","E","R","M","T","R","M","R","E","M","R","B",null,"M","?","M","M","$","R","E","R","T","R","M","E","?","M","R","B"],"character_chosen":"THE_SILENT","items_purchased":["Paper Crane"],"campfire_rested":3,"item_purchase_floors":[22],"current_hp_per_floor":[70,66,55,55,55,25,25,23,23,46,46,46,42,31,54,21,77,64,64,55,45,45,45,40,40,40,40,40,23,23,23,46,0,0],"gold":252,"neow_bonus":"TEN_PERCENT_HP_BONUS","is_daily":false,"chose_seed":false,"campfire_upgraded":5,"win_rate":0.0,"timestamp":1612101760,"path_taken":["M","M","?","M","?","E","R","?","T","R","M","R","E","M","R","BOSS","M","?","M","M","$","R","E","R","T","R","M","E","?","?","R","BOSS"],"items_purchased_type":["Relic"],"build_version":"2020-12-22","purchased_purges":1,"victory":false,"max_hp_per_floor":[77,77,77,77,77,77,77,77,77,77,77,77,77,77,77,77,77,77,77,77,77,77,77,77,77,77,77,77,77,77,77,77,77,77],"card_choices":[{"not_picked":["Prepared","Poisoned Stab"],"picked":"Sucker Punch","floor":1},{"not_picked":["Sucker Punch","Blur"],"picked":"Backflip","floor":2},{"not_picked":["Bouncing Flask","Bane"],"picked":"All Out Attack","floor":4},{"not_picked":["Tactician","Eviscerate"],"picked":"Glass Knife","floor":6},{"not_picked":["Crippling Poison","Dagger Throw"],"picked":"Predator","floor":8},{"not_picked":["Choke","Acrobatics"],"picked":"Caltrops","floor":11},{"not_picked":["Infinite Blades","Blade Dance"],"picked":"Cloak And Dagger","floor":13},{"not_picked":["Catalyst","Underhanded Strike","Distraction"],"picked":"PiercingWail","floor":14},{"not_picked":["Phantasmal Killer","Envenom","Wraith Form v2"],"picked":"Glass Knife","floor":16},{"not_picked":["Bane","Deflect+1","Tactician"],"picked":"Acrobatics+1","floor":18},{"not_picked":["Deadly Poison","Poisoned Stab+1","Slice+1"],"picked":"Noxious Fumes","floor":20},{"not_picked":["Bullet Time","Poisoned Stab+1","Sucker Punch"],"picked":"Dash+1","floor":21},{"not_picked":["Quick Slash","Deflect+1","Eviscerate","Outmaneuver"],"picked":"SKIP","floor":24},{"not_picked":["Sucker Punch","Slice+1","Flechettes+1"],"picked":"Flying Knee+1","floor":28},{"not_picked":["Backflip","Underhanded Strike","Deadly Poison"],"picked":"Accuracy","floor":29},{"not_picked":["Underhanded Strike","Sucker Punch","Cloak And Dagger","Prepared"],"picked":"SKIP","floor":31}],"player_experience":87577,"relics_obtained":[{"floor":6,"key":"Letter Opener"},{"floor":9,"key":"Ninja Scroll"},{"floor":13,"key":"Question Card"},{"floor":24,"key":"TungstenRod"},{"floor":29,"key":"Mummified Hand"}],"event_choices":[{"damage_healed":0,"gold_gain":75,"player_choice":"Gather Gold","damage_taken":11,"max_hp_gain":0,"max_hp_loss":0,"event_name":"World of Goop","floor":3,"gold_loss":0},{"damage_healed":0,"gold_gain":0,"cards_transformed":["Strike_G"],"player_choice":"Transformed","damage_taken":0,"max_hp_gain":0,"max_hp_loss":0,"event_name":"Transmorgrifier","floor":5,"gold_loss":0,"cards_obtained":["Noxious Fumes"]},{"damage_healed":0,"gold_gain":0,"player_choice":"Read","damage_taken":0,"max_hp_gain":0,"max_hp_loss":0,"event_name":"The Library","floor":19,"gold_loss":0,"cards_obtained":["Backstab"]},{"damage_healed":0,"gold_gain":0,"player_choice":"Trade","damage_taken":0,"relics_obtained":["NlothsMask"],"max_hp_gain":0,"max_hp_loss":0,"event_name":"FaceTrader","floor":30,"gold_loss":0}],"is_beta":false,"boss_relics":[{"not_picked":["Cursed Key","Ectoplasm"],"picked":"Philosopher\u0027s Stone"}],"items_purged_floors":[22],"is_endless":false,"potions_floor_spawned":[4,6,8,11,16,18,20,31],"killed_by":"Champ","ascension_level":3}}