{"host":"04hh9gplt9wkfmr1","time":1612119857,"event":{"mods":["AchievementEnabler","BaseMod","Colored Map","KOR Keyword Fix","Minty Spire (QoL Compilation)","Rare Cards Sparkle","SuperFastMode"],"gold_per_floor":[117,117,131,141,154,154,189,189,189,202,202,9,9,37,37,134,134,144,63,73,91,91,91,91,91],"floor_reached":24,"language":"KOR","playtime":768,"items_purged":[],"score":324,"play_id":"066feeac-ee00-4d57-9dfd-174707ec7e1a","local_time":"20210201040417","is_ascension_mode":true,"campfire_choices":[{"data":"Dualcast","floor":6.0,"key":"SMITH"},{"data":"Zap","floor":8.0,"key":"SMITH"},{"data":"Capacitor","floor":11.0,"key":"SMITH"},{"data":"Apotheosis","floor":15.0,"key":"SMITH"},{"data":"Chaos","floor":23.0,"key":"SMITH"}],"circlet_count":0,"master_deck":["Strike_B","Strike_B","Strike_B","Defend_B","Defend_B","Defend_B","Defend_B","Zap+1","Dualcast+1","Cold Snap","Capacitor+1","BootSequence","Amplify","Ball Lightning","Apotheosis+1","Self Repair","Rainbow","Leap+1","Capacitor","Chaos+1"],"relics":["FrozenCore","Letter Opener","Pear","Mummified Hand"],"acts_visited":["Exordium","TheCity"],"potions_floor_usage":[24],"damage_taken":[{"damage":0.0,"enemies":"Small Slimes","floor":1.0,"turns":5.0},{"damage":0.0,"enemies":"Cultist","floor":3.0,"turns":3.0},{"damage":2.0,"enemies":"Jaw Worm","floor":4.0,"turns":4.0},{"damage":13.0,"enemies":"3 Louse","floor":5.0,"turns":5.0},{"damage":11.0,"enemies":"Lagavulin","floor":7.0,"turns":7.0},{"damage":3.0,"enemies":"Exordium Wildlife","floor":10.0,"turns":4.0},{"damage":12.0,"enemies":"3 Sentries","floor":14.0,"turns":7.0},{"damage":33.0,"enemies":"The Guardian","floor":16.0,"turns":11.0},{"damage":35.0,"enemies":"3 Byrds","floor":18.0,"turns":4.0},{"damage":29.0,"enemies":"2 Thieves","floor":20.0,"turns":5.0},{"damage":3.0,"enemies":"Centurion and Healer","floor":21.0,"turns":11.0},{"damage":41,"enemies":"Gremlin Leader","floor":24,"turns":8}],"seed_played":"482868103448395932","potions_obtained":[{"floor":5.0,"key":"PotionOfCapacity"},{"floor":10.0,"key":"FocusPotion"},{"floor":14.0,"key":"ColorlessPotion"},{"floor":16.0,"key":"PotionOfCapacity"},{"floor":18.0,"key":"Dexterity Potion"},{"floor":22.0,"key":"AttackPotion"},{"floor":22.0,"key":"EntropicBrew"},{"floor":22.0,"key":"Ancient Potion"}],"is_trial":false,"path_per_floor":["M","?","M","M","M","R","E","R","T","M","R","$","$","E","R","B",null,"M","$","M","M","?","R","E"],"character_chosen":"DEFECT","items_purchased":["Apotheosis","Capacitor"],"campfire_rested":0,"item_purchase_floors":[12,19],"current_hp_per_floor":[75,75,75,73,60,60,49,49,59,56,56,56,56,44,44,21,74,49,49,30,37,37,37,0,0],"gold":91,"neow_bonus":"TEN_PERCENT_HP_BONUS","is_daily":false,"chose_seed":false,"campfire_upgraded":5,"win_rate":0.0,"timestamp":1612119857,"path_taken":["M","?","M","M","M","R","E","R","T","M","R","$","?","E","R","BOSS","M","?","M","M","?","R","E"],"items_purchased_type":["Card","Card"],"build_version":"2020-12-22","purchased_purges":0,"victory":false,"max_hp_per_floor":[82,82,82,82,82,82,82,82,92,92,92,92,92,92,92,92,92,92,92,92,92,92,92,92,92],"card_choices":[{"not_picked":["Stack","Redo"],"picked":"Cold Snap","floor":1.0},{"not_picked":["Consume","Leap"],"picked":"Capacitor","floor":3.0},{"not_picked":["Turbo","Redo","Conserve Battery"],"picked":"SKIP","floor":4.0},{"not_picked":["Leap","Go for the Eyes"],"picked":"BootSequence","floor":5.0},{"not_picked":["Coolheaded","Turbo"],"picked":"Amplify","floor":7.0},{"not_picked":["Streamline","Turbo"],"picked":"Ball Lightning","floor":10.0},{"not_picked":["Hello World","Reprogram"],"picked":"Self Repair","floor":14.0},{"not_picked":["Fission","Thunder Strike"],"picked":"Rainbow","floor":16.0},{"not_picked":["White Noise","Sweeping Beam+1"],"picked":"Leap+1","floor":18.0},{"not_picked":["Blizzard","Turbo","Redo"],"picked":"SKIP","floor":20.0},{"not_picked":["Stack","Double Energy"],"picked":"Chaos","floor":21.0}],"player_experience":112012,"relics_obtained":[{"floor":7.0,"key":"Letter Opener"},{"floor":9.0,"key":"Pear"},{"floor":14.0,"key":"Mummified Hand"}],"event_choices":[{"cards_removed":["Strike_B"],"damage_healed":0.0,"max_hp_gain":0.0,"max_hp_loss":0.0,"gold_gain":0.0,"event_name":"Bonfire Elementals","player_choice":"Offered Basic","floor":2.0,"gold_loss":0.0,"damage_taken":0.0},{"damage_healed":0.0,"max_hp_gain":0.0,"max_hp_loss":0.0,"gold_gain":0.0,"event_name":"Lab","player_choice":"Got Potions","floor":22.0,"gold_loss":0.0,"damage_taken":0.0}],"is_beta":false,"boss_relics":[{"not_picked":["Runic Dome","Calling Bell"],"picked":"FrozenCore"}],"items_purged_floors":[],"is_endless":false,"potions_floor_spawned":[5,10,14,16,18],"killed_by":"Gremlin Leader","ascension_level":9}}