{"host":"az1ex86qolajid0q","time":1612079068,"event":{"mods":["2.2 Compatiblity","AchievementEnabler","Astrologer","BaseMod","Beaked The Cultist","Better Altar","Better Match","Better Note","Better Sensory Stone","Better Skull","Better Third Choice","Better Vampires","BetterRewards","Colored Map","Colored Powertips","Downfall","Energized Spire","Hermit","Jorbs\u0027s Wanderer Trilogy","Minty Spire (QoL Compilation)","Permanent Neow","Rare Cards Sparkle","Relic Sorter","Relic Stats","Shop Mod","Spicy Shops","StSLib","The Construct"],"gold_per_floor":[349,364,539,539,539,135,135,148,166,66,86,86,86,104,120,216,216,216,226,426,438,438,438,438,471,488,488,438,449,449,449,461,461,461,461],"floor_reached":33,"language":"ENG","playtime":2354,"items_purged":["Doubt"],"score":270,"play_id":"8e5053ec-9fdd-42fe-a086-9bb18432ba0f","local_time":"20210131014428","is_ascension_mode":true,"campfire_choices":[{"floor":1,"key":"RECALL"},{"data":"bronze:Terminator","floor":10,"key":"SMITH"},{"data":"bronze:Repair","floor":13,"key":"SMITH"},{"data":"bronze:HyperBeam","floor":18,"key":"SMITH"},{"floor":30,"key":"REST"}],"circlet_count":0,"master_deck":["bronze:Strike","bronze:Strike","bronze:Strike","bronze:Defend","bronze:Defend","bronze:Defend+1","bronze:Defend+1","bronze:Replicate+1","bronze:Goto","Decay","bronze:Repair+1","downfall:Malfunctioning","bronze:WhirlingStrike","bronze:Allocate","bronze:BugBarrage","bronze:Terminator+1","bronze:Branch","bronze:BuggyMess","bronze:GetLatest","bronze:FineTuning","bronze:HyperBeam+1","bronze:BronzeOrb","bronze:DigitalCarnage","bronze:Constructor+1","bronze:BugBarrage+1","bronze:Repair","bronze:ClassDefault"],"relics":["bronze:BronzeCore","Juzu Bracelet","Gremlin Horn","downfall:HeartBlessingRed","bronze:BottledCode","bronze:MakeshiftBattery","NlothsMask","Vajra","Turnip"],"acts_visited":["Exordium","TheCity"],"potions_floor_usage":[16,16,25,26,32,33],"damage_taken":[{"damage":12,"enemies":"Jaw Worm","floor":2,"turns":4},{"damage":0,"enemies":"downfall:FleeingMerchant","floor":6,"turns":4},{"damage":2,"enemies":"Small Slimes","floor":8,"turns":2},{"damage":0,"enemies":"2 Louse","floor":9,"turns":2},{"damage":16,"enemies":"Large Slime","floor":11,"turns":5},{"damage":16,"enemies":"Blue Slaver","floor":14,"turns":4},{"damage":1,"enemies":"2 Fungi Beasts","floor":15,"turns":4},{"damage":27,"enemies":"IC_STATUS_ARCHETYPE","floor":16,"turns":5},{"damage":4,"enemies":"Chosen","floor":19,"turns":3},{"damage":53,"enemies":"Snake Plant","floor":21,"turns":7},{"damage":5,"enemies":"Gremlin Leader","floor":25,"turns":7},{"damage":15,"enemies":"Centurion and Healer","floor":26,"turns":7},{"damage":20,"enemies":"Sentry and Sphere","floor":29,"turns":4},{"damage":14,"enemies":"Snake Plant","floor":32,"turns":5},{"damage":61,"enemies":"WA_ARCHETYPE_CALM","floor":33,"turns":12}],"seed_played":"-2541536024877744173","potions_obtained":[{"floor":9,"key":"Energy Potion"},{"floor":11,"key":"hexamod:SoulburnPotion"},{"floor":14,"key":"SpeedPotion"},{"floor":15,"key":"AttackPotion"},{"floor":21,"key":"Slimebound:ThreeZeroPotion"},{"floor":27,"key":"CultistPotion"},{"floor":29,"key":"LiquidMemories"},{"floor":32,"key":"sneckomod:MuddlingPotion"}],"is_trial":false,"path_per_floor":["R","M","?","?","?","$","T","M","M","R","M","?","R","M","M","B",null,"R","M","?","M","?","?","T","E","M","?","?","M","R","T","M","B"],"character_chosen":"THE_AUTOMATON","items_purchased":["bronze:Allocate","Juzu Bracelet","bronze:BugBarrage"],"campfire_rested":1,"item_purchase_floors":[6,6,6],"current_hp_per_floor":[70,58,58,58,58,65,65,70,70,70,54,54,54,48,57,33,60,60,56,56,7,7,7,7,12,7,7,32,22,40,40,43,0,0,0],"gold":461,"neow_bonus":"TWO_FIFTY_GOLD","is_daily":false,"chose_seed":false,"campfire_upgraded":3,"win_rate":0.0,"timestamp":1612079068,"path_taken":["R","M","?","?","?","$","T","M","M","R","M","?","R","M","M","BOSS","R","M","?","M","?","?","T","E","M","?","?","M","R","?","M","BOSS"],"items_purchased_type":["Card","Relic","Card"],"build_version":"2020-12-22","purchased_purges":1,"victory":false,"max_hp_per_floor":[70,70,70,70,70,70,70,70,70,70,70,60,60,60,60,60,60,60,60,60,60,60,60,60,60,60,60,60,60,60,60,60,60,60,60],"relic_stats":{"Gremlin Horn":[12,12],"counters":[15,75],"Turnip":[4],"Juzu Bracelet":2,"obtain_stats":[{"bronze:BottledCode":12,"bronze:BronzeCore":0,"Gremlin Horn":7,"downfall:HeartBlessingRed":10,"Vajra":25,"Turnip":31,"Juzu Bracelet":6,"bronze:MakeshiftBattery":17,"NlothsMask":22},{"bronze:BottledCode":5,"bronze:BronzeCore":0,"Gremlin Horn":2,"downfall:HeartBlessingRed":4,"Vajra":11,"Turnip":13,"Juzu Bracelet":2,"bronze:MakeshiftBattery":8,"NlothsMask":10},{"bronze:BottledCode":17,"bronze:BronzeCore":0,"Gremlin Horn":8,"downfall:HeartBlessingRed":12,"Vajra":47,"Turnip":58,"Juzu Bracelet":8,"bronze:MakeshiftBattery":30,"NlothsMask":40}]},"card_choices":[{"not_picked":["bronze:Iterate","bronze:DelayedSlice"],"picked":"bronze:Repair","floor":2},{"not_picked":["bronze:WildBeam","bronze:Iterate"],"picked":"bronze:WhirlingStrike","floor":6},{"not_picked":["bronze:Safeguard","bronze:WildBeam"],"picked":"bronze:Terminator","floor":8},{"not_picked":["bronze:Flail","bronze:Iterate"],"picked":"bronze:Branch","floor":9},{"not_picked":["bronze:Turbo","bronze:CloningBeam"],"picked":"bronze:BuggyMess","floor":11},{"not_picked":["bronze:Iterate","bronze:BuggyMess"],"picked":"bronze:GetLatest","floor":14},{"not_picked":["bronze:Overheat","bronze:WhirlingStrike"],"picked":"bronze:FineTuning","floor":15},{"not_picked":["bronze:Verify","bronze:Format"],"picked":"bronze:HyperBeam","floor":16},{"not_picked":["bronze:Iterate","bronze:ForceShield"],"picked":"bronze:BronzeOrb","floor":19},{"not_picked":["bronze:ForceShield","bronze:Branch"],"picked":"bronze:DigitalCarnage","floor":21},{"not_picked":["bronze:BuggyMess","bronze:FindAndReplace"],"picked":"bronze:Constructor+1","floor":25},{"not_picked":["bronze:WhirlingStrike","bronze:Deprecate"],"picked":"bronze:BugBarrage+1","floor":26},{"not_picked":["bronze:OilSpill+1","bronze:BronzeArmor"],"picked":"bronze:Repair","floor":29},{"not_picked":["bronze:WhirlingStrike+1","bronze:Deprecate"],"picked":"bronze:ClassDefault","floor":32}],"player_experience":688407,"relics_obtained":[{"floor":7,"key":"Gremlin Horn"},{"floor":25,"key":"Vajra"},{"floor":31,"key":"Turnip"}],"event_choices":[{"damage_healed":0,"gold_gain":0,"player_choice":"Trade","damage_taken":0,"relics_obtained":["NlothsMask"],"max_hp_gain":0,"max_hp_loss":0,"event_name":"FaceTrader","floor":22,"gold_loss":0}],"is_beta":false,"boss_relics":[{"not_picked":["Astrolabe","Pandora\u0027s Box"],"picked":"bronze:MakeshiftBattery"}],"items_purged_floors":[6],"is_endless":false,"potions_floor_spawned":[9,11,14,15,21,29,32],"killed_by":"WA_ARCHETYPE_CALM","ascension_level":1}}