{"host":"y7b1p9nkx4idorr2","time":1612100741,"event":{"mods":["AchievementEnabler","Act Like it!","BaseMod","Colored Map","Downfall","GifTheSpireLib","Googly Eyes","Highlight Path","Mimic Mod","Minty Spire (QoL Compilation)","Shop Mod","Spicy Shops","StSLib","Unceasing Turn Reminder"],"gold_per_floor":[99,110,122,38,56,69,96,126,126,143,161,161,25,58,76,175,175,75,91,103,121,141,160,160,187,187,217,7,7,7,7,7],"floor_reached":30,"language":"ENG","playtime":2335,"items_purged":["champ:Strike"],"score":309,"play_id":"f0b0f646-72d3-434b-87bf-882512f5ac96","local_time":"20210131074541","is_ascension_mode":false,"campfire_choices":[{"data":"champ:Taunt","floor":1,"key":"SMITH"},{"data":"champ:Backstep","floor":9,"key":"SMITH"},{"floor":12,"key":"RECALL"},{"data":"champ:StanceDance","floor":18,"key":"SMITH"}],"circlet_count":0,"master_deck":["champ:Strike","champ:Strike","champ:Strike","champ:Defend+1","champ:Defend+1","champ:Defend","champ:Defend","champ:Execute","champ:Taunt+1","champ:Backstep+1","champ:FocusedBerserking","champ:AdrenalArmor","champ:Duel","champ:RisingSlash","champ:Endure","champ:Encircle","champ:Haymaker","champ:FocusedDefense","champ:ShieldWall","champ:StanceDance+1","champ:ShieldWall","champ:Shatter","champ:BerserkersShout","champ:IgnorePain","champ:RapidStrikes","champ:Circumvent","champ:HeartStrike+1","champ:AdrenalArmor","champ:FanOfKnives","downfall:Icky","champ:VampiricStrike","champ:Endure","champ:EnragedBash","champ:Lariat"],"relics":["champ:ChampionCrown","War Paint","Bag of Marbles","Tiny Chest","Cursed Key","downfall:HeartBlessingRed","Mango","Happy Flower","Pocketwatch"],"acts_visited":["Exordium","TheCity"],"potions_floor_usage":[16,21,25,25,30],"damage_taken":[{"damage":29,"enemies":"2 Louse","floor":2,"turns":3},{"damage":28,"enemies":"Jaw Worm","floor":3,"turns":3},{"damage":15,"enemies":"downfall:FleeingMerchant","floor":4,"turns":4},{"damage":25,"enemies":"Cultist","floor":5,"turns":3},{"damage":65,"enemies":"Large Slime","floor":6,"turns":5},{"damage":66,"enemies":"3 Sentries","floor":8,"turns":12},{"damage":20,"enemies":"Blue Slaver","floor":10,"turns":1},{"damage":30,"enemies":"Gremlin Gang","floor":11,"turns":4},{"damage":21,"enemies":"downfall:FleeingMerchant","floor":13,"turns":4},{"damage":33,"enemies":"Lagavulin","floor":14,"turns":5},{"damage":20,"enemies":"2 Fungi Beasts","floor":15,"turns":4},{"damage":31,"enemies":"WA_ARCHETYPE_RETAIN","floor":16,"turns":8},{"damage":10,"enemies":"Chosen","floor":19,"turns":3},{"damage":50,"enemies":"3 Byrds","floor":20,"turns":5},{"damage":45,"enemies":"Cultist and Chosen","floor":21,"turns":5},{"damage":70,"enemies":"3 Cultists","floor":22,"turns":6},{"damage":22,"enemies":"Snake Plant","floor":23,"turns":2},{"damage":45,"enemies":"Slavers","floor":25,"turns":6},{"damage":26,"enemies":"Book of Stabbing","floor":27,"turns":4},{"damage":42,"enemies":"downfall:FleeingMerchant","floor":28,"turns":4},{"damage":24,"enemies":"Centurion and Healer","floor":30,"turns":2}],"seed_played":"-3808174758365288277","potions_obtained":[{"floor":2,"key":"LiquidMemories"},{"floor":3,"key":"champ:OpenerPotion"},{"floor":11,"key":"champ:CounterPotion"},{"floor":14,"key":"bronze:BurnAndBuffPotion"},{"floor":19,"key":"DuplicationPotion"},{"floor":27,"key":"AttackPotion"}],"is_trial":false,"path_per_floor":["R","M","M","$","M","M","T","E","R","M","M","R","$","E","M","B",null,"R","M","M","M","M","M","T","E","?","E","$","?","M"],"character_chosen":"THE_CHAMP","items_purchased":["champ:Duel","champ:StanceDance","champ:ShieldWall","champ:Lariat"],"campfire_rested":0,"item_purchase_floors":[4,13,13,28],"current_hp_per_floor":[99,90,82,82,82,72,72,51,51,51,51,51,50,32,32,26,99,99,99,99,84,54,47,61,56,56,55,48,15,0,0,0],"gold":7,"neow_bonus":"TEN_PERCENT_HP_BONUS","is_daily":false,"chose_seed":false,"campfire_upgraded":3,"win_rate":0.0,"timestamp":1612100741,"path_taken":["R","M","M","$","M","M","T","E","R","M","M","R","$","E","M","BOSS","R","M","M","M","M","M","T","E","?","E","$","?","?"],"items_purchased_type":["Card","Card","Card","Card"],"build_version":"2020-12-22","purchased_purges":1,"victory":false,"max_hp_per_floor":[99,99,99,99,99,99,99,99,99,99,99,99,99,99,99,99,99,99,99,99,99,99,99,113,113,113,113,113,113,113,113,113],"card_choices":[{"not_picked":["champ:GutPunch","champ:EndlessRage"],"picked":"champ:Backstep","floor":2},{"not_picked":["champ:Lariat","champ:BerserkersShout"],"picked":"champ:FocusedBerserking","floor":3},{"not_picked":["champ:Haymaker","champ:DancingMaster"],"picked":"champ:AdrenalArmor","floor":4},{"not_picked":["champ:FanOfKnives","champ:Lariat"],"picked":"champ:RisingSlash","floor":5},{"not_picked":["champ:PreemptiveStrike","champ:BringItOn"],"picked":"champ:Endure","floor":6},{"not_picked":["champ:FanOfKnives","champ:GutPunch"],"picked":"champ:Encircle","floor":8},{"not_picked":["champ:PreciseThrust","champ:FlashCut"],"picked":"champ:Haymaker","floor":10},{"not_picked":["champ:AdrenalArmor","champ:PerfectedStrike"],"picked":"champ:FocusedDefense","floor":11},{"not_picked":["champ:BladeFlurry","champ:Haymaker"],"picked":"champ:ShieldWall","floor":13},{"not_picked":["champ:GladiatorStyle","champ:PerfectedStrike"],"picked":"champ:Shatter","floor":14},{"not_picked":["champ:CalledShot","champ:BladeFlurry"],"picked":"champ:BerserkersShout","floor":15},{"not_picked":["champ:SteelEdge","champ:DancingMaster"],"picked":"champ:IgnorePain","floor":16},{"not_picked":["champ:CrookedStrike","champ:DefensiveShout"],"picked":"champ:RapidStrikes","floor":19},{"not_picked":["champ:BladeFlurry","champ:Duel"],"picked":"champ:Circumvent","floor":20},{"not_picked":["champ:PreciseThrust","champ:CrownThrow+1"],"picked":"champ:HeartStrike+1","floor":21},{"not_picked":["champ:FocusedDefense","champ:FlashCut"],"picked":"champ:AdrenalArmor","floor":22},{"not_picked":["champ:FlashCut","champ:Haymaker"],"picked":"champ:FanOfKnives","floor":23},{"not_picked":["champ:RecklessLeap","champ:TornadoPunch"],"picked":"champ:VampiricStrike","floor":25},{"not_picked":["champ:FanOfKnives+1","champ:Backstep"],"picked":"champ:Endure","floor":27},{"not_picked":["champ:EnGarde","champ:BringItOn"],"picked":"champ:EnragedBash","floor":28}],"player_experience":2247300,"relics_obtained":[{"floor":7,"key":"War Paint"},{"floor":8,"key":"Bag of Marbles"},{"floor":14,"key":"Tiny Chest"},{"floor":24,"key":"Mango"},{"floor":25,"key":"Happy Flower"},{"floor":27,"key":"Pocketwatch"}],"event_choices":[],"is_beta":false,"boss_relics":[{"not_picked":["Busted Crown","Philosopher\u0027s Stone"],"picked":"Cursed Key"}],"items_purged_floors":[28],"is_endless":false,"potions_floor_spawned":[2,3,11,14,19,27],"killed_by":"Centurion and Healer","ascension_level":0}}