{"host":"soyfmymeou4emntr","time":1612071884,"event":{"mods":["BaseMod","BetterRewards","Minty Spire (QoL Compilation)","Relic Sorter","Relic Stats","StSLib"],"gold_per_floor":[116,129,21,37,56,91,91,124,148,160,160,177,208,220,220,297,297,309,327,327,327,345,345,377,33,33,33,33,47,74,174,174,246,246,260,260,271,6,23,23,48,48,48,82,12,12,66,80,80,80,80,80,80,38,66,66,66],"floor_reached":56,"language":"ENG","playtime":5408,"items_purged":["Defend_P"],"score":2030,"play_id":"07a93a8c-f9f7-407f-91be-97e98d7750e3","local_time":"20210130224444","is_ascension_mode":true,"campfire_choices":[{"data":"Fasting2","floor":7.0,"key":"SMITH"},{"data":"Scrawl","floor":11.0,"key":"SMITH"},{"data":"MentalFortress","floor":15.0,"key":"SMITH"},{"data":"Omniscience","floor":23.0,"key":"SMITH"},{"data":"RitualDagger","floor":28.0,"key":"SMITH"},{"floor":32.0,"key":"REST"},{"floor":40.0,"key":"REST"},{"floor":46.0,"key":"RECALL"},{"floor":49.0,"key":"REST"},{"floor":53.0,"key":"REST"}],"circlet_count":0,"master_deck":["AscendersBane","Strike_P","Defend_P","Defend_P","Defend_P","Eruption","Vigilance","MentalFortress+1","FearNoEvil+1","Fasting2+1","EmptyBody","Tantrum","ThirdEye","SashWhip","Scrawl+1","Conclude+1","Protect","ThirdEye","Wireheading","Omniscience+1","Indignation+1","EmptyBody+1","Wallop+1","Weave+1","RitualDagger+1","Meditate","Protect+1","Adaptation","JustLucky","CutThroughFate","Blasphemy","TalkToTheHand","CutThroughFate","EmptyFist+1","MentalFortress","MentalFortress","Fasting2","MentalFortress","DeusExMachina","CrushJoints","FlurryOfBlows","JustLucky"],"relics":["Sozu","The Courier","Boot","Centennial Puzzle","Strawberry","Astrolabe","MawBank","Lee\u0027s Waffle","PreservedInsect","Whetstone","Meat on the Bone","Bag of Preparation","Prayer Wheel","TeardropLocket","Fusion Hammer","Sling","Potion Belt","Bronze Scales","Unceasing Top","InkBottle"],"acts_visited":["Exordium","TheCity","TheBeyond","TheEnding"],"potions_floor_usage":[],"damage_taken":[{"damage":2.0,"enemies":"Cultist","floor":1.0,"turns":3.0},{"damage":0.0,"enemies":"2 Louse","floor":2.0,"turns":3.0},{"damage":0.0,"enemies":"Jaw Worm","floor":4.0,"turns":3.0},{"damage":13.0,"enemies":"Large Slime","floor":5.0,"turns":4.0},{"damage":5.0,"enemies":"Lagavulin","floor":6.0,"turns":5.0},{"damage":10.0,"enemies":"3 Sentries","floor":8.0,"turns":5.0},{"damage":0.0,"enemies":"Blue Slaver","floor":10.0,"turns":2.0},{"damage":0.0,"enemies":"2 Fungi Beasts","floor":12.0,"turns":2.0},{"damage":0.0,"enemies":"Lagavulin","floor":13.0,"turns":4.0},{"damage":0.0,"enemies":"Large Slime","floor":14.0,"turns":2.0},{"damage":2.0,"enemies":"Hexaghost","floor":16.0,"turns":6.0},{"damage":1.0,"enemies":"Shell Parasite","floor":18.0,"turns":4.0},{"damage":8.0,"enemies":"2 Thieves","floor":19.0,"turns":4.0},{"damage":14.0,"enemies":"Shelled Parasite and Fungi","floor":22.0,"turns":5.0},{"damage":15.0,"enemies":"Slavers","floor":24.0,"turns":7.0},{"damage":0.0,"enemies":"Snecko","floor":29.0,"turns":2.0},{"damage":28.0,"enemies":"Book of Stabbing","floor":30.0,"turns":3.0},{"damage":13.0,"enemies":"Colosseum Slavers","floor":31.0,"turns":4.0},{"damage":7.0,"enemies":"Colosseum Nobs","floor":31.0,"turns":2.0},{"damage":24.0,"enemies":"Collector","floor":33.0,"turns":8.0},{"damage":0.0,"enemies":"Orb Walker","floor":35.0,"turns":1.0},{"damage":0.0,"enemies":"3 Shapes","floor":37.0,"turns":2.0},{"damage":0.0,"enemies":"Transient","floor":39.0,"turns":6.0},{"damage":40.0,"enemies":"Reptomancer","floor":41.0,"turns":5.0},{"damage":7.0,"enemies":"Giant Head","floor":44.0,"turns":6.0},{"damage":21.0,"enemies":"2 Orb Walkers","floor":47.0,"turns":5.0},{"damage":0.0,"enemies":"Sphere and 2 Shapes","floor":48.0,"turns":4.0},{"damage":70.0,"enemies":"Awakened One","floor":50.0,"turns":21.0},{"damage":7.0,"enemies":"Donu and Deca","floor":51.0,"turns":8.0},{"damage":50,"enemies":"Shield and Spear","floor":55,"turns":3},{"damage":41,"enemies":"The Heart","floor":56,"turns":3}],"seed_played":"-4228621673619635190","potions_obtained":[],"is_trial":false,"path_per_floor":["M","M","$","M","M","E","R","E","T","M","R","M","E","M","R","B",null,"M","M","?","?","M","R","E","$","T","T","R","M","E","?","R","B",null,"M","?","M","$","M","R","E","?","T","E","$","R","?","M","R","B","B",null,"R","$","E","B"],"character_chosen":"WATCHER","items_purchased":["Fasting2","EmptyBody","Lee\u0027s Waffle","PreservedInsect","Adaptation","Sling","MentalFortress","MentalFortress","DeusExMachina","FlurryOfBlows"],"campfire_rested":4,"item_purchase_floors":[3,3,25,25,25,38,38,38,45,54],"current_hp_per_floor":[59,59,59,59,46,41,41,31,31,31,31,31,38,38,38,36,65,64,56,56,50,36,36,21,82,82,82,82,82,54,46,70,46,73,73,73,73,73,73,82,42,42,42,47,47,47,38,50,73,15,20,64,78,78,40,0,0],"gold":66,"neow_bonus":"BOSS_RELIC","is_daily":false,"chose_seed":false,"campfire_upgraded":5,"win_rate":0.0,"timestamp":1612071884,"path_taken":["M","M","?","M","?","E","R","E","T","M","R","M","E","M","R","BOSS","M","M","?","?","M","R","E","$","T","?","R","M","E","?","R","BOSS","M","?","M","$","M","R","E","?","T","E","?","R","?","?","R","BOSS","BOSS","R","$","E","BOSS"],"items_purchased_type":["Card","Card","Relic","Relic","Card","Relic","Card","Card","Card","Card"],"build_version":"2020-12-22","purchased_purges":1,"victory":false,"max_hp_per_floor":[68,68,68,68,68,68,68,68,68,68,68,68,75,75,75,75,75,75,75,75,75,75,75,75,82,82,82,82,82,82,82,82,82,82,82,82,82,82,82,82,82,78,78,78,78,78,78,78,78,78,78,78,78,78,78,78,78],"relic_stats":{"Lee\u0027s Waffle":61,"counters":[31,142],"Astrolabe":["Indignation","EmptyBody","Wallop"],"PreservedInsect":350,"Bag of Preparation":[30],"Whetstone":["FearNoEvil","Conclude"],"Boot":[19],"MawBank":12,"Sozu":14,"Centennial Puzzle":[48],"Bronze Scales":[222],"Prayer Wheel":4,"obtain_stats":[{"Potion Belt":41,"Lee\u0027s Waffle":25,"Astrolabe":17,"The Courier":6,"PreservedInsect":25,"Bag of Preparation":30,"Whetstone":26,"TeardropLocket":31,"Boot":8,"MawBank":24,"Sling":38,"Sozu":0,"Centennial Puzzle":9,"Strawberry":13,"Bronze Scales":44,"Prayer Wheel":31,"Fusion Hammer":34,"PureWater":0,"Unceasing Top":47,"InkBottle":55,"Meat on the Bone":27},{"Potion Belt":24,"Lee\u0027s Waffle":15,"Astrolabe":11,"The Courier":5,"PreservedInsect":15,"Bag of Preparation":17,"Whetstone":15,"TeardropLocket":19,"Boot":6,"MawBank":15,"Sling":22,"Sozu":0,"Centennial Puzzle":6,"Strawberry":9,"Bronze Scales":25,"Prayer Wheel":19,"Fusion Hammer":20,"PureWater":0,"Unceasing Top":26,"InkBottle":30,"Meat on the Bone":15},{"Potion Belt":92,"Lee\u0027s Waffle":59,"Astrolabe":39,"The Courier":18,"PreservedInsect":59,"Bag of Preparation":64,"Whetstone":59,"TeardropLocket":70,"Boot":23,"MawBank":59,"Sling":81,"Sozu":0,"Centennial Puzzle":23,"Strawberry":31,"Bronze Scales":98,"Prayer Wheel":70,"Fusion Hammer":78,"PureWater":0,"Unceasing Top":103,"InkBottle":139,"Meat on the Bone":59}],"Unceasing Top":[1],"InkBottle":[0],"Meat on the Bone":84},"card_choices":[{"not_picked":["WindmillStrike","JustLucky"],"picked":"MentalFortress","floor":1.0},{"not_picked":["CrushJoints","JustLucky"],"picked":"FearNoEvil","floor":2.0},{"not_picked":["Perseverance","DeceiveReality"],"picked":"Tantrum","floor":4.0},{"not_picked":["ClearTheMind","Crescendo"],"picked":"ThirdEye","floor":5.0},{"not_picked":["Brilliance","EmptyBody"],"picked":"SashWhip","floor":6.0},{"not_picked":["BowlingBash","Collect"],"picked":"Scrawl","floor":8.0},{"not_picked":["JustLucky","SandsOfTime"],"picked":"Conclude","floor":10.0},{"not_picked":["JustLucky","Halt"],"picked":"Protect","floor":12.0},{"not_picked":["Study","FlurryOfBlows"],"picked":"ThirdEye","floor":13.0},{"not_picked":["Consecrate","Conclude"],"picked":"Wireheading","floor":14.0},{"not_picked":["Wish","Alpha"],"picked":"Omniscience","floor":16.0},{"not_picked":["WheelKick","ClearTheMind","Vengeance"],"picked":"SKIP","floor":18.0},{"not_picked":["SashWhip","ThirdEye"],"picked":"Weave+1","floor":19.0},{"not_picked":["EmptyFist","Halt"],"picked":"Meditate","floor":22.0},{"not_picked":["InnerPeace","Pray+1"],"picked":"Protect+1","floor":24.0},{"not_picked":["FlurryOfBlows","FearNoEvil"],"picked":"JustLucky","floor":29.0},{"not_picked":["ConjureBlade","Worship","Pray"],"picked":"SKIP","floor":30.0},{"not_picked":["BowlingBash","FollowUp"],"picked":"CutThroughFate","floor":31.0},{"not_picked":["MasterReality","Alpha"],"picked":"Blasphemy","floor":33.0},{"not_picked":["BowlingBash","Consecrate"],"picked":"TalkToTheHand","floor":35.0},{"not_picked":["ThirdEye","Protect+1"],"picked":"CutThroughFate","floor":35.0},{"not_picked":["SignatureMove","Crescendo"],"picked":"EmptyFist+1","floor":37.0},{"not_picked":["Adaptation","Swivel","Consecrate"],"picked":"SKIP","floor":37.0},{"not_picked":["BattleHymn","Indignation+1"],"picked":"Fasting2","floor":39.0},{"not_picked":["DeceiveReality+1","InnerPeace","WreathOfFlame+1"],"picked":"SKIP","floor":39.0},{"not_picked":["WreathOfFlame","ClearTheMind","PathToVictory"],"picked":"SKIP","floor":41.0},{"not_picked":["Wireheading","Vengeance"],"picked":"MentalFortress","floor":44.0},{"not_picked":["ForeignInfluence","Blasphemy"],"picked":"CrushJoints","floor":48.0},{"not_picked":["EmptyFist","Crescendo","FollowUp+1"],"picked":"SKIP","floor":48.0},{"not_picked":["Halt","Prostrate"],"picked":"JustLucky","floor":55}],"player_experience":2945768,"relics_obtained":[{"floor":6.0,"key":"The Courier"},{"floor":8.0,"key":"Boot"},{"floor":9.0,"key":"Centennial Puzzle"},{"floor":13.0,"key":"Strawberry"},{"floor":24.0,"key":"MawBank"},{"floor":26.0,"key":"Whetstone"},{"floor":27.0,"key":"Meat on the Bone"},{"floor":30.0,"key":"Bag of Preparation"},{"floor":31.0,"key":"Prayer Wheel"},{"floor":31.0,"key":"TeardropLocket"},{"floor":41.0,"key":"Potion Belt"},{"floor":44.0,"key":"Bronze Scales"},{"floor":47.0,"key":"Unceasing Top"},{"floor":55,"key":"InkBottle"}],"event_choices":[{"damage_healed":0.0,"max_hp_gain":0.0,"max_hp_loss":0.0,"gold_gain":0.0,"event_name":"The Mausoleum","player_choice":"Ignored","floor":20.0,"gold_loss":0.0,"damage_taken":0.0},{"damage_healed":0.0,"max_hp_gain":0.0,"max_hp_loss":0.0,"gold_gain":0.0,"event_name":"Nest","player_choice":"Joined the Cult","floor":21.0,"gold_loss":0.0,"damage_taken":6.0,"cards_obtained":["RitualDagger"]},{"damage_healed":0.0,"max_hp_gain":0.0,"max_hp_loss":0.0,"gold_gain":0.0,"event_name":"Colosseum","player_choice":"Fight","floor":31.0,"gold_loss":0.0,"damage_taken":0.0},{"damage_healed":0.0,"max_hp_gain":0.0,"max_hp_loss":0.0,"gold_gain":0.0,"event_name":"Colosseum","player_choice":"Fought Nobs","floor":31.0,"gold_loss":0.0,"damage_taken":0.0},{"damage_healed":0.0,"max_hp_gain":0.0,"max_hp_loss":0.0,"gold_gain":0.0,"event_name":"Tomb of Lord Red Mask","player_choice":"Ignored","floor":36.0,"gold_loss":0.0,"damage_taken":0.0},{"damage_healed":0.0,"max_hp_gain":0.0,"max_hp_loss":4.0,"gold_gain":0.0,"event_name":"Winding Halls","player_choice":"Max HP","floor":42.0,"gold_loss":0.0,"damage_taken":0.0},{"damage_healed":0.0,"max_hp_gain":0.0,"max_hp_loss":0.0,"gold_gain":0.0,"event_name":"Mysterious Sphere","player_choice":"Fight","floor":47.0,"gold_loss":0.0,"damage_taken":0.0}],"is_beta":false,"boss_relics":[{"not_picked":["VioletLotus","Tiny House"],"picked":"Astrolabe"},{"not_picked":["Pandora\u0027s Box","SacredBark"],"picked":"Fusion Hammer"}],"items_purged_floors":[25],"is_endless":false,"potions_floor_spawned":[1,2,10,12,14,16,18,24,29,31,39,41,44,48],"killed_by":"The Heart","ascension_level":20}}