{"host":"yx5rao87132cy5xq","time":1612097750,"event":{"mods":["2.2 Compatiblity","AchievementEnabler","BaseMod","Bestiary","Colored Map","Colored Powertips","Minty Spire (QoL Compilation)","Quick Restart","Relic Stats","Slay-I","SuperFastMode"],"gold_per_floor":[118,83,83,30,47,47,60,60,60,60,60,60,99,115,115,205,205,221,221,239,252,252,252,252],"floor_reached":23,"language":"ENG","playtime":1211,"items_purged":[],"score":340,"play_id":"7e50b138-321c-4e18-b9d6-7204f8dda355","local_time":"20210131135550","is_ascension_mode":true,"campfire_choices":[{"data":"Bash","floor":6.0,"key":"SMITH"},{"data":"Iron Wave","floor":8.0,"key":"SMITH"},{"data":"Perfected Strike","floor":10.0,"key":"SMITH"},{"data":"Twin Strike","floor":12.0,"key":"SMITH"},{"data":"Infernal Blade","floor":15.0,"key":"SMITH"}],"circlet_count":0,"master_deck":["AscendersBane","Strike_R","Strike_R+1","Strike_R+1","Strike_R+1","Defend_R","Defend_R","Defend_R","Defend_R+1","Bash+1","Twin Strike+1","Shrug It Off","Perfected Strike+1","Iron Wave+1","Carnage","Infernal Blade+1","Double Tap","Pommel Strike","Sword Boomerang+1","Heavy Blade+1","Shrug It Off"],"relics":["Burning Blood","Orichalcum","Eternal Feather","Golden Idol","Whetstone"],"acts_visited":["Exordium","TheCity"],"potions_floor_usage":[23],"damage_taken":[{"damage":8.0,"enemies":"2 Louse","floor":1.0,"turns":2.0},{"damage":0.0,"enemies":"Small Slimes","floor":5.0,"turns":4.0},{"damage":6.0,"enemies":"Jaw Worm","floor":7.0,"turns":2.0},{"damage":10.0,"enemies":"Gremlin Nob","floor":13.0,"turns":3.0},{"damage":4.0,"enemies":"2 Fungi Beasts","floor":14.0,"turns":3.0},{"damage":65.0,"enemies":"The Guardian","floor":16.0,"turns":13.0},{"damage":16.0,"enemies":"Spheric Guardian","floor":18.0,"turns":4.0},{"damage":7.0,"enemies":"Chosen","floor":20.0,"turns":4.0},{"damage":21,"enemies":"Sentry and Sphere","floor":21,"turns":5},{"damage":55,"enemies":"Slavers","floor":23,"turns":3}],"seed_played":"-5150926069632548525","potions_obtained":[{"floor":5.0,"key":"Regen Potion"},{"floor":16.0,"key":"Dexterity Potion"},{"floor":18.0,"key":"GamblersBrew"},{"floor":20.0,"key":"BloodPotion"}],"is_trial":false,"path_per_floor":["M","?","?","$","M","R","M","R","T","R","?","R","E","M","R","B",null,"M","?","M","M","?","E"],"character_chosen":"IRONCLAD","items_purchased":["Shrug It Off"],"campfire_rested":0,"item_purchase_floors":[4],"current_hp_per_floor":[66,75,52,52,58,58,58,58,58,67,41,50,46,48,57,13,60,50,50,49,34,34,0,0],"gold":252,"neow_bonus":"RANDOM_COMMON_RELIC","is_daily":false,"chose_seed":false,"campfire_upgraded":5,"win_rate":0.0,"timestamp":1612097750,"path_taken":["M","?","?","?","M","R","M","R","T","R","?","R","E","M","R","BOSS","M","?","?","?","?","E"],"items_purchased_type":["Card"],"build_version":"2020-12-22","purchased_purges":0,"victory":false,"max_hp_per_floor":[75,75,75,75,75,75,75,75,75,75,75,75,75,75,75,75,75,75,75,75,75,75,75,75],"relic_stats":{"counters":[10,43],"Golden Idol":39,"Eternal Feather":27,"Whetstone":["Strike_R","Strike_R"],"Orichalcum":[96],"obtain_stats":[{"Golden Idol":11,"Eternal Feather":9,"Whetstone":13,"Orichalcum":0,"Burning Blood":0},{"Golden Idol":3,"Eternal Feather":3,"Whetstone":4,"Orichalcum":0,"Burning Blood":0},{"Golden Idol":8,"Eternal Feather":8,"Whetstone":11,"Orichalcum":0,"Burning Blood":0}],"Burning Blood":54},"card_choices":[{"not_picked":["Dual Wield","True Grit"],"picked":"Twin Strike","floor":1.0},{"not_picked":["Clash","Second Wind"],"picked":"Perfected Strike","floor":5.0},{"not_picked":["Anger","Infernal Blade"],"picked":"Iron Wave","floor":7.0},{"not_picked":["Warcry","Dropkick"],"picked":"Carnage","floor":13.0},{"not_picked":["Armaments","Dropkick"],"picked":"Infernal Blade","floor":14.0},{"not_picked":["Exhume","Brutality"],"picked":"Double Tap","floor":16.0},{"not_picked":["Dual Wield","Headbutt"],"picked":"Pommel Strike","floor":18.0},{"not_picked":["Combust+1","Clash"],"picked":"Sword Boomerang+1","floor":20.0},{"not_picked":["Anger","Warcry"],"picked":"Heavy Blade+1","floor":21}],"player_experience":940759,"relics_obtained":[{"floor":9.0,"key":"Eternal Feather"},{"floor":13.0,"key":"Whetstone"}],"event_choices":[{"damage_healed":18.0,"max_hp_gain":0.0,"max_hp_loss":0.0,"gold_gain":0.0,"event_name":"The Cleric","player_choice":"Healed","floor":2.0,"gold_loss":35.0,"damage_taken":0.0},{"damage_healed":0.0,"max_hp_gain":0.0,"max_hp_loss":0.0,"gold_gain":0.0,"event_name":"Shining Light","player_choice":"Entered Light","floor":3.0,"gold_loss":0.0,"damage_taken":23.0,"cards_upgraded":["Defend_R","Strike_R"]},{"damage_healed":0.0,"max_hp_gain":0.0,"max_hp_loss":0.0,"gold_gain":0.0,"event_name":"Golden Idol","player_choice":"Take Damage","floor":11.0,"gold_loss":0.0,"damage_taken":26.0,"relics_obtained":["Golden Idol"]},{"cards_removed":["Strike_R"],"damage_healed":0.0,"max_hp_gain":0.0,"max_hp_loss":0.0,"gold_gain":0.0,"event_name":"Wheel of Change","player_choice":"Card Removal","floor":19.0,"gold_loss":0.0,"damage_taken":0.0},{"damage_healed":0,"gold_gain":0,"player_choice":"Read","damage_taken":0,"max_hp_gain":0,"max_hp_loss":0,"event_name":"The Library","floor":22,"gold_loss":0,"cards_obtained":["Shrug It Off"]}],"is_beta":false,"boss_relics":[{"not_picked":["Sozu","Ectoplasm","Empty Cage"]}],"items_purged_floors":[],"is_endless":false,"potions_floor_spawned":[5,16,18,20],"killed_by":"Slavers","ascension_level":16}}