{"host":"utqe55yv0jihe4d6","time":1612063593,"event":{"mods":["2.2 Compatiblity","AchievementEnabler","BaseMod","Block Reminder","Colored Map","Colored Powertips","Minty Spire (QoL Compilation)","Quick Restart","Rare Cards Sparkle","Relic Stats","SuperFastMode"],"gold_per_floor":[116,128,138,138,21,21,47,67,91,91,111,146,162,194,194,194,194],"floor_reached":16,"language":"ENG","playtime":455,"items_purged":["Strike_R"],"score":294,"play_id":"3bd80740-8894-4368-ac4f-17f47d1d13d2","local_time":"20210130222633","is_ascension_mode":true,"campfire_choices":[{"data":"Battle Trance","floor":6.0,"key":"SMITH"},{"floor":10.0,"key":"REST"},{"data":"Juggernaut","floor":15.0,"key":"SMITH"}],"circlet_count":0,"master_deck":["AscendersBane","Strike_R","Strike_R","Strike_R","Strike_R","Defend_R","Defend_R","Defend_R","Defend_R","Bash+1","Juggernaut+1","Feel No Pain","Anger+1","Pommel Strike","Battle Trance+1","Whirlwind+1","Clothesline","Immolate","Shockwave","Shrug It Off"],"relics":["Burning Blood","Vajra","Whetstone","Oddly Smooth Stone","MealTicket"],"acts_visited":["Exordium"],"potions_floor_usage":[],"damage_taken":[{"damage":12.0,"enemies":"Small Slimes","floor":1.0,"turns":4.0},{"damage":2.0,"enemies":"Cultist","floor":2.0,"turns":4.0},{"damage":9.0,"enemies":"2 Louse","floor":3.0,"turns":3.0},{"damage":20.0,"enemies":"3 Sentries","floor":7.0,"turns":5.0},{"damage":16.0,"enemies":"Exordium Thugs","floor":8.0,"turns":4.0},{"damage":19.0,"enemies":"Red Slaver","floor":11.0,"turns":4.0},{"damage":0.0,"enemies":"Lagavulin","floor":12.0,"turns":5.0},{"damage":14.0,"enemies":"Blue Slaver","floor":13.0,"turns":3.0},{"damage":24.0,"enemies":"Gremlin Nob","floor":14.0,"turns":4.0},{"damage":26,"enemies":"The Guardian","floor":16,"turns":5}],"seed_played":"6938800752984722733","potions_obtained":[{"floor":2.0,"key":"AttackPotion"},{"floor":7.0,"key":"Explosive Potion"},{"floor":8.0,"key":"DuplicationPotion"},{"floor":11.0,"key":"SkillPotion"},{"floor":12.0,"key":"BlessingOfTheForge"}],"is_trial":false,"path_per_floor":["M","M","M","?","$","R","E","M","T","R","M","E","M","E","R","B"],"character_chosen":"IRONCLAD","items_purchased":["Battle Trance"],"campfire_rested":1,"item_purchase_floors":[5],"current_hp_per_floor":[62,66,63,63,63,63,49,39,39,59,46,52,44,26,26,0,0],"gold":194,"neow_bonus":"THREE_RARE_CARDS","is_daily":false,"chose_seed":false,"campfire_upgraded":2,"win_rate":0.0,"timestamp":1612063593,"path_taken":["M","M","M","?","?","R","E","M","T","R","M","E","M","E","R","BOSS"],"items_purchased_type":["Card"],"build_version":"2020-12-22","purchased_purges":1,"victory":false,"max_hp_per_floor":[68,68,68,68,68,68,68,68,68,68,68,68,68,68,68,68,68],"relic_stats":{"counters":[10,41],"MealTicket":0,"Whetstone":["Whirlwind","Anger"],"obtain_stats":[{"Vajra":7,"Oddly Smooth Stone":12,"MealTicket":14,"Whetstone":9,"Burning Blood":0},{"Vajra":4,"Oddly Smooth Stone":7,"MealTicket":9,"Whetstone":5,"Burning Blood":0},{"Vajra":16,"Oddly Smooth Stone":29,"MealTicket":36,"Whetstone":20,"Burning Blood":0}],"Burning Blood":54},"card_choices":[{"not_picked":["Exhume","Double Tap"],"picked":"Juggernaut","floor":0.0},{"not_picked":["Havoc","Anger"],"picked":"Feel No Pain","floor":1.0},{"not_picked":["Reckless Charge","Sword Boomerang"],"picked":"Anger","floor":2.0},{"not_picked":["Intimidate","Rampage"],"picked":"Pommel Strike","floor":3.0},{"not_picked":["Second Wind","Perfected Strike"],"picked":"Whirlwind","floor":7.0},{"not_picked":["Blood for Blood","Twin Strike"],"picked":"Clothesline","floor":8.0},{"not_picked":["Anger","Inflame"],"picked":"Immolate","floor":11.0},{"not_picked":["Clothesline","Metallicize"],"picked":"Shockwave","floor":12.0},{"not_picked":["Shockwave","Whirlwind"],"picked":"Shrug It Off","floor":13.0},{"not_picked":["Rupture","Cleave","Armaments"],"picked":"SKIP","floor":14.0}],"player_experience":2964414,"relics_obtained":[{"floor":7.0,"key":"Vajra"},{"floor":9.0,"key":"Whetstone"},{"floor":12.0,"key":"Oddly Smooth Stone"},{"floor":14.0,"key":"MealTicket"}],"event_choices":[{"damage_healed":0.0,"max_hp_gain":0.0,"max_hp_loss":0.0,"gold_gain":0.0,"event_name":"Upgrade Shrine","player_choice":"Upgraded","floor":4.0,"gold_loss":0.0,"damage_taken":0.0,"cards_upgraded":["Bash"]}],"is_beta":false,"boss_relics":[],"items_purged_floors":[5],"is_endless":false,"potions_floor_spawned":[2,7,8,11,12],"killed_by":"The Guardian","ascension_level":20}}