{"host":"Tonhão","time":1612054178,"event":{"mods":["Aspiration","BaseMod","Conspire","Downfall","Friendly Minions","Halation","Hermit","Highlight Path","Hubris","Infinite Spire","Jedi Mod","Minty Spire (QoL Compilation)","Relic Sorter","Replay The Spire","Spicy Shops","StSLib","The Animator","The Construct","The Cursed","The Jester","The Senshi","The Servant 0.9.4"],"gold_per_floor":[115,115,121,141,152,152,172,172,172,197,47,47,47,47,47,80,80,181,181,192,41,41,41,64,99,117,117,193,207,207,207],"floor_reached":30,"language":"ENG","playtime":1576,"items_purged":["Spreading Infection"],"score":293,"play_id":"28651025-811e-4696-ae7c-316efb5cda2a","local_time":"20210130214938","is_ascension_mode":true,"campfire_choices":[{"data":"theSenshi:CrisisMakeUp","floor":6,"key":"SMITH"},{"data":"theSenshi:MoonCrisisMakeUp","floor":8,"key":"SMITH"},{"floor":15,"key":"REST"}],"circlet_count":0,"master_deck":["theSenshi:SailorKick","theSenshi:SailorKick","theSenshi:SailorKick","theSenshi:SailorKick","theSenshi:SailorBlock","theSenshi:SailorBlock","theSenshi:SailorBlock","theSenshi:SailorBlock","theSenshi:RoseThrow","theSenshi:MoonPrismPowerMakeUp","theSenshi:CrisisMakeUp+1","theSenshi:EncouragingSpeech","theSenshi:MoonCrisisMakeUp+1","theSenshi:StudyParty","theSenshi:MoonCrisisMakeUp","Regret","theSenshi:SilverMoonCrystalPowerKiss"],"relics":["theSenshi:TransformationBroochRelic","aspiration:Nostalgia","Ring of the Snake","bronze:BronzeIdol","ReplayTheSpireMod:CursedCoin","HandDrill","aspiration:SeaSaltIceCream","sneckomod:SneckoSoul","ReplayTheSpireMod:Lightbulb","infinitespire:Beetle Shell","Replay:Baseball","Shuriken","Counterbalance","conspire:RoyalGoblet","infinitespire:Lucky Rock","Guardian:PocketSentry","InkBottle","hubris:MobiusCoin"],"acts_visited":["Exordium","TheCity"],"potions_floor_usage":[10,10,20,25],"damage_taken":[{"damage":0,"enemies":"Jaw Worm","floor":1,"turns":4},{"damage":0,"enemies":"Cultist","floor":4,"turns":5},{"damage":0,"enemies":"2 Louse","floor":5,"turns":3},{"damage":12,"enemies":"Exordium Wildlife","floor":7,"turns":5},{"damage":15,"enemies":"3 Sentries","floor":10,"turns":12},{"damage":9,"enemies":"Lagavulin","floor":16,"turns":11},{"damage":43,"enemies":"Slime Boss","floor":18,"turns":12},{"damage":35,"enemies":"3 Byrds","floor":20,"turns":7},{"damage":19,"enemies":"conspire:SneckoGhost","floor":25,"turns":6},{"damage":9,"enemies":"Chosen","floor":26,"turns":6},{"damage":43,"enemies":"Centurion and Healer","floor":29,"turns":7},{"damage":3,"enemies":"3 Cultists","floor":30,"turns":1}],"seed_played":"-6489222142438693688","potions_obtained":[{"floor":4,"key":"Block Potion"},{"floor":5,"key":"champ:CounterPotion"},{"floor":18,"key":"EssenceOfSteel"},{"floor":20,"key":"jedi:StrikingPotion"},{"floor":29,"key":"Weak Potion"}],"is_trial":false,"path_per_floor":["M","?","$","M","M","R","M","R","T","E","$","T","PTL","PTL","R","E","R","B",null,"M","$","?","?","T","E","M","?","T","M","M"],"character_chosen":"THE_SENSHI","items_purchased":["ReplayTheSpireMod:CursedCoin","HandDrill","infinitespire:Beetle Shell","infinitespire:Lucky Rock"],"campfire_rested":1,"item_purchase_floors":[3,3,11,21],"current_hp_per_floor":[75,75,75,75,75,75,63,63,63,48,48,48,48,48,70,61,61,18,75,40,40,65,65,65,46,37,45,45,2,0,0],"gold":207,"neow_bonus":"NOSTALGIA","is_daily":false,"chose_seed":false,"campfire_upgraded":2,"win_rate":0.0,"timestamp":1612054178,"path_taken":["M","?","?","?","M","R","M","R","T","E","$","?","PTL","PTL","R","E","R","BOSS","M","$","?","?","?","E","M","?","T","?","?"],"items_purchased_type":["Relic","Relic","Relic","Relic"],"build_version":"2020-11-17","purchased_purges":1,"victory":false,"max_hp_per_floor":[75,75,75,75,75,75,75,75,75,75,75,75,75,75,75,75,75,75,75,75,75,75,75,75,75,75,75,75,75,75,75],"card_choices":[{"not_picked":["theSenshi:SailorVenusAssists","theSenshi:SailorStarMakerAssists"],"picked":"theSenshi:CrisisMakeUp","floor":1},{"not_picked":["theSenshi:MoonPunch","theSenshi:VenusGlamour"],"picked":"theSenshi:EncouragingSpeech","floor":4},{"not_picked":["theSenshi:DramaticEntrance","theSenshi:MoonKick"],"picked":"theSenshi:MoonCrisisMakeUp","floor":5},{"not_picked":["theSenshi:SaturnsMystery","theSenshi:SteeledNerves","theSenshi:MoonHealingEscalation"],"picked":"SKIP","floor":7},{"not_picked":["theSenshi:MoonTiaraMagic","theSenshi:EncouragingSpeech"],"picked":"theSenshi:StudyParty","floor":10},{"not_picked":["theSenshi:MoonTiaraMagic","theSenshi:SailorVenusAssists"],"picked":"theSenshi:MoonCrisisMakeUp","floor":16},{"not_picked":["theSenshi:InTheNameOfTheMoon","theSenshi:LunaSensingAllies"],"picked":"theSenshi:SilverMoonCrystalPowerKiss","floor":18},{"not_picked":["theSenshi:SailorPlanetAttack","theSenshi:TuxedoSmokingBomber","theSenshi:SailorV"],"picked":"SKIP","floor":20},{"not_picked":["theSenshi:EncouragingSpeech","theSenshi:SailorMarsAssists+1","theSenshi:LunasBite"],"picked":"SKIP","floor":25},{"not_picked":["theSenshi:InTheNickOfTime","theSenshi:LateForSchool","theSenshi:GatheringStrength"],"picked":"SKIP","floor":26},{"not_picked":["theSenshi:TuxedoSmokingBomber","theSenshi:SailorV+1","theSenshi:SupersonicWaves"],"picked":"SKIP","floor":29}],"player_experience":127693,"relics_obtained":[{"floor":2,"key":"bronze:BronzeIdol"},{"floor":9,"key":"aspiration:SeaSaltIceCream"},{"floor":10,"key":"ReplayTheSpireMod:Lightbulb"},{"floor":12,"key":"Replay:Baseball"},{"floor":16,"key":"Shuriken"},{"floor":24,"key":"Guardian:PocketSentry"},{"floor":25,"key":"InkBottle"},{"floor":28,"key":"hubris:MobiusCoin"}],"event_choices":[{"damage_healed":0,"gold_gain":0,"player_choice":"Box","damage_taken":0,"relics_obtained":["Counterbalance"],"max_hp_gain":0,"max_hp_loss":0,"event_name":"Big Fish","floor":17,"gold_loss":0,"cards_obtained":["Regret"]},{"damage_healed":25,"gold_gain":0,"player_choice":"Heal","damage_taken":0,"max_hp_gain":0,"max_hp_loss":0,"event_name":"The Library","floor":22,"gold_loss":0}],"is_beta":true,"boss_relics":[{"not_picked":["aspiration:SecretTechniqueScroll","halation:SmartPhone"],"picked":"conspire:RoyalGoblet"}],"items_purged_floors":[11],"is_endless":false,"potions_floor_spawned":[4,5,18,20,29],"killed_by":"3 Cultists","ascension_level":1}}