{"host":"y7b1p9nkx4idorr2","time":1612101497,"event":{"mods":["AchievementEnabler","Act Like it!","BaseMod","Colored Map","Downfall","GifTheSpireLib","Googly Eyes","Highlight Path","Mimic Mod","Minty Spire (QoL Compilation)","Shop Mod","Spicy Shops","StSLib","Unceasing Turn Reminder"],"gold_per_floor":[99,114,114,126,143,43,93,106,139,154,186,202,102,102,113,113,113,113],"floor_reached":16,"language":"ENG","playtime":710,"items_purged":[],"score":114,"play_id":"98a784cb-d7cc-452b-9b97-484a669df622","local_time":"20210131075817","is_ascension_mode":false,"campfire_choices":[{"floor":1,"key":"RECALL"},{"data":"champ:Execute","floor":6,"key":"SMITH"},{"data":"champ:AdrenalArmor","floor":13,"key":"SMITH"}],"circlet_count":0,"master_deck":["champ:Strike","champ:Strike","champ:Strike","champ:Defend","champ:Defend","champ:Defend","champ:Defend","champ:Execute+1","champ:Taunt","champ:Endure","champ:FalseCounter","champ:ArenaPreparation","champ:ViciousMockery","champ:BringItOn","champ:AdrenalArmor+1","champ:FanOfKnives","champ:FaceSlap","champ:FanOfKnives"],"relics":["champ:ChampionCrown","Juzu Bracelet","Happy Flower","downfall:HeartBlessingRed","Lantern","hexamod:BolsterEngine","Torii","downfall:HeartBlessingGreen"],"acts_visited":["Exordium"],"potions_floor_usage":[9,16],"damage_taken":[{"damage":10,"enemies":"2 Louse","floor":2,"turns":3},{"damage":21,"enemies":"Jaw Worm","floor":4,"turns":4},{"damage":11,"enemies":"Cultist","floor":5,"turns":4},{"damage":10,"enemies":"Blue Slaver","floor":8,"turns":2},{"damage":27,"enemies":"Lagavulin","floor":9,"turns":8},{"damage":12,"enemies":"3 Louse","floor":10,"turns":4},{"damage":49,"enemies":"Gremlin Nob","floor":11,"turns":5},{"damage":10,"enemies":"2 Fungi Beasts","floor":12,"turns":3},{"damage":20,"enemies":"Lots of Slimes","floor":15,"turns":3},{"damage":68,"enemies":"DF_ARCHETYPE_STREAMLINE","floor":16,"turns":4}],"seed_played":"5139077642553962064","potions_obtained":[{"floor":4,"key":"LiquidBronze"},{"floor":5,"key":"BlessingOfTheForge"},{"floor":11,"key":"DuplicationPotion"}],"is_trial":false,"path_per_floor":["R","M","?","M","M","R","T","M","E","M","E","M","R","?","M","B"],"character_chosen":"THE_CHAMP","items_purchased":[],"campfire_rested":0,"item_purchase_floors":[],"current_hp_per_floor":[90,90,83,77,76,76,76,76,74,72,43,43,43,43,43,0,0,0],"gold":113,"neow_bonus":"RANDOM_COMMON_RELIC","is_daily":false,"chose_seed":false,"campfire_upgraded":2,"win_rate":0.0,"timestamp":1612101497,"path_taken":["R","M","?","M","M","R","T","M","E","M","E","M","R","?","M","BOSS"],"items_purchased_type":[],"build_version":"2020-12-22","purchased_purges":0,"victory":false,"max_hp_per_floor":[90,90,90,90,90,90,90,90,90,90,90,90,90,90,90,90,90,90],"card_choices":[{"not_picked":["champ:Backstep","champ:GladiatorStyle"],"picked":"champ:Endure","floor":2},{"not_picked":["champ:CrownThrow","champ:Shatter"],"picked":"champ:FalseCounter","floor":4},{"not_picked":["champ:EndlessRage","champ:FlashCut"],"picked":"champ:ArenaPreparation","floor":5},{"not_picked":["champ:BladeFlurry","champ:FanOfKnives"],"picked":"champ:ViciousMockery","floor":8},{"not_picked":["champ:SteelEdge","champ:FancyFootwork"],"picked":"champ:BringItOn","floor":9},{"not_picked":["champ:FocusedDefense","champ:TornadoPunch"],"picked":"champ:AdrenalArmor","floor":10},{"not_picked":["champ:StanceDance","champ:Endure"],"picked":"champ:FanOfKnives","floor":11},{"not_picked":["champ:FlashCut","champ:PreciseThrust"],"picked":"champ:FaceSlap","floor":12},{"not_picked":["champ:RapidStrikes","champ:DancingMaster"],"picked":"champ:FanOfKnives","floor":15}],"player_experience":2249635,"relics_obtained":[{"floor":7,"key":"Lantern"},{"floor":9,"key":"hexamod:BolsterEngine"},{"floor":11,"key":"Torii"}],"event_choices":[{"damage_healed":0,"gold_gain":0,"player_choice":"Success","damage_taken":7,"relics_obtained":["Happy Flower"],"max_hp_gain":0,"max_hp_loss":0,"event_name":"Scrap Ooze","floor":3,"gold_loss":0}],"is_beta":false,"boss_relics":[],"items_purged_floors":[],"is_endless":false,"potions_floor_spawned":[4,5,11],"killed_by":"DF_ARCHETYPE_STREAMLINE","ascension_level":0}}