{"host":"bht7q8dqip9du99t","time":1612112285,"event":{"mods":["AchievementEnabler","BaseMod","Colored Map","Colored Powertips","Highlight Path","Minty Spire (QoL Compilation)","Permanent Neow","Quick Restart","StSLib"],"gold_per_floor":[17,17,17,30,46,46,72,84,139,167,167,179,194,206,206,280,280,300,215,234,234,252,252,262,262,262],"floor_reached":25,"language":"ENG","playtime":1276,"items_purged":[],"score":434,"play_id":"81288a35-5f39-43d0-88c4-820ed519af73","local_time":"20210131115805","is_ascension_mode":true,"campfire_choices":[{"data":"Flex","floor":6.0,"key":"SMITH"},{"floor":15.0,"key":"REST"},{"floor":23,"key":"REST"}],"circlet_count":0,"master_deck":["AscendersBane","Strike_R","Strike_R","Strike_R","Strike_R","Strike_R","Defend_R","Defend_R","Defend_R","Defend_R","Bash","Limit Break+1","Flex+1","Iron Wave","Pommel Strike","Perfected Strike","Shrug It Off","Double Tap","Heavy Blade"],"relics":["Burning Blood","InkBottle","Pen Nib","Regal Pillow","Self Forming Clay","Velvet Choker","Paper Frog"],"acts_visited":["Exordium","TheCity"],"potions_floor_usage":[24],"damage_taken":[{"damage":7.0,"enemies":"Small Slimes","floor":1.0,"turns":4.0},{"damage":2.0,"enemies":"Jaw Worm","floor":4.0,"turns":3.0},{"damage":3.0,"enemies":"2 Louse","floor":5.0,"turns":4.0},{"damage":20.0,"enemies":"3 Sentries","floor":7.0,"turns":8.0},{"damage":24.0,"enemies":"Exordium Thugs","floor":8.0,"turns":6.0},{"damage":18.0,"enemies":"Lagavulin","floor":10.0,"turns":5.0},{"damage":11.0,"enemies":"3 Louse","floor":12.0,"turns":4.0},{"damage":2.0,"enemies":"2 Fungi Beasts","floor":13.0,"turns":3.0},{"damage":3.0,"enemies":"Exordium Wildlife","floor":14.0,"turns":4.0},{"damage":58.0,"enemies":"Hexaghost","floor":16.0,"turns":9.0},{"damage":16.0,"enemies":"3 Byrds","floor":18.0,"turns":6.0},{"damage":17.0,"enemies":"2 Thieves","floor":20.0,"turns":4.0},{"damage":38,"enemies":"Snecko","floor":22,"turns":6},{"damage":34,"enemies":"Centurion and Healer","floor":24,"turns":4},{"damage":25,"enemies":"Book of Stabbing","floor":25,"turns":3}],"seed_played":"-2867482572467648125","potions_obtained":[{"floor":4.0,"key":"AttackPotion"},{"floor":8.0,"key":"Block Potion"},{"floor":14.0,"key":"Fruit Juice"},{"floor":16.0,"key":"SneckoOil"},{"floor":22,"key":"SneckoOil"}],"is_trial":false,"path_per_floor":["M","?","?","M","M","R","E","M","T","E","?","M","M","M","R","B",null,"M","?","M","?","M","R","M","E"],"character_chosen":"IRONCLAD","items_purchased":[],"campfire_rested":2,"item_purchase_floors":[],"current_hp_per_floor":[67,67,67,71,74,74,60,42,42,30,30,25,29,37,76,24,66,56,56,45,45,13,52,24,0,0],"gold":262,"neow_bonus":"THREE_RARE_CARDS","is_daily":false,"chose_seed":false,"campfire_upgraded":1,"win_rate":0.0,"timestamp":1612112285,"path_taken":["M","?","?","M","M","R","E","M","T","E","?","M","M","M","R","BOSS","M","?","M","?","M","R","?","E"],"items_purchased_type":[],"build_version":"2020-12-22","purchased_purges":0,"victory":false,"max_hp_per_floor":[75,75,75,75,75,75,75,75,75,75,75,75,75,80,80,80,80,80,80,80,80,80,80,80,80,80],"card_choices":[{"not_picked":["Exhume","Feed"],"picked":"Limit Break","floor":0.0},{"not_picked":["Flame Barrier","Wild Strike"],"picked":"Flex","floor":1.0},{"not_picked":["Pommel Strike","Sword Boomerang"],"picked":"Iron Wave","floor":4.0},{"not_picked":["Uppercut","Iron Wave","Pommel Strike"],"picked":"SKIP","floor":5.0},{"not_picked":["Blood for Blood","Hemokinesis","Reckless Charge"],"picked":"SKIP","floor":7.0},{"not_picked":["Perfected Strike","Warcry"],"picked":"Pommel Strike","floor":8.0},{"not_picked":["Brutality","Evolve","Iron Wave"],"picked":"SKIP","floor":10.0},{"not_picked":["Body Slam","Cleave"],"picked":"Perfected Strike","floor":12.0},{"not_picked":["Feel No Pain","Sword Boomerang"],"picked":"Shrug It Off","floor":13.0},{"not_picked":["Pommel Strike","Sever Soul","Shrug It Off"],"picked":"SKIP","floor":14.0},{"not_picked":["Barricade","Offering"],"picked":"Double Tap","floor":16.0},{"not_picked":["Rage","Warcry+1","Clash"],"picked":"SKIP","floor":18.0},{"not_picked":["Havoc","Rage"],"picked":"Heavy Blade","floor":20.0},{"not_picked":["Rage","Thunderclap","Blood for Blood"],"picked":"SKIP","floor":22},{"not_picked":["Sword Boomerang","True Grit","Cleave"],"picked":"SKIP","floor":24}],"player_experience":693093,"relics_obtained":[{"floor":7.0,"key":"InkBottle"},{"floor":9.0,"key":"Pen Nib"},{"floor":10.0,"key":"Regal Pillow"},{"floor":11.0,"key":"Self Forming Clay"}],"event_choices":[{"damage_healed":0.0,"max_hp_gain":0.0,"max_hp_loss":0.0,"gold_gain":0.0,"event_name":"Living Wall","player_choice":"Grow","floor":2.0,"gold_loss":0.0,"damage_taken":0.0,"cards_upgraded":["Limit Break"]},{"damage_healed":0.0,"max_hp_gain":0.0,"max_hp_loss":0.0,"gold_gain":0.0,"event_name":"Liars Game","player_choice":"Ignored","floor":3.0,"gold_loss":0.0,"damage_taken":0.0},{"damage_healed":0.0,"max_hp_gain":0.0,"max_hp_loss":0.0,"gold_gain":0.0,"event_name":"Wheel of Change","player_choice":"Relic","floor":11.0,"gold_loss":0.0,"damage_taken":0.0},{"damage_healed":0.0,"max_hp_gain":0.0,"max_hp_loss":0.0,"gold_gain":0.0,"event_name":"Addict","player_choice":"Obtained Relic","floor":19.0,"gold_loss":85.0,"damage_taken":0.0,"relics_obtained":["Paper Frog"]},{"damage_healed":0.0,"max_hp_gain":0.0,"max_hp_loss":0.0,"gold_gain":0.0,"event_name":"FaceTrader","player_choice":"Leave","floor":21.0,"gold_loss":0.0,"damage_taken":0.0}],"is_beta":false,"boss_relics":[{"not_picked":["Calling Bell","SacredBark"],"picked":"Velvet Choker"}],"items_purged_floors":[],"is_endless":false,"potions_floor_spawned":[4,8,14,16,22],"killed_by":"Book of Stabbing","ascension_level":20}}