{"host":"ibckqdmmf9y74ymf","time":1612119067,"event":{"mods":["2.2 Compatiblity","BaseMod","Colored Map","Curses Come First","Highlight Path","Minty Spire (QoL Compilation)","Quick Restart","Rare Cards Sparkle","Relic Stats","StSLib"],"gold_per_floor":[111,111,130,146,146,146,177,206,244,282,308,320,344,369,381,470,482,482,482,482],"floor_reached":19,"language":"ENG","playtime":1026,"items_purged":[],"score":362,"play_id":"2b1641bc-a137-484e-81dd-16e8d7f8e522","local_time":"20210131195107","is_ascension_mode":true,"campfire_choices":[{"data":"CrushJoints","floor":6.0,"key":"SMITH"},{"data":"MentalFortress","floor":15.0,"key":"SMITH"}],"circlet_count":0,"master_deck":["AscendersBane","Strike_P","Strike_P","Strike_P","Strike_P","Defend_P","Defend_P","Defend_P","Eruption","Vigilance","JustLucky","CrushJoints+1","Tantrum","FollowUp","FlurryOfBlows","Conclude","FearNoEvil","MentalFortress+1","EmptyBody","LessonLearned","CutThroughFate"],"relics":["PureWater","NeowsBlessing","Dream Catcher","MawBank","Orichalcum","StrikeDummy","Ectoplasm"],"acts_visited":["Exordium","TheCity"],"potions_floor_usage":[],"damage_taken":[{"damage":0.0,"enemies":"Cultist","floor":1.0,"turns":1.0},{"damage":0.0,"enemies":"2 Louse","floor":3.0,"turns":1.0},{"damage":0.0,"enemies":"Jaw Worm","floor":4.0,"turns":1.0},{"damage":6.0,"enemies":"Gremlin Nob","floor":7.0,"turns":3.0},{"damage":14.0,"enemies":"Lots of Slimes","floor":8.0,"turns":5.0},{"damage":15.0,"enemies":"3 Sentries","floor":10.0,"turns":4.0},{"damage":2.0,"enemies":"2 Fungi Beasts","floor":11.0,"turns":3.0},{"damage":0.0,"enemies":"Blue Slaver","floor":13.0,"turns":1.0},{"damage":0.0,"enemies":"3 Louse","floor":14.0,"turns":2.0},{"damage":15.0,"enemies":"Hexaghost","floor":16.0,"turns":8.0},{"damage":16,"enemies":"Spheric Guardian","floor":18,"turns":3},{"damage":22,"enemies":"Shell Parasite","floor":19,"turns":3}],"seed_played":"1917905213224401410","potions_obtained":[{"floor":3.0,"key":"Fire Potion"},{"floor":7.0,"key":"Block Potion"},{"floor":11.0,"key":"EssenceOfSteel"},{"floor":14.0,"key":"SpeedPotion"},{"floor":18,"key":"SteroidPotion"}],"is_trial":false,"path_per_floor":["M","?","M","M","?","R","E","M","T","E","M","?","M","M","R","B",null,"M","M"],"character_chosen":"WATCHER","items_purchased":[],"campfire_rested":0,"item_purchase_floors":[],"current_hp_per_floor":[61,61,61,61,61,61,55,41,41,26,24,24,24,24,24,9,53,37,15,15],"gold":482,"neow_bonus":"THREE_ENEMY_KILL","is_daily":false,"chose_seed":false,"campfire_upgraded":2,"win_rate":0.0,"timestamp":1612119067,"path_taken":["M","?","?","M","?","R","E","M","T","E","M","?","M","?","R","BOSS","M","M"],"items_purchased_type":[],"build_version":"2020-12-22","purchased_purges":0,"victory":false,"max_hp_per_floor":[68,68,68,68,68,68,68,68,68,68,68,68,68,68,68,68,68,68,68,68],"relic_stats":{"Dream Catcher":0,"counters":[12,35],"Ectoplasm":42,"Orichalcum":[24],"MawBank":120,"obtain_stats":[{"Dream Catcher":2,"NeowsBlessing":0,"Ectoplasm":17,"PureWater":0,"Orichalcum":9,"MawBank":7,"StrikeDummy":10},{"Dream Catcher":1,"NeowsBlessing":0,"Ectoplasm":10,"PureWater":0,"Orichalcum":5,"MawBank":4,"StrikeDummy":6},{"Dream Catcher":1,"NeowsBlessing":0,"Ectoplasm":29,"PureWater":0,"Orichalcum":11,"MawBank":6,"StrikeDummy":15}]},"card_choices":[{"not_picked":["SignatureMove","Collect"],"picked":"JustLucky","floor":1.0},{"not_picked":["ForeignInfluence","DeceiveReality"],"picked":"CrushJoints","floor":3.0},{"not_picked":["WindmillStrike","Study"],"picked":"Tantrum","floor":4.0},{"not_picked":["BattleHymn","SashWhip"],"picked":"FollowUp","floor":7.0},{"not_picked":["Indignation","FollowUp"],"picked":"FlurryOfBlows","floor":8.0},{"not_picked":["FlurryOfBlows","ClearTheMind"],"picked":"Conclude","floor":10.0},{"not_picked":["FlurryOfBlows","Adaptation"],"picked":"FearNoEvil","floor":11.0},{"not_picked":["Indignation","EmptyBody"],"picked":"MentalFortress","floor":13.0},{"not_picked":["Prostrate","Evaluate"],"picked":"EmptyBody","floor":14.0},{"not_picked":["Devotion","Judgement"],"picked":"LessonLearned","floor":16.0},{"not_picked":["SashWhip","PathToVictory"],"picked":"CutThroughFate","floor":18}],"player_experience":670436,"relics_obtained":[{"floor":2.0,"key":"Dream Catcher"},{"floor":7.0,"key":"MawBank"},{"floor":9.0,"key":"Orichalcum"},{"floor":10.0,"key":"StrikeDummy"}],"event_choices":[{"damage_healed":0.0,"max_hp_gain":0.0,"max_hp_loss":0.0,"gold_gain":0.0,"event_name":"Wheel of Change","player_choice":"Relic","floor":2.0,"gold_loss":0.0,"damage_taken":0.0},{"damage_healed":0.0,"max_hp_gain":0.0,"max_hp_loss":0.0,"gold_gain":0.0,"event_name":"Liars Game","player_choice":"Ignored","floor":5.0,"gold_loss":0.0,"damage_taken":0.0},{"cards_removed":["Defend_P"],"damage_healed":0.0,"max_hp_gain":0.0,"max_hp_loss":0.0,"gold_gain":0.0,"event_name":"Bonfire Elementals","player_choice":"Offered Basic","floor":12.0,"gold_loss":0.0,"damage_taken":0.0}],"is_beta":false,"boss_relics":[{"not_picked":["Velvet Choker","Astrolabe"],"picked":"Ectoplasm"}],"items_purged_floors":[],"is_endless":false,"potions_floor_spawned":[3,7,11,14,18],"killed_by":"Shell Parasite","ascension_level":20}}