{"host":"y0avvqzsetgmdwfn","time":1612074380,"event":{"mods":["AchievementEnabler","BaseMod","Better Third Choice","Downfall","Infinite Spire","Minty Spire (QoL Compilation)","Red Circlet Mod","Reliquary","Replay The Spire","Spicy Shops","StSLib"],"gold_per_floor":[99,549,561,572,572,8,8,19,19,19,36,51,51,83,94,195,195,195,213,224,224,224,224,224,243,277,294,326,326,326,341,351,454,454,154,170,220,220,238,254,254,254,40,58,73,84,94,94,105,204,204,204,218,234,252,271,288,288,304,304,304,304],"floor_reached":60,"language":"ENG","playtime":6543,"items_purged":["Doubt"],"score":702,"play_id":"2357c441-fe9a-4542-bb03-95ec1e743c95","local_time":"20210131142620","is_ascension_mode":false,"campfire_choices":[{"floor":1.0,"key":"DIG"},{"data":"Replay:SS_forest_2","floor":9.0,"key":"SMITH"},{"data":"champ:IronFortress","floor":13.0,"key":"SMITH"},{"data":"champ:GladiatorForm","floor":18.0,"key":"SMITH"},{"floor":30.0,"key":"RECALL"},{"floor":35.0,"key":"DIG"},{"data":"infinitespire:Collect","floor":42.0,"key":"SMITH"},{"data":"infinitespire:UltimateForm","floor":52.0,"key":"SMITH"}],"circlet_count":0,"master_deck":["champ:Strike+1","champ:Strike","champ:Defend","champ:Defend","champ:Defend","champ:Execute+1","champ:Taunt","downfall:Icky","downfall:Icky","champ:TornadoPunch","champ:BerserkersShout","champ:Parry","champ:IronFortress+1","Replay:SS_forest_2+1","champ:RisingSlash","champ:FlashCut","Replay:SS_forest_2+1","champ:FanOfKnives","champ:BringItOn","champ:SwordThrow","champ:ShieldSlam","champ:GladiatorForm+1","champ:Duel","champ:Duel","champ:FocusedDefense","infinitespire:UltimateForm+1","champ:UltimateStance","champ:IronFortress","champ:Shatter+1","infinitespire:Collect+1","champ:Backstep+1","champ:ShieldWall+1","champ:MurderStrike","champ:FocusedBerserking","champ:DancingMaster","champ:Haymaker+1","champ:TripleStrike+1","champ:AdrenalArmor+1","champ:CrownThrow+1","champ:Circumvent+1","champ:GladiatorStyle","ReplayTheSpireMod:Black Plague","champ:DefensiveShout+1","champ:Improvising","champ:StanceDance","champ:TripleStrike","champ:IronFortress","champ:FocusedBerserking","champ:EnragedBash+1","champ:FlashCut+1","champ:SkillfulDodge+1","champ:IronFortress","champ:VampiricStrike","champ:FocusedBerserking","Iron Wave","champ:ArenaPreparation","champ:LastStand","champ:FaceSlap","champ:EndlessRage","champ:GladiatorStyle","champ:StanceDance","champ:StanceDance","champ:EndlessRage","champ:AdrenalArmor","champ:IronFortress"],"relics":["champ:ChampionCrown","Whetstone","Ring of Misfortune","ReplayTheSpireMod:Ring of Addiction","Potion Belt","White Beast Statue","infinitespire:WardingShard","infinitespire:BottledMercury","Bird Faced Urn","reliquary:SilkGlove","champ:DefensiveTrainingManual","reliquary:RoseTintedGlasses","Prayer Wheel","Astrolabe","downfall:HeartBlessingRed","downfall:HeartBlessingGreen","downfall:HeartBlessingBlue","Ornamental Fan","hexamod:Sixitude","Replay:Bottled Flurry","OrangePellets","Coffee Dripper","reliquary:IridiumChain"],"acts_visited":["Exordium","TheCity","TheBeyond","Exordium"],"potions_floor_usage":[59,59,60,60],"damage_taken":[{"damage":10.0,"enemies":"2 Louse","floor":3.0,"turns":3.0},{"damage":10.0,"enemies":"Cultist","floor":4.0,"turns":3.0},{"damage":23.0,"enemies":"downfall:FleeingMerchant","floor":6.0,"turns":4.0},{"damage":7.0,"enemies":"Small Slimes","floor":8.0,"turns":2.0},{"damage":20.0,"enemies":"Blue Slaver","floor":11.0,"turns":3.0},{"damage":14.0,"enemies":"Red Slaver","floor":12.0,"turns":4.0},{"damage":68.0,"enemies":"Lagavulin","floor":14.0,"turns":8.0},{"damage":0.0,"enemies":"Large Slime","floor":15.0,"turns":4.0},{"damage":63.0,"enemies":"SI_SHIV_ARCHETYPE","floor":16.0,"turns":9.0},{"damage":16.0,"enemies":"Chosen","floor":19.0,"turns":10.0},{"damage":44.0,"enemies":"Sentry and Sphere","floor":20.0,"turns":6.0},{"damage":37.0,"enemies":"Chosen and Byrds","floor":25.0,"turns":10.0},{"damage":53.0,"enemies":"Nightmare","floor":26.0,"turns":10.0},{"damage":27.0,"enemies":"Centurion and Healer","floor":27.0,"turns":8.0},{"damage":45.0,"enemies":"Slavers","floor":28.0,"turns":9.0},{"damage":12.0,"enemies":"Snecko","floor":31.0,"turns":4.0},{"damage":13.0,"enemies":"Snake Plant","floor":32.0,"turns":5.0},{"damage":87.0,"enemies":"WA_ARCHETYPE_CALM","floor":33.0,"turns":11.0},{"damage":30.0,"enemies":"Orb Walker","floor":36.0,"turns":5.0},{"damage":27.0,"enemies":"Orb Walker","floor":37.0,"turns":10.0},{"damage":41.0,"enemies":"3 Darklings","floor":39.0,"turns":6.0},{"damage":5.0,"enemies":"Maw","floor":40.0,"turns":8.0},{"damage":39.0,"enemies":"downfall:FleeingMerchant","floor":43.0,"turns":4.0},{"damage":57.0,"enemies":"4 Shapes","floor":44.0,"turns":7.0},{"damage":7.0,"enemies":"Transient","floor":45.0,"turns":5.0},{"damage":29.0,"enemies":"Maw","floor":46.0,"turns":8.0},{"damage":51.0,"enemies":"Spire Growth","floor":47.0,"turns":5.0},{"damage":31.0,"enemies":"4 Shapes","floor":49.0,"turns":5.0},{"damage":69.0,"enemies":"IC_BLOCK_ARCHETYPE","floor":50.0,"turns":4.0},{"damage":25.0,"enemies":"Small Slimes","floor":53.0,"turns":2.0},{"damage":15.0,"enemies":"Cultist","floor":54.0,"turns":2.0},{"damage":25.0,"enemies":"Jaw Worm","floor":55.0,"turns":2.0},{"damage":10.0,"enemies":"2 Fungi Beasts","floor":56.0,"turns":2.0},{"damage":20.0,"enemies":"Exordium Wildlife","floor":57.0,"turns":3.0},{"damage":27,"enemies":"Gremlin Gang","floor":59,"turns":2},{"damage":118,"enemies":"Nightmare","floor":60,"turns":5}],"seed_played":"1959281223317005611","potions_obtained":[{"floor":3.0,"key":"champ:OpenerPotion"},{"floor":5.0,"key":"Block Potion"},{"floor":5.0,"key":"Toxic Potion"},{"floor":5.0,"key":"Milkshake"},{"floor":6.0,"key":"Reflective Coating"},{"floor":8.0,"key":"champ:CounterPotion"},{"floor":11.0,"key":"Elixir"},{"floor":12.0,"key":"champ:TechniquePotion"},{"floor":14.0,"key":"Elixir"},{"floor":15.0,"key":"Milkshake"},{"floor":16.0,"key":"Explosive Potion"},{"floor":19.0,"key":"Energy Potion"},{"floor":20.0,"key":"sneckomod:MuddlingPotion"},{"floor":25.0,"key":"Dexterity Potion"},{"floor":26.0,"key":"LiquidMemories"},{"floor":27.0,"key":"Block Potion"},{"floor":28.0,"key":"bronze:BurnAndBuffPotion"},{"floor":31.0,"key":"Strength Potion"},{"floor":32.0,"key":"Guardian:BlockOnCardUsePotion"},{"floor":33.0,"key":"ColorlessPotion"},{"floor":36.0,"key":"Cursed Concoction"},{"floor":37.0,"key":"champ:TechniquePotion"},{"floor":39.0,"key":"Slimebound:ThreeZeroPotion"},{"floor":40.0,"key":"FearPotion"},{"floor":43.0,"key":"Guardian:BlockOnCardUsePotion"},{"floor":44.0,"key":"FearPotion"},{"floor":45.0,"key":"GamblersBrew"},{"floor":46.0,"key":"PowerPotion"},{"floor":47.0,"key":"FearPotion"},{"floor":49.0,"key":"ColorlessPotion"},{"floor":50.0,"key":"champ:OpenerPotion"},{"floor":53.0,"key":"Elixir"},{"floor":54.0,"key":"Guardian:BlockOnCardUsePotion"},{"floor":55.0,"key":"sneckomod:MuddlingPotion"},{"floor":56.0,"key":"infinitespire:BlackPotion"},{"floor":59,"key":"hexamod:SoulburnPotion"}],"is_trial":false,"path_per_floor":["R","?","M","M","?","$","T","M","R","?","M","M","R","E","M","B",null,"R","M","M","?","?","?","T","M","NM","M","E","AVR","R","M","M","B",null,"R","M","?","?","M","M","T","R","$","M","M","M","M","?","M","B",null,"R","M","M","M","M","M","T","M","NM"],"character_chosen":"THE_CHAMP","items_purchased":["champ:IronFortress","Replay:SS_forest_2","champ:RisingSlash","infinitespire:WardingShard","infinitespire:BottledMercury","champ:IronFortress","OrangePellets"],"campfire_rested":0,"item_purchase_floors":[6,6,6,6,6,43,43],"current_hp_per_floor":[99,99,99,99,99,99,99,99,99,99,93,93,93,56,63,31,99,99,98,81,81,61,61,61,47,72,78,83,83,83,85,90,65,102,112,94,105,78,83,93,93,93,107,75,79,95,73,73,69,24,110,110,90,92,98,100,101,101,108,0,0,0],"gold":304,"neow_bonus":"TEN_PERCENT_HP_BONUS","is_daily":false,"chose_seed":false,"campfire_upgraded":5,"win_rate":0.0,"timestamp":1612074380,"path_taken":["R","?","M","M","?","$","T","M","R","?","?","?","R","E","M","BOSS","R","M","M","?","?","?","T","M","NM","M","E","AVR","R","M","M","BOSS","R","M","?","?","M","M","T","R","?","M","M","?","M","?","M","BOSS","R","M","M","?","M","?","T","M","NM"],"items_purchased_type":["Card","Card","Card","Relic","Relic","Card","Relic"],"build_version":"2020-12-22","purchased_purges":1,"victory":false,"max_hp_per_floor":[99,99,99,99,99,99,99,99,99,99,99,99,99,99,99,99,99,99,99,99,99,104,104,102,102,102,102,102,102,102,102,102,102,102,112,110,110,110,110,110,110,110,110,110,110,110,110,110,110,110,110,110,110,108,108,108,108,108,108,108,108,108],"card_choices":[{"not_picked":["champ:FanOfKnives","champ:FlashCut"],"picked":"champ:TornadoPunch","floor":3.0},{"not_picked":["champ:Backstep","champ:BladeFlurry"],"picked":"champ:BerserkersShout","floor":4.0},{"not_picked":["champ:PerfectedStrike","champ:EnGarde"],"picked":"champ:Parry","floor":6.0},{"not_picked":["champ:PerfectedStrike","champ:Circumvent"],"picked":"champ:FlashCut","floor":8.0},{"not_picked":["champ:RecklessLeap","champ:SetATrap"],"picked":"champ:FanOfKnives","floor":11.0},{"not_picked":["champ:PerfectedStrike","champ:TornadoPunch"],"picked":"champ:BringItOn","floor":12.0},{"not_picked":["champ:Circumvent","champ:BladeFlurry"],"picked":"champ:SwordThrow","floor":14.0},{"not_picked":["champ:RecklessLeap","champ:Haymaker"],"picked":"champ:ShieldSlam","floor":15.0},{"not_picked":["champ:StrikeOfGenius","champ:HeavySlash"],"picked":"champ:GladiatorForm","floor":16.0},{"not_picked":["champ:Haymaker","champ:PerfectedStrike"],"picked":"champ:Duel","floor":19.0},{"not_picked":["champ:DefensiveShout","champ:FlashCut"],"picked":"champ:Duel","floor":20.0},{"not_picked":["champ:RisingSlash","champ:CrownThrow"],"picked":"champ:FocusedDefense","floor":25.0},{"not_picked":["infinitespire:Gouge","infinitespire:DeathsTouch"],"picked":"infinitespire:UltimateForm","floor":26.0},{"not_picked":["champ:PerfectedStrike","champ:SkillfulDodge"],"picked":"champ:UltimateStance","floor":26.0},{"not_picked":["champ:EndlessRage","champ:FlashCut"],"picked":"champ:IronFortress","floor":27.0},{"not_picked":["champ:FlashCut","champ:BladeFlurry"],"picked":"champ:Shatter+1","floor":28.0},{"not_picked":["champ:SetATrap","champ:Lariat"],"picked":"champ:Backstep+1","floor":31.0},{"not_picked":["champ:FalseCounter+1","champ:AdrenalArmor+1"],"picked":"champ:ShieldWall+1","floor":31.0},{"not_picked":["champ:BladeFlurry","champ:FlashCut"],"picked":"champ:MurderStrike","floor":32.0},{"not_picked":["champ:BerserkersShout","champ:TornadoPunch+1"],"picked":"champ:FocusedBerserking","floor":32.0},{"not_picked":["champ:GladiatorForm","champ:SwordThrow"],"picked":"champ:DancingMaster","floor":33.0},{"not_picked":["champ:Haymaker","champ:FlashCut"],"picked":"champ:CrownThrow+1","floor":36.0},{"not_picked":["champ:CrownThrow","champ:Haymaker"],"picked":"champ:Circumvent+1","floor":36.0},{"not_picked":["champ:BladeFlurry","champ:FlashCut+1"],"picked":"champ:GladiatorStyle","floor":37.0},{"not_picked":["infinitespire:SealOfDarkness+","infinitespire:NeuralNetwork"],"picked":"ReplayTheSpireMod:Black Plague","floor":38.0},{"not_picked":["champ:HeartStrike","champ:BringItOn+1"],"picked":"champ:DefensiveShout+1","floor":39.0},{"not_picked":["champ:Parry","champ:Haymaker","champ:DefensiveShout"],"picked":"SKIP","floor":39.0},{"not_picked":["champ:FocusedBerserking+1","champ:EnGarde"],"picked":"champ:Improvising","floor":40.0},{"not_picked":["champ:EnGarde+1","champ:FanOfKnives"],"picked":"champ:StanceDance","floor":40.0},{"not_picked":["champ:Shatter","champ:FlashCut+1"],"picked":"champ:TripleStrike","floor":43.0},{"not_picked":["champ:BringItOn+1","champ:FlashCut"],"picked":"champ:FocusedBerserking","floor":44.0},{"not_picked":["champ:CrookedStrike+1","champ:HeartStrike"],"picked":"champ:EnragedBash+1","floor":44.0},{"not_picked":["champ:Parry","champ:AdrenalArmor"],"picked":"champ:FlashCut+1","floor":45.0},{"not_picked":["champ:IronFortress+1","champ:HeartStrike+1"],"picked":"champ:SkillfulDodge+1","floor":45.0},{"not_picked":["champ:SetATrap","champ:Parry+1"],"picked":"champ:IronFortress","floor":46.0},{"not_picked":["champ:Shatter+1","champ:Parry+1","champ:Encircle"],"picked":"SKIP","floor":46.0},{"not_picked":["champ:BladeFlurry","champ:EnGarde"],"picked":"champ:VampiricStrike","floor":47.0},{"not_picked":["champ:Backstep+1","champ:EnragedBash+1"],"picked":"champ:FocusedBerserking","floor":47.0},{"not_picked":["champ:SkillfulDodge+1","champ:FanOfKnives"],"picked":"champ:ArenaPreparation","floor":49.0},{"not_picked":["champ:PreemptiveStrike+1","champ:FanOfKnives+1","champ:Haymaker+1"],"picked":"SKIP","floor":49.0},{"not_picked":["champ:GladiatorForm","champ:DancingMaster"],"picked":"champ:LastStand","floor":50.0},{"not_picked":["champ:Haymaker","champ:PreciseThrust"],"picked":"champ:FaceSlap","floor":53.0},{"not_picked":["champ:PerfectedStrike","champ:Haymaker","champ:Shatter"],"picked":"SKIP","floor":53.0},{"not_picked":["champ:CrownThrow","champ:SwordThrow"],"picked":"champ:EndlessRage","floor":54.0},{"not_picked":["champ:Shatter","champ:PreemptiveStrike","champ:PerfectedStrike"],"picked":"SKIP","floor":54.0},{"not_picked":["champ:Encircle","champ:Haymaker"],"picked":"champ:GladiatorStyle","floor":55.0},{"not_picked":["champ:PreciseThrust","champ:EnGarde","champ:BerserkersShout"],"picked":"SKIP","floor":55.0},{"not_picked":["champ:AdrenalArmor","champ:GladiatorStyle"],"picked":"champ:StanceDance","floor":56.0},{"not_picked":["champ:FlashCut","champ:FanOfKnives"],"picked":"champ:StanceDance","floor":56.0},{"not_picked":["champ:Circumvent","champ:StanceDance"],"picked":"champ:EndlessRage","floor":57.0},{"not_picked":["champ:RapidStrikes","champ:PreemptiveStrike"],"picked":"champ:AdrenalArmor","floor":57.0},{"not_picked":["champ:FlashCut","champ:DefensiveShout"],"picked":"champ:IronFortress","floor":59},{"not_picked":["champ:CrownThrow","champ:BringItOn","champ:FlashCut"],"picked":"SKIP","floor":59}],"player_experience":1983772,"relics_obtained":[{"floor":1.0,"key":"Whetstone"},{"floor":5.0,"key":"Ring of Misfortune"},{"floor":5.0,"key":"ReplayTheSpireMod:Ring of Addiction"},{"floor":5.0,"key":"Potion Belt"},{"floor":5.0,"key":"White Beast Statue"},{"floor":7.0,"key":"Bird Faced Urn"},{"floor":14.0,"key":"reliquary:SilkGlove"},{"floor":26.0,"key":"reliquary:RoseTintedGlasses"},{"floor":28.0,"key":"Prayer Wheel"},{"floor":35.0,"key":"Ornamental Fan"},{"floor":37.0,"key":"hexamod:Sixitude"},{"floor":41.0,"key":"Replay:Bottled Flurry"},{"floor":58.0,"key":"reliquary:IridiumChain"}],"event_choices":[{"cards_removed":["Delirium"],"damage_healed":0.0,"max_hp_gain":0.0,"max_hp_loss":0.0,"gold_gain":0.0,"event_name":"Wheel of Change","player_choice":"Card Removal","floor":23.0,"gold_loss":0.0,"damage_taken":0.0},{"cards_removed":["downfall:Icky"],"damage_healed":0.0,"max_hp_gain":0.0,"max_hp_loss":0.0,"gold_gain":0.0,"event_name":"NoteForYourself","player_choice":"Took Card","floor":48.0,"gold_loss":0.0,"damage_taken":0.0,"cards_obtained":["Iron Wave"]}],"is_beta":false,"boss_relics":[{"not_picked":["Velvet Choker","Runic Pyramid","Fusion Hammer"]},{"not_picked":["bronze:MakeshiftBattery","Replay:Drink Me"],"picked":"Astrolabe"},{"not_picked":["ReplayTheSpireMod:SealedPack","Honey Jar"],"picked":"Coffee Dripper"}],"items_purged_floors":[29],"is_endless":true,"potions_floor_spawned":[3,6,8,11,12,14,15,16,19,20,25,26,27,28,31,32,33,36,37,39,40,43,44,45,46,47,49,50,53,54,55,56,57,59],"killed_by":"Nightmare","ascension_level":0}}