{"host":"c3lc60y5x60jlt1y","time":1612131520,"event":{"mods":["AchievementEnabler","BaseMod","Bestiary","Colored Map","Minty Spire (QoL Compilation)","Quick Restart","StSLib","ojb\u0027s Info Mod"],"gold_per_floor":[119,119,119,138,138,170,26,26,26,37,37,57,67,81,81,183,183,200,216,216,232,157,157,157,157,157,157,157,157,170,185,185,284,284,298,314,314,331,341,341,341,341,341,341,90,108,124,144,144,144,144],"floor_reached":50,"language":"ENG","playtime":1292,"items_purged":["Defend_R","Strike_R"],"score":496,"play_id":"58436f68-7d72-4981-b1d6-f1690bc79296","local_time":"20210201001840","is_ascension_mode":false,"campfire_choices":[{"data":"Searing Blow","floor":11,"key":"SMITH"},{"floor":15,"key":"REST"},{"data":"Searing Blow+1","floor":23,"key":"SMITH"},{"data":"Searing Blow+2","floor":25,"key":"SMITH"},{"data":"Searing Blow+3","floor":27,"key":"SMITH"},{"data":"Searing Blow+4","floor":29,"key":"SMITH"},{"floor":32,"key":"REST"},{"data":"Limit Break","floor":40,"key":"SMITH"},{"data":"Searing Blow+5","floor":42,"key":"SMITH"},{"data":"Searing Blow+6","floor":44,"key":"SMITH"},{"floor":49,"key":"REST"}],"circlet_count":0,"master_deck":["Strike_R","Strike_R","Defend_R","Defend_R","Bash","Thunderclap","Flex","Feel No Pain","Brutality","Searing Blow+7","Spot Weakness","Spot Weakness","Demon Form","Seeing Red+1","Uppercut+1","Shrug It Off+1","Flex+1","Limit Break+1","Inflame+1","Fire Breathing","Armaments","Dramatic Entrance","Armaments+1","Dual Wield+1"],"relics":["Burning Blood","Orichalcum","Brimstone","Pear","Sozu","Bag of Marbles","Philosopher\u0027s Stone","Paper Frog","Bottled Tornado"],"acts_visited":["Exordium","TheCity","TheBeyond"],"potions_floor_usage":[6,16,16,16],"damage_taken":[{"damage":14,"enemies":"Jaw Worm","floor":1,"turns":6},{"damage":6,"enemies":"2 Louse","floor":4,"turns":2},{"damage":31,"enemies":"Lagavulin","floor":6,"turns":6},{"damage":6,"enemies":"Small Slimes","floor":10,"turns":3},{"damage":8,"enemies":"Blue Slaver","floor":12,"turns":2},{"damage":29,"enemies":"Exordium Thugs","floor":13,"turns":4},{"damage":12,"enemies":"Lots of Slimes","floor":14,"turns":4},{"damage":33,"enemies":"Hexaghost","floor":16,"turns":7},{"damage":58,"enemies":"3 Byrds","floor":18,"turns":5},{"damage":34,"enemies":"Shell Parasite","floor":19,"turns":4},{"damage":21,"enemies":"Snake Plant","floor":21,"turns":3},{"damage":6,"enemies":"Sentry and Sphere","floor":30,"turns":3},{"damage":21,"enemies":"Centurion and Healer","floor":31,"turns":5},{"damage":38,"enemies":"Collector","floor":33,"turns":7},{"damage":9,"enemies":"3 Shapes","floor":35,"turns":5},{"damage":11,"enemies":"Orb Walker","floor":36,"turns":2},{"damage":18,"enemies":"Sphere and 2 Shapes","floor":38,"turns":4},{"damage":23,"enemies":"4 Shapes","floor":39,"turns":5},{"damage":20,"enemies":"Jaw Worm Horde","floor":46,"turns":4},{"damage":34,"enemies":"Maw","floor":47,"turns":5},{"damage":14,"enemies":"Sphere and 2 Shapes","floor":48,"turns":3},{"damage":53,"enemies":"Time Eater","floor":50,"turns":3}],"seed_played":"-5186946052354387952","potions_obtained":[{"floor":4,"key":"Fire Potion"},{"floor":10,"key":"Weak Potion"},{"floor":13,"key":"Regen Potion"},{"floor":14,"key":"Block Potion"}],"is_trial":false,"path_per_floor":["M","?","?","M","?","E","$","$","T","M","R","M","M","M","R","B",null,"M","M","?","M","$","R","?","R","T","R","?","R","M","M","R","B",null,"M","M","?","M","M","R","T","R","T","R","$","M","M","M","R","B"],"character_chosen":"IRONCLAD","items_purchased":["Brimstone","Armaments","Dramatic Entrance"],"campfire_rested":3,"item_purchase_floors":[7,45,45],"current_hp_per_floor":[72,77,70,70,70,45,45,45,55,55,55,53,30,24,52,40,95,43,15,46,31,31,31,31,31,31,31,31,31,31,16,44,12,95,92,87,95,83,66,66,66,66,66,66,66,52,24,16,44,0,0],"gold":144,"neow_bonus":"REMOVE_CARD","is_daily":false,"chose_seed":false,"campfire_upgraded":8,"win_rate":0.0,"timestamp":1612131520,"path_taken":["M","?","?","M","?","E","?","$","T","?","R","?","?","M","R","BOSS","M","M","?","M","$","R","?","R","T","R","?","R","M","M","R","BOSS","M","M","?","?","?","R","?","R","T","R","$","M","M","M","R","BOSS"],"items_purchased_type":["Relic","Card","Card"],"build_version":"2020-12-22","purchased_purges":2,"victory":false,"max_hp_per_floor":[80,85,85,85,85,85,85,85,95,95,95,95,95,95,95,95,95,95,95,95,95,95,95,95,95,95,95,95,95,95,95,95,95,95,95,95,95,95,95,95,95,95,95,95,95,95,95,95,95,95,95],"card_choices":[{"not_picked":["Havoc","Pommel Strike"],"picked":"Thunderclap","floor":1},{"not_picked":["Iron Wave","Shrug It Off"],"picked":"Flex","floor":4},{"not_picked":["Intimidate","Entrench"],"picked":"Brutality","floor":6},{"not_picked":["Warcry","Sentinel"],"picked":"Searing Blow","floor":10},{"not_picked":["Body Slam","True Grit","Sword Boomerang"],"picked":"SKIP","floor":12},{"not_picked":["Wild Strike","Carnage"],"picked":"Spot Weakness","floor":13},{"not_picked":["Havoc","Iron Wave"],"picked":"Spot Weakness","floor":14},{"not_picked":["Offering","Berserk"],"picked":"Demon Form","floor":16},{"not_picked":["Clash","Clothesline","True Grit"],"picked":"SKIP","floor":18},{"not_picked":["Iron Wave","Second Wind"],"picked":"Seeing Red+1","floor":19},{"not_picked":["Twin Strike+1","Flex"],"picked":"Uppercut+1","floor":21},{"not_picked":["Sentinel+1","Anger"],"picked":"Shrug It Off+1","floor":30},{"not_picked":["Demon Form","Cleave"],"picked":"Flex+1","floor":31},{"not_picked":["Barricade","Demon Form"],"picked":"Limit Break","floor":33},{"not_picked":["Headbutt+1","Clothesline+1"],"picked":"Inflame+1","floor":35},{"not_picked":["Pommel Strike","Clash","Perfected Strike"],"picked":"SKIP","floor":36},{"not_picked":["Reckless Charge+1","Headbutt+1"],"picked":"Fire Breathing","floor":38},{"not_picked":["Perfected Strike+1","Disarm","Sentinel"],"picked":"SKIP","floor":39},{"not_picked":["Perfected Strike","Havoc+1"],"picked":"Armaments+1","floor":46},{"not_picked":["Dropkick","Headbutt","Twin Strike"],"picked":"SKIP","floor":47},{"not_picked":["Havoc","Armaments"],"picked":"Dual Wield+1","floor":48}],"player_experience":8881230,"relics_obtained":[{"floor":6,"key":"Orichalcum"},{"floor":9,"key":"Pear"},{"floor":26,"key":"Bag of Marbles"},{"floor":41,"key":"Paper Frog"},{"floor":43,"key":"Bottled Tornado"}],"event_choices":[{"damage_healed":0,"gold_gain":0,"player_choice":"Donut","damage_taken":0,"max_hp_gain":5,"max_hp_loss":0,"event_name":"Big Fish","floor":2,"gold_loss":0},{"cards_removed":["Defend_R"],"damage_healed":0,"gold_gain":0,"player_choice":"Card Removal","damage_taken":7,"max_hp_gain":0,"max_hp_loss":0,"event_name":"Golden Wing","floor":3,"gold_loss":0},{"damage_healed":0,"gold_gain":0,"cards_transformed":["Strike_R"],"player_choice":"Change","damage_taken":0,"max_hp_gain":0,"max_hp_loss":0,"event_name":"Living Wall","floor":5,"gold_loss":0,"cards_obtained":["Feel No Pain"]},{"damage_healed":31,"gold_gain":0,"player_choice":"Heal","damage_taken":0,"max_hp_gain":0,"max_hp_loss":0,"event_name":"The Library","floor":20,"gold_loss":0},{"damage_healed":0,"gold_gain":0,"player_choice":"Ignored","damage_taken":0,"max_hp_gain":0,"max_hp_loss":0,"event_name":"Ghosts","floor":24,"gold_loss":0},{"damage_healed":0,"gold_gain":0,"player_choice":"Ignored","damage_taken":0,"max_hp_gain":0,"max_hp_loss":0,"event_name":"Duplicator","floor":28,"gold_loss":0},{"damage_healed":8,"gold_gain":0,"player_choice":"Full Heal","damage_taken":0,"max_hp_gain":0,"max_hp_loss":0,"event_name":"Wheel of Change","floor":37,"gold_loss":0}],"is_beta":false,"boss_relics":[{"not_picked":["Empty Cage","Runic Pyramid"],"picked":"Sozu"},{"not_picked":["Coffee Dripper","Cursed Key"],"picked":"Philosopher\u0027s Stone"}],"items_purged_floors":[22,45],"is_endless":false,"potions_floor_spawned":[4,10,13,14,19,31,38,39,47,48],"killed_by":"Time Eater","ascension_level":0}}