{"host":"d54lcqy5t45er8jx","time":1612095799,"event":{"mods":["2.2 Compatiblity","BaseMod","CapriCore","Defuse TimeMaze Blight","Hermit","Hubris","Infinite Spire","Marisa£¨Ùöéë¡¡Øª×âÞÞ£©","Minty Spire (QoL Compilation)","Rare Cards Sparkle","Relic Stats","StSLib","The Animator","The Cursed","The Immortal","The Servant 0.9.4","WarShipGirlsR/??á´Ò³R mod"],"gold_per_floor":[114,114,146,174,187,213,213,238,238,52,72,101,101,131,131,206,206,231,231,231,231],"floor_reached":20,"language":"ENG","playtime":1252,"items_purged":["animator:Tyuule"],"score":479,"play_id":"13c79069-2c5b-43d2-8081-533966f134fc","local_time":"20210131212319","daily_mods":["Draft","Insanity","Allstar","Heirloom","DeadlyEvents","Elite Swarm","Uncertain Future"],"is_ascension_mode":true,"campfire_choices":[{"data":"animator:DolaStephanie","floor":7,"key":"SMITH"},{"data":"animator:Hitei","floor":13,"key":"SMITH"},{"data":"animator:Eve","floor":15,"key":"SMITH"}],"circlet_count":0,"master_deck":["AscendersBane","animator:OrikoMikuni","animator:Jibril","animator:Spearman","animator:MaesHughes","animator:WinryRockbell","animator:Kaijin","animator:Shigure","animator:ChaikaBohdan","animator:Kuribayashi","animator:Tet","animator:Rider","animator:Benimaru","animator:Chung","animator:Tyuule","animator:Geryuganshoop","animator:YachiyoNanami","animator:Benimaru","animator:Caster","animator:Berserker","animator:LizardPriest","animator:Guy","animator:Vanir","animator:MumenRider","animator:Witch","animator:OrikoMikuni","animator:Cocytus","animator:YuiTsuruno","animator:Guy","animator:SakuraMatou","animator:Sloth","animator:Genos","animator:Aisha","animator:WinryRockbell","animator:Berserker","animator:Konayuki","animator:Kaijin","animator:Demiurge","animator:Chris","animator:Alexander","animator:Hitei+1","animator:Shichika","animator:DolaStephanie+1","animator:Darkness","animator:ZankiKiguchi","animator:RoyMustang","animator:DwarfShaman","animator:Ciel","animator:SuzuneAmano","animator:Elsword","animator:YunYun","animator:ElricAlphonse","animator:Shigure","animator:RoyMustang","animator:Alexander","animator:ZankiKiguchi","animator:Benimaru","animator:Priestess","animator:Millim","animator:Shigure","animator:Hitei","animator:ZankiKiguchi","animator:Chung","animator:Chung","animator:Jibril","animator:Megumin+2","animator:Entoma+1","animator:Shinoa","animator:KrulTepes","animator:MadokaKaname","animator:Eve+1","animator:Emilia","animator:Benimaru","animator:Shiro","animator:Ainz","animator:Evileye"],"relics":["animator:LivingPicture","animator:TheMissingPiece","animator:PurgingStone","Champion Belt","Lizard Tail","Ornamental Fan","Bottled Tornado","infinitespire:Magic Flask","infinitespire:BottledMercury","Philosopher\u0027s Stone","infinitespire:Eraser","Mark of Pain"],"acts_visited":["Exordium","TheCity"],"potions_floor_usage":[5,6,6,6,6,8,12,14,14,16,20],"damage_taken":[{"damage":0,"enemies":"2 Louse","floor":1,"turns":1},{"damage":12,"enemies":"Jaw Worm","floor":3,"turns":2},{"damage":0,"enemies":"Cultist","floor":4,"turns":3},{"damage":17,"enemies":"Lots of Slimes","floor":5,"turns":2},{"damage":5,"enemies":"3 Sentries","floor":6,"turns":4},{"damage":20,"enemies":"Gremlin Nob","floor":8,"turns":4},{"damage":10,"enemies":"Looter","floor":11,"turns":3},{"damage":6,"enemies":"Lagavulin","floor":12,"turns":4},{"damage":13,"enemies":"3 Sentries","floor":14,"turns":3},{"damage":16,"enemies":"The Guardian","floor":16,"turns":7},{"damage":42,"enemies":"3 Byrds","floor":18,"turns":4},{"damage":22,"enemies":"Shell Parasite","floor":20,"turns":1}],"seed_played":"-6460614052212954535","potions_obtained":[{"floor":4,"key":"ColorlessPotion"},{"floor":5,"key":"PowerPotion"},{"floor":11,"key":"Swift Potion"},{"floor":14,"key":"AttackPotion"},{"floor":18,"key":"PowerPotion"}],"is_trial":true,"path_per_floor":["M","?","M","M","M","E","R","E","T","$","M","E","R","E","R","B",null,"M","AVR","M"],"character_chosen":"THE_ANIMATOR","items_purchased":["animator:Emilia"],"campfire_rested":0,"item_purchase_floors":[10],"current_hp_per_floor":[54,59,47,47,31,26,26,6,6,6,47,43,43,30,30,15,56,14,14,0,0],"gold":231,"neow_bonus":"","is_daily":false,"chose_seed":false,"campfire_upgraded":3,"win_rate":0.0,"timestamp":1612095799,"path_taken":["M","?","M","M","M","E","R","E","T","$","?","E","R","?","R","BOSS","M","AVR","M"],"items_purchased_type":["Card"],"build_version":"2020-12-22","purchased_purges":1,"victory":false,"max_hp_per_floor":[60,65,65,65,66,66,66,66,66,66,66,68,68,68,68,69,69,69,69,69,69],"relic_stats":{"Lizard Tail":33,"counters":[12,38],"Ornamental Fan":[20],"Champion Belt":[3],"obtain_stats":[{"infinitespire:BottledMercury":14,"Lizard Tail":6,"animator:PurgingStone":0,"Ornamental Fan":8,"animator:TheMissingPiece":0,"Philosopher\u0027s Stone":17,"animator:LivingPicture":0,"Mark of Pain":19,"Champion Belt":0,"infinitespire:Magic Flask":12,"Bottled Tornado":9,"infinitespire:Eraser":19},{"infinitespire:BottledMercury":9,"Lizard Tail":5,"animator:PurgingStone":0,"Ornamental Fan":6,"animator:TheMissingPiece":0,"Philosopher\u0027s Stone":10,"animator:LivingPicture":0,"Mark of Pain":11,"Champion Belt":0,"infinitespire:Magic Flask":8,"Bottled Tornado":6,"infinitespire:Eraser":11},{"infinitespire:BottledMercury":26,"Lizard Tail":12,"animator:PurgingStone":0,"Ornamental Fan":16,"animator:TheMissingPiece":0,"Philosopher\u0027s Stone":33,"animator:LivingPicture":0,"Mark of Pain":37,"Champion Belt":0,"infinitespire:Magic Flask":23,"Bottled Tornado":16,"infinitespire:Eraser":37}]},"card_choices":[{"not_picked":["animator:Azekura","animator:Scar"],"picked":"animator:YunYun","floor":0},{"not_picked":["animator:UneriGinkaku","animator:Konayuki"],"picked":"animator:ElricAlphonse","floor":0},{"not_picked":["animator:IrohaTamaki","animator:DwarfShaman"],"picked":"animator:Shigure","floor":0},{"not_picked":["animator:Ara","animator:Vanir"],"picked":"animator:RoyMustang","floor":0},{"not_picked":["animator:Tatsumaki","animator:Caster"],"picked":"animator:Alexander","floor":0},{"not_picked":["animator:Fredrika","animator:Cocytus"],"picked":"animator:ZankiKiguchi","floor":0},{"not_picked":["animator:Gillette","animator:Mitsurugi"],"picked":"animator:Benimaru","floor":0},{"not_picked":["animator:Guy","animator:AcuraTooru"],"picked":"animator:Priestess","floor":0},{"not_picked":["animator:DolaSchwi","animator:DolaCouronne"],"picked":"animator:Millim","floor":0},{"not_picked":["animator:Layla","animator:Azekura"],"picked":"animator:Shigure","floor":0},{"not_picked":["animator:Demiurge","animator:Kuribayashi"],"picked":"animator:Hitei","floor":0},{"not_picked":["animator:Lancer","animator:Demiurge"],"picked":"animator:ZankiKiguchi","floor":0},{"not_picked":["animator:Melzalgald","animator:KyokoSakura"],"picked":"animator:Chung","floor":0},{"not_picked":["animator:Sebas","animator:Illya"],"picked":"animator:Chung","floor":0},{"not_picked":["animator:NagisaMomoe","animator:Raven"],"picked":"animator:Jibril","floor":0},{"not_picked":["animator:Layla","animator:Aqua"],"picked":"animator:Megumin","floor":1},{"not_picked":["animator:Guy","animator:YuiTsuruno"],"picked":"animator:Entoma","floor":3},{"not_picked":["animator:ElricAlphonse","animator:Tyuule"],"picked":"animator:Shinoa","floor":4},{"not_picked":["animator:Shinoa","animator:Yuuichirou"],"picked":"animator:KrulTepes","floor":5},{"not_picked":["animator:PinaCoLada","animator:Father"],"picked":"animator:MadokaKaname","floor":6},{"not_picked":["animator:Sora","animator:Saber"],"picked":"animator:Eve","floor":8},{"not_picked":["animator:PandorasActor","animator:Konayuki"],"picked":"animator:Benimaru","floor":11},{"not_picked":["animator:Envy","animator:Elesis"],"picked":"animator:Shiro","floor":14},{"not_picked":["animator:SwordMaiden","animator:ChaikaTrabant"],"picked":"animator:Ainz","floor":16},{"not_picked":["animator:YunYun","animator:Rena"],"picked":"animator:Evileye","floor":18}],"player_experience":974744,"relics_obtained":[{"floor":6,"key":"Lizard Tail"},{"floor":8,"key":"Ornamental Fan"},{"floor":9,"key":"Bottled Tornado"},{"floor":12,"key":"infinitespire:Magic Flask"},{"floor":14,"key":"infinitespire:BottledMercury"}],"event_choices":[{"damage_healed":0,"gold_gain":0,"player_choice":"Donut","damage_taken":0,"max_hp_gain":5,"max_hp_loss":0,"event_name":"Big Fish","floor":2,"gold_loss":0}],"is_beta":false,"boss_relics":[{"not_picked":["Busted Crown","hubris:Backtick"],"picked":"Philosopher\u0027s Stone"}],"items_purged_floors":[19],"is_endless":false,"potions_floor_spawned":[4,5,11,14,18],"killed_by":"Shell Parasite","ascension_level":20}}