{"host":"o67iw34xdwlyp80a","time":1612128471,"event":{"mods":["BaseMod","Colored Map","Minty Spire (QoL Compilation)","Relic Stats","StSLib"],"gold_per_floor":[116,116,198,198,82,82,113,113,164,184,198,211,244,268,268,391,391,391,391,184,184,99,99,99,54,54,54,54,54,4,4,4,4,4,4,4,4,4,4,4,4,4,4,4,4],"floor_reached":44,"language":"ENG","playtime":5388,"items_purged":["Strike_G+1"],"score":735,"play_id":"9a7c33d6-fa0a-4daf-9334-e9551cccfa53","local_time":"20210131212751","is_ascension_mode":true,"campfire_choices":[{"floor":8,"key":"REST"},{"data":"Noxious Fumes","floor":15,"key":"SMITH"},{"data":"Corpse Explosion","floor":23,"key":"SMITH"},{"data":"Envenom","floor":28,"key":"SMITH"},{"data":"Infinite Blades","floor":32,"key":"SMITH"},{"data":"Backflip","floor":40,"key":"SMITH"}],"circlet_count":0,"master_deck":["Strike_G+1","Strike_G+1","Strike_G+1","Defend_G+1","Defend_G+1","Defend_G+1","Defend_G+1","Survivor","Neutralize","Blade Dance+1","Flying Knee","Noxious Fumes+1","Backflip+1","Poisoned Stab","Bane","Poisoned Stab","Flying Knee","Corpse Explosion+1","Bane","Quick Slash+1","Catalyst","Envenom+1","Blade Dance","Infinite Blades+1","Cloak And Dagger+1","Bandage Up","Poisoned Stab+1"],"relics":["Empty Cage","Bloody Idol","Paper Crane","Pantograph","Vajra","Anchor","Ectoplasm","ClockworkSouvenir","Red Mask","Omamori","Mercury Hourglass","Smiling Mask","Ancient Tea Set","WristBlade","Bottled Lightning","MealTicket"],"acts_visited":["Exordium","TheCity","TheBeyond"],"potions_floor_usage":[12,15,33,33,39,44],"damage_taken":[{"damage":4,"enemies":"Small Slimes","floor":1,"turns":4},{"damage":20,"enemies":"Lagavulin","floor":7,"turns":6},{"damage":2,"enemies":"Jaw Worm","floor":10,"turns":3},{"damage":0,"enemies":"Cultist","floor":11,"turns":3},{"damage":0,"enemies":"Large Slime","floor":12,"turns":4},{"damage":3,"enemies":"Gremlin Nob","floor":13,"turns":3},{"damage":0,"enemies":"Blue Slaver","floor":14,"turns":3},{"damage":16,"enemies":"Slime Boss","floor":16,"turns":8},{"damage":0,"enemies":"Chosen","floor":18,"turns":4},{"damage":6,"enemies":"Masked Bandits","floor":21,"turns":3},{"damage":6,"enemies":"2 Thieves","floor":25,"turns":3},{"damage":14,"enemies":"Gremlin Leader","floor":27,"turns":4},{"damage":0,"enemies":"Slavers","floor":29,"turns":2},{"damage":0,"enemies":"Chosen and Byrds","floor":31,"turns":3},{"damage":52,"enemies":"Automaton","floor":33,"turns":7},{"damage":13,"enemies":"3 Shapes","floor":35,"turns":3},{"damage":9,"enemies":"3 Darklings","floor":36,"turns":4},{"damage":9,"enemies":"Maw","floor":39,"turns":6},{"damage":14,"enemies":"Reptomancer","floor":41,"turns":5},{"damage":31,"enemies":"Giant Head","floor":44,"turns":6}],"seed_played":"-8933267010524788588","potions_obtained":[{"floor":10,"key":"Fire Potion"},{"floor":14,"key":"Fruit Juice"},{"floor":27,"key":"Dexterity Potion"},{"floor":29,"key":"Weak Potion"},{"floor":31,"key":"Poison Potion"},{"floor":36,"key":"Energy Potion"},{"floor":41,"key":"BlessingOfTheForge"}],"is_trial":false,"path_per_floor":["M","?","T","?","$","?","E","R","T","M","M","M","E","M","R","B",null,"M","?","$","?","?","R","?","M","T","E","R","E","$","M","R","B",null,"M","M","$","?","M","R","E","?","T","E"],"character_chosen":"THE_SILENT","items_purchased":["Flying Knee","Noxious Fumes","ClockworkSouvenir","Bane"],"campfire_rested":1,"item_purchase_floors":[5,5,20,20],"current_hp_per_floor":[59,42,42,28,28,28,8,29,29,27,27,27,24,24,29,38,66,66,66,66,60,60,60,60,54,54,40,40,40,40,40,40,13,60,47,38,38,38,33,33,23,23,23,0,0],"gold":4,"neow_bonus":"BOSS_RELIC","is_daily":false,"chose_seed":false,"campfire_upgraded":5,"win_rate":0.0,"timestamp":1612128471,"path_taken":["M","?","?","?","$","?","E","R","T","M","?","M","E","M","R","BOSS","M","?","$","?","?","R","?","M","T","E","R","E","?","M","R","BOSS","M","M","$","?","M","R","E","?","T","E"],"items_purchased_type":["Card","Card","Relic","Card"],"build_version":"2020-12-22","purchased_purges":1,"victory":false,"max_hp_per_floor":[70,70,70,70,70,70,70,70,70,70,70,70,70,70,75,75,75,75,75,75,75,75,75,75,75,75,75,75,75,75,75,75,75,75,75,75,75,75,75,75,75,75,75,75,75],"relic_stats":{"counters":[20,84],"Bloody Idol":0,"Pantograph":50,"MealTicket":0,"Ectoplasm":421,"Smiling Mask":25,"obtain_stats":[{"Golden Idol":2,"Vajra":9,"Omamori":22,"Paper Crane":3,"Empty Cage":0,"Smiling Mask":27,"Ancient Tea Set":29,"ClockworkSouvenir":20,"Mercury Hourglass":26,"Anchor":13,"WristBlade":34,"Pantograph":7,"Bloody Idol":24,"MealTicket":43,"Ectoplasm":17,"Red Mask":21,"Bottled Lightning":41,"Ring of the Snake":0},{"Golden Idol":1,"Vajra":2,"Omamori":10,"Paper Crane":1,"Empty Cage":0,"Smiling Mask":12,"Ancient Tea Set":13,"ClockworkSouvenir":9,"Mercury Hourglass":11,"Anchor":6,"WristBlade":15,"Pantograph":2,"Bloody Idol":10,"MealTicket":19,"Ectoplasm":8,"Red Mask":10,"Bottled Lightning":19,"Ring of the Snake":0},{"Golden Idol":4,"Vajra":10,"Omamori":41,"Paper Crane":4,"Empty Cage":0,"Smiling Mask":48,"Ancient Tea Set":50,"ClockworkSouvenir":38,"Mercury Hourglass":44,"Anchor":23,"WristBlade":60,"Pantograph":10,"Bloody Idol":41,"MealTicket":78,"Ectoplasm":34,"Red Mask":41,"Bottled Lightning":78,"Ring of the Snake":0}],"Mercury Hourglass":[191]},"card_choices":[{"not_picked":["Sucker Punch","Well Laid Plans"],"picked":"Blade Dance","floor":1},{"not_picked":["Eviscerate","Wraith Form v2"],"picked":"Backflip","floor":7},{"not_picked":["Calculated Gamble","Cloak And Dagger"],"picked":"Poisoned Stab","floor":10},{"not_picked":["Flechettes","All Out Attack"],"picked":"Deflect","floor":11},{"not_picked":["Flying Knee","Well Laid Plans"],"picked":"Bane","floor":12},{"not_picked":["Cloak And Dagger","Acrobatics"],"picked":"Poisoned Stab","floor":13},{"not_picked":["Backflip","Unload"],"picked":"Flying Knee","floor":14},{"not_picked":["Venomology","Glass Knife"],"picked":"Corpse Explosion","floor":16},{"not_picked":["All Out Attack","Caltrops","Finisher"],"picked":"SKIP","floor":18},{"not_picked":["Deadly Poison","Eviscerate"],"picked":"Quick Slash+1","floor":21},{"not_picked":["Backflip","Masterful Stab"],"picked":"Catalyst","floor":25},{"not_picked":["Cloak And Dagger","Reflex"],"picked":"Envenom","floor":27},{"not_picked":["Acrobatics","Backflip"],"picked":"Blade Dance","floor":29},{"not_picked":["Reflex","Bouncing Flask+1"],"picked":"Infinite Blades","floor":31},{"not_picked":["Finisher","All Out Attack+1","Caltrops"],"picked":"SKIP","floor":35},{"not_picked":["Noxious Fumes+1","Prepared+1"],"picked":"Cloak And Dagger+1","floor":36},{"not_picked":["Secret Weapon","Madness"],"picked":"Bandage Up","floor":38},{"not_picked":["Bane+1","Blade Dance"],"picked":"Poisoned Stab+1","floor":39},{"not_picked":["Masterful Stab","Choke+1","Bane"],"picked":"SKIP","floor":41}],"player_experience":1141082,"relics_obtained":[{"floor":3,"key":"Paper Crane"},{"floor":7,"key":"Pantograph"},{"floor":9,"key":"Vajra"},{"floor":13,"key":"Anchor"},{"floor":21,"key":"Red Mask"},{"floor":26,"key":"Mercury Hourglass"},{"floor":27,"key":"Smiling Mask"},{"floor":29,"key":"Ancient Tea Set"},{"floor":41,"key":"Bottled Lightning"},{"floor":43,"key":"MealTicket"}],"event_choices":[{"damage_healed":0,"gold_gain":0,"player_choice":"Take Damage","damage_taken":17,"relics_obtained":["Golden Idol"],"max_hp_gain":0,"max_hp_loss":0,"event_name":"Golden Idol","floor":2,"gold_loss":0},{"damage_healed":0,"gold_gain":0,"player_choice":"Entered Light","damage_taken":14,"max_hp_gain":0,"max_hp_loss":0,"event_name":"Shining Light","floor":4,"gold_loss":0,"cards_upgraded":["Strike_G","Strike_G"]},{"damage_healed":0,"gold_gain":0,"player_choice":"Forge","damage_taken":0,"max_hp_gain":0,"max_hp_loss":0,"event_name":"Accursed Blacksmith","floor":6,"gold_loss":0,"cards_upgraded":["Blade Dance"]},{"damage_healed":0,"gold_gain":0,"player_choice":"Simplicity","damage_taken":0,"max_hp_gain":0,"max_hp_loss":0,"event_name":"Back to Basics","floor":19,"gold_loss":0,"cards_upgraded":["Strike_G","Strike_G","Defend_G","Defend_G","Defend_G","Defend_G"]},{"damage_healed":0,"gold_gain":0,"player_choice":"Fought Bandits","damage_taken":0,"max_hp_gain":0,"max_hp_loss":0,"event_name":"Masked Bandits","floor":21,"gold_loss":0},{"damage_healed":0,"gold_gain":0,"player_choice":"Obtained Relic","damage_taken":0,"relics_obtained":["Omamori"],"max_hp_gain":0,"max_hp_loss":0,"event_name":"Addict","floor":22,"gold_loss":85},{"damage_healed":0,"gold_gain":0,"player_choice":"Gave Idol","damage_taken":0,"relics_obtained":["Bloody Idol"],"max_hp_gain":0,"max_hp_loss":0,"event_name":"Forgotten Altar","floor":24,"relics_lost":["Golden Idol"],"gold_loss":0},{"damage_healed":0,"gold_gain":0,"player_choice":"Memory 1","damage_taken":0,"max_hp_gain":0,"max_hp_loss":0,"event_name":"SensoryStone","floor":38,"gold_loss":0},{"cards_removed":["Deflect"],"damage_healed":0,"gold_gain":0,"player_choice":"Removed Skill","damage_taken":0,"max_hp_gain":0,"max_hp_loss":0,"event_name":"Falling","floor":42,"gold_loss":0}],"is_beta":false,"boss_relics":[{"not_picked":["Philosopher\u0027s Stone","Cursed Key"],"picked":"Ectoplasm"},{"not_picked":["Pandora\u0027s Box","SlaversCollar"],"picked":"WristBlade"}],"items_purged_floors":[30],"is_endless":false,"potions_floor_spawned":[10,14,27,29,31,36,41],"killed_by":"Giant Head","ascension_level":9}}