{"host":"7sni158j623xchr2","time":1612132154,"event":{"mods":["BaseMod","Colored Map","Highlight Path","Minty Spire (QoL Compilation)","Permanent Neow","Potion Indicator Mod","Rare Cards Sparkle","Relic Sorter","Relic Stats","StSLib","everything is the same but u backflip on backflip"],"gold_per_floor":[115,40,40,51,126,126,149,174,174,174,213,213,33,66,66,187,187,207,207,226,242,38,38,77,77,77,77,116,130,173,189,189,315,315,338,1,334,345,345,378,378,389,389,407,407,421,471,130,130,130,130,130,29,60,60],"floor_reached":56,"language":"ENG","playtime":1616,"items_purged":["Defend_P","Strike_P","Strike_P","Defend_P+1","Strike_P+1"],"score":1558,"play_id":"8fd88ec1-352a-492e-a16e-fbee0f7724a0","local_time":"20210131162914","is_ascension_mode":true,"campfire_choices":[{"data":"Wallop","floor":6,"key":"SMITH"},{"data":"LessonLearned","floor":12,"key":"SMITH"},{"data":"1","floor":15,"key":"LIFT"},{"data":"2","floor":23,"key":"LIFT"},{"data":"3","floor":25,"key":"LIFT"},{"data":"TalkToTheHand","floor":27,"key":"SMITH"},{"data":"Brilliance","floor":32,"key":"SMITH"},{"floor":41,"key":"RECALL"},{"floor":45,"key":"REST"},{"floor":49,"key":"REST"},{"floor":52,"key":"REST"}],"circlet_count":0,"master_deck":["Strike_P+1","Defend_P+1","Defend_P+1","Eruption+1","Vigilance+1","Worship+1","Wallop+1","EmptyFist+1","LessonLearned+1","Brilliance+1","TalkToTheHand+1","WindmillStrike+1","ThirdEye+1","Brilliance+1","SashWhip+1","Adaptation+1","WheelKick+1","Wireheading+1","Wallop+1"],"relics":["Snecko Eye","Odd Mushroom","Oddly Smooth Stone","Girya","TungstenRod","Mummified Hand","SlaversCollar","Regal Pillow","StrikeDummy","Happy Flower","Fusion Hammer","Thread and Needle","Smiling Mask","Shuriken","FossilizedHelix","Mango","TeardropLocket"],"acts_visited":["Exordium","TheCity","TheBeyond","TheEnding"],"potions_floor_usage":[16,24,33,42,42,55,55,55],"damage_taken":[{"damage":2,"enemies":"Small Slimes","floor":1,"turns":4},{"damage":3,"enemies":"Jaw Worm","floor":4,"turns":2},{"damage":5,"enemies":"The Mushroom Lair","floor":7,"turns":3},{"damage":5,"enemies":"Lagavulin","floor":8,"turns":7},{"damage":6,"enemies":"3 Sentries","floor":11,"turns":7},{"damage":0,"enemies":"Lagavulin","floor":14,"turns":4},{"damage":18,"enemies":"The Guardian","floor":16,"turns":8},{"damage":8,"enemies":"3 Byrds","floor":18,"turns":3},{"damage":3,"enemies":"Spheric Guardian","floor":20,"turns":3},{"damage":0,"enemies":"Chosen and Byrds","floor":21,"turns":4},{"damage":0,"enemies":"Slavers","floor":24,"turns":3},{"damage":0,"enemies":"Gremlin Leader","floor":28,"turns":4},{"damage":4,"enemies":"Shelled Parasite and Fungi","floor":29,"turns":2},{"damage":15,"enemies":"Slavers","floor":30,"turns":3},{"damage":0,"enemies":"Snecko","floor":31,"turns":2},{"damage":11,"enemies":"Automaton","floor":33,"turns":6},{"damage":0,"enemies":"Orb Walker","floor":35,"turns":2},{"damage":5,"enemies":"3 Darklings","floor":38,"turns":2},{"damage":0,"enemies":"Reptomancer","floor":40,"turns":3},{"damage":10,"enemies":"Spire Growth","floor":42,"turns":3},{"damage":6,"enemies":"4 Shapes","floor":44,"turns":5},{"damage":0,"enemies":"Maw","floor":46,"turns":5},{"damage":0,"enemies":"Mind Bloom Boss Battle","floor":47,"turns":2},{"damage":0,"enemies":"Donu and Deca","floor":50,"turns":5},{"damage":0,"enemies":"Shield and Spear","floor":54,"turns":3},{"damage":0,"enemies":"The Heart","floor":55,"turns":8}],"seed_played":"8442933408758802399","potions_obtained":[{"floor":1,"key":"BottledMiracle"},{"floor":7,"key":"PowerPotion"},{"floor":16,"key":"DuplicationPotion"},{"floor":18,"key":"Strength Potion"},{"floor":24,"key":"SteroidPotion"},{"floor":33,"key":"SteroidPotion"},{"floor":42,"key":"EssenceOfSteel"}],"is_trial":false,"path_per_floor":["M","$","?","M","?","R","?","E","T","?","E","R","$","E","R","B",null,"M","?","M","M","$","R","E","R","T","R","E","M","E","M","R","B",null,"M","$","?","M","?","E","R","M","T","M","R","M","?","$","R","B",null,"R","$","E","B",null],"character_chosen":"WATCHER","items_purchased":["Brilliance","TalkToTheHand","Adaptation","Thread and Needle","Mango","Energy Potion"],"campfire_rested":3,"item_purchase_floors":[13,22,36,36,48,53],"current_hp_per_floor":[70,70,75,72,61,61,56,51,51,51,45,45,45,45,45,27,71,63,63,60,60,60,60,60,60,60,60,60,56,41,41,41,30,71,71,71,71,66,66,66,66,56,56,50,71,71,71,85,85,85,85,85,85,85,85],"gold":60,"neow_bonus":"BOSS_RELIC","is_daily":false,"chose_seed":false,"campfire_upgraded":4,"win_rate":0.0,"timestamp":1612132154,"path_taken":["M","$","?","M","?","R","?","E","T","?","E","R","$","E","R","BOSS","M","?","M","M","?","R","E","R","T","R","E","M","E","?","R","BOSS","M","$","?","M","?","E","R","M","T","M","R","?","?","?","R","BOSS","R","$","E","BOSS"],"items_purchased_type":["Card","Card","Card","Relic","Relic","Potion"],"build_version":"2020-12-22","purchased_purges":5,"victory":true,"max_hp_per_floor":[72,72,77,77,77,77,77,77,77,71,71,71,71,71,71,71,71,71,71,71,71,71,71,71,71,71,71,71,71,71,71,71,71,71,71,71,71,71,71,71,71,71,71,71,71,71,71,85,85,85,85,85,85,85,85],"relic_stats":{"Regal Pillow":0,"Happy Flower":[15],"counters":[26,103],"Mummified Hand":[16],"Shuriken":[20],"Snecko Eye":[181,166,173,198],"Smiling Mask":225,"obtain_stats":[{"Girya":9,"Regal Pillow":24,"Happy Flower":30,"Golden Idol":10,"Oddly Smooth Stone":8,"Thread and Needle":36,"Mango":48,"TeardropLocket":54,"Odd Mushroom":7,"Smiling Mask":40,"SlaversCollar":17,"Mummified Hand":14,"Shuriken":43,"Snecko Eye":0,"Fusion Hammer":34,"PureWater":0,"StrikeDummy":28,"TungstenRod":11,"FossilizedHelix":47},{"Girya":4,"Regal Pillow":11,"Happy Flower":14,"Golden Idol":4,"Oddly Smooth Stone":4,"Thread and Needle":17,"Mango":23,"TeardropLocket":25,"Odd Mushroom":3,"Smiling Mask":19,"SlaversCollar":7,"Mummified Hand":6,"Shuriken":20,"Snecko Eye":0,"Fusion Hammer":16,"PureWater":0,"StrikeDummy":12,"TungstenRod":5,"FossilizedHelix":23},{"Girya":16,"Regal Pillow":48,"Happy Flower":57,"Golden Idol":16,"Oddly Smooth Stone":16,"Thread and Needle":67,"Mango":87,"TeardropLocket":95,"Odd Mushroom":9,"Smiling Mask":72,"SlaversCollar":35,"Mummified Hand":27,"Shuriken":75,"Snecko Eye":0,"Fusion Hammer":65,"PureWater":0,"StrikeDummy":52,"TungstenRod":23,"FossilizedHelix":87}],"TungstenRod":22},"card_choices":[{"not_picked":["Halt","ClearTheMind"],"picked":"Worship","floor":1},{"not_picked":["ClearTheMind","WaveOfTheHand"],"picked":"Wallop","floor":4},{"not_picked":["FollowUp","EmptyBody"],"picked":"EmptyFist","floor":7},{"not_picked":["FollowUp","Meditate"],"picked":"LessonLearned","floor":8},{"not_picked":["EmptyFist","Nirvana","ThirdEye"],"picked":"SKIP","floor":11},{"not_picked":["CutThroughFate","CrushJoints","InnerPeace"],"picked":"SKIP","floor":14},{"not_picked":["BowlingBash","Consecrate","FlyingSleeves"],"picked":"SKIP","floor":18},{"not_picked":["JustLucky","ReachHeaven","Study+1"],"picked":"SKIP","floor":20},{"not_picked":["ThirdEye","Halt","SignatureMove"],"picked":"SKIP","floor":21},{"not_picked":["JustLucky","ThirdEye+1"],"picked":"WindmillStrike+1","floor":24},{"not_picked":["BowlingBash","JustLucky"],"picked":"ThirdEye+1","floor":28},{"not_picked":["Perseverance","Vengeance","LikeWater"],"picked":"SKIP","floor":29},{"not_picked":["Wireheading","PathToVictory"],"picked":"Brilliance","floor":30},{"not_picked":["Collect+1","Halt","FollowUp"],"picked":"SKIP","floor":31},{"not_picked":["EmptyFist","BowlingBash"],"picked":"SashWhip+1","floor":35},{"not_picked":["Crescendo","Collect+1","PathToVictory"],"picked":"SKIP","floor":38},{"not_picked":["MasterReality","PathToVictory"],"picked":"WheelKick","floor":40},{"not_picked":["Protect","Prostrate+1","ThirdEye+1"],"picked":"SKIP","floor":42},{"not_picked":["CrushJoints","PathToVictory"],"picked":"Wireheading","floor":44},{"not_picked":["Crescendo","Wireheading"],"picked":"Wallop","floor":46},{"not_picked":["BowlingBash","SashWhip","FlurryOfBlows+1"],"picked":"SKIP","floor":54}],"player_experience":1734160,"relics_obtained":[{"floor":7,"key":"Odd Mushroom"},{"floor":8,"key":"Oddly Smooth Stone"},{"floor":9,"key":"Girya"},{"floor":11,"key":"TungstenRod"},{"floor":14,"key":"Mummified Hand"},{"floor":24,"key":"Regal Pillow"},{"floor":28,"key":"StrikeDummy"},{"floor":30,"key":"Happy Flower"},{"floor":40,"key":"Smiling Mask"},{"floor":43,"key":"Shuriken"},{"floor":47,"key":"FossilizedHelix"},{"floor":54,"key":"TeardropLocket"}],"event_choices":[{"damage_healed":0,"gold_gain":0,"player_choice":"Donut","damage_taken":0,"max_hp_gain":5,"max_hp_loss":0,"event_name":"Big Fish","floor":3,"gold_loss":0},{"damage_healed":0,"gold_gain":75,"player_choice":"Gather Gold","damage_taken":11,"max_hp_gain":0,"max_hp_loss":0,"event_name":"World of Goop","floor":5,"gold_loss":0},{"damage_healed":0,"gold_gain":0,"player_choice":"Fought Mushrooms","damage_taken":0,"max_hp_gain":0,"max_hp_loss":0,"event_name":"Mushrooms","floor":7,"gold_loss":0},{"damage_healed":0,"gold_gain":0,"player_choice":"Lose Max HP","damage_taken":0,"relics_obtained":["Golden Idol"],"max_hp_gain":0,"max_hp_loss":6,"event_name":"Golden Idol","floor":10,"gold_loss":0},{"damage_healed":0,"gold_gain":0,"player_choice":"Ignored","damage_taken":0,"max_hp_gain":0,"max_hp_loss":0,"event_name":"N\u0027loth","floor":19,"gold_loss":0},{"damage_healed":0,"gold_gain":333,"player_choice":"Gave Idol","damage_taken":0,"max_hp_gain":0,"max_hp_loss":0,"event_name":"The Moai Head","floor":37,"relics_lost":["Golden Idol"],"gold_loss":0},{"damage_healed":0,"gold_gain":0,"player_choice":"Upgraded","damage_taken":0,"max_hp_gain":0,"max_hp_loss":0,"event_name":"Upgrade Shrine","floor":39,"gold_loss":0,"cards_upgraded":["Adaptation"]},{"damage_healed":0,"gold_gain":0,"player_choice":"Fight","damage_taken":0,"max_hp_gain":0,"max_hp_loss":0,"event_name":"MindBloom","floor":47,"gold_loss":0}],"is_beta":false,"boss_relics":[{"not_picked":["Tiny House","Velvet Choker"],"picked":"SlaversCollar"},{"not_picked":["Runic Pyramid","Coffee Dripper"],"picked":"Fusion Hammer"}],"items_purged_floors":[2,13,22,48,53],"is_endless":false,"potions_floor_spawned":[1,7,16,18,24,33,40,42],"ascension_level":1}}