{"host":"xb2tau8pgi8aflss","time":1612101289,"event":{"mods":["AchievementEnabler","BaseMod","Hermit","Minty Spire (QoL Compilation)","StSLib","SuperFastMode"],"gold_per_floor":[112,187,53,63,63,63,97,116,116,142,67,67,87,103,103,198,198,214,231,243,243,259,259,272,272,272],"floor_reached":25,"language":"KOR","playtime":722,"items_purged":["hermit:Strike_Hermit"],"score":288,"play_id":"916e9005-9514-4410-9045-6bcca33e57ea","local_time":"20210131225449","is_ascension_mode":true,"campfire_choices":[{"data":"hermit:EyeOfTheStorm","floor":6,"key":"SMITH"},{"data":"hermit:CalledShot","floor":12,"key":"SMITH"},{"floor":15,"key":"REST"},{"floor":23,"key":"REST"}],"circlet_count":0,"master_deck":["hermit:Strike_Hermit","hermit:Strike_Hermit","hermit:Strike_Hermit","hermit:Defend_Hermit","hermit:Defend_Hermit","hermit:Defend_Hermit","hermit:Defend_Hermit","hermit:Snapshot","hermit:Covet","hermit:CalledShot+1","hermit:EyeOfTheStorm+1","hermit:Combo+1","hermit:ItchyTrigger","hermit:TrackingShot","hermit:Glare","hermit:BigShot","hermit:Roulette","hermit:Coalescence","hermit:Reprieve","hermit:Dive","hermit:Enervate","hermit:LowProfile+1","hermit:EyeOfTheStorm+1","hermit:TakeAim"],"relics":["hermit:Momento","NeowsBlessing","Ornamental Fan","Vajra","Tiny Chest","SlaversCollar"],"acts_visited":["Exordium","TheCity"],"potions_floor_usage":[13,14,16,16,19,20,24],"damage_taken":[{"damage":0,"enemies":"Small Slimes","floor":1,"turns":1},{"damage":0,"enemies":"Cultist","floor":4,"turns":1},{"damage":0,"enemies":"3 Sentries","floor":7,"turns":2},{"damage":3,"enemies":"Jaw Worm","floor":8,"turns":3},{"damage":41,"enemies":"Lagavulin","floor":10,"turns":7},{"damage":21,"enemies":"Gremlin Gang","floor":13,"turns":4},{"damage":7,"enemies":"Looter","floor":14,"turns":3},{"damage":10,"enemies":"Hexaghost","floor":16,"turns":7},{"damage":15,"enemies":"Shell Parasite","floor":18,"turns":4},{"damage":12,"enemies":"Spheric Guardian","floor":19,"turns":4},{"damage":31,"enemies":"Snecko","floor":20,"turns":5},{"damage":0,"enemies":"Cultist and Chosen","floor":22,"turns":3},{"damage":19,"enemies":"Snake Plant","floor":24,"turns":2},{"damage":24,"enemies":"Book of Stabbing","floor":25,"turns":3}],"seed_played":"4212518778937806846","potions_obtained":[{"floor":4,"key":"SpeedPotion"},{"floor":7,"key":"SpeedPotion"},{"floor":8,"key":"EntropicBrew"},{"floor":10,"key":"Fire Potion"},{"floor":19,"key":"SpeedPotion"},{"floor":22,"key":"Energy Potion"},{"floor":24,"key":"Fire Potion"}],"is_trial":false,"path_per_floor":["M","?","$","M","?","R","E","M","T","E","$","R","M","M","R","B",null,"M","M","M","?","M","R","M","E"],"character_chosen":"HERMIT","items_purchased":["hermit:EyeOfTheStorm","hermit:Combo"],"campfire_rested":2,"item_purchase_floors":[3,3],"current_hp_per_floor":[75,75,75,75,75,75,75,72,72,31,31,31,10,3,25,15,75,60,48,17,17,17,39,24,0,0],"gold":272,"neow_bonus":"THREE_ENEMY_KILL","is_daily":false,"chose_seed":false,"campfire_upgraded":2,"win_rate":0.0,"timestamp":1612101289,"path_taken":["M","?","$","M","?","R","E","M","T","E","$","R","?","M","R","BOSS","M","M","M","?","?","R","M","E"],"items_purchased_type":["Card","Card"],"build_version":"2020-12-22","purchased_purges":1,"victory":false,"max_hp_per_floor":[75,75,75,75,75,75,75,75,75,75,75,75,75,75,75,75,75,75,75,75,75,75,75,75,75,75],"card_choices":[{"not_picked":["hermit:Feint","hermit:Horror"],"picked":"hermit:CalledShot","floor":1},{"not_picked":["hermit:BodyArmor","hermit:LowProfile"],"picked":"hermit:ItchyTrigger","floor":4},{"not_picked":["hermit:Glare","hermit:SprayPray"],"picked":"hermit:TrackingShot","floor":7},{"not_picked":["hermit:Shortfuse","hermit:Feint"],"picked":"hermit:Glare","floor":8},{"not_picked":["hermit:Showdown","hermit:Horror"],"picked":"hermit:BigShot","floor":10},{"not_picked":["hermit:CalledShot","hermit:Combo"],"picked":"hermit:Roulette","floor":13},{"not_picked":["hermit:Glare","hermit:Desperado"],"picked":"hermit:Coalescence","floor":14},{"not_picked":["hermit:Roughhouse","hermit:Dissolve"],"picked":"hermit:Reprieve","floor":16},{"not_picked":["hermit:CalledShot","hermit:BodyArmor"],"picked":"hermit:Dive","floor":18},{"not_picked":["hermit:Dive+1","hermit:WideOpen"],"picked":"hermit:Enervate","floor":19},{"not_picked":["hermit:Glare+1","hermit:Desperado"],"picked":"hermit:LowProfile+1","floor":20},{"not_picked":["hermit:DeadMansHand","hermit:Headshot+1"],"picked":"hermit:TakeAim","floor":22},{"not_picked":["hermit:Quickdraw","hermit:HoleUp","hermit:Manifest"],"picked":"SKIP","floor":24}],"player_experience":797309,"relics_obtained":[{"floor":7,"key":"Ornamental Fan"},{"floor":9,"key":"Vajra"},{"floor":10,"key":"Tiny Chest"}],"event_choices":[{"damage_healed":0,"gold_gain":75,"player_choice":"Gained Gold","damage_taken":0,"max_hp_gain":0,"max_hp_loss":0,"event_name":"Golden Wing","floor":2,"gold_loss":0},{"damage_healed":0,"gold_gain":0,"player_choice":"Upgraded","damage_taken":0,"max_hp_gain":0,"max_hp_loss":0,"event_name":"Upgrade Shrine","floor":5,"gold_loss":0,"cards_upgraded":["hermit:Combo"]},{"damage_healed":0,"gold_gain":0,"player_choice":"Copied","damage_taken":0,"max_hp_gain":0,"max_hp_loss":0,"event_name":"Duplicator","floor":21,"gold_loss":0,"cards_obtained":["hermit:EyeOfTheStorm"]}],"is_beta":false,"boss_relics":[{"not_picked":["Pandora\u0027s Box","Ectoplasm"],"picked":"SlaversCollar"}],"items_purged_floors":[11],"is_endless":false,"potions_floor_spawned":[4,7,8,10,19,22,24],"killed_by":"Book of Stabbing","ascension_level":4}}