{"host":"qgrlfjrqk9z96gfi","time":1612059108,"event":{"mods":["BaseMod","Block Reminder","Colored Map","Custom Start","DeckTracker","Minty Spire (QoL Compilation)"],"gold_per_floor":[111,111,125,200,226,226,253,253,253,278,36,11,11,30,30,102,102,117,117,135,135,155,189,189,215,238,238,252,252,287,303,303,379,379,399,41,41,66,77,77,106,122,122,0,17,32,60,76,76,76,76,76,76,26,55,55,55],"floor_reached":56,"language":"ENG","playtime":2490,"items_purged":["Strike_G","Strike_G+1","Parasite"],"score":2071,"play_id":"3311ce61-7c39-4604-a29c-a3629ecd8266","local_time":"20210130161148","is_ascension_mode":true,"campfire_choices":[{"data":"Apotheosis","floor":6.0,"key":"SMITH"},{"floor":8.0,"key":"REST"},{"floor":13.0,"key":"REST"},{"data":"Cloak And Dagger","floor":15.0,"key":"SMITH"},{"floor":24.0,"key":"REST"},{"floor":27.0,"key":"REST"},{"floor":32.0,"key":"RECALL"},{"data":"Night Terror","floor":40.0,"key":"SMITH"},{"floor":49.0,"key":"REST"},{"floor":53.0,"key":"REST"}],"circlet_count":0,"master_deck":["AscendersBane","Strike_G+1","Defend_G+1","Defend_G+1","Defend_G+1","Defend_G+1","Defend_G+1","Survivor","Neutralize","Apotheosis+1","Quick Slash","Footwork","Footwork","Dagger Spray","Blade Dance","Dodge and Roll","Backflip","Cloak And Dagger+1","Phantasmal Killer","Cloak And Dagger","Slice","Malaise","Escape Plan","Deflect","Blade Dance","Leg Sweep","Dodge and Roll","Night Terror+1","Backflip+1","PiercingWail","Noxious Fumes","Footwork","Accuracy+1","A Thousand Cuts","Heel Hook+1","Accuracy","Well Laid Plans"],"relics":["Ring of the Snake","Anchor","Smiling Mask","Shuriken","Letter Opener","Mercury Hourglass","SlaversCollar","HornCleat","Blood Vial","Bottled Lightning","Cursed Key","Happy Flower","TungstenRod","Gambling Chip","Red Mask","Omamori","Mummified Hand"],"acts_visited":["Exordium","TheCity","TheBeyond","TheEnding"],"potions_floor_usage":[55],"damage_taken":[{"damage":5.0,"enemies":"2 Louse","floor":1.0,"turns":4.0},{"damage":0.0,"enemies":"Jaw Worm","floor":3.0,"turns":4.0},{"damage":1.0,"enemies":"Lagavulin","floor":7.0,"turns":8.0},{"damage":30.0,"enemies":"3 Sentries","floor":10.0,"turns":16.0},{"damage":0.0,"enemies":"Small Slimes","floor":14.0,"turns":2.0},{"damage":16.0,"enemies":"Slime Boss","floor":16.0,"turns":8.0},{"damage":6.0,"enemies":"2 Thieves","floor":18.0,"turns":4.0},{"damage":4.0,"enemies":"Shell Parasite","floor":20.0,"turns":6.0},{"damage":15.0,"enemies":"Shelled Parasite and Fungi","floor":22.0,"turns":4.0},{"damage":15.0,"enemies":"Gremlin Leader","floor":23.0,"turns":5.0},{"damage":1.0,"enemies":"Book of Stabbing","floor":25.0,"turns":4.0},{"damage":0.0,"enemies":"Centurion and Healer","floor":28.0,"turns":5.0},{"damage":0.0,"enemies":"Gremlin Leader","floor":30.0,"turns":5.0},{"damage":4.0,"enemies":"Snecko","floor":31.0,"turns":8.0},{"damage":26.0,"enemies":"Automaton","floor":33.0,"turns":8.0},{"damage":0.0,"enemies":"3 Darklings","floor":35.0,"turns":4.0},{"damage":0.0,"enemies":"Mind Bloom Boss Battle","floor":38.0,"turns":8.0},{"damage":0.0,"enemies":"Orb Walker","floor":39.0,"turns":4.0},{"damage":27.0,"enemies":"Nemesis","floor":41.0,"turns":10.0},{"damage":1.0,"enemies":"Sphere and 2 Shapes","floor":42.0,"turns":6.0},{"damage":6.0,"enemies":"Writhing Mass","floor":45.0,"turns":7.0},{"damage":0.0,"enemies":"4 Shapes","floor":46.0,"turns":6.0},{"damage":8.0,"enemies":"Reptomancer","floor":47.0,"turns":7.0},{"damage":2.0,"enemies":"Spire Growth","floor":48.0,"turns":6.0},{"damage":32.0,"enemies":"Time Eater","floor":50.0,"turns":16.0},{"damage":0.0,"enemies":"Donu and Deca","floor":51.0,"turns":11.0},{"damage":51,"enemies":"Shield and Spear","floor":55,"turns":6},{"damage":27,"enemies":"The Heart","floor":56,"turns":2}],"seed_played":"1932276720800179000","potions_obtained":[{"floor":7.0,"key":"Swift Potion"},{"floor":10.0,"key":"Block Potion"},{"floor":16.0,"key":"ColorlessPotion"},{"floor":20.0,"key":"FearPotion"},{"floor":23.0,"key":"FearPotion"},{"floor":28.0,"key":"BlessingOfTheForge"},{"floor":30.0,"key":"Dexterity Potion"},{"floor":46.0,"key":"CunningPotion"}],"is_trial":false,"path_per_floor":["M","?","M","?","T","R","E","R","T","E","$","$","R","M","R","B",null,"M","?","M","?","M","E","R","E","T","R","M","?","E","M","R","B",null,"M","$","?","?","M","R","E","M","T","?","M","M","E","M","R","B","B",null,"R","$","E","B"],"character_chosen":"THE_SILENT","items_purchased":["Blade Dance","Dodge and Roll","Regen Potion","Backflip","Happy Flower","PiercingWail","Noxious Fumes"],"campfire_rested":6,"item_purchase_floors":[11,11,11,12,36,36,36],"current_hp_per_floor":[54,43,43,32,32,32,31,49,49,19,19,19,37,37,37,36,54,48,48,44,44,29,14,32,31,31,49,51,51,53,51,51,27,52,54,54,54,56,57,57,30,31,31,31,27,29,23,23,40,10,12,46,57,54,3,0,0],"gold":55,"neow_bonus":"RANDOM_COLORLESS_2","is_daily":false,"chose_seed":false,"campfire_upgraded":3,"win_rate":0.0,"timestamp":1612059108,"path_taken":["M","?","M","?","?","R","E","R","T","E","?","$","R","M","R","BOSS","M","?","M","?","M","E","R","E","T","R","M","?","E","?","R","BOSS","M","$","?","?","M","R","E","M","T","?","?","?","E","M","R","BOSS","BOSS","R","$","E","BOSS"],"items_purchased_type":["Card","Card","Potion","Card","Relic","Card","Card"],"build_version":"2020-12-22","purchased_purges":3,"victory":false,"max_hp_per_floor":[60,60,60,60,60,60,60,60,60,60,60,60,60,60,60,60,60,60,60,60,60,60,60,60,60,60,60,60,60,60,60,60,60,60,60,60,57,57,57,57,57,57,57,57,57,57,57,57,57,57,57,57,57,54,54,54,54],"card_choices":[{"not_picked":["The Bomb","Transmutation"],"picked":"Apotheosis","floor":0.0},{"not_picked":["Backflip","Dodge and Roll"],"picked":"Quick Slash","floor":1.0},{"not_picked":["Deadly Poison","Deflect"],"picked":"Footwork","floor":3.0},{"not_picked":["Backflip","Flechettes"],"picked":"Footwork","floor":7.0},{"not_picked":["Deflect","Riddle With Holes"],"picked":"Dagger Spray","floor":10.0},{"not_picked":["After Image","Dodge and Roll"],"picked":"Cloak And Dagger","floor":14.0},{"not_picked":["Envenom","Malaise"],"picked":"Phantasmal Killer","floor":16.0},{"not_picked":["All Out Attack","Dagger Throw"],"picked":"Cloak And Dagger","floor":18.0},{"not_picked":["Poisoned Stab+1","Caltrops+1"],"picked":"Slice","floor":20.0},{"not_picked":["Poisoned Stab","Caltrops"],"picked":"Escape Plan","floor":22.0},{"not_picked":["Caltrops","Backflip"],"picked":"Deflect","floor":23.0},{"not_picked":["Dagger Throw","Poisoned Stab"],"picked":"Blade Dance","floor":25.0},{"not_picked":["Blur","Dagger Spray"],"picked":"Leg Sweep","floor":28.0},{"not_picked":["Deadly Poison+1","Reflex","Poisoned Stab"],"picked":"SKIP","floor":30.0},{"not_picked":["Dagger Throw","Acrobatics"],"picked":"Dodge and Roll","floor":31.0},{"not_picked":["Bullet Time","Tools of the Trade"],"picked":"Night Terror","floor":33.0},{"not_picked":["Slice","Deadly Poison+1"],"picked":"Backflip+1","floor":35.0},{"not_picked":["Flying Knee","Noxious Fumes"],"picked":"Footwork","floor":38.0},{"not_picked":["Poisoned Stab","Blade Dance"],"picked":"Accuracy+1","floor":39.0},{"not_picked":["Underhanded Strike","Concentrate"],"picked":"A Thousand Cuts","floor":41.0},{"not_picked":["Quick Slash","Leg Sweep+1","Dagger Throw"],"picked":"SKIP","floor":42.0},{"not_picked":["Masterful Stab","Deadly Poison"],"picked":"Heel Hook+1","floor":45.0},{"not_picked":["Deadly Poison","Acrobatics","Bane"],"picked":"SKIP","floor":46.0},{"not_picked":["Backflip","Underhanded Strike+1"],"picked":"Accuracy","floor":47.0},{"not_picked":["Dagger Throw+1","Die Die Die","Slice"],"picked":"SKIP","floor":48.0},{"not_picked":["Quick Slash","Heel Hook"],"picked":"Well Laid Plans","floor":55}],"player_experience":1086479,"relics_obtained":[{"floor":5.0,"key":"Smiling Mask"},{"floor":7.0,"key":"Shuriken"},{"floor":9.0,"key":"Letter Opener"},{"floor":10.0,"key":"Mercury Hourglass"},{"floor":23.0,"key":"HornCleat"},{"floor":25.0,"key":"Blood Vial"},{"floor":30.0,"key":"Bottled Lightning"},{"floor":38.0,"key":"TungstenRod"},{"floor":41.0,"key":"Gambling Chip"},{"floor":47.0,"key":"Omamori"},{"floor":55,"key":"Mummified Hand"}],"event_choices":[{"damage_healed":0.0,"max_hp_gain":0.0,"max_hp_loss":0.0,"gold_gain":0.0,"event_name":"Scrap Ooze","player_choice":"Success","floor":2.0,"gold_loss":0.0,"damage_taken":11.0,"relics_obtained":["Anchor"]},{"damage_healed":0.0,"max_hp_gain":0.0,"max_hp_loss":0.0,"gold_gain":75.0,"event_name":"World of Goop","player_choice":"Gather Gold","floor":4.0,"gold_loss":0.0,"damage_taken":11.0},{"damage_healed":0.0,"max_hp_gain":0.0,"max_hp_loss":0.0,"gold_gain":0.0,"event_name":"Back to Basics","player_choice":"Simplicity","floor":19.0,"gold_loss":0.0,"damage_taken":0.0,"cards_upgraded":["Strike_G","Strike_G","Strike_G","Strike_G","Defend_G","Defend_G","Defend_G","Defend_G","Defend_G"]},{"damage_healed":0.0,"max_hp_gain":0.0,"max_hp_loss":0.0,"gold_gain":0.0,"cards_transformed":["Strike_G","Strike_G"],"event_name":"Drug Dealer","player_choice":"Became Test Subject","floor":21.0,"gold_loss":0.0,"damage_taken":0.0,"cards_obtained":["Distraction","Malaise"]},{"cards_removed":["Distraction"],"damage_healed":0.0,"max_hp_gain":0.0,"max_hp_loss":0.0,"gold_gain":0.0,"event_name":"Wheel of Change","player_choice":"Card Removal","floor":29.0,"gold_loss":0.0,"damage_taken":0.0},{"damage_healed":0.0,"max_hp_gain":0.0,"max_hp_loss":3.0,"gold_gain":0.0,"event_name":"Winding Halls","player_choice":"Max HP","floor":37.0,"gold_loss":0.0,"damage_taken":0.0},{"damage_healed":0.0,"max_hp_gain":0.0,"max_hp_loss":0.0,"gold_gain":0.0,"event_name":"MindBloom","player_choice":"Fight","floor":38.0,"gold_loss":0.0,"damage_taken":0.0},{"damage_healed":0.0,"max_hp_gain":0.0,"max_hp_loss":0.0,"gold_gain":0.0,"event_name":"Tomb of Lord Red Mask","player_choice":"Paid","floor":44.0,"gold_loss":122.0,"damage_taken":0.0,"relics_obtained":["Red Mask"]}],"is_beta":false,"boss_relics":[{"not_picked":["HoveringKite","Tiny House"],"picked":"SlaversCollar"},{"not_picked":["SacredBark","Empty Cage"],"picked":"Cursed Key"}],"items_purged_floors":[11,36,54],"is_endless":false,"potions_floor_spawned":[7,10,16,20,23,28,30,31,41,42,46],"killed_by":"The Heart","ascension_level":20}}