{"host":"6r762osam2bvfm66","time":1612117922,"event":{"mods":["BaseMod","Colored Map","Minty Spire (QoL Compilation)"],"gold_per_floor":[118,118,129,144,144,172,172,172,172,215,215,215,253,272,272,392,392,411,411,411,106,121,147,147,1,1,1,1,15,15,43,43,140,140,155,155,155,12,28,61,61,115,115,15,15,15,43,56,56,56],"floor_reached":51,"language":"ENG","playtime":3581,"items_purged":["Strike_G","Regret"],"score":855,"play_id":"32b30447-90f9-496d-99fe-12a62f2193d0","local_time":"20210131123202","is_ascension_mode":false,"campfire_choices":[{"data":"Well Laid Plans","floor":7,"key":"SMITH"},{"floor":11,"key":"REST"},{"data":"Footwork","floor":15,"key":"SMITH"},{"data":"Noxious Fumes","floor":24,"key":"SMITH"},{"data":"Noxious Fumes","floor":28,"key":"SMITH"},{"data":"Burst","floor":32,"key":"SMITH"},{"data":"Footwork","floor":41,"key":"SMITH"},{"data":"Adrenaline","floor":46,"key":"SMITH"},{"data":"Backflip","floor":49,"key":"SMITH"}],"circlet_count":0,"master_deck":["Strike_G","Strike_G","Strike_G","Defend_G","Defend_G","Defend_G","Defend_G","Defend_G","Survivor","Neutralize+1","Predator+1","Backstab+1","Heel Hook","Well Laid Plans+1","Noxious Fumes+1","Footwork+1","Burst+1","Backflip","Footwork+1","Backflip+1","Noxious Fumes+1","Blur","Poisoned Stab+1","Adrenaline+1","Dash+1","Regret","Deadly Poison+1","PiercingWail+1","Deflect+1","Bouncing Flask+1","Deadly Poison+1"],"relics":["Ring of the Snake","NeowsBlessing","Gremlin Horn","Letter Opener","Bloody Idol","Lantern","Bag of Marbles","White Beast Statue","Runic Dome","Centennial Puzzle","ClockworkSouvenir","MealTicket","Eternal Feather","Bag of Preparation","Cursed Key","Toxic Egg 2","TwistedFunnel","Whetstone","Calipers","Shuriken","Toy Ornithopter"],"acts_visited":["Exordium","TheCity","TheBeyond"],"potions_floor_usage":[6,10,13,13,16,23,40,40,50,50,50,50,50,50],"damage_taken":[{"damage":0,"enemies":"Small Slimes","floor":1,"turns":1},{"damage":0,"enemies":"Cultist","floor":3,"turns":1},{"damage":0,"enemies":"2 Louse","floor":4,"turns":1},{"damage":13,"enemies":"Gremlin Nob","floor":6,"turns":4},{"damage":32,"enemies":"Lagavulin","floor":10,"turns":8},{"damage":0,"enemies":"Gremlin Nob","floor":13,"turns":1},{"damage":2,"enemies":"Looter","floor":14,"turns":2},{"damage":6,"enemies":"Hexaghost","floor":16,"turns":8},{"damage":16,"enemies":"Spheric Guardian","floor":18,"turns":8},{"damage":0,"enemies":"Chosen","floor":22,"turns":5},{"damage":16,"enemies":"Book of Stabbing","floor":23,"turns":9},{"damage":0,"enemies":"Snake Plant","floor":29,"turns":5},{"damage":25,"enemies":"Gremlin Leader","floor":31,"turns":6},{"damage":4,"enemies":"Automaton","floor":33,"turns":11},{"damage":0,"enemies":"Orb Walker","floor":35,"turns":3},{"damage":2,"enemies":"3 Shapes","floor":39,"turns":3},{"damage":9,"enemies":"Giant Head","floor":40,"turns":7},{"damage":17,"enemies":"2 Orb Walkers","floor":42,"turns":4},{"damage":4,"enemies":"Nemesis","floor":47,"turns":6},{"damage":6,"enemies":"Transient","floor":48,"turns":5},{"damage":5,"enemies":"Donu and Deca","floor":50,"turns":6}],"seed_played":"4510329784368707872","potions_obtained":[{"floor":2,"key":"AttackPotion"},{"floor":2,"key":"CultistPotion"},{"floor":2,"key":"PowerPotion"},{"floor":6,"key":"SteroidPotion"},{"floor":10,"key":"Fire Potion"},{"floor":14,"key":"Energy Potion"},{"floor":16,"key":"EntropicBrew"},{"floor":18,"key":"PowerPotion"},{"floor":23,"key":"Regen Potion"},{"floor":35,"key":"Block Potion"},{"floor":39,"key":"CultistPotion"},{"floor":40,"key":"PowerPotion"},{"floor":42,"key":"DistilledChaos"}],"is_trial":false,"path_per_floor":["M","?","M","M","T","E","R","?","T","E","R","?","E","M","R","B",null,"M","?","?","$","M","E","R","$","T","?","R","M","?","E","R","B",null,"M","T","?","$","M","E","R","?","T","$","?","R","E","M","R","B",null],"character_chosen":"THE_SILENT","items_purchased":["Footwork","ClockworkSouvenir","Backflip","Noxious Fumes","Blur","TwistedFunnel"],"campfire_rested":1,"item_purchase_floors":[21,21,21,25,25,38],"current_hp_per_floor":[70,70,70,70,70,57,57,40,40,8,29,22,22,20,20,14,70,54,54,54,54,59,48,48,63,63,63,70,70,80,60,72,73,80,80,80,76,76,76,72,76,64,64,76,76,76,76,75,76,71],"gold":56,"neow_bonus":"THREE_ENEMY_KILL","is_daily":false,"chose_seed":false,"campfire_upgraded":8,"win_rate":0.0,"timestamp":1612117922,"path_taken":["M","?","?","M","?","E","R","?","T","E","R","?","E","?","R","BOSS","M","?","?","$","M","E","R","?","T","?","R","?","?","E","R","BOSS","M","?","?","?","M","E","R","?","T","$","?","R","E","?","R","BOSS"],"items_purchased_type":["Card","Relic","Card","Card","Card","Relic"],"build_version":"2020-12-22","purchased_purges":2,"victory":true,"max_hp_per_floor":[70,70,70,70,70,70,70,70,70,70,70,70,70,70,70,70,70,70,70,70,70,70,70,70,70,70,70,70,70,80,80,80,80,80,80,80,76,76,76,76,76,76,76,76,76,76,76,76,76,76],"card_choices":[{"not_picked":["Dagger Spray","Flying Knee"],"picked":"Predator","floor":1},{"not_picked":["Expertise","All Out Attack"],"picked":"Backstab","floor":3},{"not_picked":["Dodge and Roll","Deflect"],"picked":"Heel Hook","floor":4},{"not_picked":["Skewer","Blade Dance"],"picked":"Well Laid Plans","floor":6},{"not_picked":["Quick Slash","Finisher"],"picked":"Noxious Fumes","floor":10},{"not_picked":["Poisoned Stab","Adrenaline"],"picked":"Footwork","floor":13},{"not_picked":["Underhanded Strike","Slice","Flechettes"],"picked":"SKIP","floor":14},{"not_picked":["Malaise","Doppelganger"],"picked":"Burst","floor":16},{"not_picked":["Terror","Sucker Punch"],"picked":"Backflip","floor":18},{"not_picked":["Skewer+1","Dagger Throw","Outmaneuver"],"picked":"SKIP","floor":22},{"not_picked":["Acrobatics+1","Dagger Spray"],"picked":"A Thousand Cuts","floor":23},{"not_picked":["Sucker Punch","Acrobatics"],"picked":"Poisoned Stab+1","floor":29},{"not_picked":["Deflect","Flying Knee+1","Predator"],"picked":"SKIP","floor":31},{"not_picked":["Doppelganger","Venomology"],"picked":"Adrenaline","floor":33},{"not_picked":["Deadly Poison","Dagger Throw+1"],"picked":"Dash+1","floor":35},{"not_picked":["Sucker Punch+1","Endless Agony+1"],"picked":"Deadly Poison+1","floor":39},{"not_picked":["Endless Agony","Well Laid Plans"],"picked":"PiercingWail+1","floor":40},{"not_picked":["Envenom","Blade Dance+1"],"picked":"Deflect+1","floor":42},{"not_picked":["Dash","Skewer"],"picked":"Bouncing Flask+1","floor":47},{"not_picked":["All Out Attack+1","Dodge and Roll+1"],"picked":"Deadly Poison+1","floor":48}],"player_experience":2671,"relics_obtained":[{"floor":5,"key":"Gremlin Horn"},{"floor":6,"key":"Letter Opener"},{"floor":9,"key":"Lantern"},{"floor":10,"key":"Bag of Marbles"},{"floor":13,"key":"White Beast Statue"},{"floor":23,"key":"MealTicket"},{"floor":26,"key":"Eternal Feather"},{"floor":31,"key":"Bag of Preparation"},{"floor":36,"key":"Toxic Egg 2"},{"floor":40,"key":"Whetstone"},{"floor":42,"key":"Calipers"},{"floor":43,"key":"Shuriken"},{"floor":47,"key":"Toy Ornithopter"}],"event_choices":[{"damage_healed":0,"gold_gain":0,"player_choice":"Got Potions","damage_taken":0,"max_hp_gain":0,"max_hp_loss":0,"event_name":"Lab","floor":2,"gold_loss":0},{"damage_healed":0,"gold_gain":0,"player_choice":"Take Damage","damage_taken":17,"relics_obtained":["Golden Idol"],"max_hp_gain":0,"max_hp_loss":0,"event_name":"Golden Idol","floor":8,"gold_loss":0},{"cards_removed":["Strike_G"],"damage_healed":0,"gold_gain":0,"player_choice":"Card Removal","damage_taken":7,"max_hp_gain":0,"max_hp_loss":0,"event_name":"Golden Wing","floor":12,"gold_loss":0},{"damage_healed":0,"gold_gain":0,"player_choice":"Opened","damage_taken":0,"relics_obtained":["Centennial Puzzle"],"max_hp_gain":0,"max_hp_loss":0,"event_name":"The Mausoleum","floor":19,"gold_loss":0,"cards_obtained":["Writhe"]},{"damage_healed":0,"gold_gain":0,"player_choice":"Gave Idol","damage_taken":0,"relics_obtained":["Bloody Idol"],"max_hp_gain":0,"max_hp_loss":0,"event_name":"Forgotten Altar","floor":20,"relics_lost":["Golden Idol"],"gold_loss":0},{"cards_removed":["Writhe"],"damage_healed":0,"gold_gain":0,"player_choice":"Removed Curses","damage_taken":0,"max_hp_gain":0,"max_hp_loss":0,"event_name":"Fountain of Cleansing","floor":27,"gold_loss":0},{"cards_removed":["A Thousand Cuts"],"damage_healed":0,"gold_gain":0,"player_choice":"Offered Rare","damage_taken":0,"max_hp_gain":10,"max_hp_loss":0,"event_name":"Bonfire Elementals","floor":30,"gold_loss":0},{"damage_healed":0,"gold_gain":0,"player_choice":"Max HP","damage_taken":0,"max_hp_gain":0,"max_hp_loss":4,"event_name":"Winding Halls","floor":37,"gold_loss":0},{"damage_healed":0,"gold_gain":0,"player_choice":"Fight","damage_taken":0,"max_hp_gain":0,"max_hp_loss":0,"event_name":"Mysterious Sphere","floor":42,"gold_loss":0},{"damage_healed":0,"gold_gain":0,"player_choice":"Upgraded","damage_taken":0,"max_hp_gain":0,"max_hp_loss":0,"event_name":"Upgrade Shrine","floor":45,"gold_loss":0,"cards_upgraded":["Neutralize"]}],"is_beta":false,"boss_relics":[{"not_picked":["Tiny House","Runic Pyramid"],"picked":"Runic Dome"},{"not_picked":["Sozu","Ring of the Serpent"],"picked":"Cursed Key"}],"items_purged_floors":[21,44],"is_endless":false,"potions_floor_spawned":[4,6,10,14,16,18,22,23,29,31,33,35,39,40,42,47,48],"ascension_level":0}}