{"host":"2qv44oxt58ptq59r","time":1612101351,"event":{"mods":["AchievementEnabler","BaseMod","Colored Powertips","Highlight Path","Minty Spire (QoL Compilation)","Permanent Neow","StSLib"],"gold_per_floor":[210,223,298,16,29,59,71,71,71],"floor_reached":8,"language":"ENG","playtime":735,"items_purged":[],"score":61,"play_id":"48bed63c-7a8f-40dc-9c55-2165ebf885ee","local_time":"20210131135551","is_ascension_mode":true,"campfire_choices":[],"circlet_count":0,"master_deck":["Strike_P","Strike_P","Strike_P","Strike_P","Defend_P","Defend_P","Defend_P","Defend_P","Eruption","Vigilance","BowlingBash","EmptyBody","Dark Shackles","Ragnarok","FlurryOfBlows","Swivel","DeusExMachina"],"relics":["PureWater","Juzu Bracelet"],"acts_visited":["Exordium"],"potions_floor_usage":[],"damage_taken":[{"damage":0.0,"enemies":"Cultist","floor":1.0,"turns":2.0},{"damage":0.0,"enemies":"Jaw Worm","floor":2.0,"turns":3.0},{"damage":0.0,"enemies":"2 Louse","floor":5.0,"turns":3.0},{"damage":1.0,"enemies":"Lagavulin","floor":6.0,"turns":6.0},{"damage":0.0,"enemies":"Blue Slaver","floor":7.0,"turns":2.0},{"damage":74,"enemies":"Gremlin Nob","floor":8,"turns":6}],"seed_played":"-3536431629328542174","potions_obtained":[{"floor":1.0,"key":"Block Potion"},{"floor":2.0,"key":"SpeedPotion"},{"floor":6.0,"key":"BottledMiracle"}],"is_trial":false,"path_per_floor":["M","M","?","$","M","E","M","E"],"character_chosen":"WATCHER","items_purchased":["Dark Shackles","Ragnarok","Dexterity Potion"],"campfire_rested":0,"item_purchase_floors":[4,4,4],"current_hp_per_floor":[72,72,61,61,61,60,60,0,0],"gold":71,"neow_bonus":"HUNDRED_GOLD","is_daily":false,"chose_seed":false,"campfire_upgraded":0,"win_rate":0.0,"timestamp":1612101351,"path_taken":["M","?","?","$","M","E","M","E"],"items_purchased_type":["Card","Card","Potion"],"build_version":"2020-12-22","purchased_purges":0,"victory":false,"max_hp_per_floor":[72,72,72,72,72,72,72,72,72],"card_choices":[{"not_picked":["FlyingSleeves","FollowUp"],"picked":"BowlingBash","floor":1.0},{"not_picked":["LikeWater","Crescendo"],"picked":"EmptyBody","floor":2.0},{"not_picked":["Halt","BowlingBash"],"picked":"FlurryOfBlows","floor":5.0},{"not_picked":["Vengeance","ForeignInfluence"],"picked":"Swivel","floor":6.0},{"not_picked":["Study","Consecrate"],"picked":"DeusExMachina","floor":7.0}],"player_experience":5532955,"relics_obtained":[{"floor":6.0,"key":"Juzu Bracelet"}],"event_choices":[{"damage_healed":0.0,"max_hp_gain":0.0,"max_hp_loss":0.0,"gold_gain":75.0,"event_name":"World of Goop","player_choice":"Gather Gold","floor":3.0,"gold_loss":0.0,"damage_taken":11.0}],"is_beta":false,"boss_relics":[],"items_purged_floors":[],"is_endless":false,"potions_floor_spawned":[1,2,6],"killed_by":"Gremlin Nob","ascension_level":1}}