{"host":"6xsbn6ynqlzwllfm","time":1612103344,"event":{"mods":["2.2 Compatiblity","BaseMod","Bestiary","Colored Map","Colored Powertips","Curses Come First","Highlight Path","Keyboard Shortcuts","Minty Spire (QoL Compilation)","Relic Stats","Slay the Relics Exporter","StSLib","SuperFastMode"],"gold_per_floor":[112,18,32,47,61,86,86,114,137,164,179,179,254,271,271,271,271],"floor_reached":16,"language":"ENG","playtime":425,"items_purged":[],"score":294,"play_id":"8e3438bb-3288-4e2e-96a3-490011b4422c","local_time":"20210131092904","is_ascension_mode":true,"campfire_choices":[{"data":"BowlingBash","floor":7,"key":"SMITH"},{"floor":12,"key":"REST"},{"data":"CrushJoints","floor":15,"key":"SMITH"}],"circlet_count":0,"master_deck":["AscendersBane","Strike_P","Strike_P","Strike_P","Strike_P","Defend_P","Defend_P","Defend_P","Defend_P","Eruption","Vigilance","LikeWater","FlyingSleeves+1","BowlingBash+1","FlyingSleeves","LessonLearned","CrushJoints+1"],"relics":["PureWater","Ornamental Fan","Blood Vial","PreservedInsect","Art of War"],"acts_visited":["Exordium"],"potions_floor_usage":[6,6,8,8,10,11,16],"damage_taken":[{"damage":14,"enemies":"Small Slimes","floor":1,"turns":6},{"damage":0,"enemies":"2 Louse","floor":3,"turns":4},{"damage":0,"enemies":"Cultist","floor":4,"turns":3},{"damage":5,"enemies":"Looter","floor":5,"turns":5},{"damage":17,"enemies":"Lagavulin","floor":6,"turns":7},{"damage":16,"enemies":"Gremlin Nob","floor":8,"turns":3},{"damage":0,"enemies":"Lagavulin","floor":10,"turns":4},{"damage":4,"enemies":"Red Slaver","floor":11,"turns":5},{"damage":2,"enemies":"3 Louse","floor":14,"turns":4},{"damage":33,"enemies":"The Guardian","floor":16,"turns":5}],"seed_played":"5133650015932676205","potions_obtained":[{"floor":5,"key":"FearPotion"},{"floor":6,"key":"FearPotion"},{"floor":8,"key":"EntropicBrew"},{"floor":10,"key":"EssenceOfSteel"}],"is_trial":false,"path_per_floor":["M","$","M","M","M","E","R","E","T","E","M","R","?","M","R","B"],"character_chosen":"WATCHER","items_purchased":["LikeWater","SteroidPotion"],"campfire_rested":1,"item_purchase_floors":[2,2],"current_hp_per_floor":[53,53,53,53,48,31,31,15,15,17,15,37,26,26,26,0,0],"gold":271,"neow_bonus":"TEN_PERCENT_HP_BONUS","is_daily":false,"chose_seed":false,"campfire_upgraded":2,"win_rate":0.0,"timestamp":1612103344,"path_taken":["M","$","M","M","M","E","R","E","T","E","M","R","?","M","R","BOSS"],"items_purchased_type":["Card","Potion"],"build_version":"2020-12-22","purchased_purges":0,"victory":false,"max_hp_per_floor":[74,74,74,74,74,74,74,74,74,74,74,74,74,74,74,74,74],"relic_stats":{"Blood Vial":8,"counters":[10,46],"Ornamental Fan":[24],"PreservedInsect":29,"Art of War":[4],"obtain_stats":[{"Blood Vial":8,"Ornamental Fan":6,"PreservedInsect":9,"Art of War":10,"PureWater":0},{"Blood Vial":6,"Ornamental Fan":5,"PreservedInsect":6,"Art of War":7,"PureWater":0},{"Blood Vial":28,"Ornamental Fan":25,"PreservedInsect":28,"Art of War":32,"PureWater":0}]},"card_choices":[{"not_picked":["Consecrate","Halt"],"picked":"FlyingSleeves","floor":3},{"not_picked":["Protect","Crescendo"],"picked":"BowlingBash","floor":5},{"not_picked":["ReachHeaven","Crescendo"],"picked":"FlyingSleeves","floor":6},{"not_picked":["SashWhip","InnerPeace"],"picked":"LessonLearned","floor":8},{"not_picked":["ThirdEye","Halt","JustLucky"],"picked":"SKIP","floor":11},{"not_picked":["Fasting2","Tantrum"],"picked":"CrushJoints","floor":14}],"player_experience":1351276,"relics_obtained":[{"floor":6,"key":"Ornamental Fan"},{"floor":8,"key":"Blood Vial"},{"floor":9,"key":"PreservedInsect"},{"floor":10,"key":"Art of War"}],"event_choices":[{"damage_healed":0,"gold_gain":75,"player_choice":"Gather Gold","damage_taken":11,"max_hp_gain":0,"max_hp_loss":0,"event_name":"World of Goop","floor":13,"gold_loss":0}],"is_beta":false,"boss_relics":[],"items_purged_floors":[],"is_endless":false,"potions_floor_spawned":[5,6,8,10],"killed_by":"The Guardian","ascension_level":20}}