{"host":"ed3mvzyt8tykicbm","time":1612114746,"event":{"mods":["AchievementEnabler","BaseMod","Colored Map","Colored Powertips","Googly Eyes","Minty Spire (QoL Compilation)","Quick Restart","Replay The Spire","StSLib","The Blackbeard"],"gold_per_floor":[112,112,127,138,313,313,313,348,372,337,348,348,372,0,0,96,96,109,125,125,125,35,35,51,71,71,90,107,107,126,161,161,161,161],"floor_reached":33,"language":"ENG","playtime":1888,"items_purged":[],"score":387,"play_id":"319971ea-8c6a-4d83-a3b8-669c33272123","local_time":"20210131123906","is_ascension_mode":true,"campfire_choices":[{"data":"Iron Wave","floor":6.0,"key":"SMITH"},{"data":"Reaper","floor":12.0,"key":"SMITH"},{"floor":15.0,"key":"REST"},{"data":"Armaments","floor":23.0,"key":"SMITH"},{"floor":32.0,"key":"REST"}],"circlet_count":0,"master_deck":["Strike_R+1","Strike_R","Strike_R","Strike_R","Defend_R","Defend_R","Defend_R","Defend_R","Bash+1","Sword Boomerang","Iron Wave+1","Rampage","Reaper+1","Flame Barrier","Inflame","Demon Form","Armaments+1","Body Slam","Headbutt","Anger+1"],"relics":["Burning Blood","Potion Belt","Bag of Preparation","Odd Mushroom","Anchor","Boot","Busted Crown","HornCleat","Replay:Baseball","Another Sword"],"acts_visited":["Exordium","TheCity"],"potions_floor_usage":[33],"damage_taken":[{"damage":7.0,"enemies":"Jaw Worm","floor":1.0,"turns":3.0},{"damage":1.0,"enemies":"Cultist","floor":3.0,"turns":3.0},{"damage":14.0,"enemies":"Small Slimes","floor":4.0,"turns":2.0},{"damage":25.0,"enemies":"Replay:BlueRogue","floor":8.0,"turns":4.0},{"damage":21.0,"enemies":"3 Louse","floor":11.0,"turns":4.0},{"damage":38.0,"enemies":"The Mushroom Lair","floor":13.0,"turns":5.0},{"damage":55.0,"enemies":"The Guardian","floor":16.0,"turns":12.0},{"damage":2.0,"enemies":"Chosen","floor":18.0,"turns":3.0},{"damage":33.0,"enemies":"2 Thieves","floor":19.0,"turns":4.0},{"damage":44.0,"enemies":"Sentry and Sphere","floor":24.0,"turns":7.0},{"damage":7.0,"enemies":"Chosen and Byrds","floor":25.0,"turns":4.0},{"damage":0.0,"enemies":"Shelled Parasite and Fungi","floor":27.0,"turns":3.0},{"damage":6.0,"enemies":"Centurion and Healer","floor":28.0,"turns":5.0},{"damage":8.0,"enemies":"Chosen and Byrds","floor":30.0,"turns":5.0},{"damage":48.0,"enemies":"Gremlin Leader","floor":31.0,"turns":8.0},{"damage":89,"enemies":"Collector","floor":33,"turns":8}],"seed_played":"4217563556582345959","potions_obtained":[{"floor":2.0,"key":"FearPotion"},{"floor":2.0,"key":"LiquidBronze"},{"floor":2.0,"key":"SmokeBomb"},{"floor":3.0,"key":"Adrenaline Potion"},{"floor":4.0,"key":"Strength Potion"},{"floor":24.0,"key":"FearPotion"},{"floor":25.0,"key":"AttackPotion"},{"floor":27.0,"key":"Milkshake"},{"floor":28.0,"key":"SpeedPotion"}],"is_trial":false,"path_per_floor":["M","?","M","M","?","R","?","E","T","?","M","R","?","$","R","B",null,"M","M","?","?","?","R","M","M","T","M","M","?","M","E","R","B"],"character_chosen":"IRONCLAD","items_purchased":["Anchor","Inflame","Boot"],"campfire_rested":2,"item_purchase_floors":[14,14,14],"current_hp_per_floor":[71,71,76,68,68,68,68,49,49,69,66,66,48,48,72,23,66,80,68,60,60,60,60,27,36,36,42,59,59,69,38,62,0,0],"gold":161,"neow_bonus":"UPGRADE_CARD","is_daily":false,"chose_seed":false,"campfire_upgraded":3,"win_rate":0.0,"timestamp":1612114746,"path_taken":["M","?","?","M","?","R","?","E","T","?","M","R","?","$","R","BOSS","M","M","?","?","?","R","M","?","T","?","M","?","M","E","R","BOSS"],"items_purchased_type":["Relic","Card","Relic"],"build_version":"2020-12-22","purchased_purges":0,"victory":false,"max_hp_per_floor":[80,80,80,80,80,80,80,80,80,80,80,80,80,80,80,80,80,80,80,80,80,80,80,80,80,80,80,80,80,80,80,80,80,80],"card_choices":[{"not_picked":["Searing Blow","Bloodletting"],"picked":"Sword Boomerang","floor":1.0},{"not_picked":["Carnage","Seeing Red"],"picked":"Iron Wave","floor":3.0},{"not_picked":["Twin Strike","Massacre"],"picked":"Rampage","floor":4.0},{"not_picked":["Sword Boomerang","Ghostly Armor"],"picked":"Reaper","floor":8.0},{"not_picked":["Headbutt","Cleave","Havoc"],"picked":"SKIP","floor":11.0},{"not_picked":["Intimidate","Dropkick"],"picked":"Flame Barrier","floor":13.0},{"not_picked":["Double Tap","Berserk"],"picked":"Demon Form","floor":16.0},{"not_picked":["Blood for Blood+1"],"picked":"SKIP","floor":18.0},{"not_picked":["Warcry+1"],"picked":"SKIP","floor":19.0},{"not_picked":[],"picked":"Body Slam","floor":24.0},{"not_picked":["Cleave"],"picked":"SKIP","floor":25.0},{"not_picked":[],"picked":"Headbutt","floor":27.0},{"not_picked":["Clash"],"picked":"SKIP","floor":28.0},{"not_picked":["ReplayTheSpireMod:Corrosion Curse"],"picked":"SKIP","floor":30.0},{"not_picked":[],"picked":"Anger+1","floor":31.0}],"player_experience":1020242,"relics_obtained":[{"floor":8.0,"key":"Potion Belt"},{"floor":9.0,"key":"Bag of Preparation"},{"floor":13.0,"key":"Odd Mushroom"},{"floor":26.0,"key":"Replay:Baseball"},{"floor":31.0,"key":"Another Sword"}],"event_choices":[{"damage_healed":0.0,"max_hp_gain":0.0,"max_hp_loss":0.0,"gold_gain":0.0,"event_name":"Lab","player_choice":"Got Potions","floor":2.0,"gold_loss":0.0,"damage_taken":0.0},{"damage_healed":0.0,"max_hp_gain":0.0,"max_hp_loss":0.0,"gold_gain":175.0,"event_name":"Liars Game","player_choice":"AGREE","floor":5.0,"gold_loss":0.0,"damage_taken":0.0,"cards_obtained":["Doubt"]},{"cards_removed":["Doubt"],"damage_healed":0.0,"max_hp_gain":0.0,"max_hp_loss":0.0,"gold_gain":0.0,"event_name":"Living Wall","player_choice":"Forget","floor":7.0,"gold_loss":0.0,"damage_taken":0.0},{"damage_healed":20.0,"max_hp_gain":0.0,"max_hp_loss":0.0,"gold_gain":0.0,"event_name":"The Cleric","player_choice":"Healed","floor":10.0,"gold_loss":35.0,"damage_taken":0.0},{"damage_healed":0.0,"max_hp_gain":0.0,"max_hp_loss":0.0,"gold_gain":0.0,"event_name":"Mushrooms","player_choice":"Fought Mushrooms","floor":13.0,"gold_loss":0.0,"damage_taken":0.0},{"damage_healed":0.0,"max_hp_gain":0.0,"max_hp_loss":0.0,"gold_gain":0.0,"event_name":"blackbeard:ShipwreckEvent","player_choice":"HornCleat","floor":20.0,"gold_loss":0.0,"damage_taken":0.0,"relics_obtained":["HornCleat"]},{"damage_healed":0.0,"max_hp_gain":0.0,"max_hp_loss":0.0,"gold_gain":0.0,"event_name":"The Library","player_choice":"Read","floor":21.0,"gold_loss":0.0,"damage_taken":0.0,"cards_obtained":["Armaments"]},{"cards_removed":["Strike_R"],"damage_healed":0.0,"max_hp_gain":0.0,"max_hp_loss":0.0,"gold_gain":0.0,"event_name":"Designer","player_choice":"Upgrade and Remove","floor":22.0,"gold_loss":90.0,"damage_taken":0.0,"cards_upgraded":["Strike_R"]}],"is_beta":false,"boss_relics":[{"not_picked":["Painkiller Herb","Tiny House"],"picked":"Busted Crown"}],"items_purged_floors":[],"is_endless":false,"potions_floor_spawned":[3,4,13,24,25,27,28],"killed_by":"Collector","ascension_level":9}}