{"host":"6xsbn6ynqlzwllfm","time":1612117263,"event":{"mods":["2.2 Compatiblity","BaseMod","Bestiary","Colored Map","Colored Powertips","Curses Come First","Highlight Path","Keyboard Shortcuts","Minty Spire (QoL Compilation)","Relic Stats","Slay the Relics Exporter","StSLib","SuperFastMode"],"gold_per_floor":[119,139,414,138,156,156,190,210,210,253,278,321,350,362,374,459,471,503,525,119,44,57,83,83,116,116,6,41,41,53,73,73,152,152,167,167,167],"floor_reached":36,"language":"ENG","playtime":916,"items_purged":["Regret","Strike_P"],"score":938,"play_id":"3a59f258-edbf-45d0-9e33-e108d1fbce97","local_time":"20210131132103","is_ascension_mode":true,"campfire_choices":[{"data":"CrushJoints","floor":6.0,"key":"SMITH"},{"floor":15.0,"key":"REST"},{"data":"Wallop","floor":24.0,"key":"SMITH"},{"floor":29,"key":"REST"},{"floor":32,"key":"REST"}],"circlet_count":0,"master_deck":["AscendersBane","Strike_P","Defend_P","Defend_P","Defend_P","Defend_P","Eruption","Vigilance","FlurryOfBlows","SandsOfTime","CrushJoints+1","Wallop+1","Tantrum","EmptyBody","FollowUp","Ragnarok+1","TalkToTheHand","EmptyFist+1","SandsOfTime+1","Consecrate+1","Consecrate+1","Scrawl","FollowUp+1","FlurryOfBlows+1","MasterReality+1","WheelKick+1"],"relics":["PureWater","NeowsBlessing","ClockworkSouvenir","Potion Belt","MawBank","Shuriken","Frozen Egg 2","Cursed Key","Molten Egg 2","Centennial Puzzle","Orichalcum","The Courier","Omamori","Black Star"],"acts_visited":["Exordium","TheCity","TheBeyond"],"potions_floor_usage":[25],"damage_taken":[{"damage":0.0,"enemies":"2 Louse","floor":1.0,"turns":1.0},{"damage":0.0,"enemies":"Cultist","floor":2.0,"turns":1.0},{"damage":0.0,"enemies":"Small Slimes","floor":5.0,"turns":1.0},{"damage":0.0,"enemies":"Gremlin Nob","floor":7.0,"turns":2.0},{"damage":0.0,"enemies":"2 Fungi Beasts","floor":8.0,"turns":3.0},{"damage":19.0,"enemies":"Lagavulin","floor":10.0,"turns":6.0},{"damage":5.0,"enemies":"3 Louse","floor":11.0,"turns":4.0},{"damage":21.0,"enemies":"3 Sentries","floor":12.0,"turns":4.0},{"damage":0.0,"enemies":"Lots of Slimes","floor":13.0,"turns":3.0},{"damage":15.0,"enemies":"Hexaghost","floor":16.0,"turns":7.0},{"damage":0.0,"enemies":"Chosen","floor":18.0,"turns":1.0},{"damage":1.0,"enemies":"Shell Parasite","floor":19.0,"turns":3.0},{"damage":1.0,"enemies":"Snecko","floor":22.0,"turns":3.0},{"damage":13.0,"enemies":"Slavers","floor":23.0,"turns":4.0},{"damage":29,"enemies":"Gremlin Leader","floor":25,"turns":4},{"damage":28,"enemies":"Slavers","floor":28,"turns":3},{"damage":0,"enemies":"Cultist and Chosen","floor":30,"turns":2},{"damage":16,"enemies":"Snake Plant","floor":31,"turns":2},{"damage":32,"enemies":"Collector","floor":33,"turns":5},{"damage":47,"enemies":"3 Shapes","floor":35,"turns":3}],"seed_played":"8959181412803841440","potions_obtained":[{"floor":8.0,"key":"SpeedPotion"},{"floor":10.0,"key":"SkillPotion"},{"floor":11.0,"key":"EntropicBrew"},{"floor":13.0,"key":"DuplicationPotion"},{"floor":16.0,"key":"Ancient Potion"},{"floor":19.0,"key":"Fruit Juice"},{"floor":25,"key":"FairyPotion"},{"floor":33,"key":"FearPotion"},{"floor":35,"key":"Dexterity Potion"}],"is_trial":false,"path_per_floor":["M","M","?","$","M","R","E","M","T","E","M","E","M","?","R","B",null,"M","M","$","?","M","E","R","E","T","?","E","R","M","M","R","B",null,"M","$"],"character_chosen":"WATCHER","items_purchased":["ClockworkSouvenir","CrushJoints","Molten Egg 2","EmptyFist+1"],"campfire_rested":3,"item_purchase_floors":[4,4,20,20],"current_hp_per_floor":[61,61,61,61,61,61,61,61,61,42,37,16,16,9,29,14,55,55,54,54,54,53,40,40,16,16,16,10,31,31,15,36,4,56,9,9,9],"gold":167,"neow_bonus":"THREE_ENEMY_KILL","is_daily":false,"chose_seed":false,"campfire_upgraded":2,"win_rate":0.0,"timestamp":1612117263,"path_taken":["M","M","?","$","?","R","E","?","T","E","M","E","M","?","R","BOSS","M","M","$","?","M","E","R","E","T","?","E","R","?","M","R","BOSS","M","$"],"items_purchased_type":["Relic","Card","Relic","Card"],"build_version":"2020-12-22","purchased_purges":2,"victory":false,"max_hp_per_floor":[68,68,68,68,68,68,68,68,68,68,68,68,68,68,68,68,68,68,68,68,68,68,68,68,73,73,73,73,73,73,73,73,73,73,73,73,73],"relic_stats":{"Centennial Puzzle":[15],"counters":[20,62],"Shuriken":[30],"Black Star":0,"Orichalcum":[12],"MawBank":132,"Cursed Key":1,"obtain_stats":[{"Potion Belt":7,"NeowsBlessing":0,"The Courier":26,"Omamori":28,"Frozen Egg 2":12,"Orichalcum":25,"MawBank":9,"Cursed Key":17,"ClockworkSouvenir":4,"Centennial Puzzle":23,"Shuriken":10,"Molten Egg 2":20,"Black Star":34,"PureWater":0},{"Potion Belt":4,"NeowsBlessing":0,"The Courier":15,"Omamori":16,"Frozen Egg 2":8,"Orichalcum":15,"MawBank":5,"Cursed Key":10,"ClockworkSouvenir":2,"Centennial Puzzle":14,"Shuriken":6,"Molten Egg 2":12,"Black Star":19,"PureWater":0},{"Potion Belt":5,"NeowsBlessing":0,"The Courier":47,"Omamori":50,"Frozen Egg 2":22,"Orichalcum":47,"MawBank":8,"Cursed Key":32,"ClockworkSouvenir":2,"Centennial Puzzle":43,"Shuriken":14,"Molten Egg 2":36,"Black Star":59,"PureWater":0}]},"card_choices":[{"not_picked":["PathToVictory","Halt"],"picked":"FlurryOfBlows","floor":1.0},{"not_picked":["ForeignInfluence","LikeWater"],"picked":"SandsOfTime","floor":2.0},{"not_picked":["JustLucky","EmptyMind"],"picked":"Wallop","floor":7.0},{"not_picked":["Crescendo","Adaptation"],"picked":"Tantrum","floor":8.0},{"not_picked":["BowlingBash","Protect"],"picked":"EmptyBody","floor":10.0},{"not_picked":["Evaluate","Protect","Prostrate"],"picked":"SKIP","floor":11.0},{"not_picked":["EmptyFist","ClearTheMind"],"picked":"FollowUp","floor":13.0},{"not_picked":["Establishment+1","LessonLearned"],"picked":"Ragnarok","floor":16.0},{"not_picked":["ClearTheMind+1","PathToVictory+1"],"picked":"TalkToTheHand","floor":19.0},{"not_picked":["Indignation","Halt+1"],"picked":"SandsOfTime+1","floor":22.0},{"not_picked":["Halt","JustLucky+1"],"picked":"Consecrate+1","floor":23.0},{"not_picked":["Worship","Perseverance"],"picked":"Consecrate+1","floor":25},{"not_picked":["ClearTheMind","Prostrate"],"picked":"Scrawl","floor":28},{"not_picked":["BattleHymn+1","SignatureMove+1"],"picked":"FollowUp+1","floor":30},{"not_picked":["Prostrate","ClearTheMind"],"picked":"FlurryOfBlows+1","floor":31},{"not_picked":["DevaForm+1","Alpha"],"picked":"MasterReality+1","floor":33},{"not_picked":["BowlingBash+1","WreathOfFlame+1"],"picked":"WheelKick+1","floor":35}],"player_experience":1361771,"relics_obtained":[{"floor":7.0,"key":"Potion Belt"},{"floor":9.0,"key":"MawBank"},{"floor":10.0,"key":"Shuriken"},{"floor":12.0,"key":"Frozen Egg 2"},{"floor":23.0,"key":"Centennial Puzzle"},{"floor":25,"key":"Orichalcum"},{"floor":26,"key":"The Courier"},{"floor":28,"key":"Omamori"}],"event_choices":[{"damage_healed":0.0,"max_hp_gain":0.0,"max_hp_loss":0.0,"gold_gain":275.0,"event_name":"Golden Shrine","player_choice":"Desecrate","floor":3.0,"gold_loss":0.0,"damage_taken":0.0,"cards_obtained":["Regret"]},{"cards_removed":["Strike_P"],"damage_healed":0.0,"max_hp_gain":0.0,"max_hp_loss":0.0,"gold_gain":0.0,"event_name":"Golden Wing","player_choice":"Card Removal","floor":14.0,"gold_loss":0.0,"damage_taken":7.0},{"cards_removed":["Strike_P"],"damage_healed":0.0,"max_hp_gain":0.0,"max_hp_loss":0.0,"gold_gain":0.0,"event_name":"Beggar","player_choice":"Gave Gold","floor":21.0,"gold_loss":75.0,"damage_taken":0.0},{"cards_removed":["Writhe"],"damage_healed":0,"gold_gain":0,"player_choice":"Upgrade and Remove","damage_taken":0,"max_hp_gain":0,"max_hp_loss":0,"event_name":"Designer","floor":27,"gold_loss":110,"cards_upgraded":["Ragnarok"]}],"is_beta":false,"boss_relics":[{"not_picked":["Runic Dome","SlaversCollar"],"picked":"Cursed Key"},{"not_picked":["Busted Crown","HolyWater"],"picked":"Black Star"}],"items_purged_floors":[4,20],"is_endless":false,"potions_floor_spawned":[8,10,11,13,16,19,25,33,35],"ascension_level":20}}