{"host":"wshh0nphwn6jv7vj","time":1612059269,"event":{"mods":["BaseMod","Bestiary","Minty Spire (QoL Compilation)","Relic Stats"],"gold_per_floor":[112,187,187,56,56,87,104,121,146,181,196,196,214,246,246,320,370,386,403,403,91,103,132,152,152,152,63,63,63],"floor_reached":28,"language":"ENG","playtime":1675,"items_purged":["Strike_P","Strike_P"],"score":641,"play_id":"284d934c-b88f-4f60-a443-289fdd9481ec","local_time":"20210130211429","is_ascension_mode":true,"campfire_choices":[{"floor":12,"key":"REST"},{"data":"Wallop","floor":15,"key":"SMITH"},{"floor":25,"key":"REST"}],"circlet_count":0,"master_deck":["AscendersBane","Strike_P","Defend_P","Defend_P+1","Defend_P","Defend_P+1","Eruption","Vigilance","Wallop+1","CutThroughFate","SandsOfTime","EmptyBody+1","BowlingBash","ForeignInfluence","CrushJoints","BattleHymn","Adaptation","Vault","TalkToTheHand","CutThroughFate","Tantrum","TalkToTheHand","CutThroughFate","ConjureBlade","Protect","Trip"],"relics":["Velvet Choker","War Paint","Dead Branch","Mango","Tiny House","Omamori","CaptainsWheel","Pantograph"],"acts_visited":["Exordium","TheCity"],"potions_floor_usage":[16,23,23,28],"damage_taken":[{"damage":16,"enemies":"2 Louse","floor":1,"turns":3},{"damage":8,"enemies":"Lagavulin","floor":6,"turns":6},{"damage":0,"enemies":"Small Slimes","floor":7,"turns":3},{"damage":1,"enemies":"Jaw Worm","floor":8,"turns":4},{"damage":0,"enemies":"Gremlin Nob","floor":10,"turns":3},{"damage":0,"enemies":"Blue Slaver","floor":11,"turns":2},{"damage":0,"enemies":"Exordium Wildlife","floor":13,"turns":2},{"damage":6,"enemies":"3 Sentries","floor":14,"turns":4},{"damage":0,"enemies":"Slime Boss","floor":16,"turns":4},{"damage":0,"enemies":"3 Byrds","floor":18,"turns":6},{"damage":19,"enemies":"Spheric Guardian","floor":19,"turns":7},{"damage":0,"enemies":"Snecko","floor":22,"turns":4},{"damage":47,"enemies":"Slavers","floor":23,"turns":6},{"damage":0,"enemies":"Chosen and Byrds","floor":24,"turns":3},{"damage":48,"enemies":"Gremlin Leader","floor":28,"turns":5}],"seed_played":"4506881889413278990","potions_obtained":[{"floor":1,"key":"SneckoOil"},{"floor":10,"key":"SteroidPotion"},{"floor":11,"key":"Energy Potion"},{"floor":16,"key":"Fire Potion"},{"floor":17,"key":"CultistPotion"},{"floor":19,"key":"Fruit Juice"},{"floor":24,"key":"SpeedPotion"}],"is_trial":false,"path_per_floor":["M","?","?","$","?","E","M","M","T","E","M","R","M","E","R","B",null,"M","M","?","$","M","E","M","R","T","$","E"],"character_chosen":"WATCHER","items_purchased":["CutThroughFate","TalkToTheHand","Omamori","Trip"],"campfire_rested":2,"item_purchase_floors":[4,21,21,27],"current_hp_per_floor":[45,34,27,27,27,19,19,18,18,18,18,38,38,46,46,46,78,78,59,59,59,59,17,17,44,44,44,0,0],"gold":63,"neow_bonus":"BOSS_RELIC","is_daily":false,"chose_seed":false,"campfire_upgraded":1,"win_rate":0.0,"timestamp":1612059269,"path_taken":["M","?","?","$","?","E","M","?","T","E","M","R","M","E","R","BOSS","M","M","?","$","M","E","M","R","T","$","E"],"items_purchased_type":["Card","Card","Relic","Card"],"build_version":"2020-12-22","purchased_purges":2,"victory":false,"max_hp_per_floor":[68,68,68,68,68,68,68,68,68,68,68,68,68,82,82,82,87,87,87,87,87,87,92,92,92,92,92,92,92],"relic_stats":{"counters":[15,62],"Dead Branch":[42],"Pantograph":0,"War Paint":["Defend_P","Defend_P"],"obtain_stats":[{"CaptainsWheel":23,"Tiny House":17,"Dead Branch":10,"Pantograph":26,"Velvet Choker":0,"Mango":14,"Omamori":21,"PureWater":0,"War Paint":6},{"CaptainsWheel":13,"Tiny House":9,"Dead Branch":5,"Pantograph":14,"Velvet Choker":0,"Mango":8,"Omamori":11,"PureWater":0,"War Paint":2},{"CaptainsWheel":54,"Tiny House":31,"Dead Branch":19,"Pantograph":57,"Velvet Choker":0,"Mango":27,"Omamori":44,"PureWater":0,"War Paint":9}]},"card_choices":[{"not_picked":["EmptyBody","Protect"],"picked":"Wallop","floor":1},{"not_picked":["CrushJoints","ReachHeaven"],"picked":"SandsOfTime","floor":6},{"not_picked":["CutThroughFate","BattleHymn"],"picked":"EmptyBody","floor":7},{"not_picked":["ForeignInfluence","Weave"],"picked":"BowlingBash","floor":8},{"not_picked":["DevaForm","Tantrum"],"picked":"ForeignInfluence","floor":10},{"not_picked":["FlyingSleeves","JustLucky"],"picked":"CrushJoints","floor":11},{"not_picked":["Prostrate","Worship"],"picked":"BattleHymn","floor":13},{"not_picked":["FlyingSleeves","ClearTheMind"],"picked":"Adaptation","floor":14},{"not_picked":["Ragnarok","SpiritShield"],"picked":"Vault","floor":16},{"not_picked":["ThirdEye","InnerPeace"],"picked":"TalkToTheHand","floor":17},{"not_picked":["InnerPeace","JustLucky"],"picked":"CutThroughFate","floor":18},{"not_picked":["CutThroughFate","EmptyBody","BattleHymn"],"picked":"SKIP","floor":19},{"not_picked":["BattleHymn","JustLucky"],"picked":"CutThroughFate","floor":22},{"not_picked":["FlurryOfBlows","Pray"],"picked":"ConjureBlade","floor":23},{"not_picked":["ReachHeaven","PathToVictory"],"picked":"Protect","floor":24}],"player_experience":1621047,"relics_obtained":[{"floor":6,"key":"War Paint"},{"floor":10,"key":"Dead Branch"},{"floor":14,"key":"Mango"},{"floor":23,"key":"CaptainsWheel"},{"floor":26,"key":"Pantograph"}],"event_choices":[{"damage_healed":0,"gold_gain":75,"player_choice":"Gather Gold","damage_taken":11,"max_hp_gain":0,"max_hp_loss":0,"event_name":"World of Goop","floor":2,"gold_loss":0},{"cards_removed":["Strike_P"],"damage_healed":0,"gold_gain":0,"player_choice":"Card Removal","damage_taken":7,"max_hp_gain":0,"max_hp_loss":0,"event_name":"Golden Wing","floor":3,"gold_loss":0},{"damage_healed":0,"gold_gain":0,"player_choice":"Ignored","damage_taken":0,"max_hp_gain":0,"max_hp_loss":0,"event_name":"Liars Game","floor":5,"gold_loss":0},{"damage_healed":0,"gold_gain":0,"player_choice":"Read","damage_taken":0,"max_hp_gain":0,"max_hp_loss":0,"event_name":"The Library","floor":20,"gold_loss":0,"cards_obtained":["Tantrum"]}],"is_beta":false,"boss_relics":[{"not_picked":["SlaversCollar","Runic Dome"],"picked":"Tiny House"}],"items_purged_floors":[4,21],"is_endless":false,"potions_floor_spawned":[1,10,11,16,19,24],"killed_by":"Gremlin Leader","ascension_level":17}}