{"host":"rspt8ghchagqewrq","time":1612126310,"event":{"mods":["AchievementEnabler","BaseMod","Colored Map","Colored Powertips","Minty Spire (QoL Compilation)","Quick Restart"],"gold_per_floor":[117,192,211,225,73,73,73,84,84,84,98,133,133,159,159,263,263,276,201,201,218,230,230,265,278,278,301,313,62,62,81,81,81,81],"floor_reached":33,"language":"FRA","playtime":1480,"items_purged":["Sword Boomerang"],"score":277,"play_id":"29945b42-6c01-4981-a757-5e84ee70a338","local_time":"20210131215150","is_ascension_mode":false,"campfire_choices":[{"data":"Clash","floor":6,"key":"SMITH"},{"data":"Sever Soul","floor":10,"key":"SMITH"},{"data":"Metallicize","floor":13,"key":"SMITH"},{"data":"Clash","floor":15,"key":"SMITH"},{"data":"Searing Blow","floor":23,"key":"SMITH"},{"data":"Searing Blow+1","floor":30,"key":"SMITH"},{"floor":32,"key":"REST"}],"circlet_count":0,"master_deck":["Strike_R","Strike_R","Strike_R","Strike_R","Strike_R","Defend_R","Defend_R","Defend_R","Defend_R","Bash","Clash+1","Clash+1","Armaments","Sever Soul+1","Metallicize+1","Reaper","Double Tap","Anger+1","Searing Blow+2","True Grit+1","Dark Embrace+1","Parasite","Doubt","Clash+1","Cleave+1"],"relics":["Burning Blood","Pen Nib","Art of War","Bottled Flame","Happy Flower","Cursed Key","MutagenicStrength","Oddly Smooth Stone","Molten Egg 2","Omamori","Pantograph"],"acts_visited":["Exordium","TheCity"],"potions_floor_usage":[12,16,24,25,28],"damage_taken":[{"damage":10,"enemies":"Jaw Worm","floor":1,"turns":4},{"damage":1,"enemies":"Cultist","floor":3,"turns":3},{"damage":2,"enemies":"2 Louse","floor":4,"turns":3},{"damage":4,"enemies":"2 Fungi Beasts","floor":8,"turns":2},{"damage":8,"enemies":"Exordium Wildlife","floor":11,"turns":3},{"damage":19,"enemies":"3 Sentries","floor":12,"turns":7},{"damage":15,"enemies":"Gremlin Nob","floor":14,"turns":4},{"damage":1,"enemies":"The Guardian","floor":16,"turns":12},{"damage":21,"enemies":"2 Thieves","floor":18,"turns":3},{"damage":10,"enemies":"Chosen","floor":21,"turns":2},{"damage":5,"enemies":"3 Cultists","floor":22,"turns":4},{"damage":66,"enemies":"Gremlin Leader","floor":24,"turns":5},{"damage":4,"enemies":"Centurion and Healer","floor":25,"turns":4},{"damage":18,"enemies":"Chosen and Byrds","floor":28,"turns":6},{"damage":12,"enemies":"Snecko","floor":31,"turns":5},{"damage":94,"enemies":"Collector","floor":33,"turns":6}],"seed_played":"8299192659312956567","potions_obtained":[{"floor":3,"key":"EssenceOfSteel"},{"floor":4,"key":"DistilledChaos"},{"floor":7,"key":"Dexterity Potion"},{"floor":7,"key":"HeartOfIron"},{"floor":21,"key":"AttackPotion"},{"floor":24,"key":"LiquidBronze"},{"floor":25,"key":"Swift Potion"}],"is_trial":false,"path_per_floor":["M","?","M","M","$","R","?","M","T","R","M","E","R","E","R","B",null,"M","$","?","M","M","R","E","M","T","T","M","$","R","M","R","B"],"character_chosen":"IRONCLAD","items_purchased":["Pen Nib","Pantograph"],"campfire_rested":1,"item_purchase_floors":[5,29],"current_hp_per_floor":[84,73,78,82,82,82,82,84,84,84,82,69,69,60,60,65,88,81,81,81,77,86,86,26,28,28,28,20,20,20,14,40,0,0],"gold":81,"neow_bonus":"TEN_PERCENT_HP_BONUS","is_daily":false,"chose_seed":false,"campfire_upgraded":6,"win_rate":0.0,"timestamp":1612126310,"path_taken":["M","?","M","M","$","R","?","M","T","R","M","E","R","E","R","BOSS","M","$","?","M","M","R","E","M","T","?","M","$","R","M","R","BOSS"],"items_purchased_type":["Relic","Relic"],"build_version":"2020-12-22","purchased_purges":1,"victory":false,"max_hp_per_floor":[88,88,88,88,88,88,88,88,88,88,88,88,88,88,88,88,88,88,88,88,88,88,88,88,88,88,88,88,88,88,88,88,88,88],"card_choices":[{"not_picked":["Anger","Dark Embrace"],"picked":"Clash","floor":1},{"not_picked":["Wild Strike","Headbutt"],"picked":"Clash","floor":3},{"not_picked":["Evolve","Body Slam"],"picked":"Armaments","floor":4},{"not_picked":["Shrug It Off","Clothesline"],"picked":"Sever Soul","floor":8},{"not_picked":["Dark Embrace","Pommel Strike"],"picked":"Metallicize","floor":11},{"not_picked":["Dual Wield","Twin Strike"],"picked":"Reaper","floor":12},{"not_picked":["Wild Strike","Disarm"],"picked":"Sword Boomerang","floor":14},{"not_picked":["Brutality","Demon Form"],"picked":"Double Tap","floor":16},{"not_picked":["Perfected Strike","Thunderclap"],"picked":"Anger+1","floor":18},{"not_picked":["Battle Trance","Reckless Charge"],"picked":"Searing Blow","floor":21},{"not_picked":["Thunderclap","Shrug It Off"],"picked":"True Grit+1","floor":22},{"not_picked":["Rupture","Headbutt+1","Combust"],"picked":"SKIP","floor":24},{"not_picked":["Clothesline","Hemokinesis"],"picked":"Dark Embrace+1","floor":25},{"not_picked":["Perfected Strike+1","Feel No Pain"],"picked":"Clash+1","floor":28},{"not_picked":["Entrench","Iron Wave+1"],"picked":"Cleave+1","floor":31}],"player_experience":77131,"relics_obtained":[{"floor":9,"key":"Art of War"},{"floor":12,"key":"Bottled Flame"},{"floor":14,"key":"Happy Flower"},{"floor":24,"key":"Oddly Smooth Stone"},{"floor":26,"key":"Molten Egg 2"},{"floor":27,"key":"Omamori"}],"event_choices":[{"damage_healed":0,"gold_gain":75,"player_choice":"Gather Gold","damage_taken":11,"max_hp_gain":0,"max_hp_loss":0,"event_name":"World of Goop","floor":2,"gold_loss":0},{"damage_healed":0,"gold_gain":0,"player_choice":"Got Potions","damage_taken":0,"max_hp_gain":0,"max_hp_loss":0,"event_name":"Lab","floor":7,"gold_loss":0},{"damage_healed":0,"gold_gain":0,"player_choice":"Inject Mutagens","damage_taken":0,"relics_obtained":["MutagenicStrength"],"max_hp_gain":0,"max_hp_loss":0,"event_name":"Drug Dealer","floor":20,"gold_loss":0}],"is_beta":false,"boss_relics":[{"not_picked":["Calling Bell","Black Star"],"picked":"Cursed Key"}],"items_purged_floors":[19],"is_endless":false,"potions_floor_spawned":[3,4,8,11,21,24,25],"killed_by":"Collector","ascension_level":0}}