{"host":"0awa854l6bexpjrv","time":1612071078,"event":{"mods":["BaseMod","Block Reminder","Colored Map","Colored Powertips","Downfall","Highlight Path","Minty Spire (QoL Compilation)","Quick Restart","Rare Cards Sparkle","StSLib","SuperFastMode"],"gold_per_floor":[116,116,41,53,73,73,88,105,105,124,124,155,167,187,187,282,282,296,37,47,47,60,60,85,85,85,85,96,116,131,142,142,242,242,254,274,285,304,144,144,144,144,144,144,177,189,189,39,39,39],"floor_reached":51,"language":"ENG","playtime":3541,"items_purged":["Strike_R","Strike_R","Strike_R","Strike_R"],"score":811,"play_id":"af7fbc20-5fa0-44dd-8434-4b526c599571","local_time":"20210130213118","is_ascension_mode":true,"campfire_choices":[{"data":"Seeing Red","floor":6.0,"key":"SMITH"},{"data":"Clothesline","floor":11.0,"key":"SMITH"},{"floor":15.0,"key":"REST"},{"data":"Iron Wave","floor":23.0,"key":"SMITH"},{"data":"Impervious","floor":25.0,"key":"SMITH"},{"data":"Metallicize","floor":32.0,"key":"SMITH"},{"floor":40.0,"key":"REST"},{"floor":44.0,"key":"REST"},{"floor":49,"key":"RECALL"}],"circlet_count":0,"master_deck":["Defend_R","Defend_R","Defend_R","Bash+1","Seeing Red+1","Clothesline+1","Shrug It Off","Twin Strike","Iron Wave+1","Pommel Strike+1","Uppercut+1","Blood for Blood+1","Pommel Strike+1","Impervious+1","Battle Trance+1","Bludgeon+1","Metallicize+1","downfall:Bewildered","Evolve","Pommel Strike+1","Bludgeon+1","Immolate+1","Power Through","Shrug It Off+1","Metallicize+1","Hemokinesis+1","Blood for Blood+1","Bludgeon+1","Dramatic Entrance+1","Metallicize+1"],"relics":["Burning Blood","Molten Egg 2","Torii","Snecko Eye","sneckomod:BabySnecko","The Courier","Art of War","Fusion Hammer","Eternal Feather","Frozen Egg 2"],"acts_visited":["Exordium","TheCity","TheBeyond"],"potions_floor_usage":[50],"damage_taken":[{"damage":5.0,"enemies":"2 Louse","floor":1.0,"turns":3.0},{"damage":1.0,"enemies":"Cultist","floor":4.0,"turns":3.0},{"damage":3.0,"enemies":"Jaw Worm","floor":5.0,"turns":4.0},{"damage":23.0,"enemies":"Large Slime","floor":7.0,"turns":9.0},{"damage":2.0,"enemies":"Red Slaver","floor":8.0,"turns":3.0},{"damage":13.0,"enemies":"Gremlin Gang","floor":10.0,"turns":5.0},{"damage":24.0,"enemies":"3 Sentries","floor":12.0,"turns":9.0},{"damage":1.0,"enemies":"Looter","floor":13.0,"turns":2.0},{"damage":2.0,"enemies":"Blue Slaver","floor":14.0,"turns":3.0},{"damage":1.0,"enemies":"Slime Boss","floor":16.0,"turns":6.0},{"damage":1.0,"enemies":"3 Byrds","floor":18.0,"turns":5.0},{"damage":1.0,"enemies":"Chosen","floor":20.0,"turns":3.0},{"damage":0.0,"enemies":"Centurion and Healer","floor":22.0,"turns":2.0},{"damage":17.0,"enemies":"Slavers","floor":24.0,"turns":4.0},{"damage":0.0,"enemies":"Snake Plant","floor":28.0,"turns":1.0},{"damage":0.0,"enemies":"Shelled Parasite and Fungi","floor":29.0,"turns":2.0},{"damage":1.0,"enemies":"Centurion and Healer","floor":30.0,"turns":2.0},{"damage":0.0,"enemies":"Sentry and Sphere","floor":31.0,"turns":2.0},{"damage":40.0,"enemies":"Champ","floor":33.0,"turns":5.0},{"damage":11.0,"enemies":"3 Darklings","floor":35.0,"turns":3.0},{"damage":6.0,"enemies":"3 Shapes","floor":36.0,"turns":2.0},{"damage":0.0,"enemies":"Sphere and 2 Shapes","floor":37.0,"turns":2.0},{"damage":0.0,"enemies":"3 Darklings","floor":38.0,"turns":2.0},{"damage":4.0,"enemies":"Nemesis","floor":45.0,"turns":5.0},{"damage":3.0,"enemies":"Maw","floor":46.0,"turns":6.0},{"damage":70,"enemies":"Awakened One","floor":50,"turns":10}],"seed_played":"-3533934560858947561","potions_obtained":[{"floor":4.0,"key":"Weak Potion"},{"floor":7.0,"key":"BlessingOfTheForge"},{"floor":8.0,"key":"Swift Potion"},{"floor":14.0,"key":"bronze:BurnAndBuffPotion"},{"floor":28.0,"key":"EntropicBrew"},{"floor":31.0,"key":"FairyPotion"},{"floor":46.0,"key":"Energy Potion"}],"is_trial":false,"path_per_floor":["M","?","$","M","M","R","M","M","T","M","R","E","M","M","R","B",null,"M","$","M","?","M","R","E","R","T","?","M","M","M","M","R","B",null,"M","M","M","M","$","R","?","?","T","R","E","M","?","$","R","B",null],"character_chosen":"IRONCLAD","items_purchased":["Bludgeon+1","Hemokinesis+1","Metallicize+1"],"campfire_rested":3,"item_purchase_floors":[19,39,48],"current_hp_per_floor":[80,80,80,80,80,80,63,67,67,60,60,42,47,51,75,80,80,80,80,80,80,80,80,69,69,69,69,75,80,80,80,80,46,80,75,75,80,80,80,80,80,80,80,80,80,80,80,80,80,16],"gold":39,"neow_bonus":"UPGRADE_CARD","is_daily":false,"chose_seed":false,"campfire_upgraded":5,"win_rate":0.0,"timestamp":1612071078,"path_taken":["M","?","$","M","M","R","M","M","T","?","R","E","?","M","R","BOSS","M","$","M","?","M","R","E","R","T","?","M","M","?","M","R","BOSS","M","?","M","M","$","R","?","?","T","R","E","M","?","?","R","BOSS"],"items_purchased_type":["Card","Card","Card"],"build_version":"2020-12-22","purchased_purges":4,"victory":true,"max_hp_per_floor":[80,80,80,80,80,80,80,80,80,80,80,80,80,80,80,80,80,80,80,80,80,80,80,80,80,80,80,80,80,80,80,80,80,80,80,80,80,80,80,80,80,80,80,80,80,80,80,80,80,80],"card_choices":[{"not_picked":["Shrug It Off","Evolve"],"picked":"Seeing Red","floor":1.0},{"not_picked":["Warcry","Thunderclap"],"picked":"Clothesline","floor":4.0},{"not_picked":["Infernal Blade","Twin Strike"],"picked":"Shrug It Off","floor":5.0},{"not_picked":["Heavy Blade","Perfected Strike"],"picked":"Twin Strike","floor":7.0},{"not_picked":["Thunderclap","Brutality"],"picked":"Iron Wave","floor":8.0},{"not_picked":["Twin Strike+1","Anger+1"],"picked":"Pommel Strike+1","floor":10.0},{"not_picked":["Searing Blow+1","Brutality"],"picked":"Uppercut+1","floor":12.0},{"not_picked":["Clash+1","Clothesline+1"],"picked":"Blood for Blood+1","floor":13.0},{"not_picked":["Clothesline+1","Searing Blow+1"],"picked":"Pommel Strike+1","floor":14.0},{"not_picked":["Exhume","Limit Break"],"picked":"Impervious","floor":16.0},{"not_picked":["Warcry","Clothesline+1"],"picked":"Battle Trance+1","floor":18.0},{"not_picked":["Armaments","Dual Wield"],"picked":"Metallicize","floor":20.0},{"not_picked":["Rampage+1","Cleave+1"],"picked":"Evolve","floor":22.0},{"not_picked":["Warcry","Corruption"],"picked":"Pommel Strike+1","floor":24.0},{"not_picked":["Rage","Heavy Blade+1","Warcry"],"picked":"SKIP","floor":28.0},{"not_picked":["Clash+1","Perfected Strike+1","Intimidate"],"picked":"SKIP","floor":29.0},{"not_picked":["Sever Soul+1","Hemokinesis+1","Anger+1"],"picked":"SKIP","floor":30.0},{"not_picked":["Heavy Blade+1","Rampage+1","Anger+1"],"picked":"SKIP","floor":31.0},{"not_picked":["Juggernaut","Double Tap"],"picked":"Immolate+1","floor":33.0},{"not_picked":["Hemokinesis+1","Fire Breathing+1"],"picked":"Power Through","floor":35.0},{"not_picked":["Hemokinesis+1","Seeing Red"],"picked":"Shrug It Off+1","floor":36.0},{"not_picked":["Sword Boomerang+1","Infernal Blade"],"picked":"Metallicize+1","floor":37.0},{"not_picked":["Thunderclap+1","Warcry","True Grit"],"picked":"SKIP","floor":38.0},{"not_picked":["Wild Strike+1","Iron Wave+1"],"picked":"Blood for Blood+1","floor":45.0},{"not_picked":["Flame Barrier","Warcry+1"],"picked":"Bludgeon+1","floor":46.0},{"not_picked":["Jack Of All Trades","Impatience"],"picked":"Dramatic Entrance+1","floor":47.0}],"player_experience":675326,"relics_obtained":[{"floor":9.0,"key":"Molten Egg 2"},{"floor":12.0,"key":"Torii"},{"floor":24.0,"key":"The Courier"},{"floor":26.0,"key":"Art of War"},{"floor":43.0,"key":"Eternal Feather"},{"floor":45.0,"key":"Frozen Egg 2"}],"event_choices":[{"cards_removed":["Strike_R"],"damage_healed":0.0,"max_hp_gain":0.0,"max_hp_loss":0.0,"gold_gain":0.0,"event_name":"Wheel of Change","player_choice":"Card Removal","floor":2.0,"gold_loss":0.0,"damage_taken":0.0},{"damage_healed":0.0,"max_hp_gain":0.0,"max_hp_loss":0.0,"gold_gain":0.0,"event_name":"Duplicator","player_choice":"Copied","floor":27.0,"gold_loss":0.0,"damage_taken":0.0,"cards_obtained":["Bludgeon"]},{"cards_removed":["Defend_R"],"damage_healed":0.0,"max_hp_gain":0.0,"max_hp_loss":0.0,"gold_gain":0.0,"event_name":"Falling","player_choice":"Removed Skill","floor":41.0,"gold_loss":0.0,"damage_taken":0.0},{"damage_healed":0.0,"max_hp_gain":0.0,"max_hp_loss":0.0,"gold_gain":0.0,"event_name":"Mysterious Sphere","player_choice":"Ignored","floor":42.0,"gold_loss":0.0,"damage_taken":0.0},{"damage_healed":0.0,"max_hp_gain":0.0,"max_hp_loss":0.0,"gold_gain":0.0,"event_name":"SensoryStone","player_choice":"Memory 1","floor":47.0,"gold_loss":0.0,"damage_taken":0.0}],"is_beta":false,"boss_relics":[{"not_picked":["Pandora\u0027s Box","Philosopher\u0027s Stone"],"picked":"Snecko Eye"},{"not_picked":["Astrolabe","Runic Cube"],"picked":"Fusion Hammer"}],"items_purged_floors":[3,19,39,48],"is_endless":false,"potions_floor_spawned":[4,7,8,14,28,30,31,33,36,45,46],"ascension_level":4}}