{"host":"6q94iy5iz6612v89","time":1612107990,"event":{"mods":["2.2 Compatiblity","AchievementEnabler","BaseMod","Colored Map","DeckTracker","Keyboard Shortcuts","Minty Spire (QoL Compilation)","Permanent Neow","StSLib","SuperFastMode"],"gold_per_floor":[118,193,210,227,240,265,265,290,290,309,309,343,359,36,36,36,36],"floor_reached":16,"language":"KOR","playtime":357,"items_purged":["Strike_B"],"score":244,"play_id":"f06663a8-6c4c-4572-a493-c25362301c22","local_time":"20210201004630","is_ascension_mode":true,"campfire_choices":[{"data":"Sunder","floor":7.0,"key":"SMITH"},{"floor":11.0,"key":"REST"},{"floor":15,"key":"REST"}],"circlet_count":0,"master_deck":["AscendersBane","Strike_B","Strike_B","Defend_B","Defend_B","Defend_B","Zap","Dualcast","FTL","Beam Cell","Conserve Battery","Sunder+1","Skim","Gash","Glacier","Capacitor"],"relics":["Cracked Core","Pear","Ancient Tea Set","Ornamental Fan","Turnip","Vajra"],"acts_visited":["Exordium"],"potions_floor_usage":[],"damage_taken":[{"damage":2.0,"enemies":"Jaw Worm","floor":1.0,"turns":4.0},{"damage":7.0,"enemies":"2 Louse","floor":3.0,"turns":2.0},{"damage":0.0,"enemies":"Cultist","floor":4.0,"turns":2.0},{"damage":2.0,"enemies":"Large Slime","floor":5.0,"turns":7.0},{"damage":28.0,"enemies":"Lagavulin","floor":6.0,"turns":7.0},{"damage":18.0,"enemies":"3 Sentries","floor":8.0,"turns":6.0},{"damage":1.0,"enemies":"Exordium Thugs","floor":10.0,"turns":2.0},{"damage":19,"enemies":"Lagavulin","floor":12,"turns":6},{"damage":4,"enemies":"2 Fungi Beasts","floor":13,"turns":3},{"damage":28,"enemies":"Hexaghost","floor":16,"turns":9}],"seed_played":"-5815466435987900084","potions_obtained":[{"floor":1.0,"key":"Fire Potion"},{"floor":6.0,"key":"SmokeBomb"},{"floor":8.0,"key":"SpeedPotion"}],"is_trial":false,"path_per_floor":["M","?","M","M","M","E","R","E","T","M","R","E","M","$","R","B"],"character_chosen":"DEFECT","items_purchased":["Vajra","Capacitor"],"campfire_rested":2,"item_purchase_floors":[14,14],"current_hp_per_floor":[62,51,44,44,42,24,24,6,6,5,27,8,4,4,26,0,0],"gold":36,"neow_bonus":"REMOVE_TWO","is_daily":false,"chose_seed":false,"campfire_upgraded":1,"win_rate":0.0,"timestamp":1612107990,"path_taken":["M","?","M","M","M","E","R","E","T","M","R","E","M","$","R","BOSS"],"items_purchased_type":["Relic","Card"],"build_version":"2020-12-22","purchased_purges":1,"victory":false,"max_hp_per_floor":[64,64,64,64,64,74,74,74,74,74,74,74,74,74,74,74,74],"card_choices":[{"not_picked":["Hologram","Redo"],"picked":"FTL","floor":1.0},{"not_picked":["Cold Snap","Compile Driver"],"picked":"Beam Cell","floor":3.0},{"not_picked":["Stack","Aggregate"],"picked":"Conserve Battery","floor":4.0},{"not_picked":["Beam Cell","Conserve Battery"],"picked":"Sunder","floor":5.0},{"not_picked":["Streamline","BootSequence"],"picked":"Skim","floor":6.0},{"not_picked":["White Noise","Machine Learning","Steam"],"picked":"SKIP","floor":8.0},{"not_picked":["Conserve Battery","Sweeping Beam"],"picked":"Gash","floor":10.0},{"not_picked":["Turbo","Loop","Stack"],"picked":"SKIP","floor":12},{"not_picked":["Compile Driver","Redo"],"picked":"Glacier","floor":13}],"player_experience":1446636,"relics_obtained":[{"floor":6.0,"key":"Pear"},{"floor":8.0,"key":"Ancient Tea Set"},{"floor":9.0,"key":"Ornamental Fan"},{"floor":12,"key":"Turnip"}],"event_choices":[{"damage_healed":0.0,"max_hp_gain":0.0,"max_hp_loss":0.0,"gold_gain":75.0,"event_name":"World of Goop","player_choice":"Gather Gold","floor":2.0,"gold_loss":0.0,"damage_taken":11.0}],"is_beta":false,"boss_relics":[],"items_purged_floors":[14],"is_endless":false,"potions_floor_spawned":[1,6,8],"killed_by":"Hexaghost","ascension_level":20}}