{"host":"2se5dq1do2gp0x9k","time":1612112417,"event":{"mods":["AchievementEnabler","BaseMod","Block Reminder","Colored Map","Colored Powertips","Minty Spire (QoL Compilation)","Relic Stats","StSLib","SuperFastMode"],"gold_per_floor":[110,7,7,7,22,60,60,73,98,98,111,147,166,190,190,289,352,375,75,0,13,0,0,0],"floor_reached":23,"language":"ENG","playtime":1209,"items_purged":["Strike_P","Strike_P"],"score":429,"play_id":"bbeb5a7d-2355-45a4-ae84-6ca3cdcad42d","local_time":"20210131090017","is_ascension_mode":true,"campfire_choices":[{"data":"Adaptation","floor":7.0,"key":"SMITH"},{"data":"DevaForm","floor":10.0,"key":"SMITH"},{"data":"Protect","floor":15.0,"key":"SMITH"}],"circlet_count":0,"master_deck":["AscendersBane","Strike_P+1","Strike_P+1","Defend_P+1","Defend_P+1","Defend_P+1","Eruption+1","Vigilance","LessonLearned+1","CrushJoints+1","BowlingBash","Adaptation+1","Evaluate+1","DevaForm+1","Protect+1","DeusExMachina+1","Indignation+1","SandsOfTime","SignatureMove","CarveReality","SignatureMove"],"relics":["PureWater","Golden Idol","Anchor","Nunchaku","Juzu Bracelet","Tiny House","Membership Card"],"acts_visited":["Exordium","TheCity"],"potions_floor_usage":[18,23],"damage_taken":[{"damage":0.0,"enemies":"Cultist","floor":1.0,"turns":3.0},{"damage":0.0,"enemies":"2 Louse","floor":5.0,"turns":4.0},{"damage":0.0,"enemies":"Gremlin Nob","floor":6.0,"turns":2.0},{"damage":0.0,"enemies":"Jaw Worm","floor":8.0,"turns":3.0},{"damage":0.0,"enemies":"3 Louse","floor":11.0,"turns":5.0},{"damage":11.0,"enemies":"3 Sentries","floor":12.0,"turns":6.0},{"damage":6.0,"enemies":"Large Slime","floor":13.0,"turns":6.0},{"damage":1.0,"enemies":"Blue Slaver","floor":14.0,"turns":7.0},{"damage":19.0,"enemies":"The Guardian","floor":16.0,"turns":13.0},{"damage":29,"enemies":"3 Byrds","floor":18,"turns":7},{"damage":2,"enemies":"Chosen","floor":21,"turns":5},{"damage":54,"enemies":"Gremlin Leader","floor":23,"turns":6}],"seed_played":"-4857233848865715267","potions_obtained":[{"floor":5.0,"key":"Fire Potion"},{"floor":8.0,"key":"GamblersBrew"},{"floor":11.0,"key":"Regen Potion"},{"floor":12.0,"key":"AttackPotion"},{"floor":14.0,"key":"Dexterity Potion"},{"floor":17.0,"key":"EssenceOfSteel"}],"is_trial":false,"path_per_floor":["M","$","?","?","M","E","R","M","T","R","M","E","M","M","R","B",null,"M","$","?","M","?","E"],"character_chosen":"WATCHER","items_purchased":["BowlingBash","Membership Card","SignatureMove","CarveReality"],"campfire_rested":0,"item_purchase_floors":[2,19,19,19],"current_hp_per_floor":[61,61,66,61,61,61,61,61,61,61,61,61,55,54,54,35,60,31,31,31,29,29,0,0],"gold":0,"neow_bonus":"THREE_RARE_CARDS","is_daily":false,"chose_seed":false,"campfire_upgraded":3,"win_rate":0.0,"timestamp":1612112417,"path_taken":["M","$","?","?","M","E","R","M","T","R","M","E","M","M","R","BOSS","M","$","?","M","?","E"],"items_purchased_type":["Card","Relic","Card","Card"],"build_version":"2020-12-22","purchased_purges":2,"victory":false,"max_hp_per_floor":[62,62,67,61,61,61,61,61,61,61,61,61,61,61,61,61,66,66,66,66,66,66,66,66],"relic_stats":{"Nunchaku":[8],"counters":[12,67],"Golden Idol":82,"Juzu Bracelet":0,"obtain_stats":[{"Anchor":6,"Nunchaku":9,"Tiny House":17,"Golden Idol":4,"Juzu Bracelet":12,"Membership Card":19,"PureWater":0},{"Anchor":3,"Nunchaku":4,"Tiny House":9,"Golden Idol":1,"Juzu Bracelet":6,"Membership Card":10,"PureWater":0},{"Anchor":9,"Nunchaku":12,"Tiny House":49,"Golden Idol":3,"Juzu Bracelet":23,"Membership Card":56,"PureWater":0}]},"card_choices":[{"not_picked":["Judgement","ConjureBlade"],"picked":"LessonLearned","floor":0.0},{"not_picked":["ThirdEye","FlurryOfBlows"],"picked":"CrushJoints","floor":1.0},{"not_picked":["SashWhip","MentalFortress"],"picked":"Adaptation","floor":5.0},{"not_picked":["ClearTheMind","JustLucky"],"picked":"Evaluate","floor":6.0},{"not_picked":["ThirdEye","Halt"],"picked":"DevaForm","floor":8.0},{"not_picked":["Perseverance","Consecrate"],"picked":"Protect","floor":11.0},{"not_picked":["Crescendo","Protect"],"picked":"DeusExMachina","floor":12.0},{"not_picked":["FlyingSleeves","Consecrate"],"picked":"Indignation","floor":13.0},{"not_picked":["Consecrate","FlyingSleeves","Conclude"],"picked":"SKIP","floor":14.0},{"not_picked":["Consecrate","ThirdEye"],"picked":"SandsOfTime","floor":17.0},{"not_picked":["EmptyBody","PathToVictory","Protect"],"picked":"SKIP","floor":18},{"not_picked":["Halt","FlurryOfBlows+1"],"picked":"SignatureMove","floor":21}],"player_experience":4018686,"relics_obtained":[{"floor":6.0,"key":"Anchor"},{"floor":9.0,"key":"Nunchaku"},{"floor":12.0,"key":"Juzu Bracelet"}],"event_choices":[{"damage_healed":0.0,"max_hp_gain":5.0,"max_hp_loss":0.0,"gold_gain":0.0,"event_name":"Big Fish","player_choice":"Donut","floor":3.0,"gold_loss":0.0,"damage_taken":0.0},{"damage_healed":0.0,"max_hp_gain":0.0,"max_hp_loss":6.0,"gold_gain":0.0,"event_name":"Golden Idol","player_choice":"Lose Max HP","floor":4.0,"gold_loss":0.0,"damage_taken":0.0,"relics_obtained":["Golden Idol"]},{"cards_removed":["Defend_P"],"damage_healed":0,"gold_gain":0,"player_choice":"Gave Gold","damage_taken":0,"max_hp_gain":0,"max_hp_loss":0,"event_name":"Beggar","floor":20,"gold_loss":75},{"damage_healed":0,"gold_gain":0,"player_choice":"Paid Fearfully","damage_taken":0,"max_hp_gain":0,"max_hp_loss":0,"event_name":"Masked Bandits","floor":22,"gold_loss":13}],"is_beta":false,"boss_relics":[{"not_picked":["Busted Crown","SlaversCollar"],"picked":"Tiny House"}],"items_purged_floors":[2,19],"is_endless":false,"potions_floor_spawned":[5,8,11,12,14],"killed_by":"Gremlin Leader","ascension_level":18}}