{"host":"\u003c无名\u003e","time":1612077108,"event":{"mods":["BaseMod","Downfall","Lobotomy","Minty Spire (QoL Compilation)","Quick Restart","Remilia（蕾米莉亚）","Replay The Spire","Robot Space Explorer","StSLib","The Bug Knight"],"gold_per_floor":[112,112,62,81,100,139,139,139,157,196,196,196,210,231,83,108,108,228,228,253,253,253,277,291,326,326,350,350,391,56,56,79,204,204,328,328,343,343,343,367,388,428,428,428,428,428,428,428,451,489,503,503,503,503],"floor_reached":55,"language":"ZHS","playtime":3995,"items_purged":["RobotSpaceExplorer:Defend"],"score":829,"play_id":"ba45c828-bf24-45ce-ab24-601a4f0338a8","local_time":"20210131151148","is_ascension_mode":false,"campfire_choices":[{"floor":17.0,"key":"DIG"},{"floor":34,"key":"REST"},{"data":"RobotSpaceExplorer:PowerCollector","floor":43,"key":"SMITH"},{"data":"RobotSpaceExplorer:MiniBoosters","floor":48,"key":"SMITH"}],"circlet_count":0,"master_deck":["RobotSpaceExplorer:Strike","RobotSpaceExplorer:Strike","RobotSpaceExplorer:Strike","RobotSpaceExplorer:Defend","RobotSpaceExplorer:Scan","RobotSpaceExplorer:Probe","Injury","RobotSpaceExplorer:MetalStrike","RobotSpaceExplorer:Pulsar","RobotSpaceExplorer:Blaster","RobotSpaceExplorer:Pulsar","RobotSpaceExplorer:ScrapToss","RobotSpaceExplorer:GlueShot+1","RobotSpaceExplorer:StunGrenade","RobotSpaceExplorer:DualCore","RobotSpaceExplorer:LuckyStrike","RobotSpaceExplorer:ShovelStrike+1","RobotSpaceExplorer:ChargingLaser+1","Clumsy","ReplayTheSpireMod:IOU","Hallucinations","RobotSpaceExplorer:ScrapMissile","RobotSpaceExplorer:Accelerator","RobotSpaceExplorer:MiniDrones","RobotSpaceExplorer:ShovelStrike","RobotSpaceExplorer:SwiftStep+1","downfall:Bewildered","RobotSpaceExplorer:StarDust+1","RobotSpaceExplorer:JunkDive","Replay:Hysterical Blindness","RobotSpaceExplorer:LaserBurst+1","Slimebound:CheckThePlaybook","downfall:Icky","RobotSpaceExplorer:Ammunition","RobotSpaceExplorer:MiniBoosters+1","RobotSpaceExplorer:ChargingLaser+1","RobotSpaceExplorer:ScrapMissile+1","Poisoned Strike+1","RobotSpaceExplorer:Arsenal+1","RobotSpaceExplorer:ToxicBomb+1","RobotSpaceExplorer:Fix+1","RobotSpaceExplorer:PowerCollector+1","Shame","RobotSpaceExplorer:ScrapMissile+1","Parasite","RobotSpaceExplorer:FreezeRay"],"relics":["RobotSpaceExplorer:RoboCore","Gambling Chip","Golden Idol","Ginger","Chameleon Ring","Onion Ring","Ornamental Fan","Replay:Ancient Bell","Replay:Baseball","Gremlin Horn","Du-Vu Doll","Mirror","sneckomod:BabySnecko","RobotSpaceExplorer:BottledGravity","Replay:Mystery Machine","ReplayTheSpireMod:CursedCoin","Molten Egg 2","Pet Ghost","Turnip","Golden Egg","Cursed Key","HollowMod:PaleOreRelic","Replay:Kaleidoscope","Whetstone","Iron Hammer"],"acts_visited":["Exordium","TheCity","TheBeyond"],"potions_floor_usage":[42,54,54,54,55,55],"damage_taken":[{"damage":0.0,"enemies":"Jaw Worm","floor":1.0,"turns":3.0},{"damage":2.0,"enemies":"2 Louse","floor":4.0,"turns":3.0},{"damage":0.0,"enemies":"Cultist","floor":5.0,"turns":4.0},{"damage":15.0,"enemies":"HollowMod:MossKnight","floor":6.0,"turns":18.0},{"damage":2.0,"enemies":"Looter","floor":9.0,"turns":4.0},{"damage":29.0,"enemies":"Lagavulin","floor":10.0,"turns":8.0},{"damage":4.0,"enemies":"Blue Slaver","floor":13.0,"turns":3.0},{"damage":0.0,"enemies":"Large Slime","floor":14.0,"turns":4.0},{"damage":0.0,"enemies":"2 Fungi Beasts","floor":16.0,"turns":4.0},{"damage":16.0,"enemies":"Hexaghost","floor":18.0,"turns":12.0},{"damage":0,"enemies":"2 Thieves","floor":20,"turns":2},{"damage":0,"enemies":"Chosen","floor":23,"turns":3},{"damage":7,"enemies":"Snake Plant","floor":24,"turns":3},{"damage":23,"enemies":"Book of Stabbing","floor":25,"turns":5},{"damage":0,"enemies":"Cultist and Chosen","floor":27,"turns":2},{"damage":7,"enemies":"Slavers","floor":29,"turns":3},{"damage":9,"enemies":"Shelled Parasite and Fungi","floor":32,"turns":3},{"damage":0,"enemies":"Colosseum Slavers","floor":33,"turns":1},{"damage":0,"enemies":"Colosseum Nobs","floor":33,"turns":2},{"damage":29,"enemies":"Champ","floor":35,"turns":7},{"damage":0,"enemies":"Orb Walker","floor":37,"turns":1},{"damage":11,"enemies":"3 Shapes","floor":40,"turns":2},{"damage":9,"enemies":"Writhing Mass","floor":41,"turns":3},{"damage":0,"enemies":"R_Hoarder","floor":42,"turns":3},{"damage":0,"enemies":"Sphere and 2 Shapes","floor":49,"turns":1},{"damage":11,"enemies":"Reptomancer","floor":50,"turns":3},{"damage":0,"enemies":"Jaw Worm Horde","floor":51,"turns":2},{"damage":1,"enemies":"Replay:Hell Engine","floor":54,"turns":3}],"seed_played":"6052766851744366146","potions_obtained":[{"floor":4.0,"key":"Fire Potion"},{"floor":10.0,"key":"Strength Potion"},{"floor":13.0,"key":"SteroidPotion"},{"floor":27,"key":"EntropicBrew"}],"is_trial":false,"path_per_floor":["M","?","?","M","M","E","PTL","PTL","M","E","T","?","M","M","$","M","R","B",null,"M","?","?","M","M","E","?","M","T","E","$","?","M","?","R","B",null,"M","?","?","M","M","E","R","?","PTL","PTL","T","R","M","E","M","T","R","B",null],"character_chosen":"RobotSpaceExplorer","items_purchased":["RobotSpaceExplorer:LuckyStrike","ReplayTheSpireMod:CursedCoin","Molten Egg 2","RobotSpaceExplorer:LaserBurst+1","Pet Ghost"],"campfire_rested":1,"item_purchase_floors":[15,30,30,30,30],"current_hp_per_floor":[75,75,75,73,73,58,58,58,56,27,27,27,23,23,23,23,23,7,75,75,75,75,75,68,45,45,45,45,38,38,38,29,29,51,22,75,75,75,75,64,55,55,55,55,55,55,55,55,55,44,44,44,44,43],"gold":503,"neow_bonus":"ONE_RARE_RELIC","is_daily":false,"chose_seed":false,"campfire_upgraded":2,"win_rate":0.0,"timestamp":1612077108,"path_taken":["M","?","?","M","M","E","PTL","PTL","M","E","T","?","?","M","?","M","R","BOSS","M","?","?","M","M","E","?","M","T","E","$","?","M","?","R","BOSS","M","?","?","M","?","E","R","?","PTL","PTL","T","R","M","E","M","?","R","BOSS"],"items_purchased_type":["Card","Relic","Relic","Card","Relic"],"build_version":"2020-12-18","purchased_purges":1,"victory":true,"max_hp_per_floor":[75,75,75,75,75,75,75,75,75,75,75,75,75,75,75,75,75,75,75,75,75,75,75,75,75,75,75,75,75,75,75,75,75,75,75,75,75,75,75,75,75,75,75,75,75,75,75,75,75,75,75,75,75,75],"card_choices":[{"not_picked":["RobotSpaceExplorer:ScrapMissile","RobotSpaceExplorer:Pulsar"],"picked":"RobotSpaceExplorer:Probe","floor":1.0},{"not_picked":["RobotSpaceExplorer:Pulsar","RobotSpaceExplorer:GlueShot"],"picked":"RobotSpaceExplorer:MetalStrike","floor":4.0},{"not_picked":["RobotSpaceExplorer:SlimeMissile","RobotSpaceExplorer:SurgingShield"],"picked":"RobotSpaceExplorer:Pulsar","floor":5.0},{"not_picked":["RobotSpaceExplorer:SurgingStrike","RobotSpaceExplorer:SurgingShield"],"picked":"RobotSpaceExplorer:Blaster","floor":6.0},{"not_picked":["RobotSpaceExplorer:MetalStrike","RobotSpaceExplorer:RigExplosive"],"picked":"RobotSpaceExplorer:Pulsar","floor":9.0},{"not_picked":["RobotSpaceExplorer:Electropulse","RobotSpaceExplorer:SlimeMissile"],"picked":"RobotSpaceExplorer:ScrapToss","floor":10.0},{"not_picked":["RobotSpaceExplorer:ShockKick","RobotSpaceExplorer:DoubleBlock"],"picked":"RobotSpaceExplorer:StunGrenade","floor":13.0},{"not_picked":["RobotSpaceExplorer:SurgingStrike","RobotSpaceExplorer:TrailblazerForm"],"picked":"RobotSpaceExplorer:DualCore","floor":14.0},{"not_picked":["RobotSpaceExplorer:ShockKick","RobotSpaceExplorer:SwiftStep"],"picked":"RobotSpaceExplorer:ShovelStrike","floor":16.0},{"not_picked":["RobotSpaceExplorer:DroneSwarm","RobotSpaceExplorer:Wormhole"],"picked":"RobotSpaceExplorer:ChargingLaser","floor":18.0},{"not_picked":["Normality","Greed_TH"],"picked":"Clumsy","floor":19.0},{"not_picked":["Spreading Infection","Normality"],"picked":"ReplayTheSpireMod:IOU","floor":19.0},{"not_picked":["Normality","Languid"],"picked":"Hallucinations","floor":19.0},{"not_picked":["RobotSpaceExplorer:GlueSpray","RobotSpaceExplorer:MetalStrike"],"picked":"RobotSpaceExplorer:ScrapMissile","floor":20},{"not_picked":["RobotSpaceExplorer:FranticSearch","RobotSpaceExplorer:Probe"],"picked":"RobotSpaceExplorer:MiniDrones","floor":23},{"not_picked":["RobotSpaceExplorer:ShockKick+1","RobotSpaceExplorer:SlimeMissile"],"picked":"RobotSpaceExplorer:ShovelStrike","floor":24},{"not_picked":["RobotSpaceExplorer:Probe","RobotSpaceExplorer:MetalStrike"],"picked":"RobotSpaceExplorer:SwiftStep+1","floor":25},{"not_picked":["RobotSpaceExplorer:ExhaustFan","RobotSpaceExplorer:Counterblock"],"picked":"RobotSpaceExplorer:StarDust+1","floor":27},{"not_picked":["RobotSpaceExplorer:FreezingShield","RobotSpaceExplorer:Blaster"],"picked":"RobotSpaceExplorer:JunkDive","floor":29},{"not_picked":["RobotSpaceExplorer:ShovelStrike+1","RobotSpaceExplorer:ScrapToss+1"],"picked":"RobotSpaceExplorer:Ammunition","floor":32},{"not_picked":["RobotSpaceExplorer:FreezingShield+1","RobotSpaceExplorer:Smokescreen"],"picked":"RobotSpaceExplorer:MiniBoosters","floor":33},{"not_picked":["RobotSpaceExplorer:BlastShield","RobotSpaceExplorer:Exploration"],"picked":"RobotSpaceExplorer:ChargingLaser+1","floor":35},{"not_picked":["RobotSpaceExplorer:Probe+1","RobotSpaceExplorer:FranticSearch+1"],"picked":"RobotSpaceExplorer:ScrapMissile+1","floor":37},{"not_picked":["Replay:BasicMightCard","Deep Breath"],"picked":"Poisoned Strike+1","floor":38},{"not_picked":["RobotSpaceExplorer:StarDust+1","RobotSpaceExplorer:Pulsar+1"],"picked":"RobotSpaceExplorer:ToxicBomb+1","floor":40},{"not_picked":["RobotSpaceExplorer:Reload","RobotSpaceExplorer:Ammunition+1"],"picked":"RobotSpaceExplorer:Fix+1","floor":41},{"not_picked":["RobotSpaceExplorer:StarDust","RobotSpaceExplorer:MiniDrones+1"],"picked":"RobotSpaceExplorer:PowerCollector","floor":42},{"not_picked":["RobotSpaceExplorer:FranticSearch+1","RobotSpaceExplorer:SlimeMissile+1","RobotSpaceExplorer:MetalStrike+1"],"picked":"SKIP","floor":49},{"not_picked":["RobotSpaceExplorer:ScrapMissile+1","RobotSpaceExplorer:Electroshield","RobotSpaceExplorer:SurgingShield+1"],"picked":"SKIP","floor":50},{"not_picked":["RobotSpaceExplorer:MiniDrones+1","RobotSpaceExplorer:GlueShot+1"],"picked":"RobotSpaceExplorer:ScrapMissile+1","floor":51}],"player_experience":615387,"relics_obtained":[{"floor":6.0,"key":"Ginger"},{"floor":10.0,"key":"Chameleon Ring"},{"floor":11.0,"key":"Onion Ring"},{"floor":17.0,"key":"Ornamental Fan"},{"floor":25,"key":"Mirror"},{"floor":28,"key":"RobotSpaceExplorer:BottledGravity"},{"floor":29,"key":"Replay:Mystery Machine"},{"floor":33,"key":"Turnip"},{"floor":33,"key":"Golden Egg"},{"floor":42,"key":"HollowMod:PaleOreRelic"},{"floor":47,"key":"Replay:Kaleidoscope"},{"floor":50,"key":"Whetstone"},{"floor":52,"key":"Iron Hammer"}],"event_choices":[{"damage_healed":0.0,"max_hp_gain":0.0,"max_hp_loss":0.0,"gold_gain":0.0,"event_name":"Golden Idol","player_choice":"Take Wound","floor":2.0,"gold_loss":0.0,"damage_taken":0.0,"relics_obtained":["Golden Idol"],"cards_obtained":["Injury"]},{"cards_removed":["Amnesia"],"damage_healed":0.0,"max_hp_gain":0.0,"max_hp_loss":0.0,"gold_gain":0.0,"event_name":"The Cleric","player_choice":"Card Removal","floor":3.0,"gold_loss":50.0,"damage_taken":0.0},{"damage_healed":0,"gold_gain":0,"player_choice":"Read","damage_taken":0,"max_hp_gain":0,"max_hp_loss":0,"event_name":"The Library","floor":21,"gold_loss":0,"cards_obtained":["RobotSpaceExplorer:Accelerator"]},{"cards_removed":["RobotSpaceExplorer:Strike"],"damage_healed":0,"gold_gain":0,"player_choice":"Elegance","damage_taken":0,"max_hp_gain":0,"max_hp_loss":0,"event_name":"Back to Basics","floor":22,"gold_loss":0},{"damage_healed":0,"gold_gain":0,"player_choice":"Fight","damage_taken":0,"max_hp_gain":0,"max_hp_loss":0,"event_name":"Colosseum","floor":33,"gold_loss":0},{"damage_healed":0,"gold_gain":0,"player_choice":"Fought Nobs","damage_taken":0,"max_hp_gain":0,"max_hp_loss":0,"event_name":"Colosseum","floor":33,"gold_loss":0},{"damage_healed":0,"gold_gain":0,"player_choice":"Memory 1","damage_taken":0,"max_hp_gain":0,"max_hp_loss":0,"event_name":"SensoryStone","floor":38,"gold_loss":0},{"damage_healed":0,"gold_gain":0,"cards_transformed":["RobotSpaceExplorer:Defend"],"player_choice":"Transformed","damage_taken":0,"max_hp_gain":0,"max_hp_loss":0,"event_name":"Transmorgrifier","floor":39,"gold_loss":0,"cards_obtained":["RobotSpaceExplorer:Arsenal"]},{"damage_healed":0,"gold_gain":0,"player_choice":"Ignored","damage_taken":0,"max_hp_gain":0,"max_hp_loss":0,"event_name":"Tomb of Lord Red Mask","floor":44,"gold_loss":0}],"is_beta":true,"boss_relics":[{"not_picked":["Busted Crown","Ectoplasm"],"picked":"Replay:Ancient Bell"},{"not_picked":["Lantern","Grinning Jar"],"picked":"Replay:Baseball"},{"not_picked":["Singing Bowl","Kunai"],"picked":"Gremlin Horn"},{"not_picked":["FossilizedHelix","Bird Faced Urn"],"picked":"Du-Vu Doll"},{"not_picked":["Snecko Eye","Empty Cage"],"picked":"Cursed Key"}],"items_purged_floors":[15],"is_endless":false,"potions_floor_spawned":[4,10,13,20,27,29,33,33,35,37,41,49,50],"ascension_level":0}}