{"host":"o6rpelx2jpc8yies","time":1612117317,"event":{"mods":["BaseMod","Downfall","Minty Spire (QoL Compilation)","StSLib"],"gold_per_floor":[99,109,126,142,157,187,256,156,66,93,122,151,198,230,252,264,264,264],"floor_reached":16,"language":"ENG","playtime":700,"items_purged":["bronze:Strike"],"score":181,"play_id":"59062df9-0dff-43e3-b566-dfe82c9f6afd","local_time":"20210131112157","is_ascension_mode":true,"campfire_choices":[{"floor":1.0,"key":"RECALL"},{"data":"bronze:Break","floor":8.0,"key":"SMITH"}],"circlet_count":0,"master_deck":["bronze:Strike","bronze:Strike","bronze:Strike","bronze:Defend","bronze:Defend","bronze:Defend","bronze:Defend","bronze:Replicate","bronze:Goto","bronze:Break+1","bronze:Separator","bronze:Iterate","bronze:Branch","bronze:ItsAFeature","bronze:Boost","bronze:Refactor","bronze:Repair"],"relics":["bronze:BronzeCore","Ice Cream","bronze:CableSpool","downfall:HeartBlessingRed","MawBank","bronze:Timepiece"],"acts_visited":["Exordium"],"potions_floor_usage":[16],"damage_taken":[{"damage":1.0,"enemies":"Cultist","floor":2.0,"turns":3.0},{"damage":0.0,"enemies":"2 Louse","floor":3.0,"turns":1.0},{"damage":0.0,"enemies":"Jaw Worm","floor":4.0,"turns":1.0},{"damage":0.0,"enemies":"3 Louse","floor":5.0,"turns":2.0},{"damage":27.0,"enemies":"3 Sentries","floor":6.0,"turns":8.0},{"damage":12.0,"enemies":"downfall:FleeingMerchant","floor":9.0,"turns":4.0},{"damage":0.0,"enemies":"Gremlin Nob","floor":10.0,"turns":2.0},{"damage":6.0,"enemies":"Exordium Thugs","floor":11.0,"turns":3.0},{"damage":0.0,"enemies":"Lots of Slimes","floor":12.0,"turns":4.0},{"damage":22.0,"enemies":"Lagavulin","floor":13.0,"turns":5.0},{"damage":0.0,"enemies":"Blue Slaver","floor":14.0,"turns":3.0},{"damage":0.0,"enemies":"2 Fungi Beasts","floor":15.0,"turns":1.0},{"damage":13,"enemies":"WA_ARCHETYPE_RETAIN","floor":16,"turns":2}],"seed_played":"7564165477596145693","potions_obtained":[{"floor":2.0,"key":"LiquidBronze"},{"floor":3.0,"key":"BlessingOfTheForge"},{"floor":5.0,"key":"bronze:BuildAFunctionPotion"},{"floor":10.0,"key":"Block Potion"},{"floor":12.0,"key":"Weak Potion"},{"floor":13.0,"key":"AttackPotion"}],"is_trial":false,"path_per_floor":["R","M","M","M","M","E","T","R","$","E","M","M","E","M","M","B"],"character_chosen":"THE_AUTOMATON","items_purchased":[],"campfire_rested":0,"item_purchase_floors":[],"current_hp_per_floor":[70,69,69,69,69,42,42,42,30,30,24,24,2,9,9,0,0,0],"gold":264,"neow_bonus":"ONE_RANDOM_RARE_CARD","is_daily":false,"chose_seed":false,"campfire_upgraded":1,"win_rate":0.0,"timestamp":1612117317,"path_taken":["R","M","M","M","M","E","T","R","$","E","M","?","E","M","M","BOSS"],"items_purchased_type":[],"build_version":"2020-12-22","purchased_purges":1,"victory":false,"max_hp_per_floor":[70,70,70,70,70,70,70,70,70,70,70,70,70,70,70,70,70,70],"card_choices":[{"not_picked":["bronze:ChildClass","bronze:BuggyMess"],"picked":"bronze:Separator","floor":2.0},{"not_picked":["bronze:Turbo","bronze:BuggyMess"],"picked":"bronze:Iterate","floor":3.0},{"not_picked":["bronze:WildBeam","bronze:BitShift","bronze:BuggyMess"],"picked":"SKIP","floor":4.0},{"not_picked":["bronze:BronzeOrb","bronze:Turbo"],"picked":"bronze:Branch","floor":5.0},{"not_picked":["bronze:BronzeOrb","bronze:DelayedGuard"],"picked":"bronze:ItsAFeature","floor":6.0},{"not_picked":["bronze:CutThrough","bronze:RecursiveStrike"],"picked":"bronze:Boost","floor":9.0},{"not_picked":["bronze:NullPointer","bronze:InfiniteBeams","bronze:BitShift"],"picked":"SKIP","floor":10.0},{"not_picked":["bronze:WildBeam","bronze:FineTuning"],"picked":"bronze:Refactor","floor":11.0},{"not_picked":["bronze:FineTuning","bronze:Turbo","bronze:DigitalCarnage"],"picked":"SKIP","floor":12.0},{"not_picked":["bronze:BugBarrage","bronze:Invalidate"],"picked":"bronze:Repair","floor":13.0},{"not_picked":["bronze:ItsAFeature","bronze:WildBeam","bronze:Assembly"],"picked":"SKIP","floor":14.0},{"not_picked":["bronze:WildBeam","bronze:InfiniteBeams","bronze:BitShift"],"picked":"SKIP","floor":15.0}],"player_experience":1890259,"relics_obtained":[{"floor":6.0,"key":"Ice Cream"},{"floor":7.0,"key":"bronze:CableSpool"},{"floor":10.0,"key":"MawBank"},{"floor":13.0,"key":"bronze:Timepiece"}],"event_choices":[],"is_beta":false,"boss_relics":[],"items_purged_floors":[9],"is_endless":false,"potions_floor_spawned":[2,3,5,10,12,13],"killed_by":"WA_ARCHETYPE_RETAIN","ascension_level":4}}