{"host":"sav7uxregyirlf69","time":1612064321,"event":{"mods":["AchievementEnabler","BaseMod","Colored Map","DeckTracker","Keyboard Shortcuts","Minty Spire (QoL Compilation)","READ ME - Guardian Mod","StSLib","SuperFastMode"],"gold_per_floor":[118,118,132,132,207,234,9,9,33,33,33,44,58,58,58,131,131,148,158,172,190,105,105,125,154,154,204,223,223,242,242,242,242,242],"floor_reached":33,"language":"KOR","playtime":649,"items_purged":[],"score":467,"play_id":"fed22d49-0830-483e-ba14-729851927696","local_time":"20210131123841","is_ascension_mode":true,"campfire_choices":[{"data":"Tactician","floor":8.0,"key":"SMITH"},{"data":"Noxious Fumes","floor":10.0,"key":"SMITH"},{"data":"Bouncing Flask","floor":15.0,"key":"SMITH"},{"data":"Reflex","floor":23.0,"key":"SMITH"},{"floor":29,"key":"REST"},{"data":"Catalyst","floor":32,"key":"SMITH"}],"circlet_count":0,"master_deck":["AscendersBane","Strike_G","Strike_G","Strike_G","Strike_G","Strike_G","Defend_G","Defend_G+1","Defend_G","Defend_G","Defend_G","Survivor","Neutralize","Panacea","Bouncing Flask+1","Crippling Poison+1","Tactician+1","Acrobatics","Noxious Fumes+1","Backflip","Reflex+1","Adrenaline","Concentrate+1","Prepared","Catalyst+1"],"relics":["Ring of the Snake","Thread and Needle","MawBank","TheAbacus","War Paint","Tingsha","Sozu","Regal Pillow","PreservedInsect","SsserpentHead"],"acts_visited":["Exordium","TheCity"],"potions_floor_usage":[],"damage_taken":[{"damage":1.0,"enemies":"Cultist","floor":1.0,"turns":4.0},{"damage":0.0,"enemies":"Jaw Worm","floor":3.0,"turns":4.0},{"damage":22.0,"enemies":"3 Sentries","floor":6.0,"turns":12.0},{"damage":0.0,"enemies":"2 Louse","floor":12.0,"turns":3.0},{"damage":4.0,"enemies":"Blue Slaver","floor":13.0,"turns":4.0},{"damage":10.0,"enemies":"Hexaghost","floor":16.0,"turns":9.0},{"damage":0.0,"enemies":"Spheric Guardian","floor":18.0,"turns":3.0},{"damage":8.0,"enemies":"2 Thieves","floor":19.0,"turns":5.0},{"damage":3.0,"enemies":"Sentry and Sphere","floor":20.0,"turns":5.0},{"damage":3.0,"enemies":"Centurion and Healer","floor":21.0,"turns":5.0},{"damage":0.0,"enemies":"Snecko","floor":24.0,"turns":4.0},{"damage":41.0,"enemies":"Slavers","floor":25.0,"turns":6.0},{"damage":0,"enemies":"Shelled Parasite and Fungi","floor":28,"turns":6},{"damage":0,"enemies":"Cultist and Chosen","floor":30,"turns":5},{"damage":56,"enemies":"Automaton","floor":33,"turns":6}],"seed_played":"-3081807192615149339","potions_obtained":[{"floor":1.0,"key":"ColorlessPotion"},{"floor":12.0,"key":"Weak Potion"}],"is_trial":false,"path_per_floor":["M","T","M","?","?","E","$","R","T","R","$","M","M","T","R","B",null,"M","M","M","M","?","R","M","E","T","?","M","R","M","?","R","B"],"character_chosen":"THE_SILENT","items_purchased":["Acrobatics","TheAbacus","Noxious Fumes"],"campfire_rested":1,"item_purchase_floors":[7,7,7],"current_hp_per_floor":[58,58,58,63,52,30,30,30,30,30,30,30,26,26,26,16,57,57,49,46,43,43,43,43,2,2,2,2,38,38,38,38,0,0],"gold":242,"neow_bonus":"RANDOM_COLORLESS","is_daily":false,"chose_seed":false,"campfire_upgraded":5,"win_rate":0.0,"timestamp":1612064321,"path_taken":["M","?","M","?","?","E","$","R","T","R","?","M","M","?","R","BOSS","M","M","?","?","?","R","M","E","T","?","M","R","M","?","R","BOSS"],"items_purchased_type":["Card","Relic","Card"],"build_version":"2020-12-22","purchased_purges":0,"victory":false,"max_hp_per_floor":[66,66,66,71,71,71,71,71,71,71,71,71,71,71,71,71,71,71,71,71,71,71,71,71,71,71,71,71,71,71,71,71,71,71],"card_choices":[{"not_picked":["Forethought","Purity"],"picked":"Panacea","floor":0.0},{"not_picked":["Dagger Throw","Calculated Gamble"],"picked":"Bouncing Flask","floor":1.0},{"not_picked":["Infinite Blades","PiercingWail"],"picked":"Crippling Poison","floor":3.0},{"not_picked":["Choke","Dodge and Roll"],"picked":"Tactician","floor":6.0},{"not_picked":["Accuracy","Noxious Fumes"],"picked":"Backflip","floor":12.0},{"not_picked":["Masterful Stab","Outmaneuver"],"picked":"Reflex","floor":13.0},{"not_picked":["Tools of the Trade","Envenom"],"picked":"Adrenaline","floor":16.0},{"not_picked":["Finisher","Outmaneuver","Backflip+1"],"picked":"SKIP","floor":18.0},{"not_picked":["Backflip","Poisoned Stab"],"picked":"Concentrate+1","floor":19.0},{"not_picked":["Cloak And Dagger","Backflip+1"],"picked":"Prepared","floor":20.0},{"not_picked":["Underhanded Strike","Skewer","Poisoned Stab+1"],"picked":"SKIP","floor":21.0},{"not_picked":["Prepared","Acrobatics","Outmaneuver"],"picked":"SKIP","floor":24.0},{"not_picked":["Dagger Throw","Envenom","Riddle With Holes"],"picked":"SKIP","floor":25.0},{"not_picked":["Deflect","Choke","Outmaneuver+1"],"picked":"SKIP","floor":28},{"not_picked":["Accuracy","Dodge and Roll+1"],"picked":"Catalyst","floor":30}],"player_experience":1443840,"relics_obtained":[{"floor":2.0,"key":"Thread and Needle"},{"floor":6.0,"key":"MawBank"},{"floor":9.0,"key":"War Paint"},{"floor":14.0,"key":"Tingsha"},{"floor":25.0,"key":"PreservedInsect"}],"event_choices":[{"damage_healed":0.0,"max_hp_gain":5.0,"max_hp_loss":0.0,"gold_gain":0.0,"event_name":"Big Fish","player_choice":"Donut","floor":4.0,"gold_loss":0.0,"damage_taken":0.0},{"damage_healed":0.0,"max_hp_gain":0.0,"max_hp_loss":0.0,"gold_gain":75.0,"event_name":"World of Goop","player_choice":"Gather Gold","floor":5.0,"gold_loss":0.0,"damage_taken":11.0},{"damage_healed":0.0,"max_hp_gain":0.0,"max_hp_loss":0.0,"gold_gain":0.0,"event_name":"Addict","player_choice":"Obtained Relic","floor":22.0,"gold_loss":85.0,"damage_taken":0.0,"relics_obtained":["Regal Pillow"]},{"damage_healed":0,"gold_gain":50,"player_choice":"Stole From Cult","damage_taken":0,"max_hp_gain":0,"max_hp_loss":0,"event_name":"Nest","floor":27,"gold_loss":0},{"damage_healed":0,"gold_gain":0,"player_choice":"Trade","damage_taken":0,"relics_obtained":["SsserpentHead"],"max_hp_gain":0,"max_hp_loss":0,"event_name":"FaceTrader","floor":31,"gold_loss":0}],"is_beta":false,"boss_relics":[{"not_picked":["Snecko Eye","Runic Dome"],"picked":"Sozu"}],"items_purged_floors":[],"is_endless":false,"potions_floor_spawned":[1,12,19,21,24],"killed_by":"Automaton","ascension_level":15}}