{"host":"dn6kke80v5f7isus","time":1612066962,"event":{"mods":["AchievementEnabler","Act Like it!","BaseMod","Colored Powertips","Custom Start","Defuse TimeMaze Blight","Gremlin Skip","Highlight Path","Hubris","Infinite Spire","Marisa????????","Minty Spire (QoL Compilation)","Rare Cards Sparkle","Reliquary","Replay The Spire","StSLib","The Servant 0.9.4","Uncapped","Unceasing Turn Reminder"],"gold_per_floor":[111,111,111,111,111,111,123,48,48,48,76,76,103,3,3,108,208,189,189,13,30,30,56,56,83,110,110,110,110,1038,1057,1057,1231,1231,1325,1424,446,503,551,551,3551,3551,3551,3797,3172,3172,3406,3406,3406,3728,3728,3975,3975,3306,3306,3306,3306,3306,3306,3306,3552,3803,4076,4076,3380,3479,3788,3788,4039,3954,3954,2836,3026,3026,3254,3254,3280,3498,3498,3019,3118,2745,2745,3026,3026,3222,3443,3061,3243,3243,3243,2952,2952,3034,3232,3232,3232,3471,3713,3713,4046,4046,4320,4320,3899,4155,3768,4030,3773,4201,4227,4227,4227,4510,4815,5146,5146,5555,5555,6025,6025,6027,6027,5558,5944,5226,5583,5608,5976,5976,6374,6374,6738,6738,7228,7428,7904,7939,7939,8471,8475,9024,9615,10227,10227,9776,9776,9776,10406,11098,11098,11078,11078],"floor_reached":152,"language":"ENG","playtime":4844,"items_purged":["Strike_MRS","Defend_MRS","Strike_MRS","Strike_MRS","Defend_MRS","Defend_MRS+1","hubris:Greed"],"score":4975,"play_id":"d6e2c547-d9bf-47d1-8179-83460a8e0f94","local_time":"20210130232242","is_ascension_mode":true,"campfire_choices":[{"data":"GasGiant","floor":6.0,"key":"SMITH"},{"data":"EnergyFlow","floor":10.0,"key":"SMITH"},{"data":"MasterSpark","floor":12.0,"key":"SMITH"},{"floor":15.0,"key":"REST"},{"data":"UpSweep","floor":15.0,"key":"SMITH"},{"floor":24.0,"key":"REST"},{"data":"WitchLeyline","floor":24.0,"key":"SMITH"},{"floor":28.0,"key":"REST"},{"data":"J.A.X.","floor":28.0,"key":"SMITH"},{"floor":32.0,"key":"REST"},{"data":"ShootingEcho","floor":32.0,"key":"SMITH"},{"floor":40.0,"key":"REST"},{"data":"SuperNova","floor":40.0,"key":"SMITH"},{"data":"Defend_MRS","floor":42,"key":"SMITH"},{"floor":46,"key":"REST"},{"data":"OortCloud","floor":46,"key":"SMITH"},{"floor":49,"key":"RECALL"},{"floor":57,"key":"REST"},{"data":"MilkyWay","floor":57,"key":"SMITH"},{"floor":59,"key":"REST"},{"floor":74,"key":"REST"},{"data":"ReplayTheSpireMod:Private Reserves","floor":74,"key":"SMITH"},{"floor":83,"key":"REST"},{"data":"UltimateShortwave","floor":83,"key":"SMITH"},{"floor":91,"key":"REST"},{"data":"MillisecondPulsars","floor":91,"key":"SMITH"},{"floor":93,"key":"REST"},{"floor":97,"key":"REST"},{"data":"DragonMeteor","floor":97,"key":"SMITH"},{"floor":100,"key":"REST"},{"floor":112,"key":"REST"},{"data":"BlazingStar","floor":112,"key":"SMITH"},{"data":"ReplayTheSpireMod:Haul","floor":112,"key":"SMITH"},{"data":"EarthLightRay","floor":117,"key":"SMITH"},{"data":"CasketOfStar","floor":117,"key":"SMITH"},{"data":"infinitespire:Oblivion","floor":132,"key":"SMITH"},{"data":"PropBag","floor":132,"key":"SMITH"},{"data":"WitchLeyline","floor":134,"key":"SMITH"},{"data":"1","floor":148,"key":"LIFT"},{"data":"2","floor":151,"key":"LIFT"}],"circlet_count":0,"master_deck":["MasterSpark+1","UpSweep+1","GasGiant+1","EnergyFlow+1","ShootingEcho+1","J.A.X.+1","AsteroidBelt+1","DragonMeteor+1","SuperNova+1","Bandage Up+1","OortCloud+1","EnergyFlow+1","EscapeVelocity+1","Acceleration+1","Parasite","MilkyWay+1","UltimateShortwave+1","BlazingStar+1","Pain","ShootingEcho+1","Parasite","ReplayTheSpireMod:Private Reserves+1","MillisecondPulsars+1","DragonMeteor+1","OortCloud+1","CasketOfStar+1","PropBag+1","WitchLeyline+1","ReplayTheSpireMod:Haul+1","BlazingStar+1","EarthLightRay+1","Singularity+1","infinitespire:Oblivion+1","AbeCurse","hubris:DuctTapeCard","Parasite","Parasite"],"relics":["MiniHakkero","NeowsBlessing","infinitespire:Magic Flask","Omamori","FossilizedHelix","Replay:Wanted Poster","reliquary:WritOfMandamus","Akabeko","hubris:TinFlute","hubris:Icosahedron","Nunchaku","Blood Vial","infinitespire:EvilPickle","Black Star","Turnip","infinitespire:BottledMercury","Frozen Eye","Kunai","hubris:Zylophone","reliquary:Boomerang","reliquary:SilkGlove","OrangePellets","hubris:BottledRain","Boot","SacredBark","SimpleLauncher","infinitespire:Golems Mask","Bloody Idol","reliquary:PartyBalloon","reliquary:WeakTea","infinitespire:Joker Card","Toy Ornithopter","infinitespire:Broken Mirror","hubris:EmptyBottle","Thread and Needle","hubris:MysteriousPyramids","Replay:Ancient Bell","hubris:TenFootPole","infinitespire:EmpoweringShard","Pocketwatch","Darkstone Periapt","Shuriken","Lizard Tail","DollysMirror","Replay:Arrowhead","ReplayTheSpireMod:Ninjato","Medical Kit","hubris:TerracottaHorce","Whetstone","reliquary:TatteredRug","Centennial Puzzle","TheAbacus","Matryoshka","reliquary:SharkskinSheath","Strange Spoon","Bag of Marbles","infinitespire:Lucky Rock","hubris:DeckOfHolding","Durian","RampagingMagicTools","infinitespire:Midas Blood","infinitespire:Satchel","reliquary:Stiletto","Orichalcum","Onion Ring","Anchor","Gremlin Horn","Happy Flower","hubris:MobiusCoin","ReplayTheSpireMod:TigerMarble","Replay:PocketPolymizer","Replay:Baseball","PreservedInsect","Strawberry","reliquary:PrincelyHelmet","Vajra","reliquary:Ember","hubris:Towel","hubris:BottledHeart","hubris:SlimyHat","MealTicket","Replay:Lucky Slots","reliquary:RoseTintedGlasses","Potion Belt","Girya","hubris:ToyBattleship","HandDrill","reliquary:IridiumChain","Smiling Mask","reliquary:Knoch","reliquary:SharkskinSheath","SproutingBranch","ReplayFunnel","Abe\u0027s Treasure","hubris:Stopwatch","infinitespire:EvilPickle","hubris:MedicalManual","CatCart","Ornamental Fan","hubris:DuctTape","Replay:Towering Pillar of Hats","ShroomBag","Tiny Chest","Cauldron","Bronze Scales","Oddly Smooth Stone","Mummified Hand","Sundial"],"acts_visited":["Exordium","TheCity","TheBeyond","Exordium","TheCity","TheBeyond","Exordium","TheCity","TheBeyond"],"potions_floor_usage":[44,50,50,61,67,67,67,72,72,75,75,89,89,99,99,101,101,108,110,125,127,129,129,129,129,129,129,129,129,129,140,140,140,140,141,152,152,152,152],"damage_taken":[{"damage":0.0,"enemies":"Cultist","floor":1.0,"turns":1.0},{"damage":0.0,"enemies":"Jaw Worm","floor":7.0,"turns":1.0},{"damage":0.0,"enemies":"3 Sentries","floor":11.0,"turns":2.0},{"damage":6.0,"enemies":"Gremlin Nob","floor":13.0,"turns":3.0},{"damage":5.0,"enemies":"Fading Forest","floor":16.0,"turns":11.0},{"damage":0.0,"enemies":"2 Thieves","floor":18.0,"turns":4.0},{"damage":11.0,"enemies":"Chosen","floor":21.0,"turns":3.0},{"damage":20.0,"enemies":"Nightmare","floor":23.0,"turns":7.0},{"damage":25.0,"enemies":"Slavers","floor":25.0,"turns":5.0},{"damage":18.0,"enemies":"Book of Stabbing","floor":30.0,"turns":4.0},{"damage":0.0,"enemies":"Snecko","floor":31.0,"turns":4.0},{"damage":40.0,"enemies":"Pondfish","floor":33.0,"turns":7.0},{"damage":2.0,"enemies":"Orb Walker","floor":35.0,"turns":3.0},{"damage":26.0,"enemies":"3 Darklings","floor":36.0,"turns":5.0},{"damage":4.0,"enemies":"Writhing Mass","floor":39.0,"turns":4.0},{"damage":7,"enemies":"Transient","floor":44,"turns":5},{"damage":0,"enemies":"R_Hoarder","floor":47,"turns":7},{"damage":44,"enemies":"Awakened One","floor":50,"turns":4},{"damage":0,"enemies":"Small Slimes","floor":52,"turns":3},{"damage":0,"enemies":"Lagavulin","floor":61,"turns":2},{"damage":0,"enemies":"Jaw Worm","floor":62,"turns":2},{"damage":0,"enemies":"Gremlin Nob","floor":63,"turns":2},{"damage":0,"enemies":"Fading Forest","floor":67,"turns":6},{"damage":1,"enemies":"2 Thieves","floor":69,"turns":3},{"damage":12,"enemies":"Spheric Guardian","floor":73,"turns":3},{"damage":28,"enemies":"Slavers","floor":75,"turns":2},{"damage":8,"enemies":"Snake Plant","floor":78,"turns":2},{"damage":0,"enemies":"Champ","floor":84,"turns":1},{"damage":8,"enemies":"3 Shapes","floor":86,"turns":3},{"damage":0,"enemies":"Orb Walker","floor":87,"turns":2},{"damage":29,"enemies":"4 Shapes","floor":89,"turns":3},{"damage":24,"enemies":"Writhing Mass","floor":95,"turns":2},{"damage":0,"enemies":"Giant Head","floor":98,"turns":1},{"damage":15,"enemies":"3 Darklings","floor":99,"turns":2},{"damage":26,"enemies":"infinitespire:MassOfShapes","floor":101,"turns":3},{"damage":0,"enemies":"Jaw Worm","floor":103,"turns":1},{"damage":0,"enemies":"Cultist","floor":106,"turns":2},{"damage":0,"enemies":"Gremlin Nob","floor":108,"turns":2},{"damage":38,"enemies":"Nightmare","floor":110,"turns":3},{"damage":0,"enemies":"Small Slimes","floor":114,"turns":1},{"damage":0,"enemies":"Looter","floor":115,"turns":1},{"damage":0,"enemies":"Gremlin Nob","floor":116,"turns":1},{"damage":0,"enemies":"Hexaghost","floor":118,"turns":2},{"damage":0,"enemies":"2 Thieves","floor":120,"turns":1},{"damage":0,"enemies":"Gremlin Leader","floor":125,"turns":1},{"damage":0,"enemies":"Book of Stabbing","floor":127,"turns":1},{"damage":0,"enemies":"Nightmare_Alpha","floor":129,"turns":3},{"damage":0,"enemies":"3 Byrds","floor":131,"turns":1},{"damage":0,"enemies":"3 Cultists","floor":133,"turns":2},{"damage":0,"enemies":"Pondfish","floor":135,"turns":3},{"damage":0,"enemies":"3 Darklings","floor":137,"turns":1},{"damage":0,"enemies":"2 Orb Walkers","floor":138,"turns":2},{"damage":0,"enemies":"3 Shapes","floor":140,"turns":2},{"damage":0,"enemies":"Orin","floor":141,"turns":3},{"damage":0,"enemies":"R_Hoarder","floor":142,"turns":3},{"damage":0,"enemies":"Sphere and 2 Shapes","floor":143,"turns":1},{"damage":0,"enemies":"Transient","floor":144,"turns":1},{"damage":0,"enemies":"Writhing Mass","floor":149,"turns":2},{"damage":0,"enemies":"Nemesis","floor":150,"turns":1}],"seed_played":"-695289322084187326","potions_obtained":[{"floor":1.0,"key":"GamblersBrew"},{"floor":11.0,"key":"ColorlessPotion"},{"floor":13.0,"key":"Fire Potion"},{"floor":21.0,"key":"Block Potion"},{"floor":23.0,"key":"Explosive Potion"},{"floor":25.0,"key":"FearPotion"},{"floor":30.0,"key":"SkillPotion"},{"floor":33.0,"key":"Ancient Potion"},{"floor":38.0,"key":"EntropicBrew"},{"floor":39.0,"key":"AttackPotion"},{"floor":47,"key":"Elixir"},{"floor":48,"key":"Regen Potion"},{"floor":52,"key":"Fruit Juice"},{"floor":61,"key":"infinitespire:BlackPotion"},{"floor":69,"key":"Fire Potion"},{"floor":75,"key":"Explosive Potion"},{"floor":86,"key":"LiquidMemories"},{"floor":87,"key":"Milkshake"},{"floor":89,"key":"ColorlessPotion"},{"floor":99,"key":"Elixir"},{"floor":103,"key":"Swift Potion"},{"floor":108,"key":"ShroomBrew"},{"floor":110,"key":"FairyPotion"},{"floor":114,"key":"Swift Potion"},{"floor":143,"key":"Doom Potion"},{"floor":146,"key":"infinitespire:BlackPotion"},{"floor":146,"key":"DistilledChaos"}],"is_trial":false,"path_per_floor":["M","?","?","?","?","R","M","$","T","R","E","R","E","$","R","B",null,"M","?","$","M","AVR","NM","R","E","T","?","R","?","E","M","R","B",null,"M","M","$","?","M","R","?","R","T","M","$","R","E","?","R","B",null,"M","?","$","?","?","R","?","R","T","E","M","E","?","$","R","B",null,"M","?","?","$","M","R","E","AVR","T","M","?","?","?","$","R","B",null,"M","M","$","M","?","R","$","R","T","M","AVR","R","E","M","R","B",null,"M","?","$","M","$","E","$","NM","T","R","?","M","M","E","R","B",null,"M","?","?","?","$","E","$","E","T","NM","AVR","M","R","M","R","B",null,"M","?","?","M","?","E","M","M","T","$","?","R","M","E","R","B"],"character_chosen":"MARISA","items_purchased":["WitchLeyline","Turnip","infinitespire:BottledMercury","Frozen Eye","Block Potion","Bandage Up","reliquary:Boomerang","reliquary:SilkGlove","OrangePellets","SimpleLauncher","infinitespire:Golems Mask","MilkyWay","hubris:EmptyBottle","Thread and Needle","hubris:MysteriousPyramids","Fruit Juice","Shuriken","Lizard Tail","DollysMirror","WitchLeyline","ReplayTheSpireMod:Private Reserves","reliquary:TatteredRug","Explosive Potion","CultistPotion","Strength Potion","Centennial Puzzle","TheAbacus","Matryoshka","reliquary:SharkskinSheath","Strange Spoon","Bag of Marbles","reliquary:Stiletto","Orichalcum","PropBag","WitchLeyline","Onion Ring","Anchor","hubris:MobiusCoin","hubris:SlimyHat","MealTicket","Replay:Lucky Slots","Girya","hubris:ToyBattleship","HandDrill","EntropicBrew","ShroomBag","Tiny Chest","Cauldron"],"campfire_rested":15,"item_purchase_floors":[20,37,37,37,37,37,45,45,45,54,54,54,65,65,65,72,72,72,72,72,72,82,82,82,82,82,82,88,88,92,92,105,105,105,105,107,107,109,124,124,124,126,126,126,126,146,146,146],"current_hp_per_floor":[75,75,75,78,78,78,78,78,78,78,78,78,72,72,78,76,78,78,78,78,67,67,47,70,45,45,45,68,68,57,59,78,38,78,76,52,52,21,23,46,100,100,100,93,93,100,100,100,100,63,100,100,100,100,100,80,100,75,100,100,110,110,110,110,110,110,110,110,109,109,109,136,124,136,108,108,108,102,102,102,107,132,136,136,136,136,136,136,123,123,136,136,136,136,122,127,141,141,141,141,141,141,141,141,141,141,141,141,141,118,123,141,148,148,148,148,148,148,148,148,148,1,1,1,1,1,1,1,1,1,1,1,1,1,1,1,1,1,1,1,1,1,1,1,1,1,1,1,1,1,1,0,0],"gold":11078,"neow_bonus":"THREE_ENEMY_KILL","is_daily":false,"chose_seed":false,"campfire_upgraded":22,"win_rate":0.0,"timestamp":1612066962,"path_taken":["M","?","?","?","?","R","M","$","T","R","E","R","E","$","R","BOSS","M","?","$","M","AVR","NM","R","E","T","?","R","?","E","M","R","BOSS","M","M","$","?","M","R","?","R","T","?","$","R","E","?","R","BOSS","M","?","$","?","?","R","?","R","T","E","M","E","?","?","R","BOSS","M","?","?","$","?","R","E","AVR","T","M","?","?","?","$","R","BOSS","M","M","$","M","?","R","?","R","T","M","AVR","R","E","M","R","BOSS","M","?","$","M","$","E","?","NM","T","R","?","M","M","E","R","BOSS","M","?","?","?","$","E","?","E","T","NM","AVR","M","R","?","R","BOSS","M","?","?","M","?","E","?","M","T","$","?","R","M","E","R","BOSS"],"items_purchased_type":["Card","Relic","Relic","Relic","Potion","Card","Relic","Relic","Relic","Relic","Relic","Card","Relic","Relic","Relic","Potion","Relic","Relic","Relic","Card","Card","Relic","Potion","Potion","Potion","Relic","Relic","Relic","Relic","Relic","Relic","Relic","Relic","Card","Card","Relic","Relic","Relic","Relic","Relic","Relic","Relic","Relic","Relic","Potion","Relic","Relic","Relic"],"build_version":"2020-12-22","purchased_purges":7,"victory":false,"max_hp_per_floor":[75,75,75,78,78,78,78,78,78,78,78,78,78,78,78,78,78,78,78,78,78,78,78,78,78,78,78,78,78,78,78,78,78,78,78,78,78,78,78,78,100,100,100,100,100,100,100,100,100,100,100,100,100,100,100,100,100,100,100,100,110,110,110,110,110,110,110,110,110,110,110,136,136,136,136,136,136,136,136,136,136,136,136,136,136,136,136,136,136,136,136,136,136,136,136,141,141,141,141,141,141,141,141,141,141,141,141,141,141,141,141,141,148,148,148,148,148,148,148,148,148,1,1,1,1,1,1,1,1,1,1,1,1,1,1,1,1,1,1,1,1,1,1,1,1,1,1,1,1,1,1,1,1],"card_choices":[{"not_picked":["PropBag","Robbery"],"picked":"GasGiant","floor":1.0},{"not_picked":["AlicesGift","MysteriousBeam"],"picked":"EnergyFlow","floor":7.0},{"not_picked":["AsteroidBelt","DC","MagicAbsorber"],"picked":"SKIP","floor":11.0},{"not_picked":["WitchOfGreed","GravityBeat","DC"],"picked":"SKIP","floor":13.0},{"not_picked":["EnergyFlow","GravityBeat"],"picked":"ShootingEcho","floor":18.0},{"not_picked":["WitchOfGreed+1","DoubleSpark"],"picked":"AsteroidBelt+1","floor":21.0},{"not_picked":["RefractionSpark","NonDirectionalLaser+1"],"picked":"DragonMeteor+1","floor":23.0},{"not_picked":["OneTimeOff","ManaConvection","IllusionStar+1"],"picked":"SKIP","floor":25.0},{"not_picked":["UnstableBomb","BlazingStar","EnergyRecoil"],"picked":"SKIP","floor":30.0},{"not_picked":["MeteoricShower+1","AsteroidBelt+1","PowerUp"],"picked":"SKIP","floor":31.0},{"not_picked":["ManaRampage","JA"],"picked":"SuperNova","floor":33.0},{"not_picked":["Acceleration","NonDirectionalLaser","PowerUp+1"],"picked":"SKIP","floor":35.0},{"not_picked":["FinalSpark","LuminesStrike+1","Singularity+1"],"picked":"SKIP","floor":36.0},{"not_picked":["AsteroidBelt+1","MysteriousBeam","DC"],"picked":"SKIP","floor":39.0},{"not_picked":["MysteriousBeam","WitchLeyline"],"picked":"OortCloud","floor":44},{"not_picked":["WitchLeyline","GasGiant+1"],"picked":"EnergyFlow+1","floor":47},{"not_picked":["MillisecondPulsars","TreasureHunter"],"picked":"EscapeVelocity","floor":50},{"not_picked":["DC","GravityBeat"],"picked":"Acceleration","floor":52},{"not_picked":["DoubleSpark","BinaryStars"],"picked":"UltimateShortwave","floor":61},{"not_picked":["OpenUniverse","MeteoricShower","ChargeUpSpray"],"picked":"SKIP","floor":62},{"not_picked":["GasGiant","NonDirectionalLaser","RefractionSpark"],"picked":"SKIP","floor":63},{"not_picked":["StarDustReverie","SatelliteIllusion"],"picked":"BlazingStar","floor":67},{"not_picked":["hubris:Sloth","Spreading Infection"],"picked":"Shame","floor":68},{"not_picked":["Pain","ReplayTheSpireMod:Restless Dread"],"picked":"hubris:Greed","floor":68},{"not_picked":["hubris:Despair","Sickly"],"picked":"Pain","floor":68},{"not_picked":["CollectingQuirk","MachineGunSpark"],"picked":"ShootingEcho+1","floor":69},{"not_picked":["UnstableBomb","MachineGunSpark","6A"],"picked":"SKIP","floor":73},{"not_picked":["AsteroidBelt","AlicesGift","IllusionStar"],"picked":"SKIP","floor":75},{"not_picked":["GalacticHalo","DarkMatter+1","DC"],"picked":"SKIP","floor":78},{"not_picked":["ReplayTheSpireMod:Chaos Vortex","ReplayTheSpireMod:Black Plague"],"picked":"infinitespire:SealOfDarkness+","floor":80},{"not_picked":["StarDustReverie","CollectingQuirk"],"picked":"MillisecondPulsars","floor":84},{"not_picked":["DC+1","PowerUp","6A+1"],"picked":"SKIP","floor":86},{"not_picked":["Occultation+1","DarkMatter","GrandCross"],"picked":"SKIP","floor":87},{"not_picked":["Acceleration+1","OpenUniverse","MilkyWay"],"picked":"SKIP","floor":89},{"not_picked":["6A","AsteroidBelt+1"],"picked":"DragonMeteor","floor":95},{"not_picked":["ManaRampage","NonDirectionalLaser"],"picked":"OortCloud+1","floor":98},{"not_picked":["GrandCross","WitchOfGreed","UnstableBomb"],"picked":"SKIP","floor":99},{"not_picked":["FinalSpark","JA"],"picked":"CasketOfStar","floor":101},{"not_picked":["MilkyWay","MysteriousBeam","WitchOfGreed"],"picked":"SKIP","floor":103},{"not_picked":["WitchLeyline","WitchOfGreed","Robbery"],"picked":"SKIP","floor":106},{"not_picked":["ManaConvection","Singularity","DC"],"picked":"SKIP","floor":108},{"not_picked":["infinitespire:Oblivion","infinitespire:SevenWalls"],"picked":"ReplayTheSpireMod:Haul","floor":110},{"not_picked":["Robbery","BlazeAway"],"picked":"BlazingStar","floor":110},{"not_picked":["DC","AsteroidBelt"],"picked":"EarthLightRay","floor":114},{"not_picked":["IllusionStar","DarkMatter","GrandCross"],"picked":"SKIP","floor":115},{"not_picked":["MaximisePower","DarkSpark","LuminesStrike"],"picked":"SKIP","floor":116},{"not_picked":["6A+1","OneTimeOff"],"picked":"Singularity+1","floor":120},{"not_picked":["GalacticHalo","Acceleration+1","PowerUp"],"picked":"SKIP","floor":125},{"not_picked":["ShootTheMoon","GrandCross","UnstableBomb"],"picked":"SKIP","floor":127},{"not_picked":["Replay:Fractal Strike","infinitespire:Fortify"],"picked":"infinitespire:Oblivion","floor":129},{"not_picked":["BigCrunch","GalacticHalo","BlazeAway"],"picked":"SKIP","floor":129},{"not_picked":["AlicesGift+1","NonDirectionalLaser+1","BlazeAway"],"picked":"SKIP","floor":131},{"not_picked":["IllusionStar+1","PowerUp","UnstableBomb"],"picked":"SKIP","floor":133},{"not_picked":["GasGiant","DoubleSpark","PowerUp+1"],"picked":"SKIP","floor":137},{"not_picked":["IllusionStar","CasketOfStar","LuminesStrike+1"],"picked":"SKIP","floor":140},{"not_picked":["SporeBomb+1","FairyDestructionRay","MysteriousBeam+1"],"picked":"SKIP","floor":142},{"not_picked":["6A+1","IllusionStar","NonDirectionalLaser"],"picked":"SKIP","floor":143},{"not_picked":["ManaConvection+1","PowerUp","OortCloud+1"],"picked":"SKIP","floor":144},{"not_picked":["ShootingEcho","WitchOfGreed+1","MilkyWay"],"picked":"SKIP","floor":149},{"not_picked":["NonDirectionalLaser+1","Occultation+1","ShootingEcho"],"picked":"SKIP","floor":150}],"player_experience":412562,"relics_obtained":[{"floor":9.0,"key":"infinitespire:Magic Flask"},{"floor":11.0,"key":"Omamori"},{"floor":13.0,"key":"FossilizedHelix"},{"floor":25.0,"key":"hubris:TinFlute"},{"floor":30.0,"key":"Blood Vial"},{"floor":38.0,"key":"Kunai"},{"floor":43,"key":"hubris:Zylophone"},{"floor":47,"key":"hubris:BottledRain"},{"floor":47,"key":"Boot"},{"floor":60,"key":"reliquary:PartyBalloon"},{"floor":61,"key":"reliquary:WeakTea"},{"floor":61,"key":"infinitespire:Joker Card"},{"floor":63,"key":"Toy Ornithopter"},{"floor":63,"key":"infinitespire:Broken Mirror"},{"floor":75,"key":"Replay:Arrowhead"},{"floor":75,"key":"ReplayTheSpireMod:Ninjato"},{"floor":77,"key":"Whetstone"},{"floor":94,"key":"infinitespire:Lucky Rock"},{"floor":94,"key":"hubris:DeckOfHolding"},{"floor":98,"key":"infinitespire:Midas Blood"},{"floor":98,"key":"infinitespire:Satchel"},{"floor":108,"key":"Gremlin Horn"},{"floor":108,"key":"Happy Flower"},{"floor":110,"key":"ReplayTheSpireMod:TigerMarble"},{"floor":110,"key":"Replay:PocketPolymizer"},{"floor":111,"key":"Replay:Baseball"},{"floor":111,"key":"PreservedInsect"},{"floor":113,"key":"Strawberry"},{"floor":116,"key":"reliquary:PrincelyHelmet"},{"floor":116,"key":"Vajra"},{"floor":125,"key":"reliquary:RoseTintedGlasses"},{"floor":125,"key":"Potion Belt"},{"floor":127,"key":"reliquary:IridiumChain"},{"floor":127,"key":"Smiling Mask"},{"floor":128,"key":"reliquary:Knoch"},{"floor":129,"key":"reliquary:SculptingSteel"},{"floor":129,"key":"SproutingBranch"},{"floor":138,"key":"hubris:MedicalManual"},{"floor":141,"key":"CatCart"},{"floor":142,"key":"Ornamental Fan"},{"floor":142,"key":"hubris:DuctTape"},{"floor":145,"key":"Replay:Towering Pillar of Hats"},{"floor":150,"key":"Bronze Scales"},{"floor":150,"key":"Oddly Smooth Stone"}],"event_choices":[{"cards_removed":["Strike_MRS"],"damage_healed":0.0,"max_hp_gain":0.0,"max_hp_loss":0.0,"gold_gain":0.0,"event_name":"Bonfire Elementals","player_choice":"Offered Basic","floor":5.0,"gold_loss":0.0,"damage_taken":0.0},{"damage_healed":0.0,"max_hp_gain":0.0,"max_hp_loss":0.0,"gold_gain":0.0,"event_name":"Drug Dealer","player_choice":"Obtain J.A.X.","floor":19.0,"gold_loss":0.0,"damage_taken":0.0,"cards_obtained":["J.A.X."]},{"damage_healed":0.0,"max_hp_gain":0.0,"max_hp_loss":0.0,"gold_gain":0.0,"event_name":"The Mausoleum","player_choice":"Opened","floor":29.0,"gold_loss":0.0,"damage_taken":0.0,"relics_obtained":["Nunchaku"],"cards_obtained":["Writhe"]},{"damage_healed":0,"gold_gain":0,"player_choice":"Forge","damage_taken":0,"max_hp_gain":0,"max_hp_loss":0,"event_name":"Accursed Blacksmith","floor":41,"gold_loss":0,"cards_upgraded":["Bandage Up"]},{"damage_healed":0,"gold_gain":0,"player_choice":"Got Potions","damage_taken":0,"max_hp_gain":0,"max_hp_loss":0,"event_name":"Lab","floor":48,"gold_loss":0},{"damage_healed":25,"gold_gain":0,"player_choice":"Healed and dodged fight","damage_taken":0,"max_hp_gain":0,"max_hp_loss":0,"event_name":"Mushrooms_MRS","floor":53,"gold_loss":0,"cards_obtained":["Parasite"]},{"damage_healed":0,"gold_gain":0,"player_choice":"Leave","damage_taken":0,"max_hp_gain":0,"max_hp_loss":0,"event_name":"The Cleric","floor":55,"gold_loss":0},{"damage_healed":0,"gold_gain":0,"player_choice":"Entered Light","damage_taken":20,"max_hp_gain":0,"max_hp_loss":0,"event_name":"Shining Light","floor":56,"gold_loss":0,"cards_upgraded":["EscapeVelocity","Acceleration"]},{"damage_healed":0,"gold_gain":0,"player_choice":"Take Damage","damage_taken":25,"relics_obtained":["Golden Idol"],"max_hp_gain":0,"max_hp_loss":0,"event_name":"Golden Idol","floor":58,"gold_loss":0},{"damage_healed":0,"gold_gain":0,"player_choice":"Obtained Relic","damage_taken":0,"relics_obtained":["Darkstone Periapt"],"max_hp_gain":0,"max_hp_loss":0,"event_name":"Addict","floor":70,"gold_loss":85},{"cards_removed":["Shame"],"damage_healed":0,"gold_gain":0,"player_choice":"Purged","damage_taken":0,"max_hp_gain":0,"max_hp_loss":0,"event_name":"Purifier","floor":71,"gold_loss":0},{"damage_healed":0,"gold_gain":0,"player_choice":"Gave Idol","damage_taken":0,"relics_obtained":["Bloody Idol"],"max_hp_gain":0,"max_hp_loss":0,"event_name":"Forgotten Altar","floor":79,"relics_lost":["Golden Idol"],"gold_loss":0},{"damage_healed":0,"gold_gain":99,"player_choice":"Stole From Cult","damage_taken":0,"max_hp_gain":0,"max_hp_loss":0,"event_name":"Nest","floor":81,"gold_loss":0},{"damage_healed":0,"gold_gain":0,"player_choice":"Ignored","damage_taken":0,"max_hp_gain":0,"max_hp_loss":0,"event_name":"SecretPortal","floor":90,"gold_loss":0},{"damage_healed":0,"gold_gain":0,"player_choice":"Leave","damage_taken":0,"max_hp_gain":0,"max_hp_loss":0,"event_name":"The Cleric","floor":104,"gold_loss":0},{"damage_healed":0,"gold_gain":0,"player_choice":"Fight","damage_taken":0,"max_hp_gain":0,"max_hp_loss":0,"event_name":"Mysterious Sphere","floor":138,"gold_loss":0},{"damage_healed":0,"gold_gain":0,"player_choice":"Fight","damage_taken":0,"max_hp_gain":0,"max_hp_loss":0,"event_name":"OrinTheCat","floor":141,"gold_loss":0},{"damage_healed":0,"gold_gain":0,"player_choice":"Ignored","damage_taken":0,"max_hp_gain":0,"max_hp_loss":0,"event_name":"Fountain of Cleansing","floor":147,"gold_loss":0}],"is_beta":false,"boss_relics":[{"not_picked":["Empty Cage","hubris:TerracottaHorce"],"picked":"Replay:Wanted Poster"},{"not_picked":["Busted Crown","Philosopher\u0027s Stone"],"picked":"Black Star"},{"not_picked":["ReplayTheSpireMod:DimensionalGlitch","reliquary:Ember"],"picked":"SacredBark"},{"not_picked":["Runic Pyramid","ReplayTheSpireMod:DimensionalGlitch"],"picked":"Replay:Ancient Bell"},{"not_picked":["reliquary:PorcupineQuills","Happy Flower"],"picked":"hubris:TenFootPole"},{"not_picked":["Mercury Hourglass","Replay:Bottled Snecko"],"picked":"infinitespire:EmpoweringShard"},{"not_picked":["hubris:AstralHammer","Prayer Wheel"],"picked":"Pocketwatch"},{"not_picked":["Astrolabe","Cursed Key","reliquary:KinkedSpring"]},{"not_picked":["infinitespire:Cupcake","Abe\u0027s Treasure","ChewingGum"]},{"not_picked":["Velvet Choker","hubris:VirtuousBlindfold"],"picked":"reliquary:Ember"},{"not_picked":["Kintsugi","hubris:HollowSoul"],"picked":"hubris:Stopwatch"}],"items_purged_floors":[8,14,20,22,37,45,72],"is_endless":true,"potions_floor_spawned":[1,11,13,21,23,25,30,33,39,47,52,61,69,75,86,87,89,99,103,108,110,114,127,131,133,137,138,143],"killed_by":"infinitespire:MassOfShapes","ascension_level":1}}