{"host":"6xsbn6ynqlzwllfm","time":1612084098,"event":{"mods":["2.2 Compatiblity","BaseMod","Bestiary","Colored Map","Colored Powertips","Curses Come First","Highlight Path","Keyboard Shortcuts","Minty Spire (QoL Compilation)","Relic Stats","Slay the Relics Exporter","StSLib","SuperFastMode"],"gold_per_floor":[169,180,180,191,211,246,5,5,5],"floor_reached":8,"language":"ENG","playtime":338,"items_purged":["Defend_P"],"score":116,"play_id":"bb040f66-f450-43fb-831a-b237b595e18d","local_time":"20210131040818","is_ascension_mode":true,"campfire_choices":[],"circlet_count":0,"master_deck":["AscendersBane","Strike_P","Strike_P+1","Strike_P","Strike_P","Defend_P","Defend_P","Defend_P","Eruption","Vigilance","Wallop","SandsOfTime","SashWhip","CutThroughFate","FollowUp","Adaptation"],"relics":["Tiny House","Letter Opener","ClockworkSouvenir"],"acts_visited":["Exordium"],"potions_floor_usage":[5,8],"damage_taken":[{"damage":3,"enemies":"Small Slimes","floor":1,"turns":3},{"damage":0,"enemies":"2 Louse","floor":2,"turns":2},{"damage":0,"enemies":"Cultist","floor":4,"turns":3},{"damage":19,"enemies":"Lots of Slimes","floor":5,"turns":6},{"damage":34,"enemies":"3 Sentries","floor":6,"turns":11},{"damage":22,"enemies":"Gremlin Nob","floor":8,"turns":3}],"seed_played":"-5909129035690465934","potions_obtained":[{"floor":0.0,"key":"AttackPotion"},{"floor":4,"key":"Dexterity Potion"},{"floor":6,"key":"Energy Potion"}],"is_trial":false,"path_per_floor":["M","M","?","M","M","E","$","E"],"character_chosen":"WATCHER","items_purchased":["ClockworkSouvenir"],"campfire_rested":0,"item_purchase_floors":[7],"current_hp_per_floor":[63,63,68,68,49,15,15,0,0],"gold":5,"neow_bonus":"BOSS_RELIC","is_daily":false,"chose_seed":false,"campfire_upgraded":0,"win_rate":0.0,"timestamp":1612084098,"path_taken":["M","M","?","M","M","E","$","E"],"items_purchased_type":["Relic"],"build_version":"2020-12-22","purchased_purges":1,"victory":false,"max_hp_per_floor":[73,73,78,78,78,78,78,78,78],"relic_stats":{"counters":[6,28],"Letter Opener":[0],"obtain_stats":[{"Tiny House":0,"Letter Opener":6,"PureWater":0,"ClockworkSouvenir":7},{"Tiny House":0,"Letter Opener":5,"PureWater":0,"ClockworkSouvenir":5},{"Tiny House":0,"Letter Opener":25,"PureWater":0,"ClockworkSouvenir":25}]},"card_choices":[{"not_picked":["Protect","Wireheading"],"picked":"Wallop","floor":0.0},{"not_picked":["EmptyBody","ThirdEye"],"picked":"SandsOfTime","floor":1},{"not_picked":["Halt","FlyingSleeves"],"picked":"SashWhip","floor":2},{"not_picked":["Fasting2","LikeWater"],"picked":"CutThroughFate","floor":4},{"not_picked":["Evaluate","Worship"],"picked":"FollowUp","floor":5},{"not_picked":["FlyingSleeves","Prostrate"],"picked":"Adaptation","floor":6}],"player_experience":1335841,"relics_obtained":[{"floor":6,"key":"Letter Opener"}],"event_choices":[{"damage_healed":0,"gold_gain":0,"player_choice":"Donut","damage_taken":0,"max_hp_gain":5,"max_hp_loss":0,"event_name":"Big Fish","floor":3,"gold_loss":0}],"is_beta":false,"boss_relics":[],"items_purged_floors":[7],"is_endless":false,"potions_floor_spawned":[4,6],"killed_by":"Gremlin Nob","ascension_level":20}}