{"host":"gj3450u0c4def4mj","time":1612121337,"event":{"mods":["Act Like it!","BaseMod","Gensokyo","Koishi","Minty Spire (QoL Compilation)","StSLib"],"gold_per_floor":[117,133,147,147,147,147,174,174,223,243,243,255,0,13,13,112,112,131,131,145,105,122,122,12,24,74,94,94,321,321,340,340,439,439,449,377,390,67,67,95,95,95,120,146,166,197,107,123,123,123],"floor_reached":51,"language":"ENG","playtime":3152,"items_purged":["Koishi:BasicDefend"],"score":1167,"play_id":"85eca483-fda7-4b03-b0eb-d6bc795fdaf5","local_time":"20210131142857","is_ascension_mode":true,"campfire_choices":[{"data":"Koishi:UnconsciousUrges","floor":6,"key":"SMITH"},{"floor":11,"key":"REST"},{"floor":15,"key":"REST"},{"data":"Koishi:StrangeCloudFist","floor":23,"key":"SMITH"},{"floor":28,"key":"REST"},{"floor":30,"key":"REST"},{"floor":32,"key":"REST"},{"data":"Koishi:Untouchable","floor":41,"key":"SMITH"},{"data":"Koishi:MindStellarRelief","floor":49,"key":"SMITH"}],"circlet_count":0,"master_deck":["Koishi:BasicStrike","Koishi:BasicStrike","Koishi:BasicStrike","Koishi:BasicDefend","Koishi:BasicDefend","Koishi:Provoke","Koishi:HauntingSlash","Koishi:PhantomBarrier","Koishi:Whimsy","Koishi:UnconsciousUrges+1","Koishi:Untouchable+1","Koishi:PhantomStrike","Koishi:GrowingPain+1","Koishi:StrangeCloudFist+1","Koishi:PredatoryInstincts","Koishi:PhantomBarrier","Koishi:VengefulSpirit","Koishi:Heartbroken+1","Koishi:ParalyzingFear+1","Koishi:HeartfeltFancy","Parasite","Koishi:MindStellarRelief+1","Koishi:JumpScare+1","Koishi:Whimsy","Koishi:Heartbroken","Koishi:RacingHeart+1","Koishi:UnseenTerror","Koishi:Vanish+1","Koishi:Untouchable+1","Koishi:UnseenTerror","Koishi:FleetingPhantom","Koishi:GrowingPain","Koishi:DNAsFlaw","Clumsy","Koishi:BloodcurdlingScream+1","Koishi:ApparitionsStalkTheNight+1","Koishi:ApparitionsStalkTheNight","Gensokyo:CustomPotion","Koishi:GeneticsOfTheUnconscious+1"],"relics":["Koishi:ImaginaryFriend","Ancient Tea Set","Boot","Cursed Key","Bag of Marbles","Koishi:BloodstainedWhiteRose","Juzu Bracelet","Velvet Choker","PreservedInsect","The Courier","Gensokyo:EmptyGrave","Orichalcum","Dream Catcher"],"acts_visited":["Gensokyo:Gensokyo","Gensokyo:Gensokyoer","Gensokyo:Gensokyoest"],"potions_floor_usage":[16,25,25,31,50],"damage_taken":[{"damage":5,"enemies":"Gensokyo:2_Kodama","floor":1,"turns":4},{"damage":0,"enemies":"Gensokyo:Python","floor":2,"turns":6},{"damage":1,"enemies":"Gensokyo:3_Fairies","floor":3,"turns":7},{"damage":14,"enemies":"Gensokyo:Cirno","floor":7,"turns":9},{"damage":16,"enemies":"Gensokyo:LivingMonolith","floor":10,"turns":4},{"damage":2,"enemies":"Gensokyo:Kitsune","floor":12,"turns":4},{"damage":8,"enemies":"Gensokyo:Python_and_Kodama","floor":14,"turns":5},{"damage":0,"enemies":"Gensokyo:Reimu","floor":16,"turns":10},{"damage":2,"enemies":"Gensokyo:2_Gloops","floor":18,"turns":4},{"damage":18,"enemies":"Gensokyo:CosmicMonolith","floor":20,"turns":6},{"damage":26,"enemies":"Gensokyo:Swordslinger","floor":22,"turns":4},{"damage":26,"enemies":"Gensokyo:Monolith_and_Dog","floor":25,"turns":5},{"damage":19,"enemies":"Gensokyo:Wraith","floor":27,"turns":5},{"damage":32,"enemies":"Gensokyo:Tenshi","floor":29,"turns":6},{"damage":27,"enemies":"Gensokyo:Slime_Group","floor":31,"turns":5},{"damage":34,"enemies":"Gensokyo:Eiki","floor":33,"turns":7},{"damage":44,"enemies":"Gensokyo:3_Boulders","floor":35,"turns":8},{"damage":2,"enemies":"Gensokyo:AncientGuardian","floor":37,"turns":6},{"damage":20,"enemies":"Gensokyo:Marisa","floor":40,"turns":6},{"damage":10,"enemies":"Gensokyo:Doremy","floor":44,"turns":6},{"damage":17,"enemies":"Gensokyo:4_Bats","floor":45,"turns":6},{"damage":12,"enemies":"Gensokyo:Kasen","floor":46,"turns":6},{"damage":0,"enemies":"Gensokyo:SeedOfUnknown","floor":48,"turns":6},{"damage":0,"enemies":"Gensokyo:Shinki","floor":50,"turns":8}],"seed_played":"-2899933472124276271","potions_obtained":[{"floor":1,"key":"Dexterity Potion"},{"floor":7,"key":"FearPotion"},{"floor":20,"key":"AttackPotion"},{"floor":29,"key":"PowerPotion"},{"floor":33,"key":"Regen Potion"},{"floor":35,"key":"Strength Potion"},{"floor":44,"key":"SmokeBomb"}],"is_trial":false,"path_per_floor":["M","M","M","?","?","R","E","?","T","M","R","M","$","M","R","B",null,"M","?","M","?","M","R","COS","M","T","M","R","E","R","M","R","B",null,"M","$","M","$","?","E","R","?","T","E","M","E","?","M","R","B",null],"character_chosen":"KOISHI","items_purchased":["FairyPotion","Koishi:FidgetySnatcher","Koishi:UnseenTerror","Koishi:Untouchable","Koishi:UnseenTerror","PreservedInsect","Koishi:FleetingPhantom"],"campfire_rested":5,"item_purchase_floors":[13,13,36,38,38,38,38],"current_hp_per_floor":[35,37,38,38,38,38,24,24,24,9,27,31,31,32,50,60,60,60,60,50,50,31,31,31,17,17,25,43,26,44,26,44,28,52,30,30,46,46,46,46,46,46,46,56,56,56,56,56,56,56],"gold":123,"neow_bonus":"TRANSFORM_TWO_CARDS","is_daily":false,"chose_seed":false,"campfire_upgraded":4,"win_rate":0.0,"timestamp":1612121337,"path_taken":["M","?","M","?","?","R","E","?","T","M","R","M","$","M","R","BOSS","M","?","M","?","M","R","COS","M","T","M","R","E","R","M","R","BOSS","M","$","M","$","?","E","R","?","T","E","M","E","?","M","R","BOSS"],"items_purchased_type":["Potion","Card","Card","Card","Card","Relic","Card"],"build_version":"2020-12-22","purchased_purges":1,"victory":true,"max_hp_per_floor":[60,60,60,60,60,60,60,60,60,60,60,60,60,60,60,60,60,60,60,60,60,60,60,60,60,60,60,60,60,60,60,60,60,60,60,60,60,60,60,60,60,56,56,56,56,56,56,56,56,56],"card_choices":[{"not_picked":["Koishi:BloodcurdlingScream","Koishi:CatchAndRose"],"picked":"Koishi:UnconsciousUrges","floor":1},{"not_picked":["Koishi:DreadfulBlow","Koishi:BramblyRoseGarden"],"picked":"Koishi:Untouchable","floor":2},{"not_picked":["Koishi:Jaunt","Koishi:TraumaticStroke"],"picked":"Koishi:PhantomStrike","floor":3},{"not_picked":["Koishi:FreudianInstinct","Koishi:Catatonia"],"picked":"Koishi:StrangeCloudFist","floor":7},{"not_picked":["Koishi:RuptureMind","Koishi:UnansweredLove"],"picked":"Koishi:PredatoryInstincts","floor":10},{"not_picked":["Koishi:Jaunt","Koishi:SubconsciousSweep"],"picked":"Koishi:PhantomBarrier","floor":12},{"not_picked":["Koishi:PhantomBarrier","Koishi:TremblingHands"],"picked":"Koishi:VengefulSpirit","floor":14},{"not_picked":["Koishi:FormlessExistence","Koishi:ImGoingToCallYouNow"],"picked":"Koishi:Heartbroken","floor":16},{"not_picked":["Koishi:EmbryosDream","Koishi:FreudianInstinct"],"picked":"Koishi:JumpScare","floor":18},{"not_picked":["Koishi:DreadfulBlow","Koishi:CatchAndRose"],"picked":"Koishi:ParalyzingFear+1","floor":20},{"not_picked":["Koishi:FidgetySnatcher","Koishi:EmbryosDream","Koishi:UnconsciousUprising"],"picked":"SKIP","floor":22},{"not_picked":["Koishi:BloodcurdlingScream","Koishi:HeartAttack"],"picked":"Koishi:HeartfeltFancy","floor":25},{"not_picked":["Koishi:RollingInRichesHeart","Koishi:GrowingPain"],"picked":"Koishi:MindStellarRelief","floor":27},{"not_picked":["Koishi:SubconsciousSweep","Koishi:DanmakuParanoia"],"picked":"Koishi:JumpScare+1","floor":27},{"not_picked":["Koishi:Possession+1","Koishi:Bloodlust+1","Koishi:StrangeCloudFist"],"picked":"SKIP","floor":29},{"not_picked":["Koishi:BloodcurdlingScream","Koishi:BramblyRoseGarden"],"picked":"Koishi:Whimsy","floor":31},{"not_picked":["Koishi:PerfectMindControl","Koishi:HeartStoppingHorror"],"picked":"Koishi:Heartbroken","floor":33},{"not_picked":["Koishi:IdleWhim","Koishi:BloodcurdlingScream+1"],"picked":"Koishi:RacingHeart+1","floor":35},{"not_picked":["Koishi:EmbryosDream","Koishi:MassHysteria"],"picked":"Koishi:Vanish+1","floor":37},{"not_picked":["Koishi:StingingMind+1","Koishi:HeartfeltFancy"],"picked":"Koishi:DNAsFlaw","floor":40},{"not_picked":["Koishi:PhantomBarrier","Koishi:ReflexRadar+1"],"picked":"Koishi:BloodcurdlingScream+1","floor":44},{"not_picked":["Koishi:MindStellarRelief","Koishi:DreadfulBlow+1"],"picked":"Koishi:ApparitionsStalkTheNight+1","floor":45},{"not_picked":["Koishi:UnconsciousUprising+1","Koishi:Jaunt"],"picked":"Koishi:ApparitionsStalkTheNight","floor":46},{"not_picked":["Koishi:JumpScare","Koishi:CatchAndRose+1"],"picked":"Koishi:GeneticsOfTheUnconscious+1","floor":48}],"player_experience":89252,"relics_obtained":[{"floor":7,"key":"Ancient Tea Set"},{"floor":9,"key":"Boot"},{"floor":26,"key":"Bag of Marbles"},{"floor":29,"key":"Juzu Bracelet"},{"floor":40,"key":"The Courier"},{"floor":43,"key":"Orichalcum"},{"floor":46,"key":"Dream Catcher"}],"event_choices":[],"is_beta":false,"boss_relics":[{"not_picked":["SlaversCollar","Calling Bell"],"picked":"Cursed Key"},{"not_picked":["Busted Crown","Sozu"],"picked":"Velvet Choker"}],"items_purged_floors":[13],"is_endless":false,"potions_floor_spawned":[1,7,20,22,29,33,35,44,45,46],"ascension_level":8}}