{"host":"9slw7l0ws16384qq","time":1612126819,"event":{"mods":["A Penny For Your Troubles","BaseMod","Colored Map","Downfall","Evolution","Hubris","Minty Spire (QoL Compilation)","Replay The Spire","StS++","StSLib"],"gold_per_floor":[99,116,187,206,221,146,146,172,82,101,51,51,51,63,13,13,23,125,125,75,91,111,211,211,61,61,91,102,102,52,52,2,2,12,115,115,65,82,67,67,67,117,117,185,197,47,277,304,254,268,287,288],"floor_reached":53,"language":"FRA","playtime":2178,"items_purged":["Slimebound:Strike_Slimebound","downfall:Bewildered"],"score":1033,"play_id":"254f2f47-011f-429f-a16b-ef1802cc4e45","local_time":"20210131220019","is_ascension_mode":true,"campfire_choices":[{"data":"Slimebound:Defend_Slimebound","floor":1.0,"key":"PURGE"},{"data":"Slimebound:CorrosiveSpit","floor":11,"key":"SMITH"},{"data":"Slimebound:LeechLife","floor":15,"key":"SMITH"},{"data":"Slimebound:Split","floor":20,"key":"SMITH"},{"data":"Slimebound:LevelUp","floor":25,"key":"SMITH"},{"floor":30,"key":"RECALL"},{"data":"Slimebound:Defend_Slimebound","floor":32,"key":"SMITH"},{"data":"Slimebound:Defend_Slimebound","floor":37,"key":"SMITH"},{"data":"Slimebound:LeechEnergy","floor":46,"key":"SMITH"},{"data":"Slimebound:Tackle","floor":49,"key":"SMITH"}],"circlet_count":0,"master_deck":["Slimebound:LeechingTouch","Slimebound:Strike_Slimebound","Slimebound:Tackle+1","Slimebound:Defend_Slimebound+1","Slimebound:Defend_Slimebound+1","Slimebound:Split+1","Slimebound:CorrosiveSpit+1","Slimebound:LeechLife+1","Slimebound:LeechEnergy+1","Slimebound:LeechEnergy+1","Slimebound:LevelUp+1"],"relics":["Slimebound:AbsorbEndCombat","EVO:Axolotl","Centennial Puzzle","Slimebound:GreedOozeRelic","Bronze Scales","Runic Pyramid","Counterbalance","Chameleon Ring","downfall:HeartBlessingBlue","Replay:Bottled Snecko","Iron Hammer","sneckomod:BabySnecko","Frozen Egg 2","Philosopher\u0027s Stone","Pet Ghost","Slimebound:SlimedSkullRelic","Unceasing Top","hubris:Metronome","downfall:HeartBlessingRed","Anchor"],"acts_visited":["Exordium","TheCity","TheBeyond"],"potions_floor_usage":[18,23,52,52,52],"damage_taken":[{"damage":2.0,"enemies":"2 Louse","floor":2.0,"turns":3.0},{"damage":0,"enemies":"Small Slimes","floor":4,"turns":3},{"damage":12,"enemies":"Jaw Worm","floor":5,"turns":3},{"damage":5,"enemies":"downfall:FleeingMerchant","floor":9,"turns":4},{"damage":16,"enemies":"Blue Slaver","floor":10,"turns":3},{"damage":7,"enemies":"3 Louse","floor":14,"turns":2},{"damage":23,"enemies":"Large Slime","floor":17,"turns":4},{"damage":39,"enemies":"IC_STATUS_ARCHETYPE","floor":18,"turns":7},{"damage":2,"enemies":"Chosen","floor":21,"turns":3},{"damage":27,"enemies":"Centurion and Healer","floor":22,"turns":4},{"damage":20,"enemies":"Colosseum Nobs","floor":23,"turns":4},{"damage":19,"enemies":"Gremlin Leader","floor":27,"turns":5},{"damage":23,"enemies":"Sentry and Sphere","floor":28,"turns":5},{"damage":20,"enemies":"Shelled Parasite and Fungi","floor":34,"turns":4},{"damage":57,"enemies":"DF_ARCHETYPE_CLAW","floor":35,"turns":8},{"damage":30,"enemies":"3 Darklings","floor":38,"turns":4},{"damage":1,"enemies":"downfall:FleeingMerchant","floor":39,"turns":4},{"damage":0,"enemies":"downfall:FleeingMerchant","floor":42,"turns":4},{"damage":17,"enemies":"Orb Walker","floor":45,"turns":3},{"damage":4,"enemies":"downfall:FleeingMerchant","floor":47,"turns":3},{"damage":9,"enemies":"R_Hoarder","floor":48,"turns":6},{"damage":0,"enemies":"Transient","floor":50,"turns":5},{"damage":14,"enemies":"Jaw Worm Horde","floor":51,"turns":3},{"damage":0,"enemies":"WA_ARCHETYPE_DIVINITY","floor":52,"turns":2}],"seed_played":"7129343554213047520","potions_obtained":[{"floor":3,"key":"Milkshake"},{"floor":3,"key":"Regen Potion"},{"floor":4,"key":"Milkshake"},{"floor":5,"key":"CultistPotion"},{"floor":18,"key":"PowerPotion"},{"floor":24,"key":"CultistPotion"},{"floor":27,"key":"PowerPotion"}],"is_trial":false,"path_per_floor":["R_BF","M","?","M","M","?","T","T","$","M","R","PTL","PTL","M","R","?","M","B",null,"R","M","M","?","?","R","T","E","M","?","R","?","R","T","M","B",null,"R","M","$","?","T","?","T","T","M","R","$","E","R","M","M","B",null],"character_chosen":"SLIMEBOUND","items_purchased":[],"campfire_rested":0,"item_purchase_floors":[],"current_hp_per_floor":[59,61,45,55,45,45,45,45,56,42,42,42,42,37,37,37,24,18,53,53,65,54,48,48,58,58,47,36,36,36,61,61,61,55,12,59,59,43,60,60,60,75,75,75,72,72,72,67,67,75,74,75],"gold":288,"neow_bonus":"REMOVE_CARD","is_daily":false,"chose_seed":false,"campfire_upgraded":8,"win_rate":0.0,"timestamp":1612126819,"path_taken":["R_BF","M","?","M","M","?","T","?","?","M","R","PTL","PTL","M","R","?","M","BOSS","R","M","M","?","?","R","T","E","M","?","R","?","R","?","M","BOSS","R","M","$","?","?","?","T","?","M","R","$","E","R","?","M","BOSS"],"items_purchased_type":[],"build_version":"2020-12-22","purchased_purges":2,"victory":true,"max_hp_per_floor":[65,65,65,65,65,65,65,65,65,65,65,65,65,65,65,65,65,65,65,65,65,65,65,65,75,75,75,75,75,75,75,75,75,75,75,75,75,75,75,75,75,75,75,75,75,75,75,75,75,75,75,75],"card_choices":[{"not_picked":["Slimebound:SamplingLick","Slimebound:FinishingTackle","Slimebound:Prepare"],"picked":"SKIP","floor":2.0},{"not_picked":["Slimebound:SpikyOuterGoop","Slimebound:ItLooksTasty"],"picked":"Slimebound:LeechLife","floor":3},{"not_picked":["Slimebound:DivideAndConquer","Slimebound:Dissolve"],"picked":"Slimebound:LeechEnergy","floor":4},{"not_picked":["Slimebound:Nibble","Slimebound:Prepare","Slimebound:SlimeTap"],"picked":"SKIP","floor":5},{"not_picked":["Slimebound:LeadByExample","Slimebound:FormOfPuddle"],"picked":"Slimebound:LeechEnergy","floor":9},{"not_picked":["Slimebound:LeadByExample","Slimebound:GoopSpray","Slimebound:Prepare"],"picked":"SKIP","floor":10},{"not_picked":["Slimebound:SplitLeeching","Slimebound:ViciousTackle","Slimebound:GoopTackle"],"picked":"SKIP","floor":14},{"not_picked":["Slimebound:GoopSpray","Slimebound:SplitBruiser","Slimebound:LivingWall"],"picked":"SKIP","floor":17},{"not_picked":["Slimebound:RollThrough","Slimebound:SlimeSpikes","Slimebound:Dissolve"],"picked":"SKIP","floor":21},{"not_picked":["Slimebound:LeechingTouch","Slimebound:GoopSpray","Slimebound:HauntingLick"],"picked":"SKIP","floor":22},{"not_picked":["Slimebound:SplitBruiser","Slimebound:LivingWall+1"],"picked":"Slimebound:LevelUp","floor":23},{"not_picked":["Slimebound:LivingWall","Slimebound:DivideAndConquer","Slimebound:GrowthPunch+1"],"picked":"SKIP","floor":27},{"not_picked":["Slimebound:FormOfPuddle","Slimebound:Gluttony","Slimebound:HauntingLick+1"],"picked":"SKIP","floor":28},{"not_picked":["Slimebound:Nibble","Slimebound:ComboTackle","Slimebound:DisruptingSlam"],"picked":"SKIP","floor":34},{"not_picked":["Slimebound:FormOfPuddle","Slimebound:GoopSpray","Slimebound:FinishingTackle"],"picked":"SKIP","floor":38},{"not_picked":["Slimebound:Replication+1","Slimebound:CheckThePlaybook","Slimebound:Prepare+1"],"picked":"SKIP","floor":39},{"not_picked":["Slimebound:PressTheAttack+1","Slimebound:GoopSpray+1","Slimebound:RollThrough"],"picked":"SKIP","floor":45},{"not_picked":["Slimebound:ComboTackle","Slimebound:Grow+1","Slimebound:GoopSpray+1"],"picked":"SKIP","floor":47},{"not_picked":["Slimebound:Prepare","Slimebound:RainOfGoop+1","Slimebound:SplitMire"],"picked":"SKIP","floor":48},{"not_picked":["Slimebound:LeadByExample+1","Slimebound:SplitAcid+1","Slimebound:FirmFortitude"],"picked":"SKIP","floor":50},{"not_picked":["Slimebound:ServeAndProtect","Slimebound:SlimeSpikes","Slimebound:LeechingTouch"],"picked":"SKIP","floor":51}],"player_experience":1567437,"relics_obtained":[{"floor":3,"key":"Centennial Puzzle"},{"floor":7,"key":"Bronze Scales"},{"floor":23,"key":"Counterbalance"},{"floor":23,"key":"Chameleon Ring"},{"floor":26,"key":"Replay:Bottled Snecko"},{"floor":27,"key":"Iron Hammer"},{"floor":33,"key":"Frozen Egg 2"},{"floor":41,"key":"Pet Ghost"},{"floor":42,"key":"Slimebound:SlimedSkullRelic"},{"floor":43,"key":"Unceasing Top"},{"floor":44,"key":"hubris:Metronome"},{"floor":48,"key":"Anchor"}],"event_choices":[{"damage_healed":25,"gold_gain":0,"player_choice":"Heal","damage_taken":0,"max_hp_gain":0,"max_hp_loss":0,"event_name":"The Library","floor":31,"gold_loss":0}],"is_beta":false,"boss_relics":[{"not_picked":["Cursed Key","StSpp:PileOfSugar"],"picked":"Runic Pyramid"},{"not_picked":["Black Star","Replay:Wanted Poster"],"picked":"Philosopher\u0027s Stone"}],"items_purged_floors":[9,47],"is_endless":false,"potions_floor_spawned":[4,5,17,18,21,27,34,35,42,45,48,50],"ascension_level":6}}