{"host":"avq773cl9g5msfol","time":1612077942,"event":{"mods":["100% Spire Juice","AchievementEnabler","Act Like it!","Ascension Unlocker","Aspiration","Astrologer","Bard","Bartender","BaseMod","Better Altar","Better Third Choice","BetterRewards","CapriCore","ChefMod","Colored Map","Colored Powertips","Conspire","Dio Mod","Downfall","Elementarium","Energized Spire","Gensokyo","GifTheSpireLib","Hallownest","Hermit","Highlight Path","Hubris","Humility","Infinite Spire","Jorbs\u0027s Wanderer Trilogy","Koishi","Magitek Elite","Marisa????????","Marked Mod","Menagerie","Minty Spire (QoL Compilation)","Pale of the Ancients","Potionbrewer","Quarter Circle Forward PUNCH!","Rare Cards Sparkle","Reimu??????","Relic Stats","Reliquary","Remilia??????","Replay The Spire","SacredBarkPlus","Shade Mod","Somnambulant","Spicy Shops","Spire Arcade","StS++","StSLib","The Administrix","The Blue Laboratory","The Bug Knight","The Construct","The Cursed","The Disciple","The Dragon Tamer","The Exalted","The Hayseed","The Hierophant","The Immortal","The Marked","The Mystic","The Problem Sleuth","The Runesmith","The Senshi","The Vixen","The Wild Card","TheFirefly","Wandering Minibosses","Wide Potions","Yakumo Yukari mod","vexMod"],"gold_per_floor":[43673,115,115,115,133,133,133,268,268,299,319,333,368,399,409,483,483,483,500,500,514,514,530,553,553,587,587,601,634,646,596,613,688,688,688,470,490,490,515,546,546,563,598,611,656,668,339,365,384,384],"floor_reached":51,"language":"ENG","playtime":5195,"items_purged":["sneckomod:UnknownUncommonPower+1"],"score":2145,"play_id":"238908b0-248f-431f-acb6-7383b9f9bd84","local_time":"20210131142542","is_ascension_mode":true,"campfire_choices":[{"data":"sneckomod:Unknown","floor":1,"key":"SMITH"},{"data":"sneckomod:Unknown","floor":1,"key":"SMITH"},{"data":"Hallownest:skillGreenpathMap","floor":9,"key":"SMITH"},{"data":"sneckomod:UnknownStrength","floor":9,"key":"SMITH"},{"data":"sneckomod:UnknownExhaust","floor":18,"key":"SMITH"},{"data":"sneckomod:UnknownColorless","floor":18,"key":"SMITH"}],"circlet_count":0,"master_deck":["AscendersBane","sneckomod:TailWhip","sneckomod:SnekBite","sneckomod:Unknown+1","sneckomod:Unknown+1","sneckomod:UnendingSupply+1","sneckomod:UnknownCommonAttack+1","sneckomod:SlitherStrike+1","sneckomod:SoulRoll+1","sneckomod:UnknownRareSkill+1","sneckomod:Unknown0Cost+1","sneckomod:UnknownUncommonAttack+1","sneckomod:SerpentIdol+1","sneckomod:UnknownDexterity+1","expansioncontent:QuickStudy+1","sneckomod:UnknownStrike+1","sneckomod:SnakeSap+1","sneckomod:UnknownBlock+1","sneckomod:DiceBoulder+1","sneckomod:UnknownUncommonPower+1","sneckomod:MasterEye+1","sneckomod:Unknown2Cost+1","Flash of Steel+1","sneckomod:UnknownUncommonPower+1","sneckomod:UnknownRareAttack+1","sneckomod:Rotation+1","sneckomod:UnknownRareAttack+1","sneckomod:UnknownRareSkill+1","sneckomod:UnknownRarePower+1","Mayhem+1","sneckomod:UnknownStrength+1","Hallownest:skillGreenpathMap+1","sneckomod:QuickBite","sneckomod:UnknownColorless+1","sneckomod:UnknownRareSkill+1","sneckomod:Unknown3Cost+1","Panacea+1","sneckomod:UnknownExhaust+1","sneckomod:UnknownRareSkill+1","infinitespire:SevenWalls","sneckomod:UnknownClassASTROLOGER","Gensokyo:FourOfAKind","Gensokyo:FourOfAKind+1","Gensokyo:FourOfAKind","Gensokyo:FourOfAKind","sneckomod:UnknownBoss+1","sneckomod:Unknown1Cost+1","sneckomod:UnknownClassRED+1","sneckomod:UnknownRarePower+1","sneckomod:Mudshield+1","sneckomod:SoulCleanse+1","sneckomod:UnknownVulnerable+1","Parasite"],"relics":["sneckomod:SneckoSoul","Golden Egg","Quantum Egg","Replay:Baseball","ClockworkSouvenir","OrangePellets","CaptainsWheel","StSpp:BrokenTotem","Ornamental Fan","champ:DuelingGlove","Replay:Arrowhead","Happy Flower","Ice Cream","sneckomod:RareBoosterPack","Nunchaku","Hallownest:DreamNailRelic","infinitespire:CheckeredPen","Regal Pillow","Gambling Chip","aspiration:RunicSpoon","qcfpunch:Army_Boots","Toxic Egg 2","hubris:EvacipatedBox","aspiration:HiddenCompartment","wanderingMiniBosses:CarrionFlame","aspiration:RandomNobGenerator","aspiration:Nostalgia","potionbrewer:PotionKit","infinitespire:Beetle Shell","aspiration:AnachronicSnailShell","infinitespire:Satchel","hubris:SlimyHat","RuthlessExorcism:ReiMu","qcfpunch:Wrestler\u0027s_Cloak","aspiration:HatOfInfinitePower","reliquary:PorcupineQuills"],"acts_visited":["Hallownest:Greenpath","Gensokyo:Gensokyoer","TheBeyond"],"potions_floor_usage":[14,32,39,39,48,48,48,48,50,50,50,50],"damage_taken":[{"damage":2,"enemies":"Hallownest:2_MossCreeps","floor":2,"turns":3},{"damage":14,"enemies":"Hallownest:2_Tiktiks_and_1_Crawlid","floor":5,"turns":2},{"damage":10,"enemies":"Hallownest:eliteVengeflyKing","floor":10,"turns":2},{"damage":0,"enemies":"Hallownest:monsterHuskGuard","floor":11,"turns":2},{"damage":22,"enemies":"Hallownest:Guard_and_Warrior","floor":12,"turns":2},{"damage":0,"enemies":"Hallownest:eliteMossKnight","floor":13,"turns":2},{"damage":2,"enemies":"downfall:FleeingMerchant","floor":14,"turns":3},{"damage":0,"enemies":"Hallownest:monsterAspidMother","floor":15,"turns":3},{"damage":6,"enemies":"DF_ARCHETYPE_STREAMLINE","floor":16,"turns":5},{"damage":0,"enemies":"Gensokyo:AngelMirror","floor":19,"turns":2},{"damage":0,"enemies":"Gensokyo:CosmicMonolith","floor":21,"turns":2},{"damage":26,"enemies":"Gensokyo:Wraith","floor":23,"turns":2},{"damage":0,"enemies":"Gensokyo:Koishi","floor":26,"turns":2},{"damage":0,"enemies":"Gensokyo:Chomper_and_Gloop","floor":28,"turns":2},{"damage":6,"enemies":"Gensokyo:Tenshi","floor":29,"turns":2},{"damage":0,"enemies":"Gensokyo:Slime_Group","floor":30,"turns":2},{"damage":3,"enemies":"Gensokyo:Wraith","floor":32,"turns":4},{"damage":0,"enemies":"IC_MUSHROOM_ARCHETYPE","floor":33,"turns":3},{"damage":0,"enemies":"3 Darklings","floor":37,"turns":1},{"damage":0,"enemies":"Orb Walker","floor":39,"turns":2},{"damage":1,"enemies":"Giant Head","floor":40,"turns":2},{"damage":6,"enemies":"3 Darklings","floor":42,"turns":2},{"damage":0,"enemies":"R_Hoarder","floor":43,"turns":2},{"damage":6,"enemies":"Sphere and 2 Shapes","floor":44,"turns":3},{"damage":1,"enemies":"Transient","floor":46,"turns":2},{"damage":0,"enemies":"Reptomancer","floor":48,"turns":2},{"damage":0,"enemies":"Writhing Mass","floor":49,"turns":2},{"damage":26,"enemies":"WA_ARCHETYPE_DIVINITY","floor":50,"turns":7}],"seed_played":"-6310246499540270275","potions_obtained":[{"floor":5,"key":"blueLaboratory:BottleOfVodka"},{"floor":11,"key":"potionbrewer:AcidPotion"},{"floor":15,"key":"FearPotion"},{"floor":33,"key":"blueLaboratory:HorrorPotion"},{"floor":39,"key":"blueLaboratory:HummingbirdPotion"},{"floor":46,"key":"Elixir"}],"is_trial":false,"path_per_floor":["R","M","?","?","M","?","T","?","R","E","M","M","E","$","M","B",null,"R","M","?","M","?","M","T","?","E","$","M","E","M","?","M","B",null,"R_BF","$","M","?","M","E","T","M","E","M","T","M","$","E","M","B",null],"character_chosen":"THE_SNECKO","items_purchased":["Replay:Baseball","sneckomod:UnknownUncommonAttack","sneckomod:SerpentIdol","sneckomod:UnknownDexterity+1","expansioncontent:QuickStudy","ClockworkSouvenir","OrangePellets","sneckomod:UnknownStrike","CaptainsWheel","sneckomod:SnakeSap","StSpp:BrokenTotem","Ornamental Fan","champ:DuelingGlove","sneckomod:UnknownBlock","Replay:Arrowhead","sneckomod:DiceBoulder","sneckomod:UnknownUncommonPower","sneckomod:MasterEye","sneckomod:Unknown2Cost","Flash of Steel","sneckomod:UnknownUncommonPower","Happy Flower","sneckomod:UnknownRareAttack","Ice Cream","sneckomod:Rotation","sneckomod:RareBoosterPack","Mayhem","Nunchaku","Panacea","Gambling Chip","hubris:EvacipatedBox","aspiration:Nostalgia","infinitespire:Beetle Shell","aspiration:AnachronicSnailShell","aspiration:HatOfInfinitePower"],"campfire_rested":0,"item_purchase_floors":[0,0,0,0,0,0,0,0,0,0,0,0,0,0,0,0,0,0,0,0,0,0,0,0,0,0,0,0,14,14,27,36,36,36,47],"current_hp_per_floor":[75,73,68,68,54,54,54,54,54,44,44,22,22,30,30,24,68,68,68,72,72,52,26,26,26,26,7,7,11,11,18,21,21,54,65,65,65,65,65,64,64,58,58,52,52,51,51,65,65,39],"gold":384,"neow_bonus":"","is_daily":false,"chose_seed":false,"campfire_upgraded":6,"win_rate":0.0,"timestamp":1612077942,"path_taken":["R","M","?","?","?","?","T","?","R","E","M","M","E","$","M","BOSS","R","M","?","?","?","M","T","?","E","?","M","E","M","?","M","BOSS","R_BF","$","M","?","M","E","T","M","E","M","?","?","$","E","M","BOSS"],"items_purchased_type":["Relic","Card","Card","Card","Card","Relic","Relic","Card","Relic","Card","Relic","Relic","Relic","Card","Relic","Card","Card","Card","Card","Card","Card","Relic","Card","Relic","Card","Relic","Card","Relic","Card","Relic","Relic","Relic","Relic","Relic","Relic"],"build_version":"2020-12-22","purchased_purges":1,"victory":true,"max_hp_per_floor":[83,83,83,83,83,83,83,83,83,83,83,83,83,83,83,83,83,83,83,83,83,83,83,83,54,54,54,54,54,54,61,65,65,65,65,65,65,65,65,65,65,65,65,65,65,65,65,65,65,65],"relic_stats":{"OrangePellets":[5],"Nunchaku":[19],"Regal Pillow":0,"Happy Flower":[27],"counters":[126,373],"Ornamental Fan":[156],"Gambling Chip":[31],"aspiration:RunicSpoon":[109],"obtain_stats":[{"Golden Egg":1,"sneckomod:SneckoCommon":0,"Bromod:ArcaneNullifier":0,"downfall:HeartBlessingGreen":27,"infinitespire:Cubic Diamond":3,"wanderingMiniBosses:OtherGremlinHorn":2,"construct:RocketBooster":0,"DemoMod:OrangeGuonStone":10,"hubris:SphereOfDissonance":7,"Akabeko":0,"qcfpunch:Broken_Tusk":41,"Elementarium:ElementariumTrophy":33,"Snecko Eye":47,"Pandora\u0027s Box":10,"aspiration:SilentSkillbook":34,"infinitespire:PuzzleCube":52,"Elementarium:HuntersElixir":20,"Regal Pillow":29,"hubris:EmptyBottle":12,"Power_Wrist":29,"hubris:EvacipatedBox":1,"Cleaning_Rag":41,"aspiration:AnachronicSnailShell":36,"reliquary:Buckler":12,"hubris:CuriousFeather":0,"Potion Belt":10,"construct:ClawGrip":34,"downfall:HeartBlessingRed":27,"qcfpunch:Black_Training_Shirt":8,"Thread and Needle":39,"The Courier":26,"aspiration:RandomNobGenerator":34,"infinitespire:CheckeredPen":10,"hubris:Towel":46,"Replay:Arrowhead":10,"Bromod:ArcaneMomentum":8,"Ornamental Fan":53,"stsjorbsmod:BookOfTrialsRelic":3,"CrazyTorch:ReiMu":0,"Bromod:ArcaneBarrier":34,"StSpp:BrokenTotem":0,"potionbrewer:BottledElixir":25,"ReplayTheSpireMod:Lightbulb":53,"Toy Ornithopter":28,"Bromod:ArcaneUltimatum":41,"Ice Cream":0,"champ:DuelingGlove":0,"Bromod:ArcanePulse":0,"CeramicFish":0,"potionbrewer:SalesContract":0,"DemoMod:GlassGuonStoneRelic":8,"theSenshi:FeatherClipsRelic":14,"sneckomod:SneckoSoul":0,"potionbrewer:PotionKit":36,"HornCleat":0,"DemoMod:MonsterBlood":47,"sneckomod:ConfusingCodex":0,"Strawberry":0,"Prayer Wheel":1,"qcfpunch:Handcuffs":0,"potionbrewer:DrinkingBird":22,"Toxic Egg 2":26,"qcfpunch:Chain_With_Nametags":27,"DemoMod:Orange":47,"Happy Flower":0,"aspiration:Nostalgia":36,"Dead Branch":3,"infinitespire:Beetle Shell":36,"Replay:Kaleidoscope":52,"War Paint":15,"Question Card":1,"aspiration:HiddenCompartment":29,"OrangePellets":53,"Replay:Baseball":0,"reliquary:PorcupineQuills":48,"wanderingMiniBosses:Blackblade":4,"Onion Ring":24,"Slimebound:PreparedRelic":13,"infinitespire:EmpoweringShard":23,"hubris:ToyBattleship":31,"aspiration:HatOfInfinitePower":47,"Juzu Bracelet":0,"Hallownest:DreamNailRelic":5,"hubris:SlimyHat":41,"conspire:TopHat":6,"ClockworkSouvenir":0,"DemoMod:SevenLeafClover":12,"Frozen Eye":8,"Nunchaku":0,"Mummified Hand":21,"downfall:HeartBlessingBlue":27,"Gambling Chip":24,"qcfpunch:Wrestler\u0027s_Cloak":45,"sneckomod:RareBoosterPack":0,"TheVixenMod:UmbreonRelic":42,"qcfpunch:Army_Boots":24,"Replay:Towering Pillar of Hats":43,"aspiration:FetidBarrel":44,"Quantum Egg":1,"aspiration:RunicSpoon":17,"hexamod:Sixitude":0,"hubris:MedicalManual":0,"vexMod:FocusSash":21,"Orichalcum":48,"Medical Kit":0,"Mercury Hourglass":6,"Strange Spoon":0,"CaptainsWheel":0,"Anchor":0,"wanderingMiniBosses:CarrionFlame":32,"vexMod:HeadHunter":0,"Runesmith:UraniumAnvil":17,"infinitespire:Satchel":45,"ChewingGum":17,"reliquary:Stiletto":23,"Bag of Marbles":38,"Membership Card":0,"Gem_Box":22,"DemoMod:RingOfEthereal":42,"hubris:Potato":0,"TungstenRod":0,"DemoMod:VorpalBullet":32,"FossilizedHelix":0,"RuthlessExorcism:ReiMu":0},{"Golden Egg":0,"sneckomod:SneckoCommon":30,"Bromod:ArcaneNullifier":30,"downfall:HeartBlessingGreen":15,"infinitespire:Cubic Diamond":68,"wanderingMiniBosses:OtherGremlinHorn":1,"construct:RocketBooster":30,"DemoMod:OrangeGuonStone":97,"hubris:SphereOfDissonance":94,"Akabeko":66,"qcfpunch:Broken_Tusk":57,"Elementarium:ElementariumTrophy":82,"Snecko Eye":60,"Pandora\u0027s Box":5,"aspiration:SilentSkillbook":20,"infinitespire:PuzzleCube":64,"Elementarium:HuntersElixir":76,"Regal Pillow":17,"hubris:EmptyBottle":7,"Power_Wrist":17,"hubris:EvacipatedBox":0,"Cleaning_Rag":23,"aspiration:AnachronicSnailShell":116,"reliquary:Buckler":73,"hubris:CuriousFeather":30,"Potion Belt":5,"construct:ClawGrip":82,"downfall:HeartBlessingRed":15,"qcfpunch:Black_Training_Shirt":4,"Thread and Needle":56,"The Courier":78,"aspiration:RandomNobGenerator":116,"infinitespire:CheckeredPen":101,"hubris:Towel":25,"Replay:Arrowhead":5,"Bromod:ArcaneMomentum":34,"Ornamental Fan":64,"stsjorbsmod:BookOfTrialsRelic":68,"CrazyTorch:ReiMu":90,"Bromod:ArcaneBarrier":53,"StSpp:BrokenTotem":98,"potionbrewer:BottledElixir":15,"ReplayTheSpireMod:Lightbulb":64,"Toy Ornithopter":16,"Bromod:ArcaneUltimatum":57,"Ice Cream":66,"champ:DuelingGlove":98,"Bromod:ArcanePulse":30,"CeramicFish":90,"potionbrewer:SalesContract":30,"DemoMod:GlassGuonStoneRelic":4,"theSenshi:FeatherClipsRelic":38,"sneckomod:SneckoSoul":0,"potionbrewer:PotionKit":116,"HornCleat":66,"DemoMod:MonsterBlood":25,"sneckomod:ConfusingCodex":90,"Strawberry":66,"Prayer Wheel":0,"qcfpunch:Handcuffs":90,"potionbrewer:DrinkingBird":43,"Toxic Egg 2":111,"qcfpunch:Chain_With_Nametags":79,"DemoMod:Orange":60,"Happy Flower":90,"aspiration:Nostalgia":116,"Dead Branch":2,"infinitespire:Beetle Shell":116,"Replay:Kaleidoscope":29,"War Paint":9,"Question Card":0,"aspiration:HiddenCompartment":113,"OrangePellets":29,"Replay:Baseball":98,"reliquary:PorcupineQuills":124,"wanderingMiniBosses:Blackblade":32,"Onion Ring":14,"Slimebound:PreparedRelic":73,"infinitespire:EmpoweringShard":14,"hubris:ToyBattleship":51,"aspiration:HatOfInfinitePower":123,"Juzu Bracelet":30,"Hallownest:DreamNailRelic":32,"hubris:SlimyHat":119,"conspire:TopHat":70,"ClockworkSouvenir":66,"DemoMod:SevenLeafClover":36,"Frozen Eye":4,"Nunchaku":98,"Mummified Hand":12,"downfall:HeartBlessingBlue":15,"Gambling Chip":44,"qcfpunch:Wrestler\u0027s_Cloak":122,"sneckomod:RareBoosterPack":66,"TheVixenMod:UmbreonRelic":23,"qcfpunch:Army_Boots":110,"Replay:Towering Pillar of Hats":24,"aspiration:FetidBarrel":87,"Quantum Egg":0,"aspiration:RunicSpoon":107,"hexamod:Sixitude":90,"hubris:MedicalManual":30,"vexMod:FocusSash":12,"Orichalcum":26,"Medical Kit":30,"Mercury Hourglass":33,"Strange Spoon":66,"CaptainsWheel":66,"Anchor":66,"wanderingMiniBosses:CarrionFlame":115,"vexMod:HeadHunter":30,"Runesmith:UraniumAnvil":40,"infinitespire:Satchel":60,"ChewingGum":10,"reliquary:Stiletto":77,"Bag of Marbles":22,"Membership Card":30,"Gem_Box":43,"DemoMod:RingOfEthereal":58,"hubris:Potato":30,"TungstenRod":30,"DemoMod:VorpalBullet":52,"FossilizedHelix":90,"RuthlessExorcism:ReiMu":66},{"Golden Egg":0,"sneckomod:SneckoCommon":112,"Bromod:ArcaneNullifier":112,"downfall:HeartBlessingGreen":39,"infinitespire:Cubic Diamond":224,"wanderingMiniBosses:OtherGremlinHorn":2,"construct:RocketBooster":112,"DemoMod:OrangeGuonStone":302,"hubris:SphereOfDissonance":296,"Akabeko":222,"qcfpunch:Broken_Tusk":196,"Elementarium:ElementariumTrophy":269,"Snecko Eye":202,"Pandora\u0027s Box":12,"aspiration:SilentSkillbook":72,"infinitespire:PuzzleCube":212,"Elementarium:HuntersElixir":250,"Regal Pillow":43,"hubris:EmptyBottle":19,"Power_Wrist":43,"hubris:EvacipatedBox":0,"Cleaning_Rag":76,"aspiration:AnachronicSnailShell":348,"reliquary:Buckler":239,"hubris:CuriousFeather":112,"Potion Belt":12,"construct:ClawGrip":269,"downfall:HeartBlessingRed":39,"qcfpunch:Black_Training_Shirt":8,"Thread and Needle":192,"The Courier":256,"aspiration:RandomNobGenerator":348,"infinitespire:CheckeredPen":310,"hubris:Towel":81,"Replay:Arrowhead":12,"Bromod:ArcaneMomentum":126,"Ornamental Fan":212,"stsjorbsmod:BookOfTrialsRelic":224,"CrazyTorch:ReiMu":290,"Bromod:ArcaneBarrier":185,"StSpp:BrokenTotem":303,"potionbrewer:BottledElixir":39,"ReplayTheSpireMod:Lightbulb":212,"Toy Ornithopter":42,"Bromod:ArcaneUltimatum":196,"Ice Cream":222,"champ:DuelingGlove":303,"Bromod:ArcanePulse":112,"CeramicFish":290,"potionbrewer:SalesContract":112,"DemoMod:GlassGuonStoneRelic":8,"theSenshi:FeatherClipsRelic":138,"sneckomod:SneckoSoul":0,"potionbrewer:PotionKit":348,"HornCleat":222,"DemoMod:MonsterBlood":81,"sneckomod:ConfusingCodex":290,"Strawberry":222,"Prayer Wheel":0,"qcfpunch:Handcuffs":290,"potionbrewer:DrinkingBird":153,"Toxic Egg 2":335,"qcfpunch:Chain_With_Nametags":258,"DemoMod:Orange":202,"Happy Flower":290,"aspiration:Nostalgia":348,"Dead Branch":3,"infinitespire:Beetle Shell":348,"Replay:Kaleidoscope":99,"War Paint":24,"Question Card":0,"aspiration:HiddenCompartment":339,"OrangePellets":99,"Replay:Baseball":303,"reliquary:PorcupineQuills":364,"wanderingMiniBosses:Blackblade":120,"Onion Ring":37,"Slimebound:PreparedRelic":239,"infinitespire:EmpoweringShard":37,"hubris:ToyBattleship":179,"aspiration:HatOfInfinitePower":362,"Juzu Bracelet":112,"Hallownest:DreamNailRelic":120,"hubris:SlimyHat":353,"conspire:TopHat":232,"ClockworkSouvenir":222,"DemoMod:SevenLeafClover":133,"Frozen Eye":7,"Nunchaku":303,"Mummified Hand":32,"downfall:HeartBlessingBlue":39,"Gambling Chip":158,"qcfpunch:Wrestler\u0027s_Cloak":360,"sneckomod:RareBoosterPack":222,"TheVixenMod:UmbreonRelic":76,"qcfpunch:Army_Boots":333,"Replay:Towering Pillar of Hats":78,"aspiration:FetidBarrel":284,"Quantum Egg":0,"aspiration:RunicSpoon":327,"hexamod:Sixitude":290,"hubris:MedicalManual":112,"vexMod:FocusSash":32,"Orichalcum":87,"Medical Kit":112,"Mercury Hourglass":123,"Strange Spoon":222,"CaptainsWheel":222,"Anchor":222,"wanderingMiniBosses:CarrionFlame":345,"vexMod:HeadHunter":112,"Runesmith:UraniumAnvil":145,"infinitespire:Satchel":202,"ChewingGum":26,"reliquary:Stiletto":251,"Bag of Marbles":74,"Membership Card":112,"Gem_Box":153,"DemoMod:RingOfEthereal":199,"hubris:Potato":112,"TungstenRod":112,"DemoMod:VorpalBullet":182,"FossilizedHelix":290,"RuthlessExorcism:ReiMu":222}]},"card_choices":[{"not_picked":["sneckomod:UnendingSupply","sneckomod:UnknownCommonAttack","sneckomod:QuickMove"],"picked":"SKIP","floor":2},{"not_picked":["sneckomod:IronFang","sneckomod:Memorize"],"picked":"sneckomod:UnknownStrength","floor":5},{"not_picked":["sneckomod:SoulDraw","sneckomod:UnknownWeak"],"picked":"sneckomod:QuickBite","floor":10},{"not_picked":["sneckomod:IronFang","sneckomod:Unknown0Cost"],"picked":"sneckomod:UnknownColorless","floor":11},{"not_picked":["sneckomod:WideSting","sneckomod:Rotation"],"picked":"sneckomod:UnknownRareSkill","floor":12},{"not_picked":["sneckomod:UnknownStrike","sneckomod:QuickBite","sneckomod:RainOfDice"],"picked":"SKIP","floor":13},{"not_picked":["sneckomod:QuickBite","sneckomod:SoulRoll"],"picked":"sneckomod:Unknown3Cost","floor":14},{"not_picked":["sneckomod:UnknownBlock","sneckomod:Rotation"],"picked":"sneckomod:UnknownExhaust","floor":15},{"not_picked":["sneckomod:Restock","sneckomod:Transmogrify"],"picked":"sneckomod:UnknownRareSkill","floor":16},{"not_picked":["sneckomod:UnknownClassRED","sneckomod:DiceCrush","sneckomod:MixItUp"],"picked":"SKIP","floor":19},{"not_picked":["sneckomod:UnknownExhaust","sneckomod:UnknownBlock","sneckomod:SoulRoll"],"picked":"SKIP","floor":21},{"not_picked":["infinitespire:Execution","infinitespire:FinalStrike"],"picked":"infinitespire:SevenWalls","floor":22},{"not_picked":["sneckomod:UnknownDraw","sneckomod:CheapStock"],"picked":"sneckomod:UnknownClassASTROLOGER","floor":23},{"not_picked":["sneckomod:UnknownUncommonPower","sneckomod:UnknownCommonAttack","sneckomod:Restock+1"],"picked":"SKIP","floor":26},{"not_picked":["sneckomod:UnknownClassRED+1","sneckomod:Memorize+1","sneckomod:QuickMove+1"],"picked":"SKIP","floor":28},{"not_picked":["sneckomod:MasterEye","sneckomod:UnknownX+1"],"picked":"sneckomod:UnknownBoss+1","floor":29},{"not_picked":["sneckomod:DiceBlock+1","sneckomod:WideSting"],"picked":"sneckomod:Unknown1Cost+1","floor":30},{"not_picked":["sneckomod:DiceBoulder+1","sneckomod:DiceBlock+1"],"picked":"sneckomod:UnknownClassRED+1","floor":32},{"not_picked":["sneckomod:UnknownRareAttack","sneckomod:UnknownBoss+1"],"picked":"sneckomod:UnknownRarePower","floor":33},{"not_picked":["sneckomod:SoulRoll+1","sneckomod:SoulDraw+1","sneckomod:DiceBlock+1"],"picked":"SKIP","floor":37},{"not_picked":["sneckomod:DiceCrush","sneckomod:QuickMove+1","sneckomod:UnknownBlock+1"],"picked":"SKIP","floor":39},{"not_picked":["sneckomod:IronFang+1","sneckomod:UnknownDexterity+1"],"picked":"sneckomod:Mudshield","floor":40},{"not_picked":["sneckomod:UnknownDraw+1","sneckomod:DiceCrush+1","sneckomod:TrashToTreasure+1"],"picked":"SKIP","floor":42},{"not_picked":["sneckomod:DiceBlock+1","sneckomod:DiceCrush"],"picked":"sneckomod:SoulCleanse+1","floor":43},{"not_picked":["sneckomod:UnknownBlock+1","sneckomod:UnendingSupply","sneckomod:Rotation+1"],"picked":"SKIP","floor":44},{"not_picked":["sneckomod:QuickMove+1","sneckomod:Unknown1Cost+1","sneckomod:UnknownBlock+1"],"picked":"SKIP","floor":46},{"not_picked":["sneckomod:UnknownColorless+1","sneckomod:QuickBite"],"picked":"sneckomod:UnknownVulnerable+1","floor":48},{"not_picked":["sneckomod:WideSting","sneckomod:Nope+1","sneckomod:SoulDraw+1"],"picked":"SKIP","floor":49}],"player_experience":1387823,"relics_obtained":[{"floor":10,"key":"infinitespire:CheckeredPen"},{"floor":13,"key":"Regal Pillow"},{"floor":24,"key":"qcfpunch:Army_Boots"},{"floor":26,"key":"Toxic Egg 2"},{"floor":29,"key":"aspiration:HiddenCompartment"},{"floor":32,"key":"wanderingMiniBosses:CarrionFlame"},{"floor":40,"key":"infinitespire:Satchel"},{"floor":41,"key":"hubris:SlimyHat"},{"floor":43,"key":"RuthlessExorcism:ReiMu"},{"floor":45,"key":"qcfpunch:Wrestler\u0027s_Cloak"},{"floor":48,"key":"reliquary:PorcupineQuills"}],"event_choices":[{"damage_healed":0,"gold_gain":0,"player_choice":"Leave","damage_taken":0,"max_hp_gain":0,"max_hp_loss":0,"event_name":"conspire:Investor","floor":3,"gold_loss":0}],"is_beta":false,"boss_relics":[{"not_picked":["hubris:ScarierMask","vexMod:CursedCompass"],"picked":"aspiration:RunicSpoon"},{"not_picked":["energizedSpire:RedRose","sneckomod:SuperSneckoSoul","Busted Crown"],"picked":"aspiration:RandomNobGenerator"}],"items_purged_floors":[0],"is_endless":false,"potions_floor_spawned":[5,11,13,15,16,23,26,30,33,39,40,43,44,46],"ascension_level":19,"is_humility":true}}