{"host":"2tgyrzvaa7l04o2e","time":1612106983,"event":{"mods":["BaseMod","Highlight Path","Minty Spire (QoL Compilation)","Permanent Neow","Relic Stats"],"gold_per_floor":[110,120,138,138,149,175,194,194,194,194,194],"floor_reached":10,"language":"ENG","playtime":295,"items_purged":[],"score":123,"play_id":"4f0e011f-153b-4548-88ad-30666e6dd0bf","local_time":"20210131162943","is_ascension_mode":true,"campfire_choices":[],"circlet_count":0,"master_deck":["AscendersBane","Strike_B","Strike_B","Strike_B","Defend_B","Defend_B","Defend_B+1","Defend_B","Zap","Dualcast+1","Gash","Gash","Compile Driver","Self Repair","Cold Snap","Cold Snap","White Noise"],"relics":["Cracked Core","Peace Pipe","Ornamental Fan","Singing Bowl"],"acts_visited":["Exordium"],"potions_floor_usage":[5,6,7],"damage_taken":[{"damage":1,"enemies":"Cultist","floor":1,"turns":3},{"damage":7,"enemies":"Small Slimes","floor":2,"turns":4},{"damage":12,"enemies":"Jaw Worm","floor":3,"turns":2},{"damage":8,"enemies":"Looter","floor":5,"turns":2},{"damage":15,"enemies":"Lagavulin","floor":6,"turns":7},{"damage":3,"enemies":"3 Louse","floor":7,"turns":2},{"damage":8,"enemies":"3 Sentries","floor":10,"turns":1}],"seed_played":"5222605977180415064","potions_obtained":[{"floor":1,"key":"AttackPotion"},{"floor":3,"key":"LiquidMemories"},{"floor":6,"key":"Strength Potion"}],"is_trial":false,"path_per_floor":["M","M","M","?","M","E","M","?","T","E"],"character_chosen":"DEFECT","items_purchased":[],"campfire_rested":0,"item_purchase_floors":[],"current_hp_per_floor":[63,56,44,25,17,9,6,6,6,0,0],"gold":194,"neow_bonus":"ONE_RARE_RELIC","is_daily":false,"chose_seed":false,"campfire_upgraded":0,"win_rate":0.0,"timestamp":1612106983,"path_taken":["M","M","?","?","M","E","M","?","T","E"],"items_purchased_type":[],"build_version":"2020-12-22","purchased_purges":0,"victory":false,"max_hp_per_floor":[64,64,64,64,64,64,64,64,64,64,64],"relic_stats":{"Peace Pipe":0,"Singing Bowl":0,"counters":[7,21],"Ornamental Fan":[4],"obtain_stats":[{"Peace Pipe":0,"Singing Bowl":9,"Ornamental Fan":6,"Cracked Core":0},{"Peace Pipe":0,"Singing Bowl":6,"Ornamental Fan":5,"Cracked Core":0},{"Peace Pipe":0,"Singing Bowl":20,"Ornamental Fan":18,"Cracked Core":0}]},"card_choices":[{"not_picked":["Reprogram","Rebound"],"picked":"Gash","floor":1},{"not_picked":["Capacitor","Steam"],"picked":"Gash","floor":2},{"not_picked":["Streamline","Stack"],"picked":"Compile Driver","floor":3},{"not_picked":["Leap","Barrage"],"picked":"Self Repair","floor":5},{"not_picked":["Go for the Eyes","Rip and Tear"],"picked":"Cold Snap","floor":6},{"not_picked":["Go for the Eyes","Chill"],"picked":"Cold Snap","floor":7}],"player_experience":679045,"relics_obtained":[{"floor":6,"key":"Ornamental Fan"},{"floor":9,"key":"Singing Bowl"}],"event_choices":[{"damage_healed":0,"gold_gain":0,"player_choice":"Entered Light","damage_taken":19,"max_hp_gain":0,"max_hp_loss":0,"event_name":"Shining Light","floor":4,"gold_loss":0,"cards_upgraded":["Dualcast","Defend_B"]},{"damage_healed":0,"gold_gain":0,"cards_transformed":["Strike_B"],"player_choice":"Change","damage_taken":0,"max_hp_gain":0,"max_hp_loss":0,"event_name":"Living Wall","floor":8,"gold_loss":0,"cards_obtained":["White Noise"]}],"is_beta":false,"boss_relics":[],"items_purged_floors":[],"is_endless":false,"potions_floor_spawned":[1,3,6],"killed_by":"3 Sentries","ascension_level":15}}