{"host":"2qyxu97h6u4ukicb","time":1612106310,"event":{"mods":["AchievementEnabler","BaseMod","BetterRewards","Colored Map","Colored Powertips","Minty Spire (QoL Compilation)","Replay The Spire","Shop Mod","StSLib"],"gold_per_floor":[111,125,125,138,138,138,166,181,181,181,181,205,205,215,215,311,311,327,347,347,347,358,358,358],"floor_reached":23,"language":"ENG","playtime":1084,"items_purged":[],"score":191,"play_id":"3ef8544a-9431-4515-bc9a-c2076d1c68da","local_time":"20210131091830","is_ascension_mode":false,"campfire_choices":[{"data":"Crescendo","floor":6,"key":"SMITH"},{"floor":11,"key":"REST"},{"data":"Consecrate","floor":13,"key":"SMITH"},{"floor":15,"key":"REST"}],"circlet_count":0,"master_deck":["Strike_P","Strike_P","Strike_P","Strike_P","Defend_P","Defend_P","Defend_P","Defend_P+1","Eruption","Vigilance","Crescendo+1","SashWhip","Consecrate+1","Consecrate+1","SandsOfTime","WindmillStrike","Fasting2","BowlingBash"],"relics":["PureWater","NeowsBlessing","Mercury Hourglass","Odd Mushroom","Velvet Choker"],"acts_visited":["Exordium","TheCity"],"potions_floor_usage":[7,7,16,16,19,23,23],"damage_taken":[{"damage":0,"enemies":"2 Louse","floor":1,"turns":1},{"damage":0,"enemies":"Cultist","floor":2,"turns":1},{"damage":0,"enemies":"Small Slimes","floor":4,"turns":1},{"damage":26,"enemies":"Gremlin Nob","floor":7,"turns":3},{"damage":0,"enemies":"3 Louse","floor":8,"turns":2},{"damage":0,"enemies":"The Mushroom Lair","floor":12,"turns":2},{"damage":0,"enemies":"Large Slime","floor":14,"turns":3},{"damage":30,"enemies":"The Guardian","floor":16,"turns":7},{"damage":20,"enemies":"Spheric Guardian","floor":18,"turns":4},{"damage":7,"enemies":"2 Thieves","floor":19,"turns":2},{"damage":7,"enemies":"Snake Plant","floor":22,"turns":4},{"damage":38,"enemies":"Book of Stabbing","floor":23,"turns":3}],"seed_played":"8922563656048481677","potions_obtained":[{"floor":5,"key":"Adrenaline Potion"},{"floor":5,"key":"Languid Potion"},{"floor":5,"key":"Swift Potion"},{"floor":8,"key":"AttackPotion"},{"floor":12,"key":"Dexterity Potion"},{"floor":16,"key":"SteroidPotion"},{"floor":19,"key":"Strength Potion"}],"is_trial":false,"path_per_floor":["M","M","?","M","?","R","E","M","T","?","R","?","R","M","R","B",null,"M","M","?","?","M","E"],"character_chosen":"WATCHER","items_purchased":[],"campfire_rested":2,"item_purchase_floors":[],"current_hp_per_floor":[72,72,72,72,72,72,46,46,46,32,53,53,53,53,72,42,72,52,45,45,45,38,0,0],"gold":358,"neow_bonus":"THREE_ENEMY_KILL","is_daily":false,"chose_seed":false,"campfire_upgraded":2,"win_rate":0.0,"timestamp":1612106310,"path_taken":["M","M","?","M","?","R","E","?","T","?","R","?","R","M","R","BOSS","M","M","?","?","M","E"],"items_purchased_type":[],"build_version":"2020-12-22","purchased_purges":0,"victory":false,"max_hp_per_floor":[72,72,72,72,72,72,72,72,72,72,72,72,72,72,72,72,72,72,72,72,72,72,72,72],"card_choices":[{"not_picked":["ClearTheMind","CarveReality"],"picked":"Crescendo","floor":1},{"not_picked":["Protect","EmptyBody","Pray"],"picked":"SKIP","floor":2},{"not_picked":["Blasphemy","JustLucky"],"picked":"SashWhip","floor":4},{"not_picked":["Weave","ThirdEye"],"picked":"Consecrate","floor":7},{"not_picked":["CrushJoints","JustLucky"],"picked":"Consecrate","floor":8},{"not_picked":["CrushJoints","Replay:Battleflow"],"picked":"SandsOfTime","floor":14},{"not_picked":["WaveOfTheHand","Replay:AtTheReady"],"picked":"WindmillStrike","floor":18},{"not_picked":["FearNoEvil","Sanctity+1"],"picked":"Fasting2","floor":19},{"not_picked":["Halt","ThirdEye+1"],"picked":"BowlingBash","floor":22}],"player_experience":767141,"relics_obtained":[{"floor":7,"key":"Mercury Hourglass"},{"floor":12,"key":"Odd Mushroom"}],"event_choices":[{"damage_healed":0,"gold_gain":0,"player_choice":"Ignored","damage_taken":0,"max_hp_gain":0,"max_hp_loss":0,"event_name":"Golden Wing","floor":3,"gold_loss":0},{"damage_healed":0,"gold_gain":0,"player_choice":"Got Potions","damage_taken":0,"max_hp_gain":0,"max_hp_loss":0,"event_name":"Lab","floor":5,"gold_loss":0},{"damage_healed":0,"gold_gain":0,"player_choice":"Entered Light","damage_taken":14,"max_hp_gain":0,"max_hp_loss":0,"event_name":"Shining Light","floor":10,"gold_loss":0,"cards_upgraded":["Consecrate","Defend_P"]},{"damage_healed":0,"gold_gain":0,"player_choice":"Fought Mushrooms","damage_taken":0,"max_hp_gain":0,"max_hp_loss":0,"event_name":"Mushrooms","floor":12,"gold_loss":0},{"damage_healed":0,"gold_gain":0,"player_choice":"Ignored","damage_taken":0,"max_hp_gain":0,"max_hp_loss":0,"event_name":"Beggar","floor":20,"gold_loss":0},{"damage_healed":0,"gold_gain":0,"player_choice":"Ignored","damage_taken":0,"max_hp_gain":0,"max_hp_loss":0,"event_name":"Ghosts","floor":21,"gold_loss":0}],"is_beta":false,"boss_relics":[{"not_picked":["Snecko Eye","Runic Pyramid"],"picked":"Velvet Choker"}],"items_purged_floors":[],"is_endless":false,"potions_floor_spawned":[8,12,16,19],"killed_by":"Book of Stabbing","ascension_level":0}}