{"host":"splhgeaql3beeqc1","time":1612097477,"event":{"mods":["BaseMod","Minty Spire (QoL Compilation)","Quick Restart","StSLib"],"gold_per_floor":[111,186,200,217,235,265,265,265,265,280,126,126,126],"floor_reached":12,"language":"ENG","playtime":716,"items_purged":["Defend_G"],"score":92,"play_id":"70d1189b-e296-4303-8ac8-7587a081dc7b","local_time":"20210131125117","is_ascension_mode":true,"campfire_choices":[{"floor":7,"key":"REST"}],"circlet_count":0,"master_deck":["Strike_G","Strike_G","Strike_G","Strike_G","Strike_G","Defend_G","Defend_G","Defend_G","Survivor","Neutralize+1","Dagger Spray","All Out Attack","Blur","Venomology","Blur","Prepared+1","Footwork"],"relics":["Ring of the Snake","Regal Pillow","Toxic Egg 2"],"acts_visited":["Exordium"],"potions_floor_usage":[6],"damage_taken":[{"damage":1,"enemies":"Jaw Worm","floor":1,"turns":4},{"damage":0,"enemies":"Cultist","floor":3,"turns":4},{"damage":0,"enemies":"Small Slimes","floor":4,"turns":2},{"damage":0,"enemies":"2 Fungi Beasts","floor":5,"turns":2},{"damage":31,"enemies":"Lagavulin","floor":6,"turns":11},{"damage":1,"enemies":"Looter","floor":10,"turns":4},{"damage":78,"enemies":"Gremlin Nob","floor":12,"turns":6}],"seed_played":"7667691917322994044","potions_obtained":[{"floor":6,"key":"Ancient Potion"}],"is_trial":false,"path_per_floor":["M","?","M","M","M","E","R","?","T","M","$","E"],"character_chosen":"THE_SILENT","items_purchased":["Footwork"],"campfire_rested":1,"item_purchase_floors":[11],"current_hp_per_floor":[69,58,58,58,58,27,63,63,63,62,62,0,0],"gold":126,"neow_bonus":"UPGRADE_CARD","is_daily":false,"chose_seed":false,"campfire_upgraded":0,"win_rate":0.0,"timestamp":1612097477,"path_taken":["M","?","M","M","M","E","R","?","T","?","$","E"],"items_purchased_type":["Card"],"build_version":"2020-12-22","purchased_purges":1,"victory":false,"max_hp_per_floor":[70,70,70,70,70,70,70,70,70,70,70,70,70],"card_choices":[{"not_picked":["Slice","Sucker Punch"],"picked":"Dagger Spray","floor":1},{"not_picked":["Masterful Stab","Flying Knee"],"picked":"All Out Attack","floor":3},{"not_picked":["Underhanded Strike","Cloak And Dagger"],"picked":"Blur","floor":4},{"not_picked":["Backflip","Tactician"],"picked":"Venomology","floor":5},{"not_picked":["Infinite Blades","Poisoned Stab"],"picked":"Blur","floor":6},{"not_picked":["Cloak And Dagger+1","Dagger Throw"],"picked":"Prepared+1","floor":10}],"player_experience":87577,"relics_obtained":[{"floor":6,"key":"Regal Pillow"},{"floor":9,"key":"Toxic Egg 2"}],"event_choices":[{"damage_healed":0,"gold_gain":75,"player_choice":"Gather Gold","damage_taken":11,"max_hp_gain":0,"max_hp_loss":0,"event_name":"World of Goop","floor":2,"gold_loss":0},{"cards_removed":["Defend_G"],"damage_healed":0,"gold_gain":0,"player_choice":"Forget","damage_taken":0,"max_hp_gain":0,"max_hp_loss":0,"event_name":"Living Wall","floor":8,"gold_loss":0}],"is_beta":false,"boss_relics":[],"items_purged_floors":[11],"is_endless":false,"potions_floor_spawned":[6],"killed_by":"Gremlin Nob","ascension_level":3}}