{"host":"1xo5g347e5o4auts","time":1612079591,"event":{"mods":["BaseMod","Minty Spire (QoL Compilation)","Permanent Neow","StSLib"],"gold_per_floor":[112,131,131,149,161,161,192,192,192,226,226,239,256,272,272,346,346,365,365,375,33,33,62,62,94,94,94,94,110,130,163,163,235,235,246,257,147,163,176,209,221,246,246,196,242,271,317,350,350,350,350,350,350,63,98,98],"floor_reached":57,"language":"ENG","playtime":2152,"items_purged":["Strike_R","Strike_R","Strike_R"],"score":3034,"play_id":"9412cc12-12b3-4d61-9af7-e13db3f3dac6","local_time":"20210131095311","is_ascension_mode":true,"campfire_choices":[{"data":"Perfected Strike","floor":6.0,"key":"SMITH"},{"floor":8.0,"key":"REST"},{"data":"Bludgeon","floor":11.0,"key":"SMITH"},{"data":"Bash","floor":15.0,"key":"SMITH"},{"floor":24.0,"key":"REST"},{"floor":28.0,"key":"REST"},{"data":"Inflame","floor":32.0,"key":"SMITH"},{"floor":49,"key":"RECALL"},{"data":"Demon Form","floor":53,"key":"SMITH"}],"circlet_count":0,"master_deck":["AscendersBane","Strike_R+1","Defend_R","Defend_R","Defend_R","Defend_R","Bash+1","Perfected Strike+1","Anger","True Grit+1","Shrug It Off","Battle Trance","Bludgeon+1","Inflame+1","Shockwave+1","Corruption","Sword Boomerang","Shrug It Off","Dark Embrace+1","Impervious","Demon Form+1","Flame Barrier+1","Offering","Heavy Blade"],"relics":["SacredBark","Akabeko","Mercury Hourglass","Oddly Smooth Stone","Tiny Chest","Runic Pyramid","Membership Card","Omamori","WarpedTongs","Dream Catcher","TungstenRod","Lizard Tail","War Paint","Busted Crown","Ice Cream","Pen Nib","Du-Vu Doll","FossilizedHelix","InkBottle","Centennial Puzzle","Magic Flower","OrangePellets","Toy Ornithopter","Letter Opener"],"acts_visited":["Exordium","TheCity","TheBeyond","TheEnding"],"potions_floor_usage":[40,50,56,56],"damage_taken":[{"damage":5.0,"enemies":"Small Slimes","floor":1.0,"turns":5.0},{"damage":1.0,"enemies":"Cultist","floor":2.0,"turns":3.0},{"damage":3.0,"enemies":"2 Louse","floor":4.0,"turns":3.0},{"damage":7.0,"enemies":"2 Fungi Beasts","floor":5.0,"turns":4.0},{"damage":31.0,"enemies":"Gremlin Nob","floor":7.0,"turns":4.0},{"damage":25.0,"enemies":"Lagavulin","floor":10.0,"turns":7.0},{"damage":5.0,"enemies":"Gremlin Gang","floor":12.0,"turns":3.0},{"damage":8.0,"enemies":"Exordium Thugs","floor":13.0,"turns":3.0},{"damage":0.0,"enemies":"3 Louse","floor":14.0,"turns":2.0},{"damage":2.0,"enemies":"Hexaghost","floor":16.0,"turns":7.0},{"damage":7.0,"enemies":"3 Byrds","floor":18.0,"turns":6.0},{"damage":15.0,"enemies":"Shell Parasite","floor":20.0,"turns":4.0},{"damage":7.0,"enemies":"Slavers","floor":23.0,"turns":3.0},{"damage":12.0,"enemies":"Gremlin Leader","floor":25.0,"turns":4.0},{"damage":0.0,"enemies":"Snecko","floor":29.0,"turns":2.0},{"damage":7.0,"enemies":"Centurion and Healer","floor":30.0,"turns":3.0},{"damage":1.0,"enemies":"Book of Stabbing","floor":31.0,"turns":3.0},{"damage":10.0,"enemies":"Collector","floor":33.0,"turns":9.0},{"damage":8.0,"enemies":"3 Darklings","floor":35.0,"turns":6.0},{"damage":0.0,"enemies":"Orb Walker","floor":36.0,"turns":4.0},{"damage":18,"enemies":"Sphere and 2 Shapes","floor":38,"turns":8},{"damage":6,"enemies":"Maw","floor":39,"turns":6},{"damage":16,"enemies":"Reptomancer","floor":40,"turns":5},{"damage":6,"enemies":"Transient","floor":41,"turns":6},{"damage":0,"enemies":"Giant Head","floor":42,"turns":6},{"damage":23,"enemies":"2 Orb Walkers","floor":45,"turns":4},{"damage":0,"enemies":"Nemesis","floor":46,"turns":4},{"damage":0,"enemies":"Giant Head","floor":48,"turns":5},{"damage":31,"enemies":"Awakened One","floor":50,"turns":12},{"damage":34,"enemies":"Donu and Deca","floor":51,"turns":7},{"damage":10,"enemies":"Shield and Spear","floor":55,"turns":4},{"damage":38,"enemies":"The Heart","floor":56,"turns":8}],"seed_played":"-6828576434302513132","potions_obtained":[{"floor":2.0,"key":"GamblersBrew"},{"floor":7.0,"key":"EssenceOfSteel"},{"floor":12.0,"key":"SmokeBomb"},{"floor":14.0,"key":"Fire Potion"},{"floor":18.0,"key":"Fire Potion"},{"floor":23.0,"key":"Explosive Potion"},{"floor":25.0,"key":"DistilledChaos"},{"floor":29.0,"key":"Fire Potion"},{"floor":31.0,"key":"Regen Potion"},{"floor":35.0,"key":"Explosive Potion"},{"floor":39,"key":"AttackPotion"},{"floor":40,"key":"PowerPotion"},{"floor":48,"key":"BloodPotion"}],"is_trial":false,"path_per_floor":["M","M","?","M","M","R","E","R","T","E","R","M","M","M","R","B",null,"M","?","M","$","?","E","R","E","T","T","R","M","M","E","R","B",null,"M","M","?","M","M","E","M","E","T","$","?","E","T","E","R","B","B",null,"R","$","E","B",null],"character_chosen":"IRONCLAD","items_purchased":["Membership Card","Omamori","Shrug It Off","Explosive Potion","OrangePellets","Strength Potion","Toy Ornithopter","Heavy Blade"],"campfire_rested":3,"item_purchase_floors":[21,21,21,21,54,54,54,54],"current_hp_per_floor":[63,62,62,59,52,52,21,43,43,18,18,13,5,5,5,3,57,50,29,14,14,14,7,31,19,19,19,43,43,36,35,35,77,79,71,71,71,53,47,31,25,25,25,25,2,2,2,2,2,19,60,75,75,75,65,42],"gold":98,"neow_bonus":"BOSS_RELIC","is_daily":false,"chose_seed":false,"campfire_upgraded":5,"win_rate":0.0,"timestamp":1612079591,"path_taken":["M","M","?","M","M","R","E","R","T","E","R","M","?","M","R","BOSS","M","?","M","$","?","E","R","E","T","?","R","M","M","E","R","BOSS","M","M","?","M","M","E","M","E","T","?","?","E","?","E","R","BOSS","BOSS","R","$","E","BOSS"],"items_purchased_type":["Relic","Relic","Card","Potion","Relic","Potion","Relic","Card"],"build_version":"2020-12-22","purchased_purges":3,"victory":true,"max_hp_per_floor":[75,75,75,75,75,75,75,75,75,75,75,75,75,75,75,75,75,75,80,80,80,80,80,80,80,80,80,80,80,80,80,80,80,80,80,80,80,80,80,80,80,80,80,80,80,80,80,80,80,80,80,80,80,80,80,80],"card_choices":[{"not_picked":["Sword Boomerang","Sentinel"],"picked":"Perfected Strike","floor":1.0},{"not_picked":["Sword Boomerang","True Grit"],"picked":"Anger","floor":2.0},{"not_picked":["Anger","Iron Wave"],"picked":"True Grit","floor":4.0},{"not_picked":["Sword Boomerang","Armaments"],"picked":"Shrug It Off","floor":5.0},{"not_picked":["Rage","Sentinel"],"picked":"Battle Trance","floor":7.0},{"not_picked":["Rupture","Whirlwind"],"picked":"Bludgeon","floor":10.0},{"not_picked":["Havoc","Pommel Strike"],"picked":"Inflame","floor":12.0},{"not_picked":["Cleave","Metallicize","Seeing Red"],"picked":"SKIP","floor":13.0},{"not_picked":["Wild Strike","Anger"],"picked":"Shockwave","floor":14.0},{"not_picked":["Brutality","Berserk"],"picked":"Corruption","floor":16.0},{"not_picked":["True Grit","Twin Strike","Rage"],"picked":"SKIP","floor":18.0},{"not_picked":["Warcry","Anger"],"picked":"Sword Boomerang","floor":20.0},{"not_picked":["Heavy Blade","Battle Trance"],"picked":"Dark Embrace+1","floor":23.0},{"not_picked":["Corruption","Flex+1","Clothesline"],"picked":"SKIP","floor":25.0},{"not_picked":["Reckless Charge","Clash","Flex"],"picked":"SKIP","floor":29.0},{"not_picked":["Flex","Perfected Strike","Rage"],"picked":"SKIP","floor":30.0},{"not_picked":["Disarm","Perfected Strike"],"picked":"Impervious","floor":31.0},{"not_picked":["Berserk","Juggernaut"],"picked":"Demon Form","floor":33.0},{"not_picked":["Iron Wave+1"],"picked":"SKIP","floor":35.0},{"not_picked":["Pommel Strike+1"],"picked":"SKIP","floor":36},{"not_picked":[],"picked":"Flame Barrier+1","floor":38},{"not_picked":["Inflame"],"picked":"SKIP","floor":39},{"not_picked":[],"picked":"Offering","floor":40},{"not_picked":["Reckless Charge"],"picked":"SKIP","floor":41},{"not_picked":["Rupture"],"picked":"SKIP","floor":42},{"not_picked":["Perfected Strike"],"picked":"SKIP","floor":46},{"not_picked":["Metallicize"],"picked":"SKIP","floor":48},{"not_picked":["Armaments"],"picked":"SKIP","floor":55}],"player_experience":1394394,"relics_obtained":[{"floor":7.0,"key":"Mercury Hourglass"},{"floor":9.0,"key":"Oddly Smooth Stone"},{"floor":10.0,"key":"Tiny Chest"},{"floor":23.0,"key":"Dream Catcher"},{"floor":25.0,"key":"TungstenRod"},{"floor":26.0,"key":"Lizard Tail"},{"floor":31.0,"key":"War Paint"},{"floor":40,"key":"Ice Cream"},{"floor":42,"key":"Pen Nib"},{"floor":43,"key":"Du-Vu Doll"},{"floor":45,"key":"FossilizedHelix"},{"floor":46,"key":"InkBottle"},{"floor":47,"key":"Centennial Puzzle"},{"floor":48,"key":"Magic Flower"},{"floor":55,"key":"Letter Opener"}],"event_choices":[{"damage_healed":0.0,"max_hp_gain":0.0,"max_hp_loss":0.0,"gold_gain":0.0,"event_name":"WeMeetAgain","player_choice":"Gave Potion","floor":3.0,"gold_loss":0.0,"damage_taken":0.0,"relics_obtained":["Akabeko"]},{"damage_healed":0.0,"max_hp_gain":5.0,"max_hp_loss":0.0,"gold_gain":0.0,"event_name":"Forgotten Altar","player_choice":"Shed Blood","floor":19.0,"gold_loss":0.0,"damage_taken":26.0},{"damage_healed":0.0,"max_hp_gain":0.0,"max_hp_loss":0.0,"gold_gain":0.0,"event_name":"Accursed Blacksmith","player_choice":"Rummage","floor":22.0,"gold_loss":0.0,"damage_taken":0.0,"relics_obtained":["WarpedTongs"],"cards_obtained":["Pain"]},{"cards_removed":["Strike_R"],"damage_healed":0,"gold_gain":0,"player_choice":"Upgrade and Remove","damage_taken":0,"max_hp_gain":0,"max_hp_loss":0,"event_name":"Designer","floor":37,"gold_loss":110,"cards_upgraded":["Strike_R"]},{"damage_healed":0,"gold_gain":0,"player_choice":"Fight","damage_taken":0,"max_hp_gain":0,"max_hp_loss":0,"event_name":"Mysterious Sphere","floor":45,"gold_loss":0}],"is_beta":false,"boss_relics":[{"not_picked":["Sozu","Tiny House"],"picked":"Runic Pyramid"},{"not_picked":["Astrolabe","Runic Dome"],"picked":"Busted Crown"}],"items_purged_floors":[21,44,54],"is_endless":false,"potions_floor_spawned":[2,7,12,14,18,23,25,29,31,35,39,40,45,48],"ascension_level":20}}