{"host":"m4qpn8a4h7jhbw2f","time":1612071144,"event":{"mods":["BaseMod","Colored Map","Colored Powertips","Minty Spire (QoL Compilation)","Rare Cards Sparkle","Relic Stats"],"gold_per_floor":[113,124,124,134,149,149,161,161,238,255,267,332,332,46,46,150,150,164,89,19,19,19,19,19,29,29,43,43,43,43,43,43,43,43],"floor_reached":33,"language":"ENG","playtime":2224,"items_purged":[],"score":306,"play_id":"ba768149-4ae1-4a6d-ab08-d8d9c9a71567","local_time":"20210131003224","is_ascension_mode":true,"campfire_choices":[{"data":"Barricade","floor":6,"key":"SMITH"},{"data":"Rage","floor":8,"key":"SMITH"},{"data":"Uppercut","floor":13,"key":"SMITH"},{"floor":15,"key":"REST"},{"data":"Feed","floor":24,"key":"SMITH"},{"data":"True Grit","floor":28,"key":"SMITH"},{"data":"Evolve","floor":30,"key":"SMITH"},{"data":"Rampage","floor":32,"key":"SMITH"}],"circlet_count":0,"master_deck":["Strike_R","Strike_R","Strike_R","Defend_R","Defend_R","Bash","Barricade+1","Infernal Blade+1","Rampage+1","Anger","True Grit+1","Rage+1","Anger","Uppercut+1","Cleave","Feed+1","Pummel+1","Anger+1","Ghostly Armor+1","Reckless Charge","Evolve+1","Ghostly","Ghostly","Ghostly","Ghostly","Ghostly"],"relics":["Burning Blood","Question Card","Ice Cream","TungstenRod","Astrolabe","Nilry\u0027s Codex","Mummified Hand","Frozen Egg 2"],"acts_visited":["Exordium","TheCity"],"potions_floor_usage":[5,5,10,16,23,27],"damage_taken":[{"damage":4,"enemies":"Jaw Worm","floor":1,"turns":6},{"damage":0,"enemies":"Small Slimes","floor":2,"turns":3},{"damage":7,"enemies":"2 Louse","floor":4,"turns":2},{"damage":14,"enemies":"Large Slime","floor":5,"turns":5},{"damage":32,"enemies":"Exordium Wildlife","floor":7,"turns":6},{"damage":5,"enemies":"Lots of Slimes","floor":10,"turns":5},{"damage":8,"enemies":"Gremlin Gang","floor":11,"turns":5},{"damage":7,"enemies":"Lagavulin Event","floor":12,"turns":5},{"damage":13,"enemies":"Hexaghost","floor":16,"turns":10},{"damage":14,"enemies":"Chosen","floor":18,"turns":5},{"damage":0,"enemies":"Slavers","floor":23,"turns":1},{"damage":18,"enemies":"Spheric Guardian","floor":25,"turns":5},{"damage":0,"enemies":"Snake Plant","floor":27,"turns":5},{"damage":44,"enemies":"Champ","floor":33,"turns":13}],"seed_played":"-7532829682324338259","potions_obtained":[{"floor":1,"key":"DuplicationPotion"},{"floor":2,"key":"DuplicationPotion"},{"floor":7,"key":"PowerPotion"},{"floor":10,"key":"SmokeBomb"},{"floor":11,"key":"EssenceOfSteel"},{"floor":25,"key":"PowerPotion"}],"is_trial":false,"path_per_floor":["M","M","?","M","M","R","M","R","T","M","M","?","R","$","R","B",null,"M","?","$","?","?","E","R","M","T","M","R","$","R","?","R","B"],"character_chosen":"IRONCLAD","items_purchased":["TungstenRod","Evolve"],"campfire_rested":1,"item_purchase_floors":[14,20],"current_hp_per_floor":[80,80,80,79,71,71,45,45,45,46,44,43,43,43,67,60,80,75,75,75,63,41,41,41,33,33,39,39,39,39,39,39,0,0],"gold":43,"neow_bonus":"ONE_RANDOM_RARE_CARD","is_daily":false,"chose_seed":false,"campfire_upgraded":7,"win_rate":0.0,"timestamp":1612071144,"path_taken":["M","M","?","M","M","R","M","R","T","M","M","?","R","$","R","BOSS","M","?","$","?","?","E","R","M","T","M","R","$","R","?","R","BOSS"],"items_purchased_type":["Relic","Card"],"build_version":"2020-12-22","purchased_purges":0,"victory":false,"max_hp_per_floor":[80,80,80,80,80,80,80,80,80,80,80,80,80,80,80,80,80,83,83,83,83,41,41,41,45,45,45,45,45,45,45,45,45,45],"relic_stats":{"counters":[14,76],"Mummified Hand":[4],"Astrolabe":["Pummel","Anger","Ghostly Armor"],"Question Card":7,"obtain_stats":[{"Ice Cream":12,"Nilry\u0027s Codex":21,"Mummified Hand":26,"Astrolabe":17,"Frozen Egg 2":31,"Question Card":9,"Burning Blood":0,"TungstenRod":14},{"Ice Cream":8,"Nilry\u0027s Codex":10,"Mummified Hand":12,"Astrolabe":9,"Frozen Egg 2":13,"Question Card":5,"Burning Blood":0,"TungstenRod":8},{"Ice Cream":37,"Nilry\u0027s Codex":52,"Mummified Hand":58,"Astrolabe":47,"Frozen Egg 2":63,"Question Card":22,"Burning Blood":0,"TungstenRod":37}],"Burning Blood":64,"TungstenRod":25},"card_choices":[{"not_picked":["Dark Embrace","Armaments"],"picked":"Infernal Blade","floor":1},{"not_picked":["Body Slam","Warcry"],"picked":"Rampage","floor":2},{"not_picked":["Sentinel","Sword Boomerang"],"picked":"Anger","floor":4},{"not_picked":["Dual Wield","Combust"],"picked":"True Grit","floor":5},{"not_picked":["True Grit","Clothesline"],"picked":"Rage","floor":7},{"not_picked":["Iron Wave","Pommel Strike","Shrug It Off"],"picked":"Anger","floor":10},{"not_picked":["Armaments","Flex","Warcry"],"picked":"Uppercut","floor":11},{"not_picked":["Power Through","Barricade","True Grit"],"picked":"Cleave","floor":12},{"not_picked":["Barricade","Fiend Fire","Bludgeon"],"picked":"Feed","floor":16},{"not_picked":["Body Slam","Heavy Blade","Clothesline+1"],"picked":"Reckless Charge","floor":18},{"not_picked":["Pommel Strike","Reckless Charge","Iron Wave","Immolate"],"picked":"SKIP","floor":25},{"not_picked":["Thunderclap","True Grit","Sword Boomerang+1","Heavy Blade"],"picked":"SKIP","floor":27}],"player_experience":191728,"relics_obtained":[{"floor":9,"key":"Question Card"},{"floor":12,"key":"Ice Cream"},{"floor":21,"key":"Nilry\u0027s Codex"},{"floor":26,"key":"Mummified Hand"}],"event_choices":[{"damage_healed":0,"gold_gain":0,"player_choice":"Grow","damage_taken":0,"max_hp_gain":0,"max_hp_loss":0,"event_name":"Living Wall","floor":3,"gold_loss":0,"cards_upgraded":["Infernal Blade"]},{"damage_healed":0,"gold_gain":30,"player_choice":"Searched \u00272\u0027 times","damage_taken":0,"max_hp_gain":0,"max_hp_loss":0,"event_name":"Dead Adventurer","floor":12,"gold_loss":0},{"cards_removed":["Strike_R"],"damage_healed":0,"gold_gain":0,"player_choice":"Gave Gold","damage_taken":0,"max_hp_gain":0,"max_hp_loss":0,"event_name":"Beggar","floor":19,"gold_loss":75},{"damage_healed":0,"gold_gain":0,"player_choice":"Obtained Book","damage_taken":16,"max_hp_gain":0,"max_hp_loss":0,"event_name":"Cursed Tome","floor":21,"gold_loss":0},{"damage_healed":0,"gold_gain":0,"player_choice":"Became a Ghost","damage_taken":0,"max_hp_gain":0,"max_hp_loss":42,"event_name":"Ghosts","floor":22,"gold_loss":0,"cards_obtained":["Ghostly","Ghostly","Ghostly","Ghostly","Ghostly"]},{"damage_healed":0,"gold_gain":0,"player_choice":"Opened","damage_taken":0,"relics_obtained":["Frozen Egg 2"],"max_hp_gain":0,"max_hp_loss":0,"event_name":"The Mausoleum","floor":31,"gold_loss":0}],"is_beta":false,"boss_relics":[{"not_picked":["Philosopher\u0027s Stone","Ectoplasm"],"picked":"Astrolabe"}],"items_purged_floors":[],"is_endless":false,"potions_floor_spawned":[1,2,7,10,11,23,25],"killed_by":"Champ","ascension_level":2}}