{"host":"6xsbn6ynqlzwllfm","time":1612077987,"event":{"mods":["2.2 Compatiblity","BaseMod","Bestiary","Colored Map","Colored Powertips","Curses Come First","Highlight Path","Keyboard Shortcuts","Minty Spire (QoL Compilation)","Relic Stats","Slay the Relics Exporter","StSLib","SuperFastMode"],"gold_per_floor":[119,119,66,66,81,117,117,137,137,180,192,245,276,363,375,481,493,526,24,24,43,82,82,82,82],"floor_reached":24,"language":"ENG","playtime":667,"items_purged":["Strike_P"],"score":478,"play_id":"868a48d6-0659-4458-9dcb-cc94b6ade6ee","local_time":"20210131022627","is_ascension_mode":true,"campfire_choices":[{"data":"Wallop","floor":11,"key":"SMITH"},{"data":"FlyingSleeves","floor":15,"key":"SMITH"},{"data":"CrushJoints","floor":23,"key":"SMITH"}],"circlet_count":0,"master_deck":["AscendersBane","Strike_P","Strike_P","Defend_P","Defend_P","Defend_P","Defend_P","Eruption","Vigilance","Sanctity","ForeignInfluence","Wallop+1","FlyingSleeves+1","DeceiveReality","DeusExMachina","MasterReality","Swivel","Wish","CrushJoints+1"],"relics":["Runic Dome","Golden Idol","HornCleat","MawBank","Mercury Hourglass","Lantern","VioletLotus","Shuriken"],"acts_visited":["Exordium","TheCity"],"potions_floor_usage":[6,10],"damage_taken":[{"damage":0,"enemies":"Jaw Worm","floor":1,"turns":3},{"damage":0,"enemies":"Small Slimes","floor":5,"turns":4},{"damage":5,"enemies":"3 Sentries","floor":6,"turns":5},{"damage":0,"enemies":"Cultist","floor":8,"turns":2},{"damage":2,"enemies":"Gremlin Nob","floor":10,"turns":3},{"damage":0,"enemies":"Lagavulin","floor":12,"turns":6},{"damage":0,"enemies":"Large Slime","floor":13,"turns":2},{"damage":31,"enemies":"The Guardian","floor":16,"turns":12},{"damage":14,"enemies":"Spheric Guardian","floor":18,"turns":6},{"damage":4,"enemies":"Shell Parasite","floor":21,"turns":8},{"damage":0,"enemies":"Snecko","floor":22,"turns":6},{"damage":31,"enemies":"Book of Stabbing","floor":24,"turns":4}],"seed_played":"2462396137653276643","potions_obtained":[{"floor":5,"key":"EssenceOfSteel"},{"floor":6,"key":"Fire Potion"},{"floor":10,"key":"SmokeBomb"},{"floor":21,"key":"SteroidPotion"}],"is_trial":false,"path_per_floor":["M","?","$","?","M","E","?","M","T","E","R","E","M","?","R","B",null,"M","$","?","M","M","R","E"],"character_chosen":"WATCHER","items_purchased":["Strength Potion","Wish","Shuriken"],"campfire_rested":0,"item_purchase_floors":[3,19,19],"current_hp_per_floor":[61,61,61,61,61,56,61,61,61,59,59,59,59,48,48,17,51,37,37,31,27,27,27,0,0],"gold":82,"neow_bonus":"BOSS_RELIC","is_daily":false,"chose_seed":false,"campfire_upgraded":3,"win_rate":0.0,"timestamp":1612077987,"path_taken":["M","?","$","?","?","E","?","?","T","E","R","E","M","?","R","BOSS","M","$","?","?","M","R","E"],"items_purchased_type":["Potion","Card","Relic"],"build_version":"2020-12-22","purchased_purges":1,"victory":false,"max_hp_per_floor":[68,62,62,62,62,62,62,62,62,62,62,62,62,62,62,62,62,62,62,62,62,62,62,62,62],"relic_stats":{"counters":[12,61],"Golden Idol":62,"Shuriken":[3],"VioletLotus":[3],"MawBank":120,"obtain_stats":[{"Runic Dome":0,"Lantern":12,"HornCleat":6,"Golden Idol":2,"Shuriken":19,"VioletLotus":17,"PureWater":0,"MawBank":9,"Mercury Hourglass":10},{"Runic Dome":0,"Lantern":6,"HornCleat":3,"Golden Idol":1,"Shuriken":9,"VioletLotus":8,"PureWater":0,"MawBank":4,"Mercury Hourglass":5},{"Runic Dome":0,"Lantern":23,"HornCleat":12,"Golden Idol":3,"Shuriken":43,"VioletLotus":37,"PureWater":0,"MawBank":14,"Mercury Hourglass":17}],"Mercury Hourglass":[78]},"card_choices":[{"not_picked":["ClearTheMind","FearNoEvil"],"picked":"Sanctity","floor":1},{"not_picked":["Consecrate","EmptyBody"],"picked":"BowlingBash","floor":5},{"not_picked":["BowlingBash","EmptyBody"],"picked":"Wallop","floor":6},{"not_picked":["Crescendo","Sanctity"],"picked":"FlyingSleeves","floor":8},{"not_picked":["Prostrate","CutThroughFate"],"picked":"DeceiveReality","floor":10},{"not_picked":["Halt","PathToVictory"],"picked":"DeusExMachina","floor":12},{"not_picked":["Ragnarok","DevaForm"],"picked":"MasterReality","floor":16},{"not_picked":["PathToVictory+1","SignatureMove"],"picked":"Swivel","floor":18},{"not_picked":["FlurryOfBlows","Halt"],"picked":"CrushJoints","floor":21}],"player_experience":1330360,"relics_obtained":[{"floor":6,"key":"HornCleat"},{"floor":9,"key":"MawBank"},{"floor":10,"key":"Mercury Hourglass"},{"floor":12,"key":"Lantern"}],"event_choices":[{"damage_healed":0,"gold_gain":0,"player_choice":"Lose Max HP","damage_taken":0,"relics_obtained":["Golden Idol"],"max_hp_gain":0,"max_hp_loss":6,"event_name":"Golden Idol","floor":2,"gold_loss":0},{"damage_healed":0,"gold_gain":0,"cards_transformed":["Strike_P"],"player_choice":"Transformed","damage_taken":0,"max_hp_gain":0,"max_hp_loss":0,"event_name":"Transmorgrifier","floor":4,"gold_loss":0,"cards_obtained":["ForeignInfluence"]},{"cards_removed":["BowlingBash"],"damage_healed":5,"gold_gain":0,"player_choice":"Offered Common","damage_taken":0,"max_hp_gain":0,"max_hp_loss":0,"event_name":"Bonfire Elementals","floor":7,"gold_loss":0},{"cards_removed":["BowlingBash"],"damage_healed":5,"gold_gain":0,"player_choice":"Offered Special","damage_taken":0,"max_hp_gain":0,"max_hp_loss":0,"event_name":"Bonfire Elementals","floor":7,"gold_loss":0},{"damage_healed":0,"gold_gain":75,"player_choice":"Gather Gold","damage_taken":11,"max_hp_gain":0,"max_hp_loss":0,"event_name":"World of Goop","floor":14,"gold_loss":0},{"damage_healed":0,"gold_gain":0,"player_choice":"","damage_taken":6,"max_hp_gain":0,"max_hp_loss":0,"event_name":"Knowing Skull","floor":20,"potions_obtained":[],"gold_loss":0,"cards_obtained":[]}],"is_beta":false,"boss_relics":[{"not_picked":["Coffee Dripper","Tiny House"],"picked":"VioletLotus"}],"items_purged_floors":[19],"is_endless":false,"potions_floor_spawned":[5,6,10,21],"killed_by":"Book of Stabbing","ascension_level":20}}