{"host":"ji1fk25fd1ga4ji1","time":1612069911,"event":{"mods":["2.2 Compatiblity","BaseMod","Colored Map","DeckTracker","Minty Spire (QoL Compilation)","Permanent Neow","Quick Restart","StSLib","SuperFastMode"],"gold_per_floor":[113,188,201,213,229,229,86,116,161,194,94,94,114,130,130,231,231,251,351,365,380,390,390,110,139,139,139,89,139,139,151,151,246,246,257,158,176,191,208,242,242,26,26,52,67,85,85,85,85,85,85,85,35,67,67],"floor_reached":56,"language":"KOR","playtime":1027,"items_purged":["Strike_R","Strike_R","Strike_R","Strike_R","Cleave+1","Bash"],"score":1313,"play_id":"c2b1a6b8-98f7-460a-a960-161d00c13262","local_time":"20210131141151","is_ascension_mode":true,"campfire_choices":[{"data":"Cleave","floor":6.0,"key":"SMITH"},{"data":"Limit Break","floor":12.0,"key":"SMITH"},{"data":"Inflame","floor":15.0,"key":"SMITH"},{"data":"Battle Trance","floor":23.0,"key":"SMITH"},{"data":"Anger","floor":30,"key":"SMITH"},{"data":"Sword Boomerang","floor":32,"key":"SMITH"},{"floor":41,"key":"RECALL"},{"floor":47,"key":"REST"},{"floor":49,"key":"REST"},{"floor":52,"key":"REST"}],"circlet_count":0,"master_deck":["Defend_R","Defend_R","Defend_R","Anger+1","Inflame+1","Limit Break+1","Battle Trance+1","Flex+1","Sword Boomerang+1","Limit Break","Power Through","Evolve","Reaper","Shrug It Off"],"relics":["Burning Blood","Darkstone Periapt","Art of War","Mark of Pain","Centennial Puzzle","Smiling Mask","Meat on the Bone","Fusion Hammer","Juzu Bracelet","Ornamental Fan","Pantograph","Oddly Smooth Stone"],"acts_visited":["Exordium","TheCity","TheBeyond","TheEnding"],"potions_floor_usage":[33,45,55,55,55],"damage_taken":[{"damage":3.0,"enemies":"Small Slimes","floor":1.0,"turns":3.0},{"damage":1.0,"enemies":"Cultist","floor":3.0,"turns":3.0},{"damage":8.0,"enemies":"Jaw Worm","floor":4.0,"turns":3.0},{"damage":1.0,"enemies":"Lots of Slimes","floor":5.0,"turns":3.0},{"damage":21.0,"enemies":"3 Sentries","floor":8.0,"turns":5.0},{"damage":14.0,"enemies":"Gremlin Nob","floor":10.0,"turns":3.0},{"damage":0.0,"enemies":"Gremlin Gang","floor":13.0,"turns":3.0},{"damage":7.0,"enemies":"Looter","floor":14.0,"turns":4.0},{"damage":17.0,"enemies":"The Guardian","floor":16.0,"turns":6.0},{"damage":17.0,"enemies":"Shell Parasite","floor":18.0,"turns":4.0},{"damage":5.0,"enemies":"2 Thieves","floor":20.0,"turns":3.0},{"damage":43.0,"enemies":"Sentry and Sphere","floor":21.0,"turns":5.0},{"damage":6.0,"enemies":"Centurion and Healer","floor":22.0,"turns":4.0},{"damage":22.0,"enemies":"Gremlin Leader","floor":25.0,"turns":4.0},{"damage":0.0,"enemies":"Snecko","floor":27.0,"turns":1.0},{"damage":11,"enemies":"3 Cultists","floor":31,"turns":4},{"damage":20,"enemies":"Automaton","floor":33,"turns":4},{"damage":13,"enemies":"3 Shapes","floor":35,"turns":2},{"damage":8,"enemies":"3 Darklings","floor":37,"turns":2},{"damage":14,"enemies":"Sphere and 2 Shapes","floor":38,"turns":3},{"damage":0,"enemies":"Maw","floor":39,"turns":4},{"damage":6,"enemies":"Giant Head","floor":40,"turns":4},{"damage":18,"enemies":"Reptomancer","floor":44,"turns":4},{"damage":4,"enemies":"Transient","floor":45,"turns":5},{"damage":16,"enemies":"4 Shapes","floor":46,"turns":4},{"damage":33,"enemies":"Donu and Deca","floor":50,"turns":5},{"damage":44,"enemies":"Shield and Spear","floor":54,"turns":5},{"damage":89,"enemies":"The Heart","floor":55,"turns":5}],"seed_played":"-1490624477322682685","potions_obtained":[{"floor":1.0,"key":"SkillPotion"},{"floor":8.0,"key":"SmokeBomb"},{"floor":13.0,"key":"FearPotion"},{"floor":16.0,"key":"SteroidPotion"},{"floor":20.0,"key":"ElixirPotion"},{"floor":31,"key":"LiquidBronze"},{"floor":38,"key":"Swift Potion"},{"floor":44,"key":"SteroidPotion"},{"floor":46,"key":"SkillPotion"}],"is_trial":false,"path_per_floor":["M","?","M","M","M","R","$","E","T","E","$","R","M","M","R","B",null,"M","?","M","M","M","R","$","E","T","M","$","?","R","M","R","B",null,"M","$","M","M","M","E","R","$","T","E","M","M","R","?","R","B",null,"R","$","E","B",null],"character_chosen":"IRONCLAD","items_purchased":["Inflame","Centennial Puzzle","Strength Potion","Evolve","Reaper"],"campfire_rested":3,"item_purchase_floors":[7,24,36,42,42],"current_hp_per_floor":[59,48,53,51,56,56,56,41,41,33,33,33,39,38,38,27,80,69,69,70,33,33,33,33,17,17,35,35,35,35,42,42,40,80,73,73,71,63,69,69,69,69,69,57,80,80,80,80,80,53,80,80,80,80,44],"gold":67,"neow_bonus":"REMOVE_TWO","is_daily":false,"chose_seed":false,"campfire_upgraded":6,"win_rate":0.0,"timestamp":1612069911,"path_taken":["M","?","M","M","M","R","$","E","T","E","$","R","M","M","R","BOSS","M","?","?","M","M","R","$","E","T","M","$","?","R","M","R","BOSS","M","$","M","?","M","E","R","$","T","E","M","M","R","?","R","BOSS","R","$","E","BOSS"],"items_purchased_type":["Card","Relic","Potion","Card","Card"],"build_version":"2020-12-22","purchased_purges":6,"victory":true,"max_hp_per_floor":[80,80,80,80,80,80,80,80,80,80,80,80,80,80,80,80,80,80,80,80,80,80,80,80,80,80,80,80,80,80,80,80,80,80,80,80,80,80,80,80,80,80,80,80,80,80,80,80,80,80,80,80,80,80,80],"card_choices":[{"not_picked":["Intimidate","Power Through"],"picked":"Cleave","floor":1.0},{"not_picked":["Shrug It Off","True Grit"],"picked":"Anger","floor":3.0},{"not_picked":["Twin Strike","Warcry","Bloodletting"],"picked":"SKIP","floor":4.0},{"not_picked":["Flame Barrier","True Grit","Dropkick"],"picked":"SKIP","floor":5.0},{"not_picked":["Flex","Infernal Blade","Anger"],"picked":"SKIP","floor":8.0},{"not_picked":["Clothesline","Inflame"],"picked":"Limit Break","floor":10.0},{"not_picked":["True Grit","Dual Wield","Shrug It Off"],"picked":"SKIP","floor":13.0},{"not_picked":["True Grit","Dual Wield","Shrug It Off"],"picked":"SKIP","floor":13.0},{"not_picked":["True Grit","Clothesline"],"picked":"Battle Trance","floor":14.0},{"not_picked":["Havoc","Perfected Strike","Sentinel"],"picked":"SKIP","floor":18.0},{"not_picked":["Sentinel","Thunderclap","Hemokinesis"],"picked":"SKIP","floor":20.0},{"not_picked":["Wild Strike","Bludgeon","Sever Soul"],"picked":"SKIP","floor":21.0},{"not_picked":["Infernal Blade+1","Intimidate"],"picked":"Flex+1","floor":22.0},{"not_picked":["Uppercut","Havoc","Shockwave"],"picked":"SKIP","floor":25.0},{"not_picked":["Pommel Strike","Wild Strike"],"picked":"Sword Boomerang","floor":31},{"not_picked":["Fiend Fire","Immolate"],"picked":"Limit Break","floor":33},{"not_picked":["Sentinel","Clash+1","Fire Breathing"],"picked":"SKIP","floor":35},{"not_picked":["Spot Weakness+1","Headbutt","Perfected Strike"],"picked":"SKIP","floor":37},{"not_picked":["True Grit+1","Warcry+1","Body Slam+1"],"picked":"SKIP","floor":38},{"not_picked":["True Grit+1","Warcry+1","Body Slam+1"],"picked":"SKIP","floor":38},{"not_picked":["Armaments+1","Brutality","Carnage"],"picked":"SKIP","floor":39},{"not_picked":["Perfected Strike+1","Havoc+1"],"picked":"Power Through","floor":40},{"not_picked":["Flex+1","Clothesline+1","Rage+1"],"picked":"SKIP","floor":44},{"not_picked":["Headbutt+1","Uppercut"],"picked":"Heavy Blade+1","floor":45},{"not_picked":["Thunderclap","Flex+1","Exhume"],"picked":"SKIP","floor":46},{"not_picked":["Perfected Strike","Thunderclap+1"],"picked":"Shrug It Off","floor":54}],"player_experience":484984,"relics_obtained":[{"floor":8.0,"key":"Darkstone Periapt"},{"floor":10.0,"key":"Art of War"},{"floor":25.0,"key":"Smiling Mask"},{"floor":26.0,"key":"Meat on the Bone"},{"floor":40,"key":"Juzu Bracelet"},{"floor":43,"key":"Ornamental Fan"},{"floor":44,"key":"Pantograph"},{"floor":54,"key":"Oddly Smooth Stone"}],"event_choices":[{"damage_healed":0.0,"max_hp_gain":0.0,"max_hp_loss":0.0,"gold_gain":75.0,"event_name":"World of Goop","player_choice":"Gather Gold","floor":2.0,"gold_loss":0.0,"damage_taken":11.0},{"damage_healed":0.0,"max_hp_gain":0.0,"max_hp_loss":0.0,"gold_gain":100.0,"event_name":"Golden Shrine","player_choice":"Pray","floor":19.0,"gold_loss":0.0,"damage_taken":0.0},{"damage_healed":0,"gold_gain":100,"player_choice":"Bet on Murderer","damage_taken":0,"max_hp_gain":0,"max_hp_loss":0,"event_name":"The Joust","floor":29,"gold_loss":50},{"cards_removed":["Heavy Blade"],"damage_healed":0,"gold_gain":0,"player_choice":"Removed Attack","damage_taken":0,"max_hp_gain":0,"max_hp_loss":0,"event_name":"Falling","floor":48,"gold_loss":0}],"is_beta":false,"boss_relics":[{"not_picked":["Snecko Eye","Ectoplasm"],"picked":"Mark of Pain"},{"not_picked":["Velvet Choker","Calling Bell"],"picked":"Fusion Hammer"}],"items_purged_floors":[7,11,24,28,36,53],"is_endless":false,"potions_floor_spawned":[1,8,13,16,18,20,31,38,44,46],"ascension_level":1}}