{"host":"iittsup1ixgwip8e","time":1612061853,"event":{"mods":["A Magickal Journey","Aspiration","BaseMod","Challenge The Spire","Clockwork Mod","Colored Powertips","Conspire","Downfall","Energized Spire","Exacting","GifTheSpireLib","Halation","Hermit","Hubris","Infinite Spire","Mari Mod (Legacy)","Mari\u0027s V1 Patch","Marisa????????","Mimic Mod","Minty Spire (QoL Compilation)","Quick Restart","READ ME - Guardian Mod","Reliquary","Replay The Spire","Shop Mod","Spikes Relics","Spire Arcade","StSLib","Stuff the Spire","The Animator","The Cursed","The Disciple","The Jungle","The Marked","The Runesmith","The Servant 0.9.4","The Valiant","The Vixen"],"gold_per_floor":[111,129,139,139,154,171,202,219,219,219,219,233,21,56,56,153,153,181,181,192,192,192,192,207,207,226,226,226,30,30,48,48,77,77,182,182,204,304,23,1022,1022,1022],"floor_reached":42,"language":"ENG","playtime":5406,"items_purged":["Overencumbered","Amnesia"],"score":600,"play_id":"c47ebaf0-fda3-4d1f-8122-55057ff072eb","local_time":"20210130215733","is_ascension_mode":false,"campfire_choices":[{"floor":11,"key":"RECALL"},{"floor":25,"key":"REST"},{"floor":27,"key":"REST"}],"circlet_count":0,"master_deck":["hermit:Strike_Hermit","hermit:Strike_Hermit","hermit:Strike_Hermit","hermit:Strike_Hermit","hermit:Defend_Hermit","hermit:Defend_Hermit","hermit:Defend_Hermit","hermit:Defend_Hermit","hermit:Snapshot","hermit:Covet","hermit:ItchyTrigger","hermit:Ricochet","hermit:Ricochet+1","hermit:EyeOfTheStorm","hermit:PistolWhip+1","hermit:Roughhouse+1","hermit:ShadowCloak","hermit:SprayPray+1","Enlightenment","hermit:Misfire+1","hermit:Brawl","hermit:Snipe","hermit:Roughhouse+1","hermit:NoHoldsBarred+1","hermit:HeroicBravado","hermit:Spite+1","hermit:ShadowCloak","hermit:ShadowCloak","hermit:Misfire+1","hermit:Misfire+1","hermit:Horror","hermit:GhostlyPresence","hermit:NoHoldsBarred+1","hermit:Headshot+1","hermit:Roughhouse+1","hermit:FinalCanter+1","hermit:TrackingShot+1","ReplayTheSpireMod:Book of Names","hermit:GoldenBullet+1","hermit:Headshot+1","Normality","Normality"],"relics":["hermit:Momento","aspiration:DSix","Molten Egg 2","aspiration:ChemicalBlood","hubris:CuriousFeather","BargainBundle","SacredBark","halation:Jellyphish","Honey Jar","FaceOfCleric","infinitespire:EvilPickle","Sandwich","hubris:Teleporter","WingedGreaves","StuffTheSpire:CocoNut","reliquary:RedCape"],"acts_visited":["Exordium","TheCity","TheBeyond"],"potions_floor_usage":[3,8,16,16,16,16,16,18,20,20,20,26,33,33,35,35,35,35,37,38,38,38,38,38,38,38,38,38,38,42,42,42,42],"damage_taken":[{"damage":19,"enemies":"infinitespire:Voidling","floor":1,"turns":4},{"damage":1,"enemies":"Jaw Worm","floor":2,"turns":3},{"damage":4,"enemies":"conspire:RoseBush","floor":3,"turns":1},{"damage":21,"enemies":"conspire:2 RoseBushes","floor":5,"turns":3},{"damage":5,"enemies":"Looter","floor":6,"turns":3},{"damage":15,"enemies":"Gremlin Nob","floor":7,"turns":3},{"damage":12,"enemies":"Exordium Thugs","floor":8,"turns":4},{"damage":0,"enemies":"2 Fungi Beasts","floor":12,"turns":2},{"damage":0,"enemies":"3 Louse","floor":14,"turns":2},{"damage":69,"enemies":"The Guardian","floor":16,"turns":9},{"damage":25,"enemies":"2 Thieves","floor":18,"turns":3},{"damage":32,"enemies":"Shell Parasite","floor":20,"turns":3},{"damage":17,"enemies":"Centurion and Healer","floor":24,"turns":4},{"damage":27,"enemies":"Snake Plant","floor":26,"turns":3},{"damage":15,"enemies":"Cultist and Chosen","floor":31,"turns":5},{"damage":6,"enemies":"Shelled Parasite and Fungi","floor":33,"turns":3},{"damage":64,"enemies":"Pondfish","floor":35,"turns":9},{"damage":26,"enemies":"3 Shapes","floor":37,"turns":3},{"damage":2,"enemies":"infinitespire:Three Voidlings","floor":38,"turns":3},{"damage":217,"enemies":"Nightmare_Alpha","floor":38,"turns":15},{"damage":15,"enemies":"Giant Head","floor":42,"turns":4}],"seed_played":"-4884957149587759618","potions_obtained":[{"floor":2,"key":"champ:CounterPotion"},{"floor":7,"key":"BlessingOfTheForge"},{"floor":12,"key":"FairyPotion"},{"floor":18,"key":"ColorlessPotion"},{"floor":26,"key":"FairyPotion"},{"floor":31,"key":"Swift Potion"},{"floor":33,"key":"Adrenaline Potion"},{"floor":37,"key":"conspire:TimeTravelPotion"},{"floor":38,"key":"Flashbang"}],"is_trial":false,"path_per_floor":["M","M","M","?","M","M","E","M","T","?","R","M","$","M","R","B",null,"M","?","M","PTL","PTL","AVR","M","R","M","R","T","$","?","M","?","M","R","B",null,"M","?","$","?","E"],"character_chosen":"HERMIT","items_purchased":["BargainBundle","Enlightenment","Regen Potion","LifebloodPotion","hermit:Misfire+1","hermit:Purgatory+1","hermit:Brawl","hermit:Snipe","hermit:Horror","hermit:GhostlyPresence","hermit:NoHoldsBarred+1","StuffTheSpire:CocoNut","hermit:Headshot+1"],"campfire_rested":2,"item_purchase_floors":[13,13,13,13,13,13,13,13,29,29,29,39,39],"current_hp_per_floor":[63,62,58,55,34,29,25,13,13,75,75,75,75,75,75,21,75,50,50,18,18,18,18,1,23,45,67,67,67,67,52,52,47,69,6,77,52,2,9,9,0,0],"gold":1022,"neow_bonus":"ONE_RARE_RELIC","is_daily":false,"chose_seed":false,"campfire_upgraded":0,"win_rate":0.0,"timestamp":1612061853,"path_taken":["M","M","?","?","M","M","E","M","T","?","R","M","$","M","R","BOSS","M","?","M","PTL","PTL","AVR","M","R","M","R","T","$","?","M","?","M","R","BOSS","M","?","$","?","E"],"items_purchased_type":["Relic","Card","Potion","Potion","Card","Card","Card","Card","Card","Card","Card","Relic","Card"],"build_version":"2020-12-22","purchased_purges":2,"victory":false,"max_hp_per_floor":[75,75,75,75,75,75,75,75,75,75,75,75,75,75,75,75,75,75,75,75,75,75,75,75,75,75,75,75,75,75,75,75,76,76,77,77,78,80,87,87,87,87],"card_choices":[{"not_picked":["hermit:Snipe","hermit:EyeOfTheStorm"],"picked":"hermit:ItchyTrigger","floor":1},{"not_picked":["hermit:BodyArmor","hermit:Quickdraw"],"picked":"hermit:Ricochet","floor":2},{"not_picked":["hermit:Maintenance","hermit:Showdown"],"picked":"hermit:Ricochet","floor":3},{"not_picked":["hermit:Roulette+1","hermit:Snipe"],"picked":"hermit:EyeOfTheStorm","floor":5},{"not_picked":["hermit:Roulette+1","hermit:LuckOfTheDraw"],"picked":"hermit:PistolWhip+1","floor":6},{"not_picked":["hermit:LowProfile","hermit:Headshot+1"],"picked":"hermit:Roughhouse+1","floor":7},{"not_picked":["hermit:Enervate+1","hermit:Snipe"],"picked":"hermit:ShadowCloak","floor":8},{"not_picked":["hermit:BigShot","hermit:Glare"],"picked":"hermit:SprayPray+1","floor":12},{"not_picked":["hermit:BigShot","hermit:Quickdraw+1"],"picked":"hermit:Roughhouse+1","floor":14},{"not_picked":["hermit:Dissolve","hermit:HighNoon"],"picked":"hermit:HeroicBravado","floor":16},{"not_picked":["hermit:Snipe","hermit:Desperado+1"],"picked":"hermit:Spite+1","floor":18},{"not_picked":["hermit:CalledShot+1","hermit:Ricochet+1"],"picked":"hermit:ShadowCloak","floor":20},{"not_picked":["hermit:CursedWeapon+1","hermit:Enervate+1","hermit:LuckOfTheDraw"],"picked":"hermit:Misfire+1","floor":24},{"not_picked":["hermit:TakeCover","hermit:Virtue","hermit:ItchyTrigger+1"],"picked":"hermit:Misfire+1","floor":26},{"not_picked":["hermit:Combo","hermit:Vantage","hermit:Roulette+1"],"picked":"hermit:Headshot+1","floor":31},{"not_picked":["hermit:Brawl+1","hermit:Snipe","hermit:DeadMansHand"],"picked":"hermit:Roughhouse+1","floor":33},{"not_picked":["hermit:BlackWind+1","hermit:Magnum+1","hermit:DeadOrAlive+1"],"picked":"hermit:FinalCanter+1","floor":35},{"not_picked":["hermit:CursedWeapon+1","hermit:Snipe","hermit:Glare"],"picked":"hermit:TrackingShot+1","floor":37},{"not_picked":["infinitespire:FutureSight","ReplayTheSpireMod:Haul"],"picked":"ReplayTheSpireMod:Book of Names","floor":38},{"not_picked":["hermit:TrackingShot+1","hermit:Virtue","hermit:Scavenge+1"],"picked":"hermit:GoldenBullet+1","floor":38}],"player_experience":123108,"relics_obtained":[{"floor":7,"key":"aspiration:ChemicalBlood"},{"floor":9,"key":"hubris:CuriousFeather"},{"floor":38,"key":"WingedGreaves"}],"event_choices":[{"damage_healed":0,"gold_gain":0,"player_choice":"Success","damage_taken":3,"relics_obtained":["Molten Egg 2"],"max_hp_gain":0,"max_hp_loss":0,"event_name":"Scrap Ooze","floor":4,"gold_loss":0},{"damage_healed":0,"gold_gain":0,"player_choice":"Ignored","damage_taken":0,"max_hp_gain":0,"max_hp_loss":0,"event_name":"Ghosts","floor":30,"gold_loss":0},{"damage_healed":0,"gold_gain":0,"player_choice":"Trade","damage_taken":0,"relics_obtained":["FaceOfCleric"],"max_hp_gain":0,"max_hp_loss":0,"event_name":"FaceTrader","floor":32,"gold_loss":0},{"damage_healed":0,"gold_gain":999,"player_choice":"Gold","damage_taken":0,"max_hp_gain":0,"max_hp_loss":0,"event_name":"MindBloom","floor":40,"gold_loss":0,"cards_obtained":["Normality","Normality"]}],"is_beta":false,"boss_relics":[{"not_picked":["Busted Crown","reliquary:WritOfMandamus"],"picked":"SacredBark"},{"not_picked":["hubris:TerracottaHorce","halation:Risk"],"picked":"Sandwich"}],"items_purged_floors":[13,23],"is_endless":true,"potions_floor_spawned":[2,7,12,14,18,26,31,33,37,38],"killed_by":"Giant Head","ascension_level":0}}