{"host":"lktusdb9orijgc6z","time":1612126449,"event":{"mods":["BaseMod","Bestiary","Colored Map","Colored Powertips","Minty Spire (QoL Compilation)","Permanent Neow","Quick Restart","Relic Stats","StSLib","everything is the same but u backflip on backflip","slay the spire mod where everything is the same but ironclad has a cowboy hat"],"gold_per_floor":[116,175,215,287,10,37,37,74,74,109,158,168,168,287,287,287,287],"floor_reached":16,"language":"ENG","playtime":505,"items_purged":["Normality"],"score":180,"play_id":"748c85da-5bf3-4b57-9f0b-aced5c989543","local_time":"20210131215409","is_ascension_mode":true,"campfire_choices":[{"data":"Berserk","floor":7.0,"key":"SMITH"},{"data":"HandOfGreed","floor":13.0,"key":"SMITH"},{"data":"Dual Wield","floor":15.0,"key":"SMITH"}],"circlet_count":0,"master_deck":["AscendersBane","Strike_R","Strike_R","Strike_R","Strike_R","Strike_R","Defend_R","Defend_R","Defend_R","Defend_R","Bash","HandOfGreed+1","Sword Boomerang","Headbutt","Cleave","Berserk+1","Cleave","Dual Wield+1","Metallicize"],"relics":["Burning Blood","Toolbox","Regal Pillow","Calipers","Dead Branch"],"acts_visited":["Exordium"],"potions_floor_usage":[],"damage_taken":[{"damage":1.0,"enemies":"Cultist","floor":1.0,"turns":3.0},{"damage":4.0,"enemies":"Small Slimes","floor":2.0,"turns":7.0},{"damage":9.0,"enemies":"Jaw Worm","floor":3.0,"turns":3.0},{"damage":4.0,"enemies":"3 Louse","floor":4.0,"turns":6.0},{"damage":16.0,"enemies":"Gremlin Nob","floor":6.0,"turns":3.0},{"damage":11.0,"enemies":"Blue Slaver","floor":8.0,"turns":4.0},{"damage":3.0,"enemies":"Exordium Thugs","floor":10.0,"turns":3.0},{"damage":47.0,"enemies":"Lagavulin","floor":11.0,"turns":6.0},{"damage":17.0,"enemies":"Red Slaver","floor":12.0,"turns":5.0},{"damage":27.0,"enemies":"Lots of Slimes","floor":14.0,"turns":9.0},{"damage":0,"enemies":"Hexaghost","floor":16,"turns":1}],"seed_played":"2431563856116278436","potions_obtained":[{"floor":2.0,"key":"Fire Potion"},{"floor":8.0,"key":"BloodPotion"},{"floor":11.0,"key":"DistilledChaos"}],"is_trial":false,"path_per_floor":["M","M","M","M","$","E","R","M","T","M","E","M","R","M","R","B"],"character_chosen":"IRONCLAD","items_purchased":["Toolbox","BloodPotion"],"campfire_rested":0,"item_purchase_floors":[5,5],"current_hp_per_floor":[77,79,76,78,78,68,68,79,79,80,55,44,44,23,23,23,23],"gold":287,"neow_bonus":"RANDOM_COLORLESS_2","is_daily":false,"chose_seed":false,"campfire_upgraded":3,"win_rate":0.0,"timestamp":1612126449,"path_taken":["M","?","M","M","$","E","R","M","T","M","E","M","R","M","R","BOSS"],"items_purchased_type":["Relic","Potion"],"build_version":"2020-12-22","purchased_purges":1,"victory":false,"max_hp_per_floor":[80,80,80,80,80,80,80,80,80,80,80,80,80,80,80,80,80],"relic_stats":{"Regal Pillow":0,"counters":[11,50],"Dead Branch":[5],"obtain_stats":[{"Regal Pillow":6,"Calipers":9,"Dead Branch":11,"Toolbox":5,"Burning Blood":0},{"Regal Pillow":5,"Calipers":6,"Dead Branch":8,"Toolbox":4,"Burning Blood":0},{"Regal Pillow":22,"Calipers":26,"Dead Branch":35,"Toolbox":19,"Burning Blood":0}],"Burning Blood":58},"card_choices":[{"not_picked":["Metamorphosis","Violence"],"picked":"HandOfGreed","floor":0.0},{"not_picked":["Power Through","Heavy Blade"],"picked":"Sword Boomerang","floor":1.0},{"not_picked":["Havoc","Ghostly Armor"],"picked":"Headbutt","floor":2.0},{"not_picked":["Ghostly Armor","Dark Embrace"],"picked":"Cleave","floor":3.0},{"not_picked":["Sever Soul","Sword Boomerang","Clash"],"picked":"SKIP","floor":4.0},{"not_picked":["Heavy Blade","Hemokinesis"],"picked":"Berserk","floor":6.0},{"not_picked":["Body Slam","Clothesline"],"picked":"Cleave","floor":8.0},{"not_picked":["Anger","Pommel Strike"],"picked":"Dual Wield","floor":10.0},{"not_picked":["Body Slam","Clothesline","Clash"],"picked":"SKIP","floor":11.0},{"not_picked":["Burning Pact","Sword Boomerang"],"picked":"Metallicize","floor":12.0},{"not_picked":["Iron Wave","Wild Strike","Burning Pact"],"picked":"SKIP","floor":14.0}],"player_experience":730518,"relics_obtained":[{"floor":6.0,"key":"Regal Pillow"},{"floor":9.0,"key":"Calipers"},{"floor":11.0,"key":"Dead Branch"}],"event_choices":[],"is_beta":false,"boss_relics":[],"items_purged_floors":[5],"is_endless":false,"potions_floor_spawned":[2,8,10,11,12],"killed_by":"Hexaghost","ascension_level":11}}