{"host":"d9m9v0h6vo0edadb","time":1612080619,"event":{"mods":["BaseMod","Hermit","Keyboard Shortcuts","Minty Spire (QoL Compilation)","StSLib","SuperFastMode","The Cursed"],"gold_per_floor":[116,130,144,163,163,193,193,206,232,244,244,244,5,5,5,77,77,94,94,113,113,125,125,138,138,138,138,138,156,156,156],"floor_reached":30,"language":"KOR","playtime":407,"items_purged":["Strike_G"],"score":514,"play_id":"683d9514-d60d-4bb3-a578-7768b1f564d5","local_time":"20210131171019","is_ascension_mode":true,"campfire_choices":[{"data":"Bouncing Flask","floor":7.0,"key":"SMITH"},{"floor":11.0,"key":"REST"},{"data":"Poisoned Stab","floor":15.0,"key":"SMITH"},{"data":"Corpse Explosion","floor":23,"key":"SMITH"},{"data":"Neutralize","floor":25,"key":"SMITH"},{"data":"Acrobatics","floor":27,"key":"SMITH"}],"circlet_count":0,"master_deck":["AscendersBane","Strike_G","Strike_G","Defend_G","Defend_G","Defend_G","Defend_G","Defend_G","Survivor","Neutralize+1","Poisoned Stab+1","Bouncing Flask+1","Acrobatics+1","Noxious Fumes+1","Backflip","Corpse Explosion+1","Decay","Backstab","Footwork+1","Pain"],"relics":["Ring of the Snake","Frozen Egg 2","Boot","TwistedFunnel","Cursed Key","Anchor"],"acts_visited":["Exordium","TheCity"],"potions_floor_usage":[20,30],"damage_taken":[{"damage":0.0,"enemies":"Small Slimes","floor":1.0,"turns":5.0},{"damage":0.0,"enemies":"2 Louse","floor":2.0,"turns":3.0},{"damage":0.0,"enemies":"Cultist","floor":3.0,"turns":3.0},{"damage":5.0,"enemies":"Gremlin Gang","floor":4.0,"turns":3.0},{"damage":22.0,"enemies":"Lagavulin","floor":6.0,"turns":6.0},{"damage":10.0,"enemies":"Exordium Wildlife","floor":8.0,"turns":4.0},{"damage":9.0,"enemies":"Large Slime","floor":10.0,"turns":7.0},{"damage":26.0,"enemies":"Hexaghost","floor":16.0,"turns":8.0},{"damage":13.0,"enemies":"2 Thieves","floor":18.0,"turns":3.0},{"damage":0,"enemies":"Chosen","floor":20,"turns":3},{"damage":12,"enemies":"Snake Plant","floor":22,"turns":4},{"damage":0,"enemies":"3 Cultists","floor":24,"turns":2},{"damage":18,"enemies":"Centurion and Healer","floor":29,"turns":6},{"damage":31,"enemies":"Book of Stabbing","floor":30,"turns":6}],"seed_played":"3415342975037745090","potions_obtained":[{"floor":1.0,"key":"ColorlessPotion"},{"floor":2.0,"key":"DistilledChaos"},{"floor":4.0,"key":"SkillPotion"},{"floor":10.0,"key":"SteroidPotion"},{"floor":24,"key":"Regen Potion"}],"is_trial":false,"path_per_floor":["M","M","M","M","?","E","R","M","T","M","R","?","$","?","R","B",null,"M","$","M","?","M","R","M","R","T","R","?","M","E"],"character_chosen":"THE_SILENT","items_purchased":["TwistedFunnel"],"campfire_rested":1,"item_purchase_floors":[13],"current_hp_per_floor":[59,59,59,54,59,37,37,27,27,18,39,39,39,39,39,13,57,44,44,44,44,32,32,32,32,32,32,32,14,0,0],"gold":156,"neow_bonus":"REMOVE_CARD","is_daily":false,"chose_seed":false,"campfire_upgraded":5,"win_rate":0.0,"timestamp":1612080619,"path_taken":["M","M","M","M","?","E","R","M","T","M","R","?","$","?","R","BOSS","M","$","M","?","M","R","?","R","T","R","?","M","E"],"items_purchased_type":["Relic"],"build_version":"2020-12-22","purchased_purges":1,"victory":false,"max_hp_per_floor":[66,66,66,66,71,71,71,71,71,71,71,71,71,71,71,71,71,71,71,71,71,71,71,71,71,71,71,71,71,71,71],"card_choices":[{"not_picked":["Skewer","Flechettes"],"picked":"Poisoned Stab","floor":1.0},{"not_picked":["Slice","Leg Sweep"],"picked":"Bouncing Flask","floor":2.0},{"not_picked":["Dagger Throw","Accuracy","Deflect"],"picked":"SKIP","floor":3.0},{"not_picked":["Setup","Night Terror"],"picked":"Acrobatics","floor":4.0},{"not_picked":["Quick Slash","Expertise"],"picked":"Noxious Fumes+1","floor":6.0},{"not_picked":["Cloak And Dagger","Quick Slash"],"picked":"Backflip","floor":8.0},{"not_picked":["Bane","Outmaneuver","Underhanded Strike"],"picked":"SKIP","floor":10.0},{"not_picked":["Calculated Gamble","Slice","Finisher"],"picked":"SKIP","floor":18.0},{"not_picked":["Acrobatics","Setup"],"picked":"Backstab","floor":20},{"not_picked":["Finisher","Deadly Poison","Well Laid Plans+1"],"picked":"SKIP","floor":22},{"not_picked":["Dodge and Roll","Glass Knife"],"picked":"Footwork+1","floor":24},{"not_picked":["Caltrops+1","Setup+1","Bane"],"picked":"SKIP","floor":29}],"player_experience":1000442,"relics_obtained":[{"floor":6.0,"key":"Frozen Egg 2"},{"floor":9.0,"key":"Boot"},{"floor":21,"key":"Anchor"}],"event_choices":[{"damage_healed":0.0,"max_hp_gain":5.0,"max_hp_loss":0.0,"gold_gain":0.0,"event_name":"Big Fish","player_choice":"Donut","floor":5.0,"gold_loss":0.0,"damage_taken":0.0},{"damage_healed":0.0,"max_hp_gain":0.0,"max_hp_loss":0.0,"gold_gain":0.0,"cards_transformed":["Strike_G"],"event_name":"Living Wall","player_choice":"Change","floor":12.0,"gold_loss":0.0,"damage_taken":0.0,"cards_obtained":["Corpse Explosion"]},{"damage_healed":0.0,"max_hp_gain":0.0,"max_hp_loss":0.0,"gold_gain":0.0,"event_name":"Wheel of Change","player_choice":"Cursed","floor":14.0,"gold_loss":0.0,"damage_taken":0.0,"cards_obtained":["Decay"]},{"damage_healed":0,"gold_gain":0,"player_choice":"Relic","damage_taken":0,"max_hp_gain":0,"max_hp_loss":0,"event_name":"Wheel of Change","floor":21,"gold_loss":0},{"damage_healed":0,"gold_gain":0,"player_choice":"Ignored","damage_taken":0,"max_hp_gain":0,"max_hp_loss":0,"event_name":"N\u0027loth","floor":28,"gold_loss":0}],"is_beta":false,"boss_relics":[{"not_picked":["Tiny House","Runic Dome"],"picked":"Cursed Key"}],"items_purged_floors":[13],"is_endless":false,"potions_floor_spawned":[1,2,4,10,24],"killed_by":"Book of Stabbing","ascension_level":20}}