{"host":"1ecbliur7lfoj0sl","time":1612062218,"event":{"mods":["BaseMod","Downfall","Minty Spire (QoL Compilation)","StSLib","Waifu the Spire"],"gold_per_floor":[99,119,139,139,139,39,91,91,1,21,21,80,80,105,124,223,223,123,134,219,219,234,234,234,250,250,284,184,204,215,215,226,331,331,331,347,357,357,242,257,310,344,360,360,388,406,232,246,263,263,263,288,42,42,42,42,42],"floor_reached":55,"language":"ZHS","playtime":3245,"items_purged":["champ:Strike","champ:Strike","champ:Strike","champ:Defend"],"score":849,"play_id":"32e77be1-cbef-4648-896f-820b633afd7c","local_time":"20210131110338","is_ascension_mode":true,"campfire_choices":[{"floor":1.0,"key":"RECALL"},{"data":"champ:HoldFirm","floor":6.0,"key":"SMITH"},{"data":"champ:ShieldWall","floor":11.0,"key":"SMITH"},{"data":"champ:ShieldWall","floor":13.0,"key":"SMITH"},{"data":"champ:UltimateStance","floor":18.0,"key":"SMITH"},{"data":"champ:ShieldThrow","floor":23.0,"key":"SMITH"},{"data":"champ:FocusedDefense","floor":28.0,"key":"SMITH"},{"data":"champ:EnchantCrown","floor":35.0,"key":"SMITH"},{"data":"champ:EnchantSword","floor":44.0,"key":"SMITH"},{"data":"Deep Breath","floor":54,"key":"SMITH"}],"circlet_count":0,"master_deck":["champ:Defend","champ:Defend","champ:Defend","champ:Execute","champ:Taunt","champ:HoldFirm+1","champ:ShieldWall+1","champ:ShieldWall+1","champ:ShieldThrow+1","champ:UltimateStance+1","CurseOfTheBell","champ:BringItOn+1","champ:FocusedDefense+1","champ:EnchantSword+1","champ:ShieldSlam+1","champ:EnchantCrown+1","champ:EnchantCrown","champ:SwordSigil","Deep Breath+1"],"relics":["champ:ChampionCrownUpgraded","downfall:HeartBlessingRed","Potion Belt","Lantern","InkBottle","Calling Bell","Oddly Smooth Stone","Sundial","Torii","downfall:HeartBlessingBlue","bronze:DecasWashers","MutagenicStrength","Bag of Preparation","downfall:HeartBlessingGreen","Vajra","Mango","Bird Faced Urn","champ:DefensiveTrainingManual"],"acts_visited":["Exordium","TheCity","TheBeyond","TheEnding"],"potions_floor_usage":[48,48],"damage_taken":[{"damage":10.0,"enemies":"Jaw Worm","floor":2.0,"turns":4.0},{"damage":0.0,"enemies":"2 Louse","floor":3.0,"turns":2.0},{"damage":10.0,"enemies":"downfall:FleeingMerchant","floor":9.0,"turns":4.0},{"damage":10.0,"enemies":"Small Slimes","floor":10.0,"turns":3.0},{"damage":21.0,"enemies":"Lagavulin Event","floor":12.0,"turns":5.0},{"damage":35.0,"enemies":"3 Sentries","floor":14.0,"turns":6.0},{"damage":19.0,"enemies":"3 Louse","floor":15.0,"turns":4.0},{"damage":6.0,"enemies":"IC_STATUS_ARCHETYPE","floor":16.0,"turns":5.0},{"damage":4.0,"enemies":"Shell Parasite","floor":19.0,"turns":4.0},{"damage":7.0,"enemies":"Snake Plant","floor":22.0,"turns":4.0},{"damage":15.0,"enemies":"Centurion and Healer","floor":25.0,"turns":11.0},{"damage":66.0,"enemies":"Gremlin Leader","floor":27.0,"turns":11.0},{"damage":0.0,"enemies":"Shelled Parasite and Fungi","floor":29.0,"turns":4.0},{"damage":0.0,"enemies":"3 Cultists","floor":30.0,"turns":3.0},{"damage":5.0,"enemies":"Centurion and Healer","floor":32.0,"turns":9.0},{"damage":47.0,"enemies":"DF_ARCHETYPE_CLAW","floor":33.0,"turns":10.0},{"damage":10.0,"enemies":"Orb Walker","floor":36.0,"turns":2.0},{"damage":21.0,"enemies":"3 Shapes","floor":37.0,"turns":4.0},{"damage":35.0,"enemies":"downfall:FleeingMerchant","floor":39.0,"turns":4.0},{"damage":35.0,"enemies":"Jaw Worm Horde","floor":40.0,"turns":5.0},{"damage":47.0,"enemies":"Reptomancer","floor":42.0,"turns":10.0},{"damage":5.0,"enemies":"4 Shapes","floor":43.0,"turns":6.0},{"damage":30.0,"enemies":"Nemesis","floor":45.0,"turns":5.0},{"damage":39,"enemies":"Writhing Mass","floor":46,"turns":4},{"damage":46,"enemies":"downfall:FleeingMerchant","floor":47,"turns":4},{"damage":64,"enemies":"Transient","floor":48,"turns":5},{"damage":40,"enemies":"3 Darklings","floor":49,"turns":6},{"damage":115,"enemies":"WA_ARCHETYPE_DIVINITY","floor":50,"turns":11},{"damage":97,"enemies":"downfall:CharBossMerchant","floor":52,"turns":9},{"damage":108,"enemies":"downfall:NeowBoss","floor":55,"turns":13}],"seed_played":"8797691565693309417","potions_obtained":[{"floor":3.0,"key":"EssenceOfSteel"},{"floor":10.0,"key":"Block Potion"},{"floor":16.0,"key":"Fire Potion"},{"floor":19.0,"key":"LiquidBronze"},{"floor":21.0,"key":"LiquidMemories"},{"floor":21.0,"key":"Energy Potion"},{"floor":22.0,"key":"AttackPotion"},{"floor":30.0,"key":"LiquidBronze"},{"floor":40.0,"key":"Fire Potion"},{"floor":46,"key":"DistilledChaos"},{"floor":48,"key":"PowerPotion"}],"is_trial":false,"path_per_floor":["R","M","M","?","?","R","T","T","$","M","R","?","R","E","M","B",null,"R","M","?","?","M","R","T","M","?","E","R","M","M","?","M","B",null,"R","M","M","?","$","M","T","E","M","R","E","M","$","M","M","B",null,"E","$","R","B"],"character_chosen":"THE_CHAMP","items_purchased":["champ:SwordSigil","Deep Breath"],"campfire_rested":0,"item_purchase_floors":[47,53],"current_hp_per_floor":[63,63,63,68,68,68,68,68,68,68,68,67,67,52,43,37,95,105,101,83,83,76,76,76,76,76,30,30,30,30,65,65,38,105,105,105,104,104,104,104,104,116,116,116,116,106,109,99,103,97,119,92,92,92,0,0,0],"gold":42,"neow_bonus":"THREE_RARE_CARDS","is_daily":false,"chose_seed":false,"campfire_upgraded":9,"win_rate":0.0,"timestamp":1612062218,"path_taken":["R","M","M","?","?","R","T","?","?","M","R","?","R","E","M","BOSS","R","M","?","?","M","R","T","?","?","E","R","M","M","?","M","BOSS","R","M","M","?","$","?","T","E","M","R","E","M","$","M","M","BOSS","E","$","R","BOSS"],"items_purchased_type":["Card","Card"],"build_version":"2020-12-22","purchased_purges":4,"victory":false,"max_hp_per_floor":[90,90,90,95,95,95,95,95,95,95,95,95,95,95,95,95,95,105,105,105,105,105,105,105,105,105,105,105,105,105,105,105,105,105,105,105,105,105,105,105,105,119,119,119,119,119,119,119,119,119,119,119,119,119,119,119,119],"card_choices":[{"not_picked":["champ:DancingMaster","champ:IgnorePain"],"picked":"champ:HoldFirm","floor":0.0},{"not_picked":["champ:EnGarde","champ:DefensiveShout","champ:BringItOn"],"picked":"SKIP","floor":2.0},{"not_picked":["champ:Haymaker","champ:SetATrap"],"picked":"champ:ShieldWall","floor":3.0},{"not_picked":["champ:Endure","champ:Haymaker","champ:EnGarde"],"picked":"SKIP","floor":9.0},{"not_picked":["champ:ViciousMockery","champ:PreciseThrust","champ:CrownThrow"],"picked":"SKIP","floor":10.0},{"not_picked":["champ:BringItOn","champ:FanOfKnives"],"picked":"champ:ShieldWall","floor":12.0},{"not_picked":["champ:EnGarde","champ:BladeFlurry"],"picked":"champ:ShieldThrow","floor":14.0},{"not_picked":["champ:BerserkersShout","champ:FocusedBerserking","champ:TornadoPunch"],"picked":"SKIP","floor":15.0},{"not_picked":["champ:GladiatorForm","champ:Devastate"],"picked":"champ:UltimateStance","floor":16.0},{"not_picked":["champ:BerserkersShout","champ:TornadoPunch+1"],"picked":"champ:BringItOn+1","floor":19.0},{"not_picked":["champ:FanOfKnives","champ:EnragedBash","champ:AdrenalArmor"],"picked":"SKIP","floor":22.0},{"not_picked":["champ:RisingSlash+1","champ:Duel"],"picked":"champ:FocusedDefense","floor":25.0},{"not_picked":["champ:Backstep+1","champ:EnGarde","champ:BringItOn+1"],"picked":"SKIP","floor":27.0},{"not_picked":["champ:Backstep","champ:StanceDance"],"picked":"champ:EnchantSword","floor":29.0},{"not_picked":["champ:GladiatorStyle","champ:ArenaPreparation","champ:Shatter+1"],"picked":"SKIP","floor":30.0},{"not_picked":["champ:BringItOn","champ:RecklessLeap"],"picked":"champ:ShieldSlam+1","floor":32.0},{"not_picked":["champ:TripleStrike","champ:Improvising"],"picked":"champ:EnchantCrown","floor":33.0},{"not_picked":["champ:DefensiveShout+1","champ:FlashCut+1","champ:Endure"],"picked":"SKIP","floor":36.0},{"not_picked":["champ:AdrenalArmor+1","champ:BringItOn","champ:ShieldSigil"],"picked":"SKIP","floor":37.0},{"not_picked":["champ:BringItOn","champ:SetATrap","champ:TornadoPunch"],"picked":"SKIP","floor":39.0},{"not_picked":["champ:ShieldSigil","champ:Endure","champ:TornadoPunch"],"picked":"SKIP","floor":40.0},{"not_picked":["champ:PreciseThrust","champ:BringItOn","champ:BerserkersShout+1"],"picked":"SKIP","floor":42.0},{"not_picked":["champ:Shatter","champ:HeartStrike","champ:CrookedStrike"],"picked":"SKIP","floor":43.0},{"not_picked":["champ:BerserkerStyle+1","champ:PerfectedStrike","champ:ShieldSigil+1"],"picked":"SKIP","floor":45.0},{"not_picked":["champ:TornadoPunch","champ:EnGarde+1"],"picked":"champ:EnchantCrown","floor":46},{"not_picked":["champ:Haymaker","champ:DefensiveShout+1","champ:PreciseThrust+1"],"picked":"SKIP","floor":47},{"not_picked":["champ:LastStand","champ:FanOfKnives+1","champ:Encircle+1"],"picked":"SKIP","floor":48},{"not_picked":["champ:Endure","champ:EnGarde+1","champ:Shatter"],"picked":"SKIP","floor":49},{"not_picked":["champ:TornadoPunch+1","champ:CrownThrow+1","champ:Backstep+1"],"picked":"SKIP","floor":52}],"player_experience":111830,"relics_obtained":[{"floor":8.0,"key":"Potion Belt"},{"floor":14.0,"key":"InkBottle"},{"floor":17.0,"key":"Oddly Smooth Stone"},{"floor":17.0,"key":"Sundial"},{"floor":17.0,"key":"Torii"},{"floor":24.0,"key":"bronze:DecasWashers"},{"floor":27.0,"key":"Bag of Preparation"},{"floor":41.0,"key":"Vajra"},{"floor":42.0,"key":"Mango"},{"floor":45.0,"key":"Bird Faced Urn"},{"floor":52,"key":"champ:DefensiveTrainingManual"}],"event_choices":[{"damage_healed":0.0,"max_hp_gain":5.0,"max_hp_loss":0.0,"gold_gain":0.0,"event_name":"Big Fish","player_choice":"Donut","floor":4.0,"gold_loss":0.0,"damage_taken":0.0},{"damage_healed":0.0,"max_hp_gain":0.0,"max_hp_loss":0.0,"gold_gain":0.0,"event_name":"Lab","player_choice":"Got Potions","floor":21.0,"gold_loss":0.0,"damage_taken":0.0},{"damage_healed":0.0,"max_hp_gain":0.0,"max_hp_loss":0.0,"gold_gain":0.0,"event_name":"Drug Dealer","player_choice":"Inject Mutagens","floor":26.0,"gold_loss":0.0,"damage_taken":0.0,"relics_obtained":["MutagenicStrength"]},{"damage_healed":35.0,"max_hp_gain":0.0,"max_hp_loss":0.0,"gold_gain":0.0,"event_name":"The Library","player_choice":"Heal","floor":31.0,"gold_loss":0.0,"damage_taken":0.0},{"cards_removed":["champ:Strike"],"damage_healed":0.0,"max_hp_gain":0.0,"max_hp_loss":0.0,"gold_gain":0.0,"event_name":"Bonfire Elementals","player_choice":"Offered Basic","floor":38.0,"gold_loss":0.0,"damage_taken":0.0}],"is_beta":false,"boss_relics":[{"not_picked":["Busted Crown","Cursed Key"],"picked":"Calling Bell"},{"not_picked":["Tiny House","Snecko Eye"],"picked":"champ:ChampionCrownUpgraded"}],"items_purged_floors":[9,39,47,53],"is_endless":false,"potions_floor_spawned":[3,10,16,19,22,25,30,40,42,43,46,48],"killed_by":"downfall:NeowBoss","ascension_level":2}}