{"host":"cq8xacpj8p19paz6","time":1612120386,"event":{"mods":["Aspiration","BaseMod","Better Altar","Better Match","Better Note","Better Sensory Stone","Better Skull","Better Third Choice","BetterRewards","Conspire","Downfall","Hermit","Infinite Spire","Marisa????????","Minty Spire (QoL Compilation)","Replay The Spire","Shop Mod","StSLib","The Bladedancer","The Cursed","The Disciple","The Hierophant","The Jungle","The Necromancer","The Poker Player","The Runesmith","The Servant 0.9.4"],"gold_per_floor":[111,111,125,125,141,175,188,200,200,200,200,216,216,9,9,112,112,127,127,127,127,138,138,138],"floor_reached":23,"language":"ENG","playtime":1700,"items_purged":[],"score":291,"play_id":"40f0b5e7-98db-4e44-b891-9e6a031c123c","local_time":"20210131191306","is_ascension_mode":false,"campfire_choices":[{"data":"Armaments","floor":11,"key":"SMITH"},{"data":"Warcry","floor":13,"key":"SMITH"},{"data":"Armaments","floor":15,"key":"SMITH"}],"circlet_count":0,"master_deck":["Strike_R","Strike_R","Strike_R","Strike_R","Strike_R","Defend_R+1","Defend_R","Defend_R","Defend_R","Bash","infinitespire:OneForAll","Mind Blast","Sadistic Nature+1","Armaments+1","Armaments+1","Pommel Strike","Specialist","Pommel Strike","ReplayTheSpireMod:Muscle Training","Life Link","Warcry+1","conspire:HitWhereItHurts","Bloodletting+1","Replay:Undeath\u0027s Touch"],"relics":["Burning Blood","Strange Spoon","Unceasing Top","Happy Flower","Eternal Feather","Anchor","aspiration:Lifesprig","Mark of Pain","MealTicket","Strawberry","infinitespire:PuzzleCube"],"acts_visited":["TheCity"],"potions_floor_usage":[6,6,16,16,23,23],"damage_taken":[{"damage":10.0,"enemies":"Jaw Worm","floor":1.0,"turns":4.0},{"damage":0,"enemies":"conspire:RoseBush","floor":3,"turns":3},{"damage":1,"enemies":"Cultist","floor":5,"turns":3},{"damage":12,"enemies":"Replay:BlueRogue","floor":6,"turns":4},{"damage":0,"enemies":"3 Louse","floor":7,"turns":2},{"damage":10,"enemies":"conspire:2 RoseBushes","floor":8,"turns":4},{"damage":4,"enemies":"Large Slime","floor":12,"turns":4},{"damage":23,"enemies":"Slime Boss","floor":16,"turns":11},{"damage":22,"enemies":"3 Byrds","floor":18,"turns":5},{"damage":1,"enemies":"Spheric Guardian","floor":22,"turns":3},{"damage":87,"enemies":"Nightmare","floor":23,"turns":6}],"seed_played":"-404875165394930668","potions_obtained":[{"floor":5,"key":"Languid Potion"},{"floor":7,"key":"Adrenaline Potion"},{"floor":8,"key":"Dexterity Potion"},{"floor":19,"key":"BlessingOfTheForge"},{"floor":19,"key":"Ancient Potion"},{"floor":19,"key":"Doom Potion"}],"is_trial":false,"path_per_floor":["M","?","M","?","M","E","M","M","T","?","R","M","R","$","R","B",null,"M","?","?","?","M","NM"],"character_chosen":"IRONCLAD","items_purchased":["infinitespire:OneForAll","Strange Spoon","Sadistic Nature","Armaments","Happy Flower","PowerPotion","aspiration:Lifesprig","Fire Potion"],"campfire_rested":0,"item_purchase_floors":[0,0,0,0,0,0,14,14],"current_hp_per_floor":[76,76,80,80,80,74,80,76,76,80,80,80,80,80,80,63,80,64,64,2,2,87,0,0],"gold":138,"neow_bonus":"","is_daily":false,"chose_seed":false,"campfire_upgraded":3,"win_rate":0.0,"timestamp":1612120386,"path_taken":["M","?","M","?","M","E","?","M","T","?","R","M","R","?","R","BOSS","M","?","?","?","?","NM"],"items_purchased_type":["Card","Relic","Card","Card","Relic","Potion","Relic","Potion"],"build_version":"2020-12-22","purchased_purges":0,"victory":false,"max_hp_per_floor":[80,80,80,80,80,80,80,80,80,80,80,80,80,80,80,80,80,80,80,87,87,87,87,87],"card_choices":[{"not_picked":["Hemokinesis","ReplayTheSpireMod:Strike From Hell"],"picked":"Armaments","floor":1},{"not_picked":["Intimidate","Sword Boomerang"],"picked":"Pommel Strike","floor":3},{"not_picked":["ReplayTheSpireMod:Brewmster","Mind Blast"],"picked":"Specialist","floor":4},{"not_picked":["True Grit","Perfected Strike"],"picked":"Pommel Strike","floor":5},{"not_picked":["Armaments","Perfected Strike"],"picked":"ReplayTheSpireMod:Muscle Training","floor":6},{"not_picked":["Heavy Blade","Defy Death"],"picked":"conspire:ExplosiveBarrier","floor":7},{"not_picked":["True Grit","Limit Break"],"picked":"Life Link","floor":8},{"not_picked":["Dual Wield","infinitespire:OneForAll"],"picked":"Warcry","floor":12},{"not_picked":["Corruption","Demonic Infusion"],"picked":"conspire:HitWhereItHurts","floor":16},{"not_picked":["Twin Strike","Perfected Strike"],"picked":"Bloodletting+1","floor":18},{"not_picked":["Rampage+1","Body Slam+1"],"picked":"Replay:Undeath\u0027s Touch","floor":22}],"player_experience":90206,"relics_obtained":[{"floor":6,"key":"Eternal Feather"},{"floor":9,"key":"Anchor"}],"event_choices":[{"damage_healed":0,"gold_gain":0,"player_choice":"Leave","damage_taken":0,"max_hp_gain":0,"max_hp_loss":0,"event_name":"conspire:Investor","floor":2,"gold_loss":0},{"damage_healed":0,"gold_gain":1,"player_choice":"1","damage_taken":0,"max_hp_gain":0,"max_hp_loss":0,"event_name":"betterStone:BetterStone","floor":4,"gold_loss":0},{"cards_removed":["conspire:ExplosiveBarrier"],"damage_healed":4,"gold_gain":0,"player_choice":"Offered Uncommon","damage_taken":0,"max_hp_gain":0,"max_hp_loss":0,"event_name":"Bonfire Elementals","floor":10,"gold_loss":0},{"damage_healed":0,"gold_gain":0,"player_choice":"Got Potions","damage_taken":0,"max_hp_gain":0,"max_hp_loss":0,"event_name":"Lab","floor":19,"gold_loss":0},{"damage_healed":0,"gold_gain":0,"player_choice":"RE RE RE UP ","damage_taken":77,"relics_obtained":["MealTicket","Strawberry","infinitespire:PuzzleCube"],"max_hp_gain":0,"max_hp_loss":0,"event_name":"betterSkull:BetterSkull","floor":20,"gold_loss":0,"cards_upgraded":["Defend_R"]},{"damage_healed":0,"gold_gain":0,"player_choice":"RE RE RE UP ","damage_taken":77,"relics_obtained":["MealTicket","Strawberry","infinitespire:PuzzleCube"],"max_hp_gain":0,"max_hp_loss":0,"event_name":"betterSkull:BetterSkull","floor":20,"gold_loss":0,"cards_upgraded":["Defend_R"]},{"damage_healed":0,"gold_gain":0,"player_choice":"Upgraded","damage_taken":0,"max_hp_gain":0,"max_hp_loss":0,"event_name":"Upgrade Shrine","floor":21,"gold_loss":0,"cards_upgraded":["Sadistic Nature"]}],"is_beta":false,"boss_relics":[{"not_picked":["ReplayTheSpireMod:DimensionalGlitch","Empty Cage"],"picked":"Mark of Pain"}],"items_purged_floors":[],"is_endless":false,"potions_floor_spawned":[5,7,8],"killed_by":"Nightmare","ascension_level":0}}