{"host":"684z1xpuwaoqmmh1","time":1612102962,"event":{"mods":["A Magickal Journey","BaseMod","Dio Mod","Downfall","Hermit","Jorbs\u0027s Wanderer Trilogy","Marisa????????","Minty Spire (QoL Compilation)","Robot Space Explorer","Shade Mod","StSLib","The Elementalist","The Hayseed","The Hierophant","The Marked","The Mystic","The Runesmith","The Saiyan","The Vixen","TheFirefly"],"gold_per_floor":[111,111,129,145,157,157,191,191,215,140,140,157,168,198,198,198,198],"floor_reached":16,"language":"ENG","playtime":1396,"items_purged":["elementalist:Defend_Elemblue"],"score":102,"play_id":"1c39ea02-5227-4bba-a6ff-bcf81407d2cd","local_time":"20210131162242","is_ascension_mode":false,"campfire_choices":[{"data":"elementalist:Sidereal_Form","floor":6,"key":"SMITH"},{"data":"elementalist:Spark","floor":8,"key":"SMITH"},{"data":"elementalist:Airstrike","floor":11,"key":"SMITH"},{"floor":15,"key":"REST"}],"circlet_count":0,"master_deck":["elementalist:Fire_Emblem","elementalist:Strike+Elemblue","elementalist:Defend_Elemblue","elementalist:Defend_Elemblue","elementalist:Defend_Elemblue","elementalist:Defend_Elemblue","elementalist:Firestrike","elementalist:Earthstrike","elementalist:Waterstrike","elementalist:Airstrike+1","elementalist:Crystal_Chalk","elementalist:Sidereal_Form+1","elementalist:Cauterize","elementalist:Emberveil","elementalist:Cyclone","elementalist:Spark+1","elementalist:Confluence","elementalist:Confluence","elementalist:Blaze","elementalist:Gaian_Form","elementalist:Kiln"],"relics":["elementalistmod:MagusStaff","elementalistmod:GraduationLetter","elementalistmod:RedRibbon","PreservedInsect","Smiling Mask","Odd Mushroom"],"acts_visited":["Exordium"],"potions_floor_usage":[12,14],"damage_taken":[{"damage":0,"enemies":"Jaw Worm","floor":1,"turns":6},{"damage":1,"enemies":"Cultist","floor":3,"turns":5},{"damage":1,"enemies":"2 Louse","floor":4,"turns":3},{"damage":4,"enemies":"Blue Slaver","floor":5,"turns":6},{"damage":41,"enemies":"Lagavulin","floor":7,"turns":14},{"damage":1,"enemies":"Looter","floor":12,"turns":2},{"damage":14,"enemies":"Exordium Thugs","floor":13,"turns":6},{"damage":10,"enemies":"The Mushroom Lair","floor":14,"turns":4},{"damage":30,"enemies":"Slime Boss","floor":16,"turns":6}],"seed_played":"-6833202995464612013","potions_obtained":[{"floor":1,"key":"Explosive Potion"},{"floor":4,"key":"Swift Potion"},{"floor":7,"key":"DuplicationPotion"},{"floor":13,"key":"LiquidMemories"}],"is_trial":false,"path_per_floor":["M","?","M","M","M","R","E","R","T","$","R","M","M","?","R","B"],"character_chosen":"THE_ELEMENTALIST","items_purchased":["elementalist:Confluence"],"campfire_rested":1,"item_purchase_floors":[10],"current_hp_per_floor":[77,77,76,75,71,71,30,30,30,30,30,29,15,5,28,0,0],"gold":198,"neow_bonus":"TEN_PERCENT_HP_BONUS","is_daily":false,"chose_seed":false,"campfire_upgraded":3,"win_rate":0.0,"timestamp":1612102962,"path_taken":["M","?","M","?","M","R","E","R","T","$","R","M","M","?","R","BOSS"],"items_purchased_type":["Card"],"build_version":"2020-12-22","purchased_purges":1,"victory":false,"max_hp_per_floor":[77,77,77,77,77,77,77,77,77,77,77,77,77,77,77,77,77],"card_choices":[{"not_picked":["elementalist:Concentricity","elementalist:Stone_to_Mud"],"picked":"elementalist:Sidereal_Form","floor":1},{"not_picked":["elementalist:Monument","elementalist:Overheat"],"picked":"elementalist:Cauterize","floor":3},{"not_picked":["elementalist:Overheat","elementalist:Breeze"],"picked":"elementalist:Emberveil","floor":4},{"not_picked":["elementalist:Heavensfall","elementalist:Emberveil"],"picked":"elementalist:Cyclone","floor":5},{"not_picked":["elementalist:Overheat","elementalist:Flame"],"picked":"elementalist:Spark","floor":7},{"not_picked":["elementalist:Cauterize","elementalist:Momentum"],"picked":"elementalist:Blaze","floor":12},{"not_picked":["elementalist:Magma_Shot","elementalist:Concentricity"],"picked":"elementalist:Gaian_Form","floor":13},{"not_picked":["elementalist:Sidereal_Form","elementalist:Lunar_Form"],"picked":"elementalist:Kiln","floor":14}],"player_experience":2905769,"relics_obtained":[{"floor":7,"key":"PreservedInsect"},{"floor":9,"key":"Smiling Mask"},{"floor":14,"key":"Odd Mushroom"}],"event_choices":[{"damage_healed":0,"gold_gain":0,"player_choice":"Fought Mushrooms","damage_taken":0,"max_hp_gain":0,"max_hp_loss":0,"event_name":"Mushrooms","floor":14,"gold_loss":0}],"is_beta":false,"boss_relics":[],"items_purged_floors":[10],"is_endless":false,"potions_floor_spawned":[1,4,7,13],"killed_by":"Slime Boss","ascension_level":0}}