{"host":"w36evy4uyf1bcavi","time":1612106385,"event":{"mods":["100% Spire Juice","Act Like it!","Aspiration","BaseMod","Conspire","Jedi Mod","Minty Spire (QoL Compilation)","Replay The Spire","Spicy Shops","StSLib","The Blackbeard","The Hierophant"],"gold_per_floor":[117,117,49,71,71,100,100,157,206,206,264,275,306,371,371,506,506,542,554,554,596,624,666,677,692,743,761,761,815,815,839,839,968,968,1007,1050,1093,1139,1139,1185,1185,1249,1249,654,686,686,704,748,748,778],"floor_reached":51,"language":"ZHS","playtime":12846,"items_purged":[],"score":1033,"play_id":"55952f10-4089-46a9-9317-e9fcb7c50771","local_time":"20210131231945","is_ascension_mode":false,"campfire_choices":[{"data":"blackbeard:Bandana","floor":7.0,"key":"SMITH"},{"data":"blackbeard:WeaponProficiency","floor":10.0,"key":"SMITH"},{"data":"blackbeard:CatONineTails","floor":15.0,"key":"SMITH"},{"data":"blackbeard:Salvager","floor":28.0,"key":"SMITH"},{"data":"blackbeard:TheDrunkenSailor","floor":28.0,"key":"SMITH"},{"data":"blackbeard:ChaoticDefense","floor":30.0,"key":"SMITH"},{"data":"blackbeard:WeaponProficiency","floor":30.0,"key":"SMITH"},{"floor":32.0,"key":"DIG"},{"floor":41,"key":"REST"},{"data":"1","floor":46,"key":"LIFT"},{"data":"2","floor":49,"key":"LIFT"}],"circlet_count":0,"master_deck":["blackbeard:BlackbeardStrike","blackbeard:BlackbeardStrike","blackbeard:BlackbeardStrike","blackbeard:BlackbeardStrike+1","blackbeard:IntimidatingStrike","blackbeard:BlackbeardDefend","blackbeard:BlackbeardDefend","blackbeard:BlackbeardDefend","blackbeard:Cutlass","blackbeard:GoldenCannonball+1","Injury","blackbeard:Bandana+1","blackbeard:Spear","blackbeard:CatONineTails+1","blackbeard:CaptainsCabin","blackbeard:WeaponProficiency+1","blackbeard:RearmingStrike+1","blackbeard:ChaoticDefense+1","blackbeard:Dagger","blackbeard:Sharpening+1","blackbeard:TheDrunkenSailor+1","blackbeard:MegaUpgrade+1","blackbeard:BoostMorale+1","blackbeard:WeaponProficiency+1","blackbeard:Fencing+1","Pain","blackbeard:TacticalRetreat+1","blackbeard:Salvager+1","blackbeard:FinalBarrage+1","blackbeard:GoldenDefense+1","blackbeard:Sharpening+1","blackbeard:SmithingHammer+1","blackbeard:GhostInTheRum+1","blackbeard:BlindAttacks+1","blackbeard:WeaponMastery","blackbeard:Rum","blackbeard:SmithingHammer+1","blackbeard:PiratesWill+1","blackbeard:FieryDefense+1","Madness+1","Madness+1","blackbeard:MegaUpgrade+1","blackbeard:GoldenDefense+1","blackbeard:WiseDefense+1","blackbeard:Parrot","blackbeard:Eyepatch+1"],"relics":["blackbeard:LoadTheCannons","NeowsBlessing","Molten Egg 2","Divine Protection","Darkstone Periapt","Blood Vial","Blue Candle","Toxic Egg 2","Painkiller Herb","WarpedTongs","Replay:Arrowhead","jedi:archwizardhat","aspiration:RitualDagger","Whetstone","Girya","jedi:Pinwheel","Lee\u0027s Waffle","Gambling Chip","conspire:DeflatedDodgeball"],"acts_visited":["Exordium","TheCity","TheBeyond"],"potions_floor_usage":[37,40,50,50],"damage_taken":[{"damage":0.0,"enemies":"Jaw Worm","floor":1.0,"turns":1.0},{"damage":0.0,"enemies":"Small Slimes","floor":4.0,"turns":1.0},{"damage":0.0,"enemies":"Lagavulin","floor":6.0,"turns":1.0},{"damage":5.0,"enemies":"3 Sentries","floor":8.0,"turns":8.0},{"damage":7.0,"enemies":"Gremlin Nob","floor":11.0,"turns":4.0},{"damage":0.0,"enemies":"Cultist","floor":12.0,"turns":2.0},{"damage":0.0,"enemies":"Blue Slaver","floor":13.0,"turns":3.0},{"damage":16.0,"enemies":"Lagavulin","floor":14.0,"turns":6.0},{"damage":18.0,"enemies":"The Guardian","floor":16.0,"turns":10.0},{"damage":0.0,"enemies":"Spheric Guardian","floor":18.0,"turns":3.0},{"damage":0.0,"enemies":"Chosen","floor":19.0,"turns":3.0},{"damage":6.0,"enemies":"Snake Plant","floor":21.0,"turns":4.0},{"damage":19.0,"enemies":"Shelled Parasite and Fungi","floor":22.0,"turns":5.0},{"damage":8.0,"enemies":"Book of Stabbing","floor":23.0,"turns":5.0},{"damage":16.0,"enemies":"Snecko","floor":24.0,"turns":4.0},{"damage":2.0,"enemies":"Snake Plant","floor":25.0,"turns":4.0},{"damage":0.0,"enemies":"Chosen and Byrds","floor":27.0,"turns":3.0},{"damage":27.0,"enemies":"Gremlin Leader","floor":29.0,"turns":5.0},{"damage":5.0,"enemies":"Shelled Parasite and Fungi","floor":31.0,"turns":5.0},{"damage":27.0,"enemies":"Pondfish","floor":33.0,"turns":13.0},{"damage":59,"enemies":"3 Darklings","floor":35,"turns":5},{"damage":8,"enemies":"3 Shapes","floor":36,"turns":5},{"damage":19,"enemies":"Maw","floor":37,"turns":5},{"damage":30,"enemies":"Spire Growth","floor":38,"turns":5},{"damage":41,"enemies":"Nemesis","floor":40,"turns":5},{"damage":85,"enemies":"Giant Head","floor":42,"turns":8},{"damage":41,"enemies":"3 Darklings","floor":45,"turns":5},{"damage":13,"enemies":"Maw","floor":47,"turns":5},{"damage":47,"enemies":"Transient","floor":48,"turns":5},{"damage":38,"enemies":"Donu and Deca","floor":50,"turns":6}],"seed_played":"-5940669104199344395","potions_obtained":[{"floor":1.0,"key":"Reflective Coating"},{"floor":4.0,"key":"Energy Potion"},{"floor":8.0,"key":"blackbeard:OrangeJuicePotion"},{"floor":14.0,"key":"jedi:hoardpotion"},{"floor":16.0,"key":"Swift Potion"},{"floor":21.0,"key":"GamblersBrew"},{"floor":23.0,"key":"blackbeard:OrangeJuicePotion"},{"floor":24.0,"key":"LifebloodPotion"},{"floor":29.0,"key":"jedi:tentaclejuice"},{"floor":33.0,"key":"Weak Potion"},{"floor":35,"key":"ColorlessPotion"},{"floor":36,"key":"Ancient Potion"},{"floor":38,"key":"Dexterity Potion"}],"is_trial":false,"path_per_floor":["M","?","$","M","?","E","R","E","T","R","E","M","M","E","R","B",null,"?","?","?","?","?","E","?","?","T","?","T","E","T","?","T","B",null,"?","?","?","?","?","E","T","E","T","T","?","T","?","?","T","B",null],"character_chosen":"BLACKBEARD_CLASS","items_purchased":["blackbeard:Bandana","Lee\u0027s Waffle","Gambling Chip","conspire:DeflatedDodgeball","blackbeard:OrangeJuicePotion"],"campfire_rested":1,"item_purchase_floors":[3,44,44,44,44],"current_hp_per_floor":[75,75,75,75,75,75,75,70,70,70,65,67,69,55,55,39,75,75,75,81,75,74,68,70,70,70,72,72,47,47,44,44,19,81,22,16,81,68,58,40,64,35,35,88,69,69,88,69,69,88],"gold":778,"neow_bonus":"THREE_ENEMY_KILL","is_daily":false,"chose_seed":false,"campfire_upgraded":7,"win_rate":0.0,"timestamp":1612106385,"path_taken":["M","?","$","M","?","E","R","E","T","R","E","?","M","E","R","BOSS","?","?","?","?","?","E","?","?","T","?","T","E","T","?","T","BOSS","?","?","?","?","?","E","T","E","T","T","?","T","?","?","T","BOSS"],"items_purchased_type":["Card","Relic","Relic","Relic","Potion"],"build_version":"2020-12-22","purchased_purges":0,"victory":true,"max_hp_per_floor":[75,75,75,75,75,75,75,75,75,75,75,75,75,75,75,75,75,75,75,81,81,81,81,81,81,81,81,81,81,81,81,81,81,81,81,81,81,81,81,81,81,81,81,88,88,88,88,88,88,88],"card_choices":[{"not_picked":["blackbeard:BlindAttacks","blackbeard:WiseDefense"],"picked":"blackbeard:GoldenCannonball","floor":1.0},{"not_picked":["blackbeard:CaptainsCabin","blackbeard:FishingNets"],"picked":"blackbeard:Spear","floor":4.0},{"not_picked":["blackbeard:BeatUp+1","blackbeard:WoodenLeg"],"picked":"blackbeard:CaptainsCabin","floor":6.0},{"not_picked":["blackbeard:VengefulSpirit","blackbeard:Fencing"],"picked":"blackbeard:WeaponProficiency","floor":8.0},{"not_picked":["blackbeard:SwordDance","blackbeard:GoldenStrike+1"],"picked":"blackbeard:RearmingStrike+1","floor":11.0},{"not_picked":["blackbeard:DeadlyArsenal","blackbeard:TacticalRetreat"],"picked":"blackbeard:ChaoticDefense","floor":12.0},{"not_picked":["blackbeard:InfiniteBarrage","blackbeard:Rum"],"picked":"blackbeard:Dagger","floor":13.0},{"not_picked":["blackbeard:DoubleCannonball+1","blackbeard:DelayedPain+1"],"picked":"blackbeard:Sharpening+1","floor":14.0},{"not_picked":["blackbeard:DeadlyArsenal+1","blackbeard:Fencing+1"],"picked":"blackbeard:WeaponProficiency","floor":18.0},{"not_picked":["blackbeard:BeatUp+1","blackbeard:ChaoticDefense+1"],"picked":"blackbeard:Fencing+1","floor":19.0},{"not_picked":["blackbeard:CannonBarrage+1","blackbeard:CloakAndCannonball+1"],"picked":"blackbeard:TacticalRetreat+1","floor":21.0},{"not_picked":["blackbeard:PirateEarring","blackbeard:VengefulSpirit+1"],"picked":"blackbeard:Salvager","floor":22.0},{"not_picked":["blackbeard:GoldenStrike+1","blackbeard:DelayedPain+1"],"picked":"blackbeard:FinalBarrage+1","floor":23.0},{"not_picked":["blackbeard:JollyRoger+1","blackbeard:InfiniteBarrage"],"picked":"blackbeard:GoldenDefense+1","floor":24.0},{"not_picked":["blackbeard:GoldenDefense+1","blackbeard:GoldenStrike+1"],"picked":"blackbeard:Sharpening+1","floor":25.0},{"not_picked":["blackbeard:ChaoticDefense+1","blackbeard:Sword+1"],"picked":"blackbeard:SmithingHammer+1","floor":27.0},{"not_picked":["blackbeard:BlindAttacks+1","blackbeard:CloakAndCannonball+1"],"picked":"blackbeard:GhostInTheRum+1","floor":29.0},{"not_picked":["blackbeard:FieryDefense+1","blackbeard:CaptainsCabin+1"],"picked":"blackbeard:BlindAttacks+1","floor":31.0},{"not_picked":["blackbeard:Murder+1","blackbeard:BoostMorale+1"],"picked":"blackbeard:WeaponMastery","floor":33.0},{"not_picked":["blackbeard:BuriedTreasure+1","blackbeard:DeadlyArsenal+1"],"picked":"blackbeard:Rum","floor":35},{"not_picked":["blackbeard:RearmingStrike+1","blackbeard:Revenge+1"],"picked":"blackbeard:SmithingHammer+1","floor":36},{"not_picked":["blackbeard:Dagger+1","blackbeard:FieryDefense+1"],"picked":"blackbeard:PiratesWill+1","floor":37},{"not_picked":["blackbeard:TacticalRetreat+1","blackbeard:Spear+1"],"picked":"blackbeard:FieryDefense+1","floor":38},{"not_picked":["blackbeard:GoldenStrike+1","blackbeard:DoubleCannonball+1"],"picked":"blackbeard:MegaUpgrade+1","floor":40},{"not_picked":["blackbeard:TacticalRetreat+1","blackbeard:GoldenStrike+1"],"picked":"blackbeard:GoldenDefense+1","floor":42},{"not_picked":["blackbeard:BeatUp+1","blackbeard:WoodenLeg+1"],"picked":"blackbeard:WiseDefense+1","floor":45},{"not_picked":["blackbeard:DelayedPain+1","blackbeard:DeadlyArsenal+1"],"picked":"blackbeard:Parrot","floor":47},{"not_picked":["blackbeard:RearmingStrike+1","blackbeard:Bandana+1"],"picked":"blackbeard:Eyepatch+1","floor":48}],"player_experience":363944,"relics_obtained":[{"floor":6.0,"key":"Divine Protection"},{"floor":8.0,"key":"Darkstone Periapt"},{"floor":9.0,"key":"Blood Vial"},{"floor":11.0,"key":"Blue Candle"},{"floor":14.0,"key":"Toxic Egg 2"},{"floor":23.0,"key":"Replay:Arrowhead"},{"floor":29.0,"key":"jedi:archwizardhat"},{"floor":40,"key":"Whetstone"},{"floor":42,"key":"Girya"},{"floor":43,"key":"jedi:Pinwheel"}],"event_choices":[{"damage_healed":0.0,"max_hp_gain":0.0,"max_hp_loss":0.0,"gold_gain":0.0,"cards_transformed":["blackbeard:BlackbeardDefend"],"event_name":"Living Wall","player_choice":"Change","floor":5.0,"gold_loss":0.0,"damage_taken":0.0,"cards_obtained":["blackbeard:CatONineTails"]},{"damage_healed":0.0,"max_hp_gain":0.0,"max_hp_loss":0.0,"gold_gain":0.0,"event_name":"Accursed Blacksmith","player_choice":"Rummage","floor":20.0,"gold_loss":0.0,"damage_taken":0.0,"relics_obtained":["WarpedTongs"],"cards_obtained":["Pain"]},{"damage_healed":0,"gold_gain":0,"player_choice":"Embrace Madness","damage_taken":10,"max_hp_gain":0,"max_hp_loss":0,"event_name":"Winding Halls","floor":39,"gold_loss":0,"cards_obtained":["Madness","Madness"]}],"is_beta":false,"boss_relics":[{"not_picked":["ReplayTheSpireMod:DimensionalGlitch","Sozu"],"picked":"Painkiller Herb"},{"not_picked":["ChewingGum","Busted Crown"],"picked":"aspiration:RitualDagger"}],"items_purged_floors":[],"is_endless":false,"potions_floor_spawned":[1,4,8,14,16,21,23,24,29,33,35,36,38,47],"ascension_level":0}}