{"host":"1pkwkj8mkn7raipg","time":1612076176,"event":{"mods":["BaseMod","LagranYue(¿≠∏Ò¿ °§‘¬)","Minty Spire (QoL Compilation)","Replay The Spire","StSLib","TestMod"],"gold_per_floor":[119,119,119,130,130,130,144,162,162,174,199,199,199,224,224,329,329,322,16,16,36,68,70,70],"floor_reached":23,"language":"ZHS","playtime":1139,"items_purged":[],"score":286,"play_id":"527d9982-f877-4abb-9dcc-6d700e84bca7","local_time":"20210131145616","is_ascension_mode":true,"campfire_choices":[{"data":"Redo","floor":6,"key":"SMITH"},{"data":"Static Discharge","floor":12,"key":"SMITH"}],"circlet_count":0,"master_deck":["Strike_B","Strike_B","Defend_B","Defend_B","Defend_B","Defend_B","Zap","Static Discharge+1","Turbo+1","Redo+1","ReplayTheSpireMod:System Scan","Panic Button","Thunder Strike+1","Rainbow","Ball Lightning","Machine Learning","ReplayTheSpireMod:Calculation Training","FIFO Queue","Leap","Hologram"],"relics":["Cracked Core","testmod-TestBox","LagranYue:RandomDrawCardRelic","testmod-NegativeEmotionEnhancer","ReplayFunnel","Chameleon Ring","testmod-IndustrialRevolution","Replay:Bandana","Replay:Bronze Core","Gremlin Food"],"acts_visited":["Exordium","TheCity"],"potions_floor_usage":[16,16,21,23],"damage_taken":[{"damage":0,"enemies":"2 Louse","floor":1,"turns":3},{"damage":5,"enemies":"Jaw Worm","floor":4,"turns":4},{"damage":0,"enemies":"Cultist","floor":7,"turns":4},{"damage":10,"enemies":"2 Fungi Beasts","floor":8,"turns":4},{"damage":1,"enemies":"Exordium Thugs","floor":10,"turns":4},{"damage":12,"enemies":"Replay:BlueRogue","floor":11,"turns":5},{"damage":13,"enemies":"3 Sentries","floor":14,"turns":4},{"damage":19,"enemies":"Fading Forest","floor":16,"turns":11},{"damage":13,"enemies":"2 Thieves","floor":18,"turns":5},{"damage":34,"enemies":"Spheric Guardian","floor":21,"turns":6},{"damage":11,"enemies":"3 Cultists","floor":22,"turns":6},{"damage":18,"enemies":"Gremlin Leader","floor":23,"turns":1}],"seed_played":"-108501908706226492","potions_obtained":[{"floor":1,"key":"Weak Potion"},{"floor":7,"key":"Elixir"},{"floor":11,"key":"Energy Potion"},{"floor":14,"key":"Adrenaline Potion"},{"floor":21,"key":"Venom Potion"},{"floor":22,"key":"AttackPotion"}],"is_trial":false,"path_per_floor":["M","?","?","M","?","R","M","M","T","M","E","R","?","E","R","B",null,"M","$","?","M","M","E"],"character_chosen":"DEFECT","items_purchased":["ReplayTheSpireMod:Calculation Training","Gremlin Food","FIFO Queue"],"campfire_rested":0,"item_purchase_floors":[19,19,19],"current_hp_per_floor":[71,71,71,68,73,73,75,68,68,70,60,60,60,51,75,72,80,70,70,54,23,17,0,0],"gold":70,"neow_bonus":"RANDOM_COMMON_RELIC","is_daily":false,"chose_seed":false,"campfire_upgraded":2,"win_rate":0.0,"timestamp":1612076176,"path_taken":["M","?","?","M","?","R","?","M","T","M","E","R","?","E","R","BOSS","M","$","?","M","M","E"],"items_purchased_type":["Card","Relic","Card"],"build_version":"2020-12-22","purchased_purges":0,"victory":false,"max_hp_per_floor":[76,76,76,77,77,77,78,79,79,80,81,81,81,82,82,83,83,84,84,89,90,91,91,91],"card_choices":[{"not_picked":["Redo","Gash"],"picked":"Static Discharge","floor":1},{"not_picked":["Turbo","Streamline"],"picked":"Redo","floor":4},{"not_picked":["Double Energy","Ball Lightning"],"picked":"ReplayTheSpireMod:System Scan","floor":7},{"not_picked":["Cold Snap","Rebound","ReplayTheSpireMod:Repulse"],"picked":"SKIP","floor":8},{"not_picked":["Conserve Battery","Heatsinks"],"picked":"Panic Button","floor":10},{"not_picked":["Coolheaded","Hello World"],"picked":"Thunder Strike","floor":11},{"not_picked":["Steam","Turbo"],"picked":"Ball Lightning","floor":14},{"not_picked":["ReplayRNGCard","Multi-Cast"],"picked":"Machine Learning","floor":16},{"not_picked":["Compile Driver","Barrage","Force Field"],"picked":"SKIP","floor":18},{"not_picked":["Genetic Algorithm","Conserve Battery"],"picked":"Leap","floor":21},{"not_picked":["BootSequence","Melter"],"picked":"Hologram","floor":22}],"player_experience":385564,"relics_obtained":[{"floor":9,"key":"Chameleon Ring"},{"floor":11,"key":"testmod-IndustrialRevolution"},{"floor":14,"key":"Replay:Bandana"}],"event_choices":[{"damage_healed":0,"gold_gain":0,"cards_transformed":["Strike_B"],"player_choice":"Change","damage_taken":0,"max_hp_gain":0,"max_hp_loss":0,"event_name":"Living Wall","floor":3,"gold_loss":0,"cards_obtained":["Turbo"]},{"cards_removed":["Turbo"],"damage_healed":5,"gold_gain":0,"player_choice":"Offered Common","damage_taken":0,"max_hp_gain":0,"max_hp_loss":0,"event_name":"Bonfire Elementals","floor":5,"gold_loss":0},{"cards_removed":["Turbo"],"damage_healed":5,"gold_gain":0,"player_choice":"Offered Special","damage_taken":0,"max_hp_gain":0,"max_hp_loss":0,"event_name":"Bonfire Elementals","floor":5,"gold_loss":0},{"damage_healed":0,"gold_gain":0,"cards_transformed":["Strike_B"],"player_choice":"Transformed","damage_taken":0,"max_hp_gain":0,"max_hp_loss":0,"event_name":"Transmorgrifier","floor":13,"gold_loss":0,"cards_obtained":["Rainbow"]},{"damage_healed":0,"gold_gain":0,"player_choice":"Shed Blood","damage_taken":21,"max_hp_gain":5,"max_hp_loss":0,"event_name":"Forgotten Altar","floor":20,"gold_loss":0}],"is_beta":false,"boss_relics":[{"not_picked":["Kintsugi","testmod-Prudence"],"picked":"Replay:Bronze Core"}],"items_purged_floors":[],"is_endless":false,"potions_floor_spawned":[1,7,11,14,21,22],"killed_by":"Gremlin Leader","ascension_level":6}}