{"host":"6dypmz777xraikqf","time":1612100742,"event":{"mods":["AchievementEnabler","BaseMod","BetterRewards","Colored Map","Colored Powertips","Downfall","Highlight Path","Hubris","Infinite Spire","Minty Spire (QoL Compilation)","Replay The Spire","StSLib"],"gold_per_floor":[110,110,285,302,320,320,320,340,340,357,376,404,415,442,454,571,583,614,642,654,666,693,740,752,764,776,788,829,859,871,883,994,966,978,1094,1106,1134,921,939,277,277,277,296,296,346,346,364,15,15,48,48,48],"floor_reached":53,"language":"ENG","playtime":2328,"items_purged":["Strike_G","Doubt","Strike_G","Strike_G+1"],"score":1753,"play_id":"df6abddc-7d81-4c5c-94db-ae264cfc2580","local_time":"20210131134542","is_ascension_mode":true,"campfire_choices":[{"data":"Accuracy","floor":6,"key":"SMITH"},{"floor":15,"key":"REST"},{"data":"Wraith Form v2","floor":24,"key":"SMITH"},{"data":"hubris:Fate","floor":27,"key":"SMITH"},{"data":"Sneak Up","floor":34,"key":"SMITH"},{"data":"Apotheosis","floor":42,"key":"SMITH"},{"data":"Crow Ritual","floor":44,"key":"SMITH"},{"data":"Night Terror","floor":46,"key":"SMITH"},{"floor":49,"key":"REST"},{"data":"Panacea","floor":51,"key":"SMITH"}],"circlet_count":0,"master_deck":["AscendersBane","Defend_G+1","Defend_G+1","Defend_G+1","Defend_G+1","Defend_G+1","Survivor","Neutralize","Cloak And Dagger+1","Accuracy+1","Dagger Spray","Backflip","Well Laid Plans","Blade Dance","Slice","Noxious Fumes","Wraith Form v2+1","Leg Sweep","Sneak Up+1","Escape Plan","Pot Of Greed","Pot Of Greed","Pot Of Greed+1","infinitespire:Punishment","hubris:Fate+1","Endless Agony+1","Night Terror+1","Infinite Blades","Blade Dance","Cloak And Dagger+1","Crow Ritual+1","Impatience","Slice+1","Purity","Pot Of Greed","Bandage Up","Apotheosis+1","ThirdEye","Panacea+1"],"relics":["Ring of the Snake","infinitespire:Golems Mask","hubris:Metronome","Replay:Bottled Eggs","Blue Candle","Orichalcum","MawBank","Sozu","hubris:Icosahedron","Bottled Tornado","Grinning Jar","Omamori","Empty Cage","Replay:Wax Seal","infinitespire:Satchel","hubris:VirtuousBlindfold","BargainBundle","hubris:DisguiseKit","infinitespire:PuzzleCube","Replay:Bottled Steam","infinitespire:Lucky Rock"],"acts_visited":["Exordium","TheCity","TheBeyond"],"potions_floor_usage":[12,14,22,50],"damage_taken":[{"damage":1,"enemies":"Small Slimes","floor":1,"turns":3},{"damage":5,"enemies":"Jaw Worm","floor":4,"turns":4},{"damage":0,"enemies":"Cultist","floor":5,"turns":3},{"damage":0,"enemies":"2 Fungi Beasts","floor":8,"turns":3},{"damage":1,"enemies":"Looter","floor":10,"turns":4},{"damage":0,"enemies":"Lots of Slimes","floor":11,"turns":1},{"damage":0,"enemies":"Gremlin Nob","floor":12,"turns":2},{"damage":4,"enemies":"Exordium Wildlife","floor":13,"turns":2},{"damage":7,"enemies":"Lagavulin","floor":14,"turns":5},{"damage":1,"enemies":"The Guardian","floor":16,"turns":8},{"damage":10,"enemies":"2 Thieves","floor":18,"turns":4},{"damage":0,"enemies":"Spheric Guardian","floor":19,"turns":3},{"damage":1,"enemies":"Cultist and Chosen","floor":22,"turns":5},{"damage":4,"enemies":"Replay:Snechameleon","floor":23,"turns":6},{"damage":0,"enemies":"Book of Stabbing","floor":28,"turns":2},{"damage":2,"enemies":"Snecko","floor":29,"turns":6},{"damage":23,"enemies":"Collector","floor":35,"turns":8},{"damage":1,"enemies":"3 Shapes","floor":37,"turns":4},{"damage":0,"enemies":"Orb Walker","floor":39,"turns":3},{"damage":0,"enemies":"3 Darklings","floor":43,"turns":3},{"damage":15,"enemies":"Maw","floor":47,"turns":5},{"damage":0,"enemies":"Nemesis","floor":50,"turns":3},{"damage":0,"enemies":"infinitespire:MassOfShapes","floor":52,"turns":1}],"seed_played":"6624987677187604609","potions_obtained":[{"floor":5,"key":"CunningPotion"},{"floor":8,"key":"Death Potion"},{"floor":10,"key":"Explosive Potion"},{"floor":12,"key":"hexamod:SoulburnPotion"},{"floor":14,"key":"Flashbang"},{"floor":16,"key":"Adrenaline Potion"}],"is_trial":false,"path_per_floor":["M","?","?","M","M","R","?","M","T","M","M","E","M","E","R","B",null,"M","M","?","T","M","E","R","AVR","T","R","E","M","PTL","PTL","?","?","R","B",null,"M","$","M","$","?","R","M","R","T","R","M","$","R","E","R","B",null],"character_chosen":"THE_SILENT","items_purchased":["Cloak And Dagger","Accuracy","hubris:Metronome","Infinite Blades","Blade Dance","BargainBundle","Crow Ritual","Impatience","Slice+1","hubris:DisguiseKit","Panacea","Replay:Bottled Steam"],"campfire_rested":2,"item_purchase_floors":[0,0,0,38,38,40,40,40,40,40,48,48],"current_hp_per_floor":[48,48,48,43,43,43,43,43,43,42,42,42,38,31,52,51,65,55,55,55,55,54,50,50,50,50,50,50,48,48,48,48,48,48,25,59,58,58,58,58,48,48,52,52,52,52,41,41,62,62,62,62],"gold":48,"neow_bonus":"","is_daily":false,"chose_seed":false,"campfire_upgraded":8,"win_rate":0.0,"timestamp":1612100742,"path_taken":["M","?","?","M","M","R","?","M","T","M","M","E","M","E","R","BOSS","M","M","?","?","M","E","R","AVR","T","R","E","M","PTL","PTL","?","?","R","BOSS","M","?","M","$","?","R","M","R","T","R","M","?","R","E","R","BOSS"],"items_purchased_type":["Card","Card","Relic","Card","Card","Relic","Card","Card","Card","Relic","Card","Relic"],"build_version":"2020-12-22","purchased_purges":4,"victory":true,"max_hp_per_floor":[70,70,70,70,70,70,70,70,70,70,70,70,70,70,70,70,70,70,70,70,70,70,70,70,70,70,70,70,70,70,70,70,70,70,70,70,70,70,70,70,70,70,70,70,70,70,70,70,70,70,70,70],"card_choices":[{"not_picked":["hubris:SlightOfHand","ReplayTheSpireMod:Tripwire","Replay:Poison Smokescreen"],"picked":"SKIP","floor":1},{"not_picked":["PiercingWail","Leg Sweep"],"picked":"Dagger Spray","floor":4},{"not_picked":["Dodge and Roll","Deflect"],"picked":"Backflip","floor":5},{"not_picked":["Accuracy","Dagger Throw"],"picked":"Well Laid Plans","floor":8},{"not_picked":["PiercingWail","hubris:SlightOfHand"],"picked":"Blade Dance","floor":10},{"not_picked":["Dagger Spray","Flying Knee"],"picked":"Slice","floor":11},{"not_picked":["Crippling Poison","Infinite Blades"],"picked":"Noxious Fumes","floor":12},{"not_picked":["Bullet Time","Dodge and Roll","Dagger Spray"],"picked":"SKIP","floor":13},{"not_picked":["Bullet Time","Dodge and Roll","Dagger Spray"],"picked":"SKIP","floor":13},{"not_picked":["Catalyst","Tactician","Flying Knee"],"picked":"SKIP","floor":14},{"not_picked":["Envenom","Malaise"],"picked":"Wraith Form v2","floor":16},{"not_picked":["Hidden Blade","Poisoned Stab"],"picked":"Leg Sweep","floor":18},{"not_picked":["Hidden Blade","Underhanded Strike"],"picked":"Sneak Up","floor":19},{"not_picked":["Deflect","Riddle With Holes+1"],"picked":"Escape Plan","floor":22},{"not_picked":["Dodge and Roll","Quick Slash","Sucker Punch+1"],"picked":"SKIP","floor":23},{"not_picked":["Heel Hook+1","Setup","ReplayTheSpireMod:Exploit Weakness+1"],"picked":"SKIP","floor":28},{"not_picked":["Underhanded Strike","Outmaneuver"],"picked":"Endless Agony+1","floor":29},{"not_picked":["Burst","Tools of the Trade"],"picked":"Night Terror","floor":35},{"not_picked":["hubris:SlightOfHand","Flying Knee+1","Outmaneuver+1"],"picked":"SKIP","floor":37},{"not_picked":["hubris:SlightOfHand","Heel Hook+1"],"picked":"Cloak And Dagger+1","floor":39},{"not_picked":["ReplayTheSpireMod:Uncanny Aura","Trip"],"picked":"Purity","floor":41},{"not_picked":["Metamorphosis","ReplayTheSpireMod:Necrogeddon"],"picked":"Bandage Up","floor":41},{"not_picked":["Midas Touch","Discovery"],"picked":"Apotheosis","floor":41},{"not_picked":["Outmaneuver","Dagger Throw+1","Prepared"],"picked":"ThirdEye","floor":43},{"not_picked":["Backflip","Endless Agony","Sucker Punch","Wallop"],"picked":"SKIP","floor":47},{"not_picked":["Poisoned Stab+1","Flying Knee","Setup+1","Replay:BluntJabs"],"picked":"SKIP","floor":50}],"player_experience":180904,"relics_obtained":[{"floor":7,"key":"Replay:Bottled Eggs"},{"floor":9,"key":"Blue Candle"},{"floor":12,"key":"Orichalcum"},{"floor":14,"key":"MawBank"},{"floor":21,"key":"Bottled Tornado"},{"floor":23,"key":"Grinning Jar"},{"floor":26,"key":"Replay:Wax Seal"},{"floor":28,"key":"infinitespire:Satchel"},{"floor":45,"key":"infinitespire:PuzzleCube"},{"floor":50,"key":"infinitespire:Lucky Rock"}],"event_choices":[{"damage_healed":0,"gold_gain":0,"player_choice":"Grow","damage_taken":0,"max_hp_gain":0,"max_hp_loss":0,"event_name":"Living Wall","floor":2,"gold_loss":0,"cards_upgraded":["Cloak And Dagger"]},{"damage_healed":0,"gold_gain":175,"player_choice":"AGREE","damage_taken":0,"max_hp_gain":0,"max_hp_loss":0,"event_name":"Liars Game","floor":3,"gold_loss":0,"cards_obtained":["Doubt"]},{"damage_healed":0,"gold_gain":99,"player_choice":"Stole From Cult","damage_taken":0,"max_hp_gain":0,"max_hp_loss":0,"event_name":"Nest","floor":32,"gold_loss":0},{"damage_healed":0,"gold_gain":0,"player_choice":"Upgraded Two","damage_taken":0,"max_hp_gain":0,"max_hp_loss":0,"event_name":"Designer","floor":33,"gold_loss":40,"cards_upgraded":["Strike_G","Pot Of Greed"]},{"damage_healed":0,"gold_gain":0,"player_choice":"Memory 3","damage_taken":10,"max_hp_gain":0,"max_hp_loss":0,"event_name":"SensoryStone","floor":41,"gold_loss":0}],"is_beta":false,"boss_relics":[{"not_picked":["hubris:ScarierMask","Fusion Hammer"],"picked":"Sozu"},{"not_picked":["Pandora\u0027s Box","Kintsugi"],"picked":"hubris:VirtuousBlindfold"}],"items_purged_floors":[0,25,38,40],"is_endless":false,"potions_floor_spawned":[5,8,10,12,14,16,18,28,29,47,50],"ascension_level":10}}