{"host":"rkd2egloqduv8drx","time":1612096758,"event":{"mods":["ATMod(°¢èªMod)","Act Like it!","Arknights","BaseMod","CapriCore","Gensokyo","GungeonMod","Hermit","Jedi Mod","Koishi","Minty Spire (QoL Compilation)","Permanent Neow","Prisma Mod","Quick Restart","Rare Cards Sparkle","Robot Space Explorer","Spicy Shops","StSLib","The Administrix","The Bug Knight","The Immortal","WarShipGirlsR/Õ½½¢ÉÙÅ®R mod"],"gold_per_floor":[117,127,127,137,107,140,140,154,154,154,154,171,171,191,191,289,289,299,331,331,341,341,341],"floor_reached":22,"language":"ZHS","playtime":1377,"items_purged":[],"score":186,"play_id":"c6cb7173-82d1-4f6b-8af8-fd3720b61a87","local_time":"20210131203918","is_ascension_mode":false,"campfire_choices":[{"data":"hermit:CalledShot","floor":7,"key":"SMITH"},{"data":"hermit:Covet","floor":11,"key":"SMITH"},{"data":"hermit:Virtue","floor":13,"key":"SMITH"},{"data":"hermit:FatalDesire","floor":15,"key":"SMITH"}],"circlet_count":0,"master_deck":["hermit:Strike_Hermit","hermit:Strike_Hermit","hermit:Strike_Hermit","hermit:Defend_Hermit","hermit:Defend_Hermit","hermit:Defend_Hermit","hermit:Snapshot","hermit:Covet+1","hermit:Desperado","hermit:Roughhouse","hermit:CalledShot+1","Regret","hermit:Virtue+1","hermit:ItchyTrigger","hermit:FatalDesire+1","hermit:FromBeyond","hermit:TrackingShot"],"relics":["hermit:Momento","Strawberry","jedi:cryingmask","jedi:purplefairy","Cursed Key","Red Mask","Nloth\u0027s Gift"],"acts_visited":["Exordium","TheCity"],"potions_floor_usage":[19],"damage_taken":[{"damage":0,"enemies":"Small Slimes","floor":1,"turns":2},{"damage":1,"enemies":"Jaw Worm","floor":2,"turns":3},{"damage":7,"enemies":"2 Louse","floor":4,"turns":2},{"damage":30,"enemies":"Lagavulin","floor":6,"turns":6},{"damage":11,"enemies":"Gremlin Gang","floor":8,"turns":4},{"damage":7,"enemies":"2 Fungi Beasts","floor":12,"turns":3},{"damage":18,"enemies":"Large Slime","floor":14,"turns":4},{"damage":18,"enemies":"Slime Boss","floor":16,"turns":10},{"damage":9,"enemies":"Chosen","floor":18,"turns":3},{"damage":35,"enemies":"Masked Bandits","floor":19,"turns":5},{"damage":13,"enemies":"Spheric Guardian","floor":21,"turns":4},{"damage":34,"enemies":"Snecko","floor":22,"turns":4}],"seed_played":"1024353438013952436","potions_obtained":[{"floor":2,"key":"ColorlessPotion"},{"floor":6,"key":"AttackPotion"},{"floor":18,"key":"ColorlessPotion"},{"floor":21,"key":"AttackPotion"}],"is_trial":false,"path_per_floor":["M","M","?","M","?","E","R","M","T","?","R","M","R","M","R","B",null,"M","?","?","M","M"],"character_chosen":"HERMIT","items_purchased":[],"campfire_rested":0,"item_purchase_floors":[],"current_hp_per_floor":[68,67,74,67,67,37,37,26,26,26,75,68,73,55,56,38,75,66,31,31,18,0,0],"gold":341,"neow_bonus":"TRANSFORM_TWO_CARDS","is_daily":false,"chose_seed":false,"campfire_upgraded":4,"win_rate":0.0,"timestamp":1612096758,"path_taken":["M","M","?","M","?","E","R","M","T","?","R","?","R","M","R","BOSS","M","?","?","?","M"],"items_purchased_type":[],"build_version":"2020-12-22","purchased_purges":0,"victory":false,"max_hp_per_floor":[68,68,75,75,75,75,75,75,75,75,75,75,75,75,75,75,75,75,75,75,75,75,75],"card_choices":[{"not_picked":["hermit:Vantage","hermit:Manifest"],"picked":"hermit:CalledShot","floor":1},{"not_picked":["hermit:Ricochet","hermit:Desperado","hermit:Showdown"],"picked":"SKIP","floor":2},{"not_picked":["hermit:Shortfuse","hermit:Horror"],"picked":"hermit:Virtue","floor":4},{"not_picked":["hermit:Coalescence","hermit:TakeCover","hermit:NoHoldsBarred"],"picked":"SKIP","floor":6},{"not_picked":["hermit:Ricochet","hermit:Cheat"],"picked":"hermit:ItchyTrigger","floor":8},{"not_picked":["hermit:Headshot","hermit:DeadMansHand","hermit:Virtue"],"picked":"SKIP","floor":12},{"not_picked":["hermit:GoldenBullet","hermit:Midnight"],"picked":"hermit:FatalDesire","floor":14},{"not_picked":["hermit:HeroicBravado","hermit:OverwhelmingPower"],"picked":"hermit:FromBeyond","floor":16},{"not_picked":["hermit:NoHoldsBarred","hermit:Combo+1","hermit:HoleUp"],"picked":"SKIP","floor":18},{"not_picked":["hermit:HighCaliber","hermit:Feint+1"],"picked":"hermit:TrackingShot","floor":21}],"player_experience":323879,"relics_obtained":[{"floor":6,"key":"jedi:cryingmask"},{"floor":9,"key":"jedi:purplefairy"},{"floor":19,"key":"Red Mask"}],"event_choices":[{"damage_healed":0,"gold_gain":0,"player_choice":"Box","damage_taken":0,"relics_obtained":["Strawberry"],"max_hp_gain":0,"max_hp_loss":0,"event_name":"Big Fish","floor":3,"gold_loss":0,"cards_obtained":["Regret"]},{"damage_healed":0,"gold_gain":0,"player_choice":"Ignored","damage_taken":0,"max_hp_gain":0,"max_hp_loss":0,"event_name":"NoteForYourself","floor":10,"gold_loss":0},{"damage_healed":0,"gold_gain":0,"player_choice":"Fought Bandits","damage_taken":0,"max_hp_gain":0,"max_hp_loss":0,"event_name":"Masked Bandits","floor":19,"gold_loss":0},{"damage_healed":0,"gold_gain":0,"player_choice":"Traded Relic","damage_taken":0,"relics_obtained":["Nloth\u0027s Gift"],"max_hp_gain":0,"max_hp_loss":0,"event_name":"N\u0027loth","floor":20,"relics_lost":["AT_ATBox"],"gold_loss":0}],"is_beta":false,"boss_relics":[{"not_picked":["Snecko Eye","Empty Cage"],"picked":"Cursed Key"}],"items_purged_floors":[],"is_endless":false,"potions_floor_spawned":[2,6,18,21],"killed_by":"Snecko","ascension_level":0}}