{"host":"i6cyhi9fkpzvr6lb","time":1612064552,"event":{"mods":["Act Like it!","Arknights","BaseMod","Better Skull","Gensokyo","Marisa£®ÏF”Í°°ƒß¿Ì…≥£©","Minty Spire (QoL Compilation)","Reimu£®≤©¿ˆ¡È√Œ£©","Remilia£®¿Ÿ√◊¿Ú—«£©","StSLib","The Servant 0.9.4","Thieving Mod","Youmu£®ªÍ∆«—˝√Œ£©","Yuyuko"],"gold_per_floor":[118,118,18,18,31,31,31,41,115,143,154,154,48,68,68,172,222,233,248,248],"floor_reached":19,"language":"ZHS","playtime":1843,"items_purged":[],"score":221,"play_id":"6da3e1bf-9d73-4f94-8105-08065badbc1d","local_time":"20210131114232","daily_mods":["SealedDeck","Specialized"],"is_ascension_mode":false,"campfire_choices":[{"data":"EmergencyTakeOff:ReiMu","floor":6.0,"key":"SMITH"},{"floor":15.0,"key":"REST"}],"circlet_count":0,"master_deck":["BlastKick2:ReiMu","BlastKick2:ReiMu","BlastKick2:ReiMu","BlastKick2:ReiMu","BlastKick2:ReiMu","Conquer:ReiMu","Intuition:ReiMu","SafetyPray:ReiMu","Amulet:ReiMu","AirStrike:ReiMu","Amulet:ReiMu","UpKicking:ReiMu","Amulet:ReiMu+1","SubAcupoint:ReiMu","UniversalSpiritual:ReiMu","EmergencyTakeOff:ReiMu+1","PassingAway:ReiMu","Revelation:ReiMu","SubAcupoint:ReiMu","Gensokyo:CrescentMoonSlash","AirManeuver:ReiMu","SafetyPray:ReiMu","RainPray2:ReiMu","Free:ReiMu","PrepareRite:ReiMu","Amulet:ReiMu+1"],"relics":["FlyPower:ReiMu","FadedRune:ReiMu","Bottled Lightning","Akabeko","Tiny House"],"acts_visited":["Exordium","Gensokyo:Gensokyo"],"potions_floor_usage":[],"damage_taken":[{"damage":0.0,"enemies":"Gensokyo:Gryphon","floor":1.0,"turns":3.0},{"damage":0.0,"enemies":"Gensokyo:2_Kodama","floor":5.0,"turns":2.0},{"damage":3.0,"enemies":"Gensokyo:3_Fairies","floor":7.0,"turns":4.0},{"damage":0.0,"enemies":"Gensokyo:CorruptedTreant","floor":8.0,"turns":3.0},{"damage":6.0,"enemies":"Gensokyo:Aya","floor":10.0,"turns":6.0},{"damage":0.0,"enemies":"Gensokyo:5_Fairies","floor":11.0,"turns":4.0},{"damage":7.0,"enemies":"Gensokyo:Python_and_Kodama","floor":14.0,"turns":3.0},{"damage":14.0,"enemies":"Gensokyo:Kokoro","floor":16.0,"turns":9.0},{"damage":5,"enemies":"Gensokyo:Chomper","floor":18,"turns":5},{"damage":17,"enemies":"Gensokyo:2_Gloops","floor":19,"turns":4}],"seed_played":"-1621830779491955375","potions_obtained":[{"floor":8.0,"key":"EntropicBrew"},{"floor":10.0,"key":"LiquidMemories"},{"floor":11.0,"key":"BottledKami:ReiMu"},{"floor":17,"key":"EntropicBrew"}],"is_trial":true,"path_per_floor":["M","?","?","?","M","R","M","M","T","E","M","?","$","M","R","B",null,"M","M"],"character_chosen":"REIMU","items_purchased":["AirManeuver:ReiMu","SafetyPray:ReiMu"],"campfire_rested":1,"item_purchase_floors":[13,13],"current_hp_per_floor":[65,65,65,71,71,71,68,68,68,62,62,52,52,45,66,52,76,71,54,54],"gold":248,"neow_bonus":"","is_daily":false,"chose_seed":false,"campfire_upgraded":1,"win_rate":0.0,"timestamp":1612064552,"path_taken":["M","?","?","?","M","R","M","M","T","E","M","?","?","M","R","BOSS","M","M"],"items_purchased_type":["Card","Card"],"build_version":"2020-12-22","purchased_purges":0,"victory":false,"max_hp_per_floor":[65,65,65,71,71,71,71,71,71,71,71,71,71,71,71,71,76,76,76,76],"card_choices":[{"not_picked":["AirStrike:ReiMu","EmergencyTakeOff:ReiMu"],"picked":"UniversalSpiritual:ReiMu","floor":1.0},{"not_picked":["SafetyPray:ReiMu","WonderfulDomain:ReiMu"],"picked":"EmergencyTakeOff:ReiMu","floor":5.0},{"not_picked":["SubAcupoint:ReiMu","Meditation:ReiMu","SealNeedle:ReiMu"],"picked":"SKIP","floor":7.0},{"not_picked":["YinYangSign:ReiMu","SpreadBorder2:ReiMu"],"picked":"PassingAway:ReiMu","floor":8.0},{"not_picked":["CareerPray:ReiMu","KamiSacrifice:ReiMu"],"picked":"Revelation:ReiMu","floor":10.0},{"not_picked":["MountainWay:ReiMu","BlastKick2:ReiMu"],"picked":"SubAcupoint:ReiMu","floor":11.0},{"not_picked":["Enchanting:ReiMu","ManaGlint:ReiMu"],"picked":"RainPray2:ReiMu","floor":14.0},{"not_picked":["Authority:ReiMu","CeremonyResonance:ReiMu"],"picked":"Free:ReiMu","floor":16.0},{"not_picked":["NineCharacters:ReiMu","OrbThrow:ReiMu"],"picked":"PrepareRite:ReiMu","floor":17},{"not_picked":["TightArray:ReiMu+1","AlertArray:ReiMu"],"picked":"Amulet:ReiMu+1","floor":18}],"player_experience":192599,"relics_obtained":[{"floor":9.0,"key":"Bottled Lightning"},{"floor":10.0,"key":"Akabeko"}],"event_choices":[],"is_beta":false,"boss_relics":[{"not_picked":["Cursed Key","Fusion Hammer"],"picked":"Tiny House"}],"items_purged_floors":[],"is_endless":false,"potions_floor_spawned":[8,10,11,16],"killed_by":"Gensokyo:2_Gloops","ascension_level":0}}