{"host":"43ljbksi7ebmxfn8","time":1612087700,"event":{"mods":["Act Like it!","BaseMod","Gensokyo","Minty Spire (QoL Compilation)","MostiFishMod","Pale of the Ancients","Quick Restart","Shop Mod","Spicy Shops","StSLib","TestMod","篝火指南"],"gold_per_floor":[363,763,781,796,815,297,313,341,368,384,395,405,438,298,298,375,375,389,33,644,644,655,683,683,894,894,894,483,1117,1117,2935,2935,3606,3606,4218,4218,3325,4544,2700,1970,3805,3030,3030,3030,3643,3024,3949,4561,3604,3604,3604,2395,2395,2422,2422],"floor_reached":56,"language":"ZHS","playtime":3687,"items_purged":["Defend_B","Writhe","Strike_B","Strike_B","Strike_B","MostiFishMod:Distribution","Gensokyo:MonkeysPaw","MostiFishMod:FluxCapactior"],"score":2962,"play_id":"c2fdd5ef-da5a-476c-9091-c619acf2ba84","local_time":"20210131180820","is_ascension_mode":true,"campfire_choices":[{"data":"Heatsinks","floor":15,"key":"SMITH"},{"floor":32,"key":"RECALL"}],"circlet_count":0,"master_deck":["AscendersBane","Defend_B","Defend_B+1","Zap","Dualcast+1","MostiFishMod:ActiveDefenseSystem","Storm","Coolheaded","White Noise","Heatsinks+1","MostiFishMod:DeathFromBelow+1","MostiFishMod:LinkProtocol+1","Seek+1"],"relics":["Cracked Core","testmod-TestBox","testmod-CardMagician","OneHitWonderSystem","SynthV:TestCard","testmod-OneHitWonder","War Paint","MerchantsRug","testmod-Nyarlathotep","Tiny Chest","Ice Cream","RhineCircuit","testmod-TurbochargingSystem","DataDisk","Matryoshka","White Beast Statue","Mummified Hand","Bottled Tornado","testmod-Register","Toxic Egg 2","testmod-Muramasa","testmod-EnergyCheck","Gensokyo:EmptyGrave","testmod-Alchemist","CeramicFish","Question Card","ClockworkSouvenir","SynthV:MejaisSoulstealer","testmod-AssaultLearning","Technique","BrkXgEgg","PreservedInsect","Akabeko","Calipers","testmod-ArcanaOfDestiny","Molten Egg 2","Lantern","Vajra","Ancient Tea Set","HornCleat","Old Coin","Boot","Oddly Smooth Stone","Whetstone","Art of War","Bag of Preparation","DiscerningMonocle","Pocketwatch","ImprovedEquipment","Civilization","Chemical X","Bronze Scales","Pen Nib","BirthdayGift-Icosahedron","testmod-IndustrialRevolution","Anchor","Toy Ornithopter","Medical Kit","Bottled Lightning","testmod-RealStoneCalender"],"acts_visited":["Exordium","Gensokyo:Gensokyo","Gensokyo:Gensokyoer","TheEnding"],"potions_floor_usage":[6,54,55,55,55,55,55],"damage_taken":[{"damage":0,"enemies":"Gensokyo:Python","floor":1,"turns":2},{"damage":0,"enemies":"Gensokyo:3_Fairies","floor":3,"turns":3},{"damage":0,"enemies":"Gensokyo:2_Kodama","floor":4,"turns":5},{"damage":0,"enemies":"Gensokyo:VengefulSpirit","floor":5,"turns":6},{"damage":0,"enemies":"Gensokyo:2_Rabbits","floor":7,"turns":2},{"damage":0,"enemies":"Gensokyo:Mamizou","floor":8,"turns":5},{"damage":0,"enemies":"Gensokyo:Kitsune","floor":10,"turns":2},{"damage":0,"enemies":"Gensokyo:3_Kodama","floor":11,"turns":3},{"damage":0,"enemies":"Gensokyo:5_Fairies","floor":12,"turns":4},{"damage":0,"enemies":"Gensokyo:Cirno","floor":13,"turns":4},{"damage":0,"enemies":"Gensokyo:Kokoro","floor":16,"turns":4},{"damage":0,"enemies":"Gensokyo:2_Gloops","floor":18,"turns":2},{"damage":0,"enemies":"Gensokyo:3_Dogs","floor":20,"turns":5},{"damage":0,"enemies":"Gensokyo:Slime_Group","floor":22,"turns":2},{"damage":0,"enemies":"Gensokyo:Koishi","floor":23,"turns":5},{"damage":0,"enemies":"Gensokyo:Chomper_and_Gloop","floor":25,"turns":2},{"damage":0,"enemies":"Gensokyo:Tenshi","floor":29,"turns":1},{"damage":0,"enemies":"Gensokyo:3_Gloops","floor":31,"turns":1},{"damage":0,"enemies":"Gensokyo:Eiki","floor":33,"turns":1},{"damage":0,"enemies":"Gensokyo:AncientGuardian","floor":35,"turns":1},{"damage":0,"enemies":"Gensokyo:3_Bats","floor":38,"turns":1},{"damage":0,"enemies":"Gensokyo:Kasen","floor":41,"turns":1},{"damage":0,"enemies":"Gensokyo:AtlasGolem","floor":45,"turns":1},{"damage":0,"enemies":"Gensokyo:Marisa","floor":47,"turns":1},{"damage":0,"enemies":"Gensokyo:Sharpion","floor":48,"turns":1},{"damage":0,"enemies":"Gensokyo:Shinki","floor":50,"turns":3},{"damage":0,"enemies":"Shield and Spear","floor":54,"turns":1},{"damage":0,"enemies":"The Heart","floor":55,"turns":2}],"seed_played":"6882391107656156957","potions_obtained":[{"floor":3,"key":"Swift Potion"},{"floor":4,"key":"EntropicBrew"},{"floor":8,"key":"Ancient Potion"},{"floor":11,"key":"GamblersBrew"},{"floor":29,"key":"Energy Potion"},{"floor":31,"key":"Regen Potion"},{"floor":33,"key":"PowerPotion"},{"floor":38,"key":"Energy Potion"},{"floor":41,"key":"PotionOfCapacity"},{"floor":47,"key":"BlessingOfTheForge"},{"floor":54,"key":"testmod-SpacePotion"}],"is_trial":false,"path_per_floor":["M","?","M","M","M","R","M","E","T","M","M","M","E","?","R","B",null,"M","COS","M","?","M","E","?","M","T","T","R","E","?","M","R","B",null,"M","?","$","M","COS","R","E","R","T","?","M","R","E","M","R","B",null,"R","$","E","B",null],"character_chosen":"DEFECT","items_purchased":["testmod-OneHitWonder","War Paint","MerchantsRug","Bottled Tornado","testmod-Register","testmod-Alchemist","testmod-SpacePotion","CeramicFish","Question Card","testmod-AssaultLearning","Technique","BrkXgEgg","PreservedInsect","Calipers","testmod-ArcanaOfDestiny","Ancient Tea Set","HornCleat","Oddly Smooth Stone","Whetstone","Art of War","Bag of Preparation","DiscerningMonocle","ImprovedEquipment","Civilization","Chemical X","Bronze Scales","Pen Nib","BirthdayGift-Icosahedron","testmod-IndustrialRevolution","Anchor","Toy Ornithopter","Medical Kit","Bottled Lightning"],"campfire_rested":0,"item_purchase_floors":[6,6,6,28,28,37,37,37,37,40,40,40,40,42,42,46,46,49,49,49,49,49,52,52,52,52,52,53,53,53,53,53,53],"current_hp_per_floor":[1,1,1,1,1,1,1,1,1,1,1,1,1,1,1,1,1,1,1,1,1,1,1,1,1,1,1,1,1,1,1,1,1,1,1,1,1,1,1,1,1,1,1,1,1,1,1,1,1,1,1,1,1,3,4],"gold":2422,"neow_bonus":"TWO_FIFTY_GOLD","is_daily":false,"chose_seed":false,"campfire_upgraded":1,"win_rate":0.0,"timestamp":1612087700,"path_taken":["M","?","M","M","M","R","M","E","T","M","?","M","E","?","R","BOSS","M","COS","M","?","M","E","?","M","T","?","R","E","?","M","R","BOSS","M","?","$","M","COS","R","E","R","T","?","M","R","E","M","R","BOSS","R","$","E","BOSS"],"items_purchased_type":["Relic","Relic","Relic","Relic","Relic","Relic","Potion","Relic","Relic","Relic","Relic","Relic","Relic","Relic","Relic","Relic","Relic","Relic","Relic","Relic","Relic","Relic","Relic","Relic","Relic","Relic","Relic","Relic","Relic","Relic","Relic","Relic","Relic"],"build_version":"2020-12-22","purchased_purges":8,"victory":true,"max_hp_per_floor":[1,1,1,1,1,1,1,1,1,1,1,1,1,1,1,1,1,1,1,1,1,1,1,1,1,1,1,1,1,1,1,1,1,1,1,1,1,1,1,1,1,1,1,1,1,1,1,1,1,1,1,1,1,3,4],"card_choices":[{"not_picked":["Steam","Darkness","Scrape"],"picked":"SKIP","floor":1},{"not_picked":["Leap","Steam","Genetic Algorithm","Stack"],"picked":"MostiFishMod:ActiveDefenseSystem","floor":3},{"not_picked":["Rebound","Turbo","Compile Driver","Sweeping Beam"],"picked":"MostiFishMod:Distribution","floor":4},{"not_picked":["Rebound","Cold Snap","MostiFishMod:PushDownKick","Leap","Hologram"],"picked":"SKIP","floor":5},{"not_picked":["Chill","Rebound","Beam Cell","Scrape","Lockon"],"picked":"SKIP","floor":7},{"not_picked":["Beam Cell","Rainbow","Gash","Barrage"],"picked":"Storm","floor":8},{"not_picked":["Beam Cell","Stack","Turbo","Redo"],"picked":"Coolheaded","floor":10},{"not_picked":["Streamline","Genetic Algorithm","Ball Lightning","Stack","Blizzard"],"picked":"SKIP","floor":11},{"not_picked":["Ball Lightning","Steam","Doom and Gloom","Leap"],"picked":"White Noise","floor":12},{"not_picked":["Chill","Reprogram","Leap","Glacier"],"picked":"Heatsinks","floor":13},{"not_picked":["Seek","Thunder Strike","MostiFishMod:StarOceanB","Reboot"],"picked":"MostiFishMod:DeathFromBelow","floor":16},{"not_picked":["Streamline+1","Genetic Algorithm","Coolheaded+1","MostiFishMod:PushDownKick","Stack"],"picked":"SKIP","floor":18},{"not_picked":["BootSequence","Defragment","White Noise","Skim"],"picked":"MostiFishMod:LinkProtocol","floor":20},{"not_picked":["Hello World+1","Ball Lightning","Compile Driver","Hologram","Turbo"],"picked":"SKIP","floor":22},{"not_picked":["Loop","Consume+1","Capacitor","MostiFishMod:Culaccino","Conserve Battery"],"picked":"SKIP","floor":23},{"not_picked":["Redo","Gash","Turbo","MostiFishMod:PushDownKick+1","Scrape+1"],"picked":"SKIP","floor":25},{"not_picked":["MostiFishMod:ReprogramOld+1","Rebound","Sweeping Beam","Steam Power+1","Barrage"],"picked":"SKIP","floor":29},{"not_picked":["Leap+1","MostiFishMod:Impulse+1","Reinforced Body+1","Heatsinks","MostiFishMod:PushDownKick"],"picked":"SKIP","floor":31},{"not_picked":["MostiFishMod:ATRI+1","All For One","Core Surge","Reboot+1"],"picked":"Seek+1","floor":33},{"not_picked":["Redo+1","Go for the Eyes+1","Conserve Battery+1","Leap+1","Stack+1"],"picked":"SKIP","floor":35},{"not_picked":["Leap+1","Rebound+1","Redo+1","MostiFishMod:PushDownKick","Skim+1","Barrage"],"picked":"SKIP","floor":38},{"not_picked":["MostiFishMod:Culaccino+1","Self Repair","Ball Lightning","Reinforced Body+1","White Noise+1","Streamline"],"picked":"SKIP","floor":41},{"not_picked":["Skim+1","Blizzard+1","MostiFishMod:PushDownKick+1","Leap+1","Barrage+1","Fission+1"],"picked":"SKIP","floor":45},{"not_picked":["Go for the Eyes+1","Rip and Tear+1","MostiFishMod:GatherIntelligence+1","Stack+1","Hello World","Redo+1"],"picked":"SKIP","floor":47},{"not_picked":["Rebound+1","Steam+1","Redo+1","Skim+1","Leap+1","Go for the Eyes+1"],"picked":"SKIP","floor":48},{"not_picked":["Multi-Cast+1","Rip and Tear+1","MostiFishMod:GatherIntelligence+1","MostiFishMod:PushDownKick+1","Chill+1","Compile Driver+1"],"picked":"SKIP","floor":54}],"player_experience":381298,"relics_obtained":[{"floor":1,"key":"SynthV:TestCard"},{"floor":8,"key":"testmod-Nyarlathotep"},{"floor":13,"key":"Tiny Chest"},{"floor":23,"key":"DataDisk"},{"floor":26,"key":"Matryoshka"},{"floor":27,"key":"White Beast Statue"},{"floor":27,"key":"Mummified Hand"},{"floor":29,"key":"Toxic Egg 2"},{"floor":41,"key":"Akabeko"},{"floor":43,"key":"Molten Egg 2"},{"floor":43,"key":"Lantern"},{"floor":47,"key":"Boot"},{"floor":54,"key":"testmod-RealStoneCalender"}],"event_choices":[{"damage_healed":0,"gold_gain":400,"player_choice":"Sell","damage_taken":0,"max_hp_gain":0,"max_hp_loss":0,"event_name":"恩洛斯的盘子","floor":2,"relics_lost":["DaveBox"],"gold_loss":0}],"is_beta":false,"boss_relics":[{"not_picked":["FixedStarFall","BloodWine"],"picked":"RhineCircuit"},{"not_picked":["Cursed Key","ExusiaiGun"],"picked":"testmod-EnergyCheck"}],"items_purged_floors":[6,28,37,40,42,46,49,52],"is_endless":false,"potions_floor_spawned":[3,4,5,8,11,23,29,31,33,35,38,41,45,47,48,54],"ascension_level":19}}