{"host":"lnrxyx1mebyhalma","time":1612064472,"event":{"mods":["2.2 Compatiblity","BaseMod","Block Reminder","Colored Powertips","Minty Spire (QoL Compilation)","Rare Cards Sparkle","Smile Girya","Weighted Paths"],"gold_per_floor":[110,60,74,74,74,74,89,104,127,152,152,181,181,193,193,297,297,310,126,138,148,63,63,63],"floor_reached":23,"language":"PTB","playtime":1286,"items_purged":["Strike_B"],"score":211,"play_id":"a07c203f-02cc-4920-bea5-07bcce329cd4","local_time":"20210131014112","is_ascension_mode":true,"campfire_choices":[{"floor":6,"key":"REST"},{"floor":13,"key":"REST"},{"floor":15,"key":"REST"}],"circlet_count":0,"master_deck":["Strike_B+1","Strike_B","Strike_B","Defend_B+1","Defend_B","Defend_B","Defend_B","Zap+1","Dualcast+1","Master of Strategy","Sweeping Beam+1","Defragment","Cold Snap","Lockon","Go for the Eyes","Sunder","Hologram","Rainbow","Aggregate","Loop","Undo","Beam Cell","Rebound+1"],"relics":["Cracked Core","Toy Ornithopter","Whetstone","Anchor","Question Card","SacredBark","Kunai"],"acts_visited":["Exordium","TheCity"],"potions_floor_usage":[],"damage_taken":[{"damage":16,"enemies":"2 Louse","floor":1,"turns":3},{"damage":6,"enemies":"Jaw Worm","floor":3,"turns":4},{"damage":0,"enemies":"Small Slimes","floor":7,"turns":2},{"damage":10,"enemies":"Exordium Thugs","floor":8,"turns":4},{"damage":20,"enemies":"Lagavulin","floor":10,"turns":6},{"damage":11,"enemies":"3 Sentries","floor":12,"turns":6},{"damage":0,"enemies":"Looter","floor":14,"turns":2},{"damage":9,"enemies":"Slime Boss","floor":16,"turns":11},{"damage":28,"enemies":"2 Thieves","floor":18,"turns":4},{"damage":8,"enemies":"Spheric Guardian","floor":20,"turns":3},{"damage":16,"enemies":"Cultist and Chosen","floor":21,"turns":7},{"damage":26,"enemies":"Gremlin Leader","floor":23,"turns":2}],"seed_played":"-7116362844442643911","potions_obtained":[{"floor":1,"key":"SteroidPotion"},{"floor":7,"key":"AttackPotion"},{"floor":14,"key":"PotionOfCapacity"}],"is_trial":false,"path_per_floor":["M","?","M","?","?","R","M","M","T","E","?","E","R","M","R","B",null,"M","$","M","M","?","E"],"character_chosen":"DEFECT","items_purchased":["Loop","Undo"],"campfire_rested":3,"item_purchase_floors":[19,19],"current_hp_per_floor":[59,59,53,46,31,53,53,43,43,23,23,12,34,34,56,47,75,47,47,39,23,23,0,0],"gold":63,"neow_bonus":"RANDOM_COLORLESS_2","is_daily":false,"chose_seed":false,"campfire_upgraded":0,"win_rate":0.0,"timestamp":1612064472,"path_taken":["M","?","M","?","?","R","M","M","T","E","?","E","R","M","R","BOSS","M","$","M","M","?","E"],"items_purchased_type":["Card","Card"],"build_version":"2020-12-22","purchased_purges":1,"victory":false,"max_hp_per_floor":[75,75,75,75,75,75,75,75,75,75,75,75,75,75,75,75,75,75,75,75,75,75,75,75],"card_choices":[{"not_picked":["Thinking Ahead","Chrysalis"],"picked":"Master of Strategy","floor":0.0},{"not_picked":["Lockon","Capacitor"],"picked":"Sweeping Beam","floor":1},{"not_picked":["Stack","Capacitor"],"picked":"Defragment","floor":3},{"not_picked":["Barrage","Aggregate"],"picked":"Cold Snap","floor":7},{"not_picked":["Barrage","Go for the Eyes"],"picked":"Lockon","floor":8},{"not_picked":["Steam","Thunder Strike"],"picked":"Go for the Eyes","floor":10},{"not_picked":["Thunder Strike","Coolheaded"],"picked":"Sunder","floor":12},{"not_picked":["Turbo","Gash","Sweeping Beam"],"picked":"Hologram","floor":14},{"not_picked":["Core Surge","Thunder Strike","Buffer"],"picked":"Rainbow","floor":16},{"not_picked":["Coolheaded","Skim","Go for the Eyes+1"],"picked":"Aggregate","floor":18},{"not_picked":["Sweeping Beam","Hologram","Streamline"],"picked":"Beam Cell","floor":20},{"not_picked":["Go for the Eyes","Fusion","Reprogram"],"picked":"Rebound+1","floor":21}],"player_experience":88030,"relics_obtained":[{"floor":9,"key":"Whetstone"},{"floor":10,"key":"Anchor"},{"floor":12,"key":"Question Card"}],"event_choices":[{"cards_removed":["Regret"],"damage_healed":0,"gold_gain":0,"player_choice":"Card Removal","damage_taken":0,"max_hp_gain":0,"max_hp_loss":0,"event_name":"The Cleric","floor":2,"gold_loss":50},{"damage_healed":0,"gold_gain":0,"player_choice":"Success","damage_taken":7,"relics_obtained":["Toy Ornithopter"],"max_hp_gain":0,"max_hp_loss":0,"event_name":"Scrap Ooze","floor":4,"gold_loss":0},{"damage_healed":0,"gold_gain":0,"player_choice":"Entered Light","damage_taken":15,"max_hp_gain":0,"max_hp_loss":0,"event_name":"Shining Light","floor":5,"gold_loss":0,"cards_upgraded":["Defend_B","Dualcast"]},{"damage_healed":0,"gold_gain":0,"player_choice":"Upgraded","damage_taken":0,"max_hp_gain":0,"max_hp_loss":0,"event_name":"Upgrade Shrine","floor":11,"gold_loss":0,"cards_upgraded":["Zap"]},{"damage_healed":0,"gold_gain":0,"player_choice":"Obtained Relic","damage_taken":0,"relics_obtained":["Kunai"],"max_hp_gain":0,"max_hp_loss":0,"event_name":"Addict","floor":22,"gold_loss":85}],"is_beta":false,"boss_relics":[{"not_picked":["Busted Crown","Velvet Choker"],"picked":"SacredBark"}],"items_purged_floors":[19],"is_endless":false,"potions_floor_spawned":[1,7,14,16,20],"killed_by":"Gremlin Leader","ascension_level":1}}