{"host":"sygfylmorsvdndbx","time":1612114254,"event":{"mods":["AchievementEnabler","BaseMod","Highlight Path","Minty Spire (QoL Compilation)","Permanent Neow","Quick Restart","Relic Stats"],"gold_per_floor":[112,31,46,59,9,9,29,57,110,122,122,122,155,171,171,266,266,278,298,311,326,351,379,389,424,479,479,578,578,160,175,175,271,271,288,288,35,54,104,104,135,135,162,175,204,204,238,250,250,250,250,250,82,108,108],"floor_reached":56,"language":"ENG","playtime":8459,"items_purged":["Strike_P","Defend_P+1"],"score":1961,"play_id":"8b7d4575-cee9-4e4f-9737-77ad9bb0cc1d","local_time":"20210131123054","is_ascension_mode":true,"campfire_choices":[{"floor":6.0,"key":"REST"},{"data":"Devotion","floor":11.0,"key":"SMITH"},{"data":"Pray","floor":15.0,"key":"SMITH"},{"floor":27.0,"key":"REST"},{"data":"Omniscience","floor":29.0,"key":"SMITH"},{"data":"Wireheading","floor":32.0,"key":"SMITH"},{"data":"Weave","floor":40.0,"key":"SMITH"},{"floor":42.0,"key":"RECALL"},{"floor":49,"key":"REST"},{"floor":52,"key":"REST"}],"circlet_count":0,"master_deck":["Strike_P+1","Strike_P+1","Defend_P+1","Defend_P+1","Defend_P+1","Eruption+1","Vigilance+1","Devotion+1","BowlingBash+1","LessonLearned+1","CutThroughFate+1","Pray+1","Weave+1","CutThroughFate+1","SashWhip+1","ThirdEye+1","Scrawl+1","CutThroughFate+1","Protect+1","Wireheading+1","CrushJoints+1","FollowUp+1","Omniscience+1","Study+1","Vault+1","Wireheading+1","ClearTheMind+1","Vault+1","JustLucky+1","Wallop+1","FlurryOfBlows+1","Panacea+1","Thinking Ahead+1","Protect+1","Fasting2+1","Prostrate+1"],"relics":["HolyWater","Mummified Hand","Omamori","Orichalcum","Molten Egg 2","Red Mask","Ginger","PreservedInsect","Regal Pillow","HornCleat","Runic Dome","Yang","Mango","Bag of Preparation","Strawberry","Whetstone","Pear"],"acts_visited":["Exordium","TheCity","TheBeyond","TheEnding"],"potions_floor_usage":[55,55,55],"damage_taken":[{"damage":5.0,"enemies":"Cultist","floor":1.0,"turns":4.0},{"damage":7.0,"enemies":"Small Slimes","floor":3.0,"turns":4.0},{"damage":0.0,"enemies":"Jaw Worm","floor":4.0,"turns":5.0},{"damage":3.0,"enemies":"Exordium Thugs","floor":7.0,"turns":3.0},{"damage":8.0,"enemies":"3 Sentries","floor":8.0,"turns":4.0},{"damage":0.0,"enemies":"3 Louse","floor":10.0,"turns":2.0},{"damage":0.0,"enemies":"Lagavulin","floor":13.0,"turns":5.0},{"damage":11.0,"enemies":"Lots of Slimes","floor":14.0,"turns":4.0},{"damage":0.0,"enemies":"Slime Boss","floor":16.0,"turns":3.0},{"damage":0.0,"enemies":"3 Byrds","floor":18.0,"turns":3.0},{"damage":0.0,"enemies":"Chosen","floor":19.0,"turns":3.0},{"damage":19.0,"enemies":"Snake Plant","floor":20.0,"turns":3.0},{"damage":0.0,"enemies":"Centurion and Healer","floor":21.0,"turns":4.0},{"damage":8.0,"enemies":"Masked Bandits","floor":22.0,"turns":3.0},{"damage":0.0,"enemies":"Gremlin Leader","floor":23.0,"turns":2.0},{"damage":0.0,"enemies":"3 Cultists","floor":24.0,"turns":2.0},{"damage":35.0,"enemies":"Slavers","floor":25.0,"turns":3.0},{"damage":1.0,"enemies":"Snake Plant","floor":31.0,"turns":3.0},{"damage":0.0,"enemies":"Champ","floor":33.0,"turns":4.0},{"damage":8.0,"enemies":"3 Shapes","floor":35.0,"turns":4.0},{"damage":0.0,"enemies":"Orb Walker","floor":38.0,"turns":4.0},{"damage":0.0,"enemies":"2 Orb Walkers","floor":39.0,"turns":3.0},{"damage":0.0,"enemies":"Nemesis","floor":41.0,"turns":3.0},{"damage":0.0,"enemies":"Maw","floor":44.0,"turns":5.0},{"damage":0.0,"enemies":"Reptomancer","floor":45.0,"turns":2.0},{"damage":0,"enemies":"Giant Head","floor":47,"turns":4},{"damage":0,"enemies":"Writhing Mass","floor":48,"turns":3},{"damage":14,"enemies":"Awakened One","floor":50,"turns":7},{"damage":15,"enemies":"Shield and Spear","floor":54,"turns":4},{"damage":78,"enemies":"The Heart","floor":55,"turns":7}],"seed_played":"-7008752390850954285","potions_obtained":[{"floor":3.0,"key":"SteroidPotion"},{"floor":4.0,"key":"SteroidPotion"},{"floor":7.0,"key":"CultistPotion"},{"floor":14.0,"key":"Energy Potion"},{"floor":16.0,"key":"Swift Potion"},{"floor":18.0,"key":"BottledMiracle"},{"floor":23.0,"key":"Dexterity Potion"},{"floor":25.0,"key":"Strength Potion"},{"floor":31.0,"key":"Weak Potion"},{"floor":38.0,"key":"Block Potion"}],"is_trial":false,"path_per_floor":["M","$","M","M","?","R","M","E","T","M","R","?","E","M","R","B",null,"M","M","M","M","?","E","M","E","T","R","?","R","$","M","R","B",null,"M","?","$","M","?","R","E","R","T","M","E","?","E","M","R","B",null,"R","$","E","B",null],"character_chosen":"WATCHER","items_purchased":["LessonLearned","HornCleat","Wireheading","Yang","Fasting2"],"campfire_rested":4,"item_purchase_floors":[2,30,30,37,53],"current_hp_per_floor":[42,42,35,35,35,56,53,45,45,45,45,45,45,34,34,34,63,63,63,44,44,36,36,36,1,1,37,37,37,37,36,36,36,63,55,55,55,55,69,69,69,69,69,69,76,66,66,66,93,79,90,93,93,88,10],"gold":108,"neow_bonus":"THREE_RARE_CARDS","is_daily":false,"chose_seed":false,"campfire_upgraded":5,"win_rate":0.0,"timestamp":1612114254,"path_taken":["M","$","M","?","?","R","?","E","T","M","R","?","E","M","R","BOSS","M","M","M","M","?","E","M","E","T","R","?","R","$","?","R","BOSS","M","?","$","?","?","R","E","R","T","M","E","?","E","M","R","BOSS","R","$","E","BOSS"],"items_purchased_type":["Card","Relic","Card","Relic","Card"],"build_version":"2020-12-22","purchased_purges":2,"victory":true,"max_hp_per_floor":[72,72,72,72,72,72,72,72,72,72,72,72,72,72,72,72,72,72,72,72,72,72,72,72,72,72,72,72,72,72,72,72,72,72,72,72,72,72,86,86,86,86,86,86,93,93,93,93,93,93,93,93,93,103,103],"relic_stats":{"Regal Pillow":15,"counters":[30,110],"Mummified Hand":[78],"Yang":[150],"PreservedInsect":330,"Bag of Preparation":[14],"Ginger":[11],"Whetstone":[],"Orichalcum":[84],"obtain_stats":[{"Regal Pillow":26,"Pear":54,"Yang":37,"Mango":39,"PreservedInsect":25,"Omamori":8,"Bag of Preparation":41,"Ginger":23,"Whetstone":47,"Orichalcum":9,"Runic Dome":34,"HornCleat":30,"Mummified Hand":5,"Strawberry":45,"HolyWater":17,"Molten Egg 2":13,"Red Mask":22,"PureWater":0},{"Regal Pillow":17,"Pear":29,"Yang":20,"Mango":22,"PreservedInsect":17,"Omamori":5,"Bag of Preparation":23,"Ginger":15,"Whetstone":26,"Orichalcum":5,"Runic Dome":19,"HornCleat":17,"Mummified Hand":3,"Strawberry":25,"HolyWater":9,"Molten Egg 2":7,"Red Mask":14,"PureWater":0},{"Regal Pillow":57,"Pear":103,"Yang":68,"Mango":75,"PreservedInsect":57,"Omamori":20,"Bag of Preparation":78,"Ginger":52,"Whetstone":89,"Orichalcum":20,"Runic Dome":64,"HornCleat":57,"Mummified Hand":13,"Strawberry":85,"HolyWater":34,"Molten Egg 2":27,"Red Mask":50,"PureWater":0}]},"card_choices":[{"not_picked":["Ragnarok","Vault"],"picked":"Devotion","floor":0.0},{"not_picked":["Crescendo","EmptyMind"],"picked":"BowlingBash","floor":1.0},{"not_picked":["BowlingBash","Conclude"],"picked":"CutThroughFate","floor":3.0},{"not_picked":["JustLucky","ClearTheMind"],"picked":"Pray","floor":4.0},{"not_picked":["Crescendo","JustLucky"],"picked":"Weave","floor":7.0},{"not_picked":["Prostrate","Weave"],"picked":"CutThroughFate","floor":8.0},{"not_picked":["Collect","Conclude","DeceiveReality"],"picked":"SKIP","floor":10.0},{"not_picked":["Collect","Conclude","DeceiveReality"],"picked":"SKIP","floor":10.0},{"not_picked":["Collect","Prostrate"],"picked":"SashWhip+1","floor":13.0},{"not_picked":["InnerPeace","Halt"],"picked":"ThirdEye","floor":14.0},{"not_picked":["LessonLearned+1","Blasphemy"],"picked":"Scrawl","floor":16.0},{"not_picked":["EmptyFist+1","CrushJoints+1"],"picked":"CutThroughFate+1","floor":18.0},{"not_picked":["Vengeance","ForeignInfluence"],"picked":"Protect","floor":19.0},{"not_picked":["Halt","Worship"],"picked":"Wireheading+1","floor":20.0},{"not_picked":["FearNoEvil+1","Collect+1"],"picked":"CrushJoints+1","floor":21.0},{"not_picked":["DeusExMachina","Prostrate"],"picked":"FollowUp+1","floor":22.0},{"not_picked":["Swivel","EmptyBody+1"],"picked":"Omniscience","floor":23.0},{"not_picked":["ReachHeaven+1","FlurryOfBlows+1"],"picked":"Study","floor":24.0},{"not_picked":["Protect","DeceiveReality"],"picked":"Vault","floor":25.0},{"not_picked":["Fasting2","PathToVictory"],"picked":"ClearTheMind","floor":31.0},{"not_picked":["Alpha","Blasphemy"],"picked":"Vault","floor":33.0},{"not_picked":["FlyingSleeves+1","Consecrate+1"],"picked":"JustLucky+1","floor":35.0},{"not_picked":["ThirdEye","WaveOfTheHand","Sanctity"],"picked":"SKIP","floor":38.0},{"not_picked":["PathToVictory+1","SashWhip+1"],"picked":"Wallop+1","floor":39.0},{"not_picked":["ReachHeaven+1","Crescendo","EmptyFist+1"],"picked":"SKIP","floor":41.0},{"not_picked":["FlyingSleeves+1","PathToVictory+1"],"picked":"FlurryOfBlows+1","floor":44.0},{"not_picked":["Perseverance","EmptyBody","ReachHeaven+1"],"picked":"SKIP","floor":45.0},{"not_picked":["Impatience","Trip"],"picked":"Panacea","floor":46.0},{"not_picked":["Enlightenment","Mind Blast+1"],"picked":"Thinking Ahead","floor":46.0},{"not_picked":["JustLucky+1","PathToVictory+1"],"picked":"Protect+1","floor":47},{"not_picked":["Evaluate","Protect","SashWhip+1"],"picked":"SKIP","floor":48},{"not_picked":["Conclude+1","WheelKick+1"],"picked":"Prostrate+1","floor":54}],"player_experience":374621,"relics_obtained":[{"floor":8.0,"key":"Omamori"},{"floor":9.0,"key":"Orichalcum"},{"floor":13.0,"key":"Molten Egg 2"},{"floor":22.0,"key":"Red Mask"},{"floor":23.0,"key":"Ginger"},{"floor":25.0,"key":"PreservedInsect"},{"floor":26.0,"key":"Regal Pillow"},{"floor":39.0,"key":"Mango"},{"floor":41.0,"key":"Bag of Preparation"},{"floor":45.0,"key":"Strawberry"},{"floor":47,"key":"Whetstone"},{"floor":54,"key":"Pear"}],"event_choices":[{"damage_healed":0.0,"max_hp_gain":0.0,"max_hp_loss":0.0,"gold_gain":0.0,"event_name":"WeMeetAgain","player_choice":"Paid Gold","floor":5.0,"gold_loss":50.0,"damage_taken":0.0,"relics_obtained":["Mummified Hand"]},{"cards_removed":["Strike_P"],"damage_healed":0.0,"max_hp_gain":0.0,"max_hp_loss":0.0,"gold_gain":0.0,"event_name":"Bonfire Elementals","player_choice":"Offered Basic","floor":12.0,"gold_loss":0.0,"damage_taken":0.0},{"damage_healed":0.0,"max_hp_gain":0.0,"max_hp_loss":0.0,"gold_gain":0.0,"event_name":"Masked Bandits","player_choice":"Fought Bandits","floor":22.0,"gold_loss":0.0,"damage_taken":0.0},{"damage_healed":0.0,"max_hp_gain":0.0,"max_hp_loss":0.0,"gold_gain":99.0,"event_name":"Nest","player_choice":"Stole From Cult","floor":28.0,"gold_loss":0.0,"damage_taken":0.0},{"damage_healed":0.0,"max_hp_gain":0.0,"max_hp_loss":0.0,"gold_gain":0.0,"event_name":"SecretPortal","player_choice":"Ignored","floor":36.0,"gold_loss":0.0,"damage_taken":0.0},{"damage_healed":0.0,"max_hp_gain":0.0,"max_hp_loss":0.0,"gold_gain":0.0,"event_name":"Mysterious Sphere","player_choice":"Fight","floor":39.0,"gold_loss":0.0,"damage_taken":0.0},{"damage_healed":0.0,"max_hp_gain":0.0,"max_hp_loss":0.0,"gold_gain":0.0,"event_name":"SensoryStone","player_choice":"Memory 3","floor":46.0,"gold_loss":0.0,"damage_taken":10.0}],"is_beta":false,"boss_relics":[{"not_picked":["Calling Bell","Empty Cage"],"picked":"HolyWater"},{"not_picked":["Astrolabe","Velvet Choker"],"picked":"Runic Dome"}],"items_purged_floors":[30,53],"is_endless":false,"potions_floor_spawned":[3,4,7,14,16,18,23,25,31,38,41,47],"ascension_level":7}}