{"host":"ekshjswadm4crd9n","time":1612134708,"event":{"mods":["BaseMod","Downfall","Hermit","Hubris","Infinite Spire","Koishi","Marisa????????","Minty Spire (QoL Compilation)","READ ME - Guardian Mod","READ ME - Snecko Mod","Reimu??????","Remilia??????","Replay The Spire","StSLib","Td1madao Mod","The Administrix","The Bug Knight","The Construct","The Cursed","The Disciple","The Hierophant","The Jungle","The Marked","The Mystic","The Necromancer","The Runesmith","The Senshi","The Servant 0.9.4"],"gold_per_floor":[111,126,145,164,174,174,206,53,53,53,73,73,86,103,103,103,103],"floor_reached":16,"language":"ENG","playtime":1329,"items_purged":["AdministrixMod:MixOfMercury"],"score":106,"play_id":"fec69bea-06a3-437e-8267-3485094cb99c","local_time":"20210201001148","is_ascension_mode":false,"campfire_choices":[{"data":"AdministrixMod:XianArts","floor":6,"key":"SMITH"},{"data":"AdministrixMod:AmassedMasks","floor":10,"key":"SMITH"}],"circlet_count":0,"master_deck":["AdministrixMod:Strike_Administrix","AdministrixMod:Strike_Administrix","AdministrixMod:Strike_Administrix","AdministrixMod:Strike_Administrix","AdministrixMod:RedCloak","AdministrixMod:Defend_Administrix","AdministrixMod:Defend_Administrix","AdministrixMod:Defend_Administrix","AdministrixMod:Defend_Administrix","AdministrixMod:BlueCloak","AdministrixMod:GuanyinBlessing+1","AdministrixMod:XianArts+1","AdministrixMod:AmassedMasks+1","AdministrixMod:GuanyinBlessing","AdministrixMod:Convergence","AdministrixMod:Katabasis"],"relics":["AdministrixMod:ConductorRitualBaton","NeowsBlessing","Regal Pillow","infinitespire:EmpoweringShard"],"acts_visited":["Exordium"],"potions_floor_usage":[7,7],"damage_taken":[{"damage":0,"enemies":"2 Louse","floor":1,"turns":1},{"damage":0,"enemies":"Small Slimes","floor":2,"turns":1},{"damage":0,"enemies":"infinitespire:Voidling","floor":3,"turns":1},{"damage":9,"enemies":"Blue Slaver","floor":4,"turns":5},{"damage":4,"enemies":"Looter","floor":5,"turns":4},{"damage":12,"enemies":"HollowMod:MossKnight","floor":7,"turns":10},{"damage":0,"enemies":"Large Slime","floor":11,"turns":2},{"damage":4,"enemies":"Blue Slaver","floor":13,"turns":4},{"damage":4,"enemies":"Exordium Wildlife","floor":14,"turns":3},{"damage":0,"enemies":"Fading Forest","floor":16,"turns":1}],"seed_played":"-9107818591229786278","potions_obtained":[{"floor":1,"key":"LiquidBronze"},{"floor":4,"key":"SpeedPotion"},{"floor":11,"key":"LiquidBronze"},{"floor":13,"key":"Slimebound:ThreeZeroPotion"}],"is_trial":false,"path_per_floor":["M","M","M","M","M","R","E","$","T","R","M","?","M","M","R","B"],"character_chosen":"TheAdministrix","items_purchased":["AdministrixMod:GuanyinBlessing"],"campfire_rested":0,"item_purchase_floors":[8],"current_hp_per_floor":[65,65,65,56,52,52,40,40,40,40,40,40,36,32,65,65,65],"gold":103,"neow_bonus":"THREE_ENEMY_KILL","is_daily":false,"chose_seed":false,"campfire_upgraded":2,"win_rate":0.0,"timestamp":1612134708,"path_taken":["M","M","M","M","M","R","E","$","T","R","M","?","M","M","R","BOSS"],"items_purchased_type":["Card"],"build_version":"2020-12-22","purchased_purges":1,"victory":false,"max_hp_per_floor":[65,65,65,65,65,65,65,65,65,65,65,65,65,65,65,65,65],"card_choices":[{"not_picked":["AdministrixMod:PlateOfAntiquity","AdministrixMod:ImmortalGrace"],"picked":"AdministrixMod:GuanyinBlessing","floor":1},{"not_picked":["AdministrixMod:BloodlessSapphire","AdministrixMod:RegentEdict"],"picked":"AdministrixMod:MixOfMercury","floor":2},{"not_picked":["AdministrixMod:ShadowPlay","AdministrixMod:RebukeDesires","AdministrixMod:TrickOfTheLight"],"picked":"SKIP","floor":3},{"not_picked":["AdministrixMod:RisingSunPrince","AdministrixMod:ArmillarySphere"],"picked":"AdministrixMod:XianArts","floor":4},{"not_picked":["AdministrixMod:FeastOfDew","AdministrixMod:CrackingPangu","AdministrixMod:ShadowPlay"],"picked":"SKIP","floor":5},{"not_picked":["AdministrixMod:FuneraryRites","AdministrixMod:HiddenPower"],"picked":"AdministrixMod:AmassedMasks","floor":7},{"not_picked":["AdministrixMod:Transcension","AdministrixMod:TouchOfCinnabar"],"picked":"AdministrixMod:Convergence","floor":11},{"not_picked":["AdministrixMod:DiversionaryTactic","AdministrixMod:CenturiesAscent","AdministrixMod:DreamsMausoleum"],"picked":"SKIP","floor":13},{"not_picked":["AdministrixMod:CrackingPangu","AdministrixMod:Metempsychosis","AdministrixMod:SipOfSparks"],"picked":"SKIP","floor":14}],"player_experience":31718,"relics_obtained":[{"floor":7,"key":"Regal Pillow"},{"floor":9,"key":"infinitespire:EmpoweringShard"}],"event_choices":[],"is_beta":false,"boss_relics":[],"items_purged_floors":[8],"is_endless":false,"potions_floor_spawned":[1,4,11,13],"killed_by":"Fading Forest","ascension_level":0}}