{"host":"5jdby9iqu3ct6557","time":1612056577,"event":{"mods":["BaseMod","DeckTracker","Highlight Path","Minty Spire (QoL Compilation)","Relic Stats","StSLib"],"gold_per_floor":[111,111,111,127,138,171,171,199,249,265,265,287,287,318,318,392,392,403,423,94,94,121,166,166,166,166,220,236,250,299,316,316,394,394,431,445,445,459,537,537,9,47,47,83,101,129,138,138,138],"floor_reached":48,"language":"ENG","playtime":5972,"items_purged":["Strike_R","Shame"],"score":1065,"play_id":"094da603-75cb-4655-a04c-5087178f494e","local_time":"20210130202936","is_ascension_mode":true,"campfire_choices":[{"data":"Clothesline","floor":7.0,"key":"SMITH"},{"floor":11.0,"key":"REST"},{"data":"Bash","floor":15,"key":"SMITH"},{"floor":25,"key":"REST"},{"floor":32,"key":"REST"},{"floor":40,"key":"REST"},{"floor":47,"key":"REST"}],"circlet_count":0,"master_deck":["AscendersBane","Strike_R","Strike_R","Strike_R","Defend_R","Defend_R","Defend_R","Defend_R","Bash+1","Cleave","Intimidate","Combust","Clothesline+1","Blood for Blood","Feel No Pain","Twin Strike","Flame Barrier","Corruption","Burning Pact","Dark Embrace","True Grit","Shrug It Off","HandOfGreed","Decay","Ghostly Armor","Wild Strike+1","Impervious","Dual Wield","Whirlwind+1","Spot Weakness","Demon Form","Offering","Feel No Pain","Feel No Pain","Disarm","Shrug It Off"],"relics":["Burning Blood","Bag of Marbles","Mercury Hourglass","Tiny Chest","Prayer Wheel","Orichalcum","Odd Mushroom","The Courier","Velvet Choker","Dream Catcher","Centennial Puzzle","Bird Faced Urn","Red Mask","Molten Egg 2","Cursed Key","Medical Kit","StoneCalendar","CeramicFish"],"acts_visited":["Exordium","TheCity","TheBeyond"],"potions_floor_usage":[16,23,23,28,33,45,46],"damage_taken":[{"damage":6.0,"enemies":"2 Louse","floor":1.0,"turns":3.0},{"damage":2.0,"enemies":"Jaw Worm","floor":4.0,"turns":4.0},{"damage":0.0,"enemies":"Small Slimes","floor":5.0,"turns":1.0},{"damage":30.0,"enemies":"Lagavulin","floor":6.0,"turns":8.0},{"damage":29.0,"enemies":"Gremlin Nob","floor":8.0,"turns":4.0},{"damage":2.0,"enemies":"2 Fungi Beasts","floor":10.0,"turns":3.0},{"damage":1.0,"enemies":"The Mushroom Lair","floor":12.0,"turns":2.0},{"damage":17.0,"enemies":"Lagavulin","floor":14.0,"turns":5.0},{"damage":34,"enemies":"Slime Boss","floor":16,"turns":7},{"damage":27,"enemies":"2 Thieves","floor":18,"turns":4},{"damage":12,"enemies":"Spheric Guardian","floor":19,"turns":4},{"damage":20,"enemies":"Book of Stabbing","floor":23,"turns":5},{"damage":23,"enemies":"Masked Bandits","floor":27,"turns":3},{"damage":19,"enemies":"Shelled Parasite and Fungi","floor":28,"turns":3},{"damage":4,"enemies":"Snecko","floor":29,"turns":6},{"damage":9,"enemies":"Gremlin Leader","floor":30,"turns":6},{"damage":16,"enemies":"Sentry and Sphere","floor":31,"turns":7},{"damage":56,"enemies":"Automaton","floor":33,"turns":10},{"damage":11,"enemies":"Orb Walker","floor":35,"turns":4},{"damage":2,"enemies":"3 Shapes","floor":36,"turns":3},{"damage":31,"enemies":"Jaw Worm Horde","floor":38,"turns":4},{"damage":3,"enemies":"4 Shapes","floor":42,"turns":5},{"damage":40,"enemies":"Sphere and 2 Shapes","floor":44,"turns":5},{"damage":47,"enemies":"Spire Growth","floor":45,"turns":6},{"damage":20,"enemies":"Giant Head","floor":46,"turns":7},{"damage":48,"enemies":"Transient","floor":48,"turns":5}],"seed_played":"-1018829998241483329","potions_obtained":[{"floor":5.0,"key":"AttackPotion"},{"floor":6.0,"key":"CultistPotion"},{"floor":8.0,"key":"Explosive Potion"},{"floor":10.0,"key":"LiquidBronze"},{"floor":19,"key":"EssenceOfSteel"},{"floor":27,"key":"Strength Potion"},{"floor":31,"key":"Block Potion"},{"floor":35,"key":"LiquidBronze"},{"floor":45,"key":"GamblersBrew"}],"is_trial":false,"path_per_floor":["M","?","T","M","M","E","R","E","T","M","R","?","?","E","R","B",null,"M","M","$","?","T","E","?","R","T","?","M","M","E","M","R","B",null,"M","M","?","M","T","R","$","M","T","M","M","E","R","M"],"character_chosen":"IRONCLAD","items_purchased":["True Grit","Shrug It Off","HandOfGreed","Block Potion","Medical Kit","StoneCalendar","AttackPotion"],"campfire_rested":5,"item_purchase_floors":[20,20,20,20,41,41,41],"current_hp_per_floor":[68,68,68,72,75,51,51,28,28,32,54,59,59,48,48,20,61,40,34,34,34,34,20,20,42,42,31,22,32,37,37,59,19,61,60,66,66,53,53,75,75,75,75,45,16,14,36,0,0],"gold":138,"neow_bonus":"RANDOM_COMMON_RELIC","is_daily":false,"chose_seed":false,"campfire_upgraded":2,"win_rate":0.0,"timestamp":1612056576,"path_taken":["M","?","?","M","M","E","R","E","T","M","R","?","?","E","R","BOSS","M","M","$","?","?","E","?","R","T","?","M","M","E","M","R","BOSS","M","M","?","M","?","R","$","M","T","M","M","E","R","M"],"items_purchased_type":["Card","Card","Card","Potion","Relic","Relic","Potion"],"build_version":"2020-12-22","purchased_purges":2,"victory":false,"max_hp_per_floor":[75,75,75,75,75,75,75,75,75,75,75,75,75,75,75,75,75,75,75,75,75,75,75,75,75,75,75,75,75,75,75,75,75,75,75,75,75,75,75,75,75,75,75,75,75,75,75,75,75],"relic_stats":{"counters":[26,122],"CeramicFish":9,"StoneCalendar":[0],"Orichalcum":[156],"Cursed Key":1,"Medical Kit":[1],"Burning Blood":142,"Mercury Hourglass":[429],"Dream Catcher":4,"Centennial Puzzle":[42],"Bird Faced Urn":[102],"Tiny Chest":2,"Prayer Wheel":12,"obtain_stats":[{"CeramicFish":46,"Velvet Choker":17,"StoneCalendar":41,"The Courier":14,"Orichalcum":9,"Odd Mushroom":12,"Cursed Key":34,"Medical Kit":41,"Burning Blood":0,"Mercury Hourglass":3,"Dream Catcher":22,"Centennial Puzzle":23,"Bird Faced Urn":26,"Tiny Chest":6,"Prayer Wheel":8,"Molten Egg 2":30,"Bag of Marbles":0,"Red Mask":27},{"CeramicFish":25,"Velvet Choker":9,"StoneCalendar":21,"The Courier":8,"Orichalcum":5,"Odd Mushroom":7,"Cursed Key":18,"Medical Kit":21,"Burning Blood":0,"Mercury Hourglass":1,"Dream Catcher":11,"Centennial Puzzle":12,"Bird Faced Urn":12,"Tiny Chest":4,"Prayer Wheel":5,"Molten Egg 2":16,"Bag of Marbles":0,"Red Mask":13},{"CeramicFish":117,"Velvet Choker":37,"StoneCalendar":95,"The Courier":30,"Orichalcum":20,"Odd Mushroom":25,"Cursed Key":85,"Medical Kit":95,"Burning Blood":0,"Mercury Hourglass":3,"Dream Catcher":45,"Centennial Puzzle":50,"Bird Faced Urn":50,"Tiny Chest":16,"Prayer Wheel":20,"Molten Egg 2":68,"Bag of Marbles":0,"Red Mask":53}]},"card_choices":[{"not_picked":["Flex","Pommel Strike"],"picked":"Cleave","floor":1.0},{"not_picked":["Body Slam","Armaments"],"picked":"Combust","floor":4.0},{"not_picked":["Headbutt","Thunderclap"],"picked":"Clothesline","floor":5.0},{"not_picked":["Flex","Clothesline","Limit Break"],"picked":"SKIP","floor":6.0},{"not_picked":["Flex","Perfected Strike"],"picked":"Blood for Blood","floor":8.0},{"not_picked":["Whirlwind","Wild Strike"],"picked":"Feel No Pain","floor":10.0},{"not_picked":["Thunderclap","Pummel"],"picked":"Twin Strike","floor":12.0},{"not_picked":["Headbutt","Rage"],"picked":"Flame Barrier","floor":14.0},{"not_picked":["Impervious","Reaper"],"picked":"Corruption","floor":16},{"not_picked":["Warcry","Clash"],"picked":"Burning Pact","floor":18},{"not_picked":["Pommel Strike","Perfected Strike"],"picked":"Dark Embrace","floor":19},{"not_picked":["Cleave","Perfected Strike"],"picked":"Ghostly Armor","floor":23},{"not_picked":["Sword Boomerang+1","Heavy Blade"],"picked":"Wild Strike+1","floor":25},{"not_picked":["Searing Blow","Pommel Strike"],"picked":"Impervious","floor":28},{"not_picked":["Feel No Pain","Uppercut"],"picked":"Dual Wield","floor":29},{"not_picked":["Heavy Blade+1","True Grit"],"picked":"Whirlwind+1","floor":30},{"not_picked":["Body Slam+1","Headbutt+1"],"picked":"Spot Weakness","floor":31},{"not_picked":["Anger+1","Evolve"],"picked":"Demon Form","floor":32},{"not_picked":["Feed+1","Demon Form"],"picked":"Offering","floor":33},{"not_picked":["Warcry","Entrench"],"picked":"Feel No Pain","floor":42},{"not_picked":["Shockwave","Rampage+1"],"picked":"Feel No Pain","floor":44},{"not_picked":["Exhume","Pommel Strike+1"],"picked":"Disarm","floor":44},{"not_picked":["Rupture","Anger+1"],"picked":"Shrug It Off","floor":47}],"player_experience":2450290,"relics_obtained":[{"floor":3.0,"key":"Mercury Hourglass"},{"floor":6.0,"key":"Tiny Chest"},{"floor":8.0,"key":"Prayer Wheel"},{"floor":9.0,"key":"Orichalcum"},{"floor":12.0,"key":"Odd Mushroom"},{"floor":14.0,"key":"The Courier"},{"floor":22,"key":"Dream Catcher"},{"floor":23,"key":"Centennial Puzzle"},{"floor":26,"key":"Bird Faced Urn"},{"floor":27,"key":"Red Mask"},{"floor":30,"key":"Molten Egg 2"},{"floor":46,"key":"CeramicFish"}],"event_choices":[{"damage_healed":0.0,"max_hp_gain":0.0,"max_hp_loss":0.0,"gold_gain":0.0,"cards_transformed":["Strike_R"],"event_name":"Living Wall","player_choice":"Change","floor":2.0,"gold_loss":0.0,"damage_taken":0.0,"cards_obtained":["Intimidate"]},{"damage_healed":0.0,"max_hp_gain":0.0,"max_hp_loss":0.0,"gold_gain":0.0,"event_name":"Mushrooms","player_choice":"Fought Mushrooms","floor":12.0,"gold_loss":0.0,"damage_taken":0.0},{"damage_healed":0.0,"max_hp_gain":0.0,"max_hp_loss":0.0,"gold_gain":0.0,"event_name":"Liars Game","player_choice":"Ignored","floor":13.0,"gold_loss":0.0,"damage_taken":0.0},{"damage_healed":0,"gold_gain":0,"player_choice":"Smashed Altar","damage_taken":0,"max_hp_gain":0,"max_hp_loss":0,"event_name":"Forgotten Altar","floor":21,"gold_loss":0,"cards_obtained":["Decay"]},{"damage_healed":0,"gold_gain":0,"player_choice":"Ignored","damage_taken":0,"max_hp_gain":0,"max_hp_loss":0,"event_name":"The Mausoleum","floor":24,"gold_loss":0},{"damage_healed":0,"gold_gain":0,"player_choice":"Fought Bandits","damage_taken":0,"max_hp_gain":0,"max_hp_loss":0,"event_name":"Masked Bandits","floor":27,"gold_loss":0},{"damage_healed":0,"gold_gain":0,"player_choice":"Memory 1","damage_taken":0,"max_hp_gain":0,"max_hp_loss":0,"event_name":"SensoryStone","floor":37,"gold_loss":0}],"is_beta":false,"boss_relics":[{"not_picked":["Astrolabe","Black Star"],"picked":"Velvet Choker"},{"not_picked":["Pandora\u0027s Box","Coffee Dripper"],"picked":"Cursed Key"}],"items_purged_floors":[20,41],"is_endless":false,"potions_floor_spawned":[5,6,8,10,12,19,27,31,35,42,45],"killed_by":"Transient","ascension_level":20}}