{"host":"jfbo3eu2ui08ej1u","time":1612075053,"event":{"mods":["2.2 Compatiblity","AchievementEnabler","Act Like it!","Aspiration","BaseMod","Better Altar","Better Match","Better Note","Better Sensory Stone","Better Skull","Better Third Choice","Block Reminder","Colored Map","Colored Powertips","Conspire","DeckTracker","Displayed Cursed Tome","Energized Spire","Fox Events","GifTheSpireLib","Hubris","Infinite Spire","Marked Mod","Minty Spire (QoL Compilation)","Pale of the Ancients","Poor People Problems","Quick Restart","Relic Filter","Reliquary","Reorder Act Four","Replay The Spire","Shop Mod","Spicy Shops","Spire Arcade","StSLib","Stuff the Spire","The Blue Laboratory","The Disciple","The Forsaken","The Hierophant","The Marked","Uncapped","Unceasing Turn Reminder","Wandering Minibosses"],"gold_per_floor":[111,129,148,31,46,46,81,81,81,112,226,226,226,254,254,358,358,376,376,376,376,412,412,450,450,450,464,41,41,41,66,66,168,168,188,13,302,302,347,347,5,5,32,45,45,94,94,107,107,107,126,143,143,143,143,343,343,61,61,61],"floor_reached":61,"language":"ENG","playtime":2658,"items_purged":["theForsaken:TheForsaken_Strike","theForsaken:TheForsaken_Defend","theForsaken:TheForsaken_Strike","theForsaken:TheForsaken_Strike"],"score":1396,"play_id":"255b2983-5f42-4226-8cdd-ecb1b4579744","local_time":"20210131013733","is_ascension_mode":true,"campfire_choices":[{"data":"theForsaken:WordsOfMight","floor":6.0,"key":"SMITH"},{"data":"theForsaken:FuryStrikes","floor":8.0,"key":"SMITH"},{"data":"theForsaken:DarkBarrier","floor":12.0,"key":"SMITH"},{"data":"theForsaken:MagicWeapon","floor":15.0,"key":"SMITH"},{"data":"theForsaken:WardingHymn","floor":23.0,"key":"SMITH"},{"data":"theForsaken:Prudence","floor":25.0,"key":"SMITH"},{"data":"theForsaken:SacredOath","floor":29.0,"key":"SMITH"},{"data":"theForsaken:HymnOfRest","floor":32.0,"key":"SMITH"},{"floor":40.0,"key":"REST"},{"floor":47.0,"key":"REST"},{"data":"theForsaken:FuryStrikes","floor":49.0,"key":"SMITH"},{"data":"theForsaken:SacredOath","floor":55,"key":"SMITH"},{"data":"theForsaken:SacredOath","floor":57,"key":"SMITH"}],"circlet_count":0,"master_deck":["theForsaken:TheForsaken_Strike+1","theForsaken:TheForsaken_Defend","theForsaken:TheForsaken_Defend","theForsaken:TheForsaken_Defend","theForsaken:Penitence","theForsaken:PowerUp","theForsaken:FuryStrikes+1","theForsaken:DarkBarrier+1","theForsaken:WordsOfMight+1","theForsaken:SacredOath+1","theForsaken:ScorchingSunlight","theForsaken:DefensiveStance","theForsaken:MagicWeapon+1","theForsaken:Prudence+1","theForsaken:WardingHymn+1","theForsaken:FuryStrikes+1","theForsaken:SacredOath+1","theForsaken:HymnOfRest+1","theForsaken:SacredOath+1","theForsaken:MagicWeapon","theForsaken:SpinAttack+1","infinitespire:Starlight","theForsaken:DefensiveStance","Entrench+1","Bloodletting+1","theForsaken:Riposte+1"],"relics":["theForsaken:JudgementScales","aspiration:HatOfInfinitePower","Iron Hammer","reliquary:RosewoodLute","Replay:Bandana","Runic Pyramid","aspiration:RitualStick","reliquary:TridentHead","Shuriken","Toy Ornithopter","Vajra","Whetstone","hubris:GlazedTorus","aspiration:IroncladSkillbook","infinitespire:BottledMercury","paleoftheancients:Timepiece","Coffee Dripper","Gremlin Horn","paleoftheancients:SoulOfTheWokeBloke","reliquary:FeatherDuster","wanderingMiniBosses:LockLocket","OrangePellets"],"acts_visited":["Exordium","TheCity","TheBeyond","paleoftheancients:PaleOfTheAncients"],"potions_floor_usage":[51],"damage_taken":[{"damage":28.0,"enemies":"infinitespire:Voidling","floor":1.0,"turns":6.0},{"damage":4.0,"enemies":"Jaw Worm","floor":2.0,"turns":6.0},{"damage":0.0,"enemies":"Small Slimes","floor":3.0,"turns":3.0},{"damage":14.0,"enemies":"3 Louse","floor":5.0,"turns":7.0},{"damage":0.0,"enemies":"Lagavulin","floor":7.0,"turns":8.0},{"damage":5.0,"enemies":"3 Sentries","floor":10.0,"turns":8.0},{"damage":0.0,"enemies":"Large Slime","floor":11.0,"turns":8.0},{"damage":0.0,"enemies":"Gremlin Nob","floor":14.0,"turns":6.0},{"damage":12.0,"enemies":"Hexaghost","floor":16.0,"turns":9.0},{"damage":0.0,"enemies":"Spheric Guardian","floor":18.0,"turns":4.0},{"damage":0.0,"enemies":"3 Byrds","floor":22.0,"turns":5.0},{"damage":12.0,"enemies":"Book of Stabbing","floor":24.0,"turns":6.0},{"damage":10.0,"enemies":"Shelled Parasite and Fungi","floor":27.0,"turns":6.0},{"damage":0.0,"enemies":"Replay:Snechameleon","floor":31.0,"turns":6.0},{"damage":0.0,"enemies":"conspire:MysteriousRune","floor":33.0,"turns":8.0},{"damage":23.0,"enemies":"Orb Walker","floor":35.0,"turns":6.0},{"damage":15.0,"enemies":"3 Darklings","floor":37.0,"turns":7.0},{"damage":12.0,"enemies":"4 Shapes","floor":39.0,"turns":6.0},{"damage":10.0,"enemies":"Spire Growth","floor":44.0,"turns":6.0},{"damage":25.0,"enemies":"Reptomancer","floor":46.0,"turns":6.0},{"damage":0.0,"enemies":"Maw","floor":48.0,"turns":6.0},{"damage":0.0,"enemies":"Replay:Hell Engine","floor":50.0,"turns":6.0},{"damage":5,"enemies":"Replay:Hell Engine","floor":51,"turns":7},{"damage":27,"enemies":"Replay:Hell Engine","floor":52,"turns":6},{"damage":3,"enemies":"Replay:Hell Engine","floor":56,"turns":6},{"damage":78,"enemies":"paleoftheancients:N","floor":60,"turns":9}],"seed_played":"53395842058044059","potions_obtained":[{"floor":1.0,"key":"SkillPotion"},{"floor":2.0,"key":"PowerPotion"},{"floor":7.0,"key":"blueLaboratory:NullPotion"},{"floor":10.0,"key":"Doom Potion"},{"floor":18.0,"key":"Strength Potion"},{"floor":24.0,"key":"blueLaboratory:FrostheartPotion"},{"floor":31.0,"key":"Doom Potion"},{"floor":37.0,"key":"blueLaboratory:PhilterOfMotion"},{"floor":52,"key":"Languid Potion"}],"is_trial":false,"path_per_floor":["M","M","M","$","M","R","E","R","T","E","M","R","?","E","R","B",null,"M","?","?","?","M","R","E","R","T","M","$","R","$","E","R","B",null,"M","$","M","?","M","R","$","?","T","M","AVR","E","R","M","R","B","M","M","?","T","R","M","R","$","?","B",null],"character_chosen":"THE_FORSAKEN","items_purchased":["theForsaken:DarkBarrier","theForsaken:WordsOfMight","theForsaken:SacredOath","theForsaken:MagicWeapon","theForsaken:SpinAttack","Vajra","OrangePellets"],"campfire_rested":2,"item_purchase_floors":[4,4,28,41,41,41,58],"current_hp_per_floor":[56,55,58,58,44,44,46,46,46,47,52,52,52,55,55,43,71,71,57,57,57,57,57,51,51,51,41,41,41,41,41,41,41,71,48,48,36,36,27,48,48,58,58,48,48,37,61,80,80,81,80,67,75,75,75,76,76,76,76,81],"gold":61,"neow_bonus":"TEN_PERCENT_HP_BONUS","is_daily":false,"chose_seed":false,"campfire_upgraded":11,"win_rate":0.0,"timestamp":1612075053,"path_taken":["M","M","M","$","M","R","E","R","T","E","?","R","?","E","R","BOSS","M","?","?","?","?","R","E","R","T","M","?","R","$","E","R","BOSS","M","$","M","?","?","R","$","?","T","M","AVR","E","R","M","R","BOSS","M","M","?","T","R","M","R","$","?","BOSS"],"items_purchased_type":["Card","Card","Card","Card","Card","Relic","Relic"],"build_version":"2020-12-22","purchased_purges":4,"victory":true,"max_hp_per_floor":[71,71,71,71,71,71,71,71,71,71,71,71,71,71,71,71,71,71,71,71,71,71,71,71,71,71,71,71,71,71,71,71,71,71,71,71,71,71,71,71,71,81,81,81,81,81,81,81,81,81,81,81,81,81,81,81,81,81,81,81],"card_choices":[{"not_picked":["theForsaken:AncientWords","theForsaken:ShieldBash"],"picked":"theForsaken:PowerUp","floor":1.0},{"not_picked":["theForsaken:HorrifyingStrike","theForsaken:ShieldCharge","theForsaken:BottledPlague"],"picked":"SKIP","floor":2.0},{"not_picked":["theForsaken:RainingSunlight","theForsaken:ScorchingSunlight"],"picked":"theForsaken:FuryStrikes","floor":3.0},{"not_picked":["theForsaken:Eulogy","theForsaken:BlindFaith"],"picked":"theForsaken:SacredOath","floor":5.0},{"not_picked":["theForsaken:HorrifyingStrike","theForsaken:CreepingInfection","theForsaken:WordOfPower"],"picked":"SKIP","floor":7.0},{"not_picked":["theForsaken:BindingThorns","theForsaken:ChargeAttack"],"picked":"theForsaken:ScorchingSunlight","floor":10.0},{"not_picked":["theForsaken:Riposte","theForsaken:DarkBarrier"],"picked":"theForsaken:DefensiveStance","floor":11.0},{"not_picked":["theForsaken:CorruptedForm","theForsaken:FountainOfLife"],"picked":"theForsaken:MagicWeapon","floor":14.0},{"not_picked":["theForsaken:Horror","theForsaken:SacrificeSoul"],"picked":"theForsaken:Prudence","floor":16.0},{"not_picked":["theForsaken:HymnOfPatience+1","theForsaken:BountifulSunlight","theForsaken:BindingThorns"],"picked":"SKIP","floor":18.0},{"not_picked":["theForsaken:BountifulSunlight","theForsaken:ScorchingSunlight"],"picked":"theForsaken:WardingHymn","floor":22.0},{"not_picked":["theForsaken:ChargeAttack","theForsaken:Parry","theForsaken:Horror"],"picked":"SKIP","floor":24.0},{"not_picked":["theForsaken:Devotion+1","theForsaken:Thunderbolt"],"picked":"theForsaken:FuryStrikes","floor":27.0},{"not_picked":["theForsaken:StoreUp","theForsaken:ShieldCharge"],"picked":"theForsaken:HymnOfRest","floor":31.0},{"not_picked":["theForsaken:DivineGuidance","theForsaken:CorruptDeck"],"picked":"theForsaken:SacredOath","floor":33.0},{"not_picked":["theForsaken:Eulogy+1","theForsaken:InspiringBlow","theForsaken:FatRoll+1"],"picked":"SKIP","floor":35.0},{"not_picked":["theForsaken:WordOfPower","theForsaken:ScorchingSunlight","theForsaken:NobleSacrifice+1"],"picked":"SKIP","floor":37.0},{"not_picked":["theForsaken:NobleSacrifice","theForsaken:BottledPlague+1","theForsaken:ShieldCharge"],"picked":"SKIP","floor":39.0},{"not_picked":["theForsaken:ChargeAttack+1","theForsaken:AncientWords","theForsaken:HymnOfPatience+1"],"picked":"SKIP","floor":44.0},{"not_picked":["theForsaken:HymnOfRest","theForsaken:ShieldCharge+1","theForsaken:LightRoll"],"picked":"theForsaken:DefensiveStance","floor":46.0},{"not_picked":["Combust","Headbutt","theForsaken:PowerUp","theForsaken:TearsOfSunlight"],"picked":"SKIP","floor":48.0},{"not_picked":["theForsaken:CreepingInfection","theForsaken:HorrifyingStrike","Anger"],"picked":"Entrench+1","floor":51},{"not_picked":["Anger+1","Run Through+1","theForsaken:CowardsBrand"],"picked":"Bloodletting+1","floor":52},{"not_picked":["StuffTheSpire:RagingBull","theForsaken:Backlash+1","Intimidate+1"],"picked":"theForsaken:Riposte+1","floor":56}],"player_experience":1264889,"relics_obtained":[{"floor":7.0,"key":"aspiration:HatOfInfinitePower"},{"floor":9.0,"key":"Iron Hammer"},{"floor":10.0,"key":"reliquary:RosewoodLute"},{"floor":14.0,"key":"Replay:Bandana"},{"floor":24.0,"key":"reliquary:TridentHead"},{"floor":26.0,"key":"Shuriken"},{"floor":31.0,"key":"Toy Ornithopter"},{"floor":43.0,"key":"Whetstone"},{"floor":46.0,"key":"infinitespire:BottledMercury"},{"floor":52,"key":"paleoftheancients:SoulOfTheWokeBloke"},{"floor":54,"key":"reliquary:FeatherDuster"},{"floor":56,"key":"wanderingMiniBosses:LockLocket"}],"event_choices":[{"damage_healed":0.0,"max_hp_gain":0.0,"max_hp_loss":0.0,"gold_gain":0.0,"event_name":"Lab","player_choice":"Got Potions","floor":38.0,"gold_loss":0.0,"damage_taken":0.0}],"is_beta":false,"boss_relics":[{"not_picked":["ChewingGum","reliquary:KinkedSpring"],"picked":"Runic Pyramid"},{"not_picked":["Honey Jar","aspiration:FutureDiary","aspiration:PoetsPen_weak"]}],"items_purged_floors":[36,36,45,58],"is_endless":false,"potions_floor_spawned":[1,2,7,10,18,22,24,31,37,44,46,48,52,56],"ascension_level":2}}