{"host":"17jxu4722zcujg93","time":1612126470,"event":{"mods":["BaseMod","Colored Map","Downfall","Minty Spire (QoL Compilation)","StSLib"],"gold_per_floor":[99,116,116,116,136,168,191,255,155,169,169,181,181,181,191,287,287,287,304,317,327,327,327,350,350,362,362,391,4,23,37,50,147,147,147,195,295,306,317,317,369,369,403,403,50,70,70,100,113,113],"floor_reached":51,"language":"ENG","playtime":4822,"items_purged":["bronze:ForLoop","bronze:FineTuning"],"score":850,"play_id":"3ae2cd6e-d91d-4000-8e38-7aea1c605a2e","local_time":"20210131125430","is_ascension_mode":false,"campfire_choices":[{"floor":1,"key":"RECALL"},{"data":"bronze:Iterate","floor":9,"key":"SMITH"},{"floor":13,"key":"REST"},{"data":"bronze:MaxOutput","floor":18,"key":"SMITH"},{"data":"bronze:Optimize","floor":25,"key":"SMITH"},{"data":"bronze:Repulsor","floor":35,"key":"SMITH"},{"data":"bronze:SpaghettiCode","floor":40,"key":"SMITH"},{"data":"bronze:Shell","floor":42,"key":"SMITH"},{"data":"bronze:FollowUp","floor":44,"key":"SMITH"},{"data":"bronze:BronzeOrb","floor":47,"key":"SMITH"}],"circlet_count":0,"master_deck":["bronze:Replicate","bronze:Goto","bronze:Iterate+1","bronze:Branch","bronze:BronzeOrb+1","bronze:ChildClass","bronze:OilSpill","bronze:ClassDefault","bronze:ThunderWave","bronze:ChildClass","bronze:Deprecate","bronze:Turbo","bronze:WhirlingStrike","bronze:MaxOutput+1","bronze:FineTuning","bronze:Iterate+1","bronze:Optimize+1","bronze:Fortify+1","bronze:Overheat","bronze:FineTuning+1","bronze:Shell+1","bronze:FollowUp+1","bronze:SpaghettiCode+1","bronze:Repulsor+1","bronze:Repair+1"],"relics":["bronze:BronzeCore","HornCleat","Bag of Marbles","Boot","bronze:CableSpool","downfall:HeartBlessingRed","Pandora\u0027s Box","Eternal Feather","Juzu Bracelet","Oddly Smooth Stone","ClockworkSouvenir","Toy Ornithopter","Lee\u0027s Waffle","Busted Crown","Thread and Needle","Art of War","FossilizedHelix","Bottled Lightning","Toxic Egg 2"],"acts_visited":["Exordium","TheCity","TheBeyond"],"potions_floor_usage":[14,16,16,28,31,31,36,50],"damage_taken":[{"damage":1,"enemies":"Jaw Worm","floor":2,"turns":5},{"damage":5,"enemies":"Small Slimes","floor":5,"turns":3},{"damage":21,"enemies":"Gremlin Nob","floor":6,"turns":4},{"damage":10,"enemies":"Lagavulin Event","floor":8,"turns":4},{"damage":0,"enemies":"Cultist","floor":10,"turns":1},{"damage":0,"enemies":"Large Slime","floor":12,"turns":2},{"damage":0,"enemies":"Blue Slaver","floor":15,"turns":1},{"damage":17,"enemies":"IC_STATUS_ARCHETYPE","floor":16,"turns":7},{"damage":0,"enemies":"Spheric Guardian","floor":19,"turns":3},{"damage":0,"enemies":"Snake Plant","floor":20,"turns":1},{"damage":0,"enemies":"3 Cultists","floor":21,"turns":3},{"damage":0,"enemies":"Shelled Parasite and Fungi","floor":26,"turns":3},{"damage":0,"enemies":"Slavers","floor":28,"turns":4},{"damage":0,"enemies":"downfall:FleeingMerchant","floor":29,"turns":4},{"damage":0,"enemies":"Snake Plant","floor":30,"turns":3},{"damage":0,"enemies":"downfall:FleeingMerchant","floor":31,"turns":4},{"damage":8,"enemies":"Centurion and Healer","floor":32,"turns":2},{"damage":33,"enemies":"WA_ARCHETYPE_CALM","floor":33,"turns":7},{"damage":33,"enemies":"2 Orb Walkers","floor":36,"turns":4},{"damage":15,"enemies":"3 Shapes","floor":38,"turns":3},{"damage":1,"enemies":"3 Darklings","floor":39,"turns":3},{"damage":0,"enemies":"Nemesis","floor":43,"turns":5},{"damage":0,"enemies":"Sphere and 2 Shapes","floor":46,"turns":4},{"damage":0,"enemies":"Giant Head","floor":48,"turns":6},{"damage":0,"enemies":"4 Shapes","floor":49,"turns":4},{"damage":0,"enemies":"DF_ARCHETYPE_ORBS","floor":50,"turns":7}],"seed_played":"-7159719991185575003","potions_obtained":[{"floor":5,"key":"bronze:CleanCodePotion"},{"floor":6,"key":"LiquidMemories"},{"floor":14,"key":"Fruit Juice"},{"floor":14,"key":"CultistPotion"},{"floor":14,"key":"Regen Potion"},{"floor":19,"key":"Block Potion"},{"floor":23,"key":"CultistPotion"},{"floor":28,"key":"AttackPotion"},{"floor":32,"key":"bronze:FreeFunctionsPotion"},{"floor":33,"key":"ColorlessPotion"},{"floor":36,"key":"FearPotion"},{"floor":39,"key":"Guardian:BlockOnCardUsePotion"}],"is_trial":false,"path_per_floor":["R","M","?","?","M","E","T","?","R","M","?","M","R","?","M","B",null,"R","M","M","M","?","?","T","R","M","?","E","$","M","$","M","B",null,"R","?","?","M","M","R","T","R","E","R","$","M","R","E","M","B",null],"character_chosen":"THE_AUTOMATON","items_purchased":["bronze:FollowUp","ClockworkSouvenir","Toy Ornithopter","bronze:Repulsor","Lee\u0027s Waffle","Bottled Lightning"],"campfire_rested":1,"item_purchase_floors":[29,29,29,31,31,45],"current_hp_per_floor":[77,76,69,74,69,48,48,38,38,38,38,38,62,67,67,65,87,87,87,87,87,87,87,87,87,87,87,87,87,87,94,86,53,94,94,61,61,46,45,60,60,75,75,90,90,90,94,94,94,94],"gold":113,"neow_bonus":"TEN_PERCENT_HP_BONUS","is_daily":false,"chose_seed":false,"campfire_upgraded":8,"win_rate":0.0,"timestamp":1612126470,"path_taken":["R","M","?","?","M","E","T","?","R","M","?","M","R","?","M","BOSS","R","M","M","?","?","?","T","R","M","?","E","?","M","$","M","BOSS","R","?","?","M","M","R","T","R","E","R","$","M","R","E","M","BOSS"],"items_purchased_type":["Card","Relic","Relic","Card","Relic","Relic"],"build_version":"2020-12-22","purchased_purges":2,"victory":true,"max_hp_per_floor":[77,77,77,82,82,82,82,82,82,82,82,82,82,87,87,87,87,87,87,87,87,87,87,87,87,87,87,87,87,87,94,94,94,94,94,94,94,94,94,94,94,94,94,94,94,94,94,94,94,94],"card_choices":[{"not_picked":["bronze:WhirlingStrike","bronze:BugBarrage"],"picked":"bronze:Iterate","floor":2},{"not_picked":["bronze:Invalidate","bronze:Backtrace"],"picked":"bronze:Branch","floor":5},{"not_picked":["bronze:GetLatest","bronze:Assembly"],"picked":"bronze:FineTuning","floor":6},{"not_picked":["bronze:Frontload","bronze:Deprecate"],"picked":"bronze:BronzeOrb","floor":8},{"not_picked":["bronze:CutThrough","bronze:Iterate"],"picked":"bronze:ChildClass","floor":10},{"not_picked":["bronze:BitShift","bronze:Overload"],"picked":"bronze:OilSpill","floor":12},{"not_picked":["bronze:Allocate","bronze:Iterate"],"picked":"bronze:ClassDefault","floor":15},{"not_picked":["bronze:Virus","bronze:CleanCode"],"picked":"bronze:ThunderWave","floor":16},{"not_picked":["bronze:BugBarrage","bronze:ItsAFeature"],"picked":"bronze:Iterate+1","floor":19},{"not_picked":["bronze:Turbo","bronze:NullPointer"],"picked":"bronze:Optimize","floor":20},{"not_picked":["bronze:Frontload+1","bronze:Backtrace+1"],"picked":"bronze:Fortify+1","floor":21},{"not_picked":["bronze:WildBeam","bronze:Return"],"picked":"bronze:Overheat","floor":26},{"not_picked":["bronze:MaxOutput","bronze:CleanCode"],"picked":"bronze:FineTuning+1","floor":28},{"not_picked":["bronze:Optimize","bronze:ClassDefault"],"picked":"bronze:Shell","floor":29},{"not_picked":["bronze:DelayedGuard+1","bronze:Safeguard","bronze:CutThrough+1"],"picked":"SKIP","floor":30},{"not_picked":["bronze:CutThrough+1","bronze:BronzeOrb"],"picked":"bronze:SpaghettiCode","floor":31},{"not_picked":["bronze:Return","bronze:Optimize+1","bronze:BugBarrage"],"picked":"SKIP","floor":32},{"not_picked":["bronze:Return"],"picked":"SKIP","floor":38},{"not_picked":["bronze:BuggyMess+1"],"picked":"SKIP","floor":39},{"not_picked":["bronze:DelayedGuard"],"picked":"SKIP","floor":43},{"not_picked":[],"picked":"bronze:Repair+1","floor":46},{"not_picked":["bronze:BronzeArmor+1"],"picked":"SKIP","floor":48},{"not_picked":["bronze:DelayedSlice"],"picked":"SKIP","floor":49}],"player_experience":154878,"relics_obtained":[{"floor":6,"key":"Bag of Marbles"},{"floor":7,"key":"Boot"},{"floor":24,"key":"Juzu Bracelet"},{"floor":28,"key":"Oddly Smooth Stone"},{"floor":36,"key":"Thread and Needle"},{"floor":41,"key":"Art of War"},{"floor":43,"key":"FossilizedHelix"},{"floor":48,"key":"Toxic Egg 2"}],"event_choices":[{"damage_healed":0,"gold_gain":0,"player_choice":"Success","damage_taken":7,"relics_obtained":["HornCleat"],"max_hp_gain":0,"max_hp_loss":0,"event_name":"Scrap Ooze","floor":3,"gold_loss":0},{"damage_healed":0,"gold_gain":0,"player_choice":"Donut","damage_taken":0,"max_hp_gain":5,"max_hp_loss":0,"event_name":"Big Fish","floor":4,"gold_loss":0},{"damage_healed":0,"gold_gain":0,"player_choice":"Got Potions","damage_taken":0,"max_hp_gain":0,"max_hp_loss":0,"event_name":"Lab","floor":14,"gold_loss":0},{"damage_healed":0,"gold_gain":0,"player_choice":"Fight","damage_taken":0,"max_hp_gain":0,"max_hp_loss":0,"event_name":"Mysterious Sphere","floor":36,"gold_loss":0}],"is_beta":false,"boss_relics":[{"not_picked":["Tiny House","Black Star"],"picked":"Pandora\u0027s Box"},{"not_picked":["Snecko Eye","Velvet Choker"],"picked":"Busted Crown"}],"items_purged_floors":[31,45],"is_endless":false,"potions_floor_spawned":[5,6,15,19,28,32,33,36,39,46],"ascension_level":0}}