{"host":"o6rpelx2jpc8yies","time":1612080561,"event":{"mods":["BaseMod","Downfall","Minty Spire (QoL Compilation)","StSLib"],"gold_per_floor":[99,110,19,19,32,62,87,87,1,28,28,13,32,61,77,175,175,75,60,79,99,99,84,84,113,127,127,27,59,59,92,105,105,105,105],"floor_reached":33,"language":"ENG","playtime":2953,"items_purged":[],"score":415,"play_id":"3d5ee935-0f78-4461-b916-25d108d6e242","local_time":"20210131010921","is_ascension_mode":true,"campfire_choices":[{"floor":1.0,"key":"RECALL"},{"data":"bronze:FineTuning","floor":8.0,"key":"SMITH"},{"data":"bronze:DelayedGuard","floor":11.0,"key":"SMITH"},{"floor":18,"key":"DIG"},{"floor":28,"key":"REST"},{"data":"bronze:CloningBeam","floor":30,"key":"SMITH"}],"circlet_count":0,"master_deck":["bronze:Strike+1","bronze:Strike+1","bronze:Defend","bronze:Defend","bronze:Defend","bronze:Defend","bronze:Replicate","bronze:Goto","bronze:DelayedGuard+1","bronze:OilSpill+1","bronze:CloningBeam+1","bronze:Optimize","bronze:FineTuning+1","bronze:OilSpill","bronze:Repair","bronze:CutThrough+1","bronze:Safeguard","bronze:Fortify+1","bronze:HardenedForm","bronze:BugBarrage+1","bronze:Constructor","bronze:Turbo+1","bronze:Deprecate","bronze:DelayedGuard","bronze:ItsAFeature","bronze:BuggyMess+1","bronze:Constructor","bronze:BugBarrage+1"],"relics":["bronze:BronzeCore","Art of War","Whetstone","Molten Egg 2","Shovel","Runic Pyramid","downfall:HeartBlessingGreen","Peace Pipe","Omamori","Prayer Wheel","downfall:HeartBlessingRed","Meat on the Bone","Question Card"],"acts_visited":["Exordium","TheCity"],"potions_floor_usage":[16,31,33],"damage_taken":[{"damage":4.0,"enemies":"2 Louse","floor":2.0,"turns":4.0},{"damage":3.0,"enemies":"downfall:FleeingMerchant","floor":3.0,"turns":4.0},{"damage":6.0,"enemies":"Cultist","floor":5.0,"turns":3.0},{"damage":11.0,"enemies":"Lagavulin","floor":6.0,"turns":6.0},{"damage":10.0,"enemies":"downfall:FleeingMerchant","floor":9.0,"turns":4.0},{"damage":15.0,"enemies":"Gremlin Nob","floor":10.0,"turns":4.0},{"damage":7.0,"enemies":"downfall:FleeingMerchant","floor":12.0,"turns":4.0},{"damage":0.0,"enemies":"Small Slimes","floor":13.0,"turns":3.0},{"damage":0.0,"enemies":"Lagavulin","floor":14.0,"turns":5.0},{"damage":8.0,"enemies":"Exordium Thugs","floor":15.0,"turns":3.0},{"damage":43,"enemies":"WA_ARCHETYPE_RETAIN","floor":16,"turns":9},{"damage":7,"enemies":"downfall:FleeingMerchant","floor":19,"turns":4},{"damage":14,"enemies":"3 Byrds","floor":20,"turns":5},{"damage":6,"enemies":"Chosen","floor":21,"turns":4},{"damage":8,"enemies":"downfall:FleeingMerchant","floor":23,"turns":4},{"damage":27,"enemies":"Book of Stabbing","floor":25,"turns":6},{"damage":31,"enemies":"Centurion and Healer","floor":26,"turns":8},{"damage":15,"enemies":"Gremlin Leader","floor":29,"turns":9},{"damage":15,"enemies":"Slavers","floor":31,"turns":6},{"damage":17,"enemies":"Cultist and Chosen","floor":32,"turns":8},{"damage":62,"enemies":"DF_ARCHETYPE_CLAW","floor":33,"turns":11}],"seed_played":"2764901564290166993","potions_obtained":[{"floor":5.0,"key":"bronze:CleanCodePotion"},{"floor":6.0,"key":"Swift Potion"},{"floor":13.0,"key":"Fire Potion"},{"floor":14.0,"key":"Energy Potion"},{"floor":20,"key":"bronze:FreeFunctionsPotion"},{"floor":27,"key":"Fire Potion"},{"floor":27,"key":"PowerPotion"},{"floor":31,"key":"Energy Potion"}],"is_trial":false,"path_per_floor":["R","M","$","?","M","E","T","R","$","E","R","$","M","E","M","B",null,"R","$","M","M","?","$","T","E","M","?","R","E","R","E","M","B"],"character_chosen":"THE_AUTOMATON","items_purchased":["bronze:CloningBeam","bronze:Repair"],"campfire_rested":1,"item_purchase_floors":[3,9],"current_hp_per_floor":[77,73,70,70,64,53,53,53,43,39,39,42,50,57,57,24,77,77,70,76,77,77,76,76,50,29,29,52,57,57,42,44,0,0,0],"gold":105,"neow_bonus":"TEN_PERCENT_HP_BONUS","is_daily":false,"chose_seed":false,"campfire_upgraded":3,"win_rate":0.0,"timestamp":1612080561,"path_taken":["R","M","$","?","M","E","T","R","?","E","R","$","M","E","M","BOSS","R","$","?","M","?","?","T","E","M","?","R","E","R","E","M","BOSS"],"items_purchased_type":["Card","Card"],"build_version":"2020-12-22","purchased_purges":0,"victory":false,"max_hp_per_floor":[77,77,77,77,77,77,77,77,77,77,77,77,77,77,77,77,77,77,77,77,77,77,77,77,77,77,77,77,77,77,77,77,77,77,77],"card_choices":[{"not_picked":["bronze:BugBarrage","bronze:ForLoop"],"picked":"bronze:DelayedGuard","floor":2.0},{"not_picked":["bronze:FineTuning","bronze:Flail"],"picked":"bronze:OilSpill","floor":3.0},{"not_picked":["bronze:Frontload","bronze:BugBarrage"],"picked":"bronze:Optimize","floor":5.0},{"not_picked":["bronze:Hardcode","bronze:BugBarrage"],"picked":"bronze:FineTuning","floor":6.0},{"not_picked":["bronze:Backtrace","bronze:Overheat"],"picked":"bronze:OilSpill","floor":9.0},{"not_picked":["bronze:BronzeArmor","bronze:ClassDefault","bronze:ForLoop"],"picked":"SKIP","floor":10.0},{"not_picked":["bronze:Frontload","bronze:DigitalCarnage+1","bronze:Backtrace+1"],"picked":"SKIP","floor":12.0},{"not_picked":["bronze:Deprecate","bronze:Overheat+1"],"picked":"bronze:CutThrough+1","floor":13.0},{"not_picked":["bronze:InfiniteLoop+1","bronze:ForceShield"],"picked":"bronze:Safeguard","floor":14.0},{"not_picked":["bronze:WhirlingStrike+1","bronze:Iterate+1"],"picked":"bronze:Fortify+1","floor":15.0},{"not_picked":["bronze:Virus+1","bronze:BurnOut+1"],"picked":"bronze:HardenedForm","floor":16},{"not_picked":["bronze:FineTuning","bronze:InfiniteBeams"],"picked":"bronze:BugBarrage+1","floor":19},{"not_picked":["bronze:Frontload","bronze:ShipIt+1"],"picked":"bronze:Constructor","floor":20},{"not_picked":["bronze:Frontload","bronze:DelayedGuard"],"picked":"bronze:Turbo+1","floor":21},{"not_picked":["bronze:BugBarrage+1","bronze:BronzeArmor","bronze:DelayedGuard+1"],"picked":"SKIP","floor":23},{"not_picked":["bronze:Philosophize","bronze:Library"],"picked":"bronze:ItsAFeature","floor":25},{"not_picked":["bronze:BitShift","bronze:FineTuning"],"picked":"bronze:BuggyMess+1","floor":26},{"not_picked":["bronze:BugBarrage+1","bronze:Safeguard+1","bronze:BronzeArmor"],"picked":"SKIP","floor":26},{"not_picked":["bronze:FollowUp+1","bronze:FineTuning"],"picked":"bronze:Constructor","floor":29},{"not_picked":["bronze:Shield","bronze:MaxOutput","bronze:InfiniteBeams+1"],"picked":"SKIP","floor":31},{"not_picked":["bronze:MaxOutput+1","bronze:FineTuning","bronze:Frontload"],"picked":"bronze:BugBarrage+1","floor":32},{"not_picked":["bronze:DelayedSlice+1","bronze:FineTuning","bronze:DelayedGuard","bronze:Repulsor"],"picked":"SKIP","floor":32}],"player_experience":1887306,"relics_obtained":[{"floor":6.0,"key":"Art of War"},{"floor":7.0,"key":"Whetstone"},{"floor":10.0,"key":"Molten Egg 2"},{"floor":14.0,"key":"Shovel"},{"floor":18,"key":"Peace Pipe"},{"floor":24,"key":"Omamori"},{"floor":25,"key":"Prayer Wheel"},{"floor":29,"key":"Meat on the Bone"},{"floor":31,"key":"Question Card"}],"event_choices":[{"damage_healed":0,"gold_gain":0,"cards_transformed":["bronze:Strike","bronze:Strike"],"player_choice":"Became Test Subject","damage_taken":0,"max_hp_gain":0,"max_hp_loss":0,"event_name":"Drug Dealer","floor":22,"gold_loss":0,"cards_obtained":["bronze:Deprecate","bronze:DelayedGuard"]},{"damage_healed":0,"gold_gain":0,"player_choice":"Got Potions","damage_taken":0,"max_hp_gain":0,"max_hp_loss":0,"event_name":"Lab","floor":27,"gold_loss":0}],"is_beta":false,"boss_relics":[{"not_picked":["Velvet Choker","Sozu"],"picked":"Runic Pyramid"}],"items_purged_floors":[],"is_endless":false,"potions_floor_spawned":[5,6,13,14,20,29,31],"killed_by":"DF_ARCHETYPE_CLAW","ascension_level":4}}