{"host":"favrcuc0pmi4z15q","time":1612111193,"event":{"mods":["Act Like it!","BaseMod","Colored Powertips","Minty Spire (QoL Compilation)","Reliquary","Replay The Spire","Shop Mod","StSLib","The Animator","The Bug Knight"],"gold_per_floor":[270,351,375,375,375,33,33,71,124,160,34,34,34,74,74,123,123,235,235,257,172,172,237,237,284,307,347,347,391,408,456,492,504,516,635,647,689,198,198,232,258,258,318,354,425,458,475,475,113,141,141,141,141,141,590,650,715,715,715,58,138,228,228,228,328,409,40,40,165,165,170],"floor_reached":72,"language":"ENG","playtime":8579,"items_purged":["animator:Strike","animator:Strike"],"score":2098,"play_id":"03e9654b-ac5e-4b0b-bb35-02126835a1cb","local_time":"20210131173953","is_ascension_mode":true,"campfire_choices":[{"floor":7.0,"key":"REST"},{"data":"animator:Shiro","floor":15.0,"key":"SMITH"},{"data":"animator:Shimakaze","floor":17.0,"key":"SMITH"},{"floor":32.0,"key":"REST"},{"floor":34.0,"key":"RECALL"},{"data":"animator:Vesta","floor":42.0,"key":"SMITH"},{"floor":51.0,"key":"REST"},{"floor":54.0,"key":"REST"},{"floor":64,"key":"REST"},{"data":"animator:PandorasActor","floor":68,"key":"SMITH"},{"floor":70,"key":"REST"}],"circlet_count":0,"master_deck":["AscendersBane","animator:Strike_Kancolle+1","animator:Defend_Kancolle+1","animator:Strike+1","animator:Defend+1","animator:Defend+1","animator:Defend+1","animator:Shimakaze+1","animator:Cocytus+1","animator:Sonic+1","animator:Benimaru+1","animator:Shiro+1","animator:Shuna+1","animator:IzunaHatsuse+1","animator:Boros+1","animator:Shuna+1","animator:Vesta+1","animator:Darkness+1","animator:Envy+1","animator:ChlammyZell+1","animator:FielNirvalen+1","animator:GazelDwargon+1","animator:WinryRockbell+1","animator:Eve+1","animator:FielNirvalen+1","animator:Kaijin+1","animator:Vanir+1","animator:Sebas+1","animator:Darkness+1","animator:PandorasActor+1","animator:Lelouch+1","animator:IchigoKurosaki+1","animator:Emilia+1","animator:DolaRiku+1","animator:Darkness+1","animator:Hakurou+1","animator:Shizu+1","animator:Shimakaze+1"],"relics":["animator:TheEruzaStone","animator:LivingPicture","animator:TheMissingPiece","animator:AncientMedallion"],"acts_visited":["Exordium","TheCity","TheBeyond","TheEnding","EYB:TheUnnamedReign"],"potions_floor_usage":[62,62,65,71,71],"damage_taken":[{"damage":4.0,"enemies":"Small Slimes","floor":1.0,"turns":5.0},{"damage":11.0,"enemies":"2 Louse","floor":3.0,"turns":3.0},{"damage":10.0,"enemies":"The Mushroom Lair","floor":8.0,"turns":6.0},{"damage":18.0,"enemies":"3 Sentries","floor":10.0,"turns":8.0},{"damage":6.0,"enemies":"Lagavulin","floor":14.0,"turns":9.0},{"damage":0.0,"enemies":"3 Sentries","floor":16.0,"turns":8.0},{"damage":0.0,"enemies":"Slime Boss","floor":18.0,"turns":12.0},{"damage":0.0,"enemies":"Shell Parasite","floor":20.0,"turns":6.0},{"damage":18.0,"enemies":"Chosen","floor":23.0,"turns":8.0},{"damage":24.0,"enemies":"Gremlin Leader","floor":25.0,"turns":9.0},{"damage":8.0,"enemies":"Centurion and Healer","floor":26.0,"turns":8.0},{"damage":0.0,"enemies":"Replay:Snechameleon","floor":27.0,"turns":8.0},{"damage":90.0,"enemies":"Slavers","floor":29.0,"turns":10.0},{"damage":0.0,"enemies":"Colosseum Slavers","floor":30.0,"turns":3.0},{"damage":7.0,"enemies":"Masked Bandits","floor":31.0,"turns":6.0},{"damage":21.0,"enemies":"Champ","floor":35.0,"turns":11.0},{"damage":0.0,"enemies":"3 Darklings","floor":37.0,"turns":9.0},{"damage":3.0,"enemies":"Orb Walker","floor":40.0,"turns":6.0},{"damage":0.0,"enemies":"4 Shapes","floor":41.0,"turns":7.0},{"damage":0.0,"enemies":"Mind Bloom Boss Battle","floor":43.0,"turns":7.0},{"damage":55.0,"enemies":"Reptomancer","floor":44.0,"turns":7.0},{"damage":0.0,"enemies":"R_Hoarder","floor":46.0,"turns":7.0},{"damage":18.0,"enemies":"Spire Growth","floor":47.0,"turns":5.0},{"damage":0.0,"enemies":"4 Shapes","floor":50.0,"turns":6.0},{"damage":18.0,"enemies":"Donu and Deca","floor":52.0,"turns":5.0},{"damage":1.0,"enemies":"animator:UNNAMED_CULTIST_1","floor":56.0,"turns":7.0},{"damage":64.0,"enemies":"animator:TRIPLE_SHAPES_WEAK","floor":57.0,"turns":11.0},{"damage":6,"enemies":"animator:TRIPLE_LAGAVULIN","floor":61,"turns":8},{"damage":38,"enemies":"animator:LARGE_WISP","floor":62,"turns":13},{"damage":16,"enemies":"animator:ULTIMATE_WISP","floor":65,"turns":8},{"damage":8,"enemies":"animator:ULTIMATE_CRYSTAL","floor":69,"turns":12}],"seed_played":"7134453834666614311","potions_obtained":[{"floor":3.0,"key":"Flashbang"},{"floor":10.0,"key":"FairyPotion"},{"floor":23.0,"key":"SteroidPotion"},{"floor":29.0,"key":"AttackPotion"},{"floor":35.0,"key":"Toxic Potion"},{"floor":56.0,"key":"animator:FalseLifePotion"},{"floor":57.0,"key":"animator:FalseLifePotion"},{"floor":62,"key":"animator:FalseLifePotion"},{"floor":65,"key":"animator:FalseLifePotion"},{"floor":69,"key":"animator:FalseLifePotion"}],"is_trial":false,"path_per_floor":["M","?","M","?","T","$","R","?","T","E","$","PTL","PTL","E","R","E","R","B",null,"M","?","?","M","T","E","M","E","T","E","?","?","R","?","R","B",null,"M","$","?","M","M","R","?","E","T","E","M","?","$","M","R","B",null,"R","??","M","M","T","?","$","M","M","?","R","E","T","?","R","E","R","B",null],"character_chosen":"THE_ANIMATOR","items_purchased":["Regal Pillow","animator:Shiro","animator:Shuna","animator:Shuna","InkBottle","reliquary:BrokenClock","ReplayTheSpireMod:ShopPack","Oddly Smooth Stone","animator:PandorasActor","MerchantsRug","animator:AncientMedallion","animator:AncientMedallion","animator:Shizu"],"campfire_rested":6,"item_purchase_floors":[6,6,6,11,38,38,49,49,49,49,60,60,60],"current_hp_per_floor":[61,43,32,18,18,18,54,44,44,27,27,27,27,42,42,58,58,58,88,94,94,94,80,80,62,54,60,60,19,23,27,72,100,100,79,95,95,95,95,92,92,92,92,37,37,37,23,23,23,27,70,54,86,97,86,85,27,27,38,38,44,40,40,66,62,62,62,62,80,88,63],"gold":170,"neow_bonus":"TEN_PERCENT_HP_BONUS","is_daily":false,"chose_seed":false,"campfire_upgraded":4,"win_rate":0.0,"timestamp":1612111193,"path_taken":["M","?","M","?","?","$","R","?","T","E","?","PTL","PTL","E","R","E","R","BOSS","M","?","?","M","?","E","?","E","T","E","?","?","R","?","R","BOSS","M","$","?","M","M","R","?","E","T","E","M","?","$","M","R","BOSS","R","??","M","M","T","?","$","M","M","?","R","E","T","?","R","E","R","BOSS"],"items_purchased_type":["Relic","Card","Card","Card","Relic","Relic","Relic","Relic","Card","Relic","Relic","Relic","Card"],"build_version":"2020-12-22","purchased_purges":2,"victory":true,"max_hp_per_floor":[72,72,72,72,72,72,72,72,72,73,73,73,73,88,88,98,98,98,98,98,98,98,98,98,98,98,98,98,99,99,100,100,100,100,100,100,100,100,95,95,95,95,95,95,95,95,95,95,95,95,95,97,97,97,86,86,88,88,88,88,88,88,88,88,88,88,88,88,88,88,88],"card_choices":[{"not_picked":["animator:DolaCouronne","animator:MaesHughes"],"picked":"animator:Cocytus","floor":1.0},{"not_picked":["animator:Kaijin","animator:Tet"],"picked":"animator:Sonic","floor":2.0},{"not_picked":["animator:Shuna","animator:SilverFang"],"picked":"animator:Benimaru","floor":2.0},{"not_picked":["animator:Jibril","animator:WinryRockbell","animator:ElricAlphonse"],"picked":"SKIP","floor":3.0},{"not_picked":["animator:PandorasActor","animator:Millim"],"picked":"animator:IzunaHatsuse","floor":8.0},{"not_picked":["animator:Hakurou","animator:Ara"],"picked":"animator:Boros+1","floor":10.0},{"not_picked":["animator:Souei","animator:Hakurou"],"picked":"animator:Vesta","floor":14.0},{"not_picked":["animator:WinryRockbell+1","animator:Kazuma"],"picked":"animator:Darkness+1","floor":16.0},{"not_picked":["animator:Father","animator:Elesis"],"picked":"animator:Envy+1","floor":18.0},{"not_picked":["animator:Tet","animator:MaesHughes"],"picked":"animator:ChlammyZell","floor":20.0},{"not_picked":["animator:Add+1","animator:Kazuma"],"picked":"animator:FielNirvalen+1","floor":23.0},{"not_picked":["animator:Millim","animator:Shion"],"picked":"animator:GazelDwargon+1","floor":25.0},{"not_picked":["animator:Lu","animator:Benimaru","animator:Verdia"],"picked":"SKIP","floor":26.0},{"not_picked":["animator:Shiro+1","animator:Scar"],"picked":"animator:WinryRockbell+1","floor":27.0},{"not_picked":["animator:Demiurge+1","animator:SilverFang+1"],"picked":"animator:Hakurou","floor":29.0},{"not_picked":["animator:Tet","animator:Souei"],"picked":"animator:Vanir+1","floor":31.0},{"not_picked":["animator:Vanir","animator:Evileye+1"],"picked":"animator:Kaijin+1","floor":32.0},{"not_picked":["animator:Hans+1","animator:Sora"],"picked":"animator:Eve+1","floor":35.0},{"not_picked":["animator:DolaCouronne","animator:Jibril"],"picked":"animator:FielNirvalen+1","floor":37.0},{"not_picked":["animator:DolaRiku+1","animator:ChlammyZell"],"picked":"animator:Mitsurugi","floor":40.0},{"not_picked":["animator:DolaRiku","animator:Ara","animator:RoyMustang+1"],"picked":"SKIP","floor":41.0},{"not_picked":["animator:Vanir+1","animator:Cocytus"],"picked":"animator:Sebas","floor":43.0},{"not_picked":["animator:Vesta+1","animator:MumenRider+1","animator:FielNirvalen+1"],"picked":"SKIP","floor":44.0},{"not_picked":["animator:Vesta+1","animator:MumenRider+1","animator:FielNirvalen+1"],"picked":"SKIP","floor":44.0},{"not_picked":["animator:Megumin","animator:Vanir"],"picked":"animator:Darkness+1","floor":46.0},{"not_picked":["animator:Tatsumaki+1","animator:Megumin","animator:MumenRider+1"],"picked":"SKIP","floor":47.0},{"not_picked":["animator:HououinKyouma","animator:MamizouFutatsuiwa"],"picked":"animator:Lelouch","floor":49.0},{"not_picked":["animator:LimeBell","animator:Canti"],"picked":"animator:IchigoKurosaki","floor":49.0},{"not_picked":["animator:Patchouli","animator:Hibiki"],"picked":"animator:Emilia","floor":49.0},{"not_picked":["animator:Pride+1","animator:Ciel+1","animator:Vanir"],"picked":"SKIP","floor":50.0},{"not_picked":["animator:Ain+1","animator:PandorasActor+1"],"picked":"animator:DolaRiku+1","floor":54.0},{"not_picked":["animator:Entoma+1","animator:Hakurou+1"],"picked":"animator:Darkness","floor":56.0},{"not_picked":["animator:Millim","animator:Shuna"],"picked":"animator:Hakurou","floor":57.0},{"not_picked":["animator:Melzalgald","animator:MumenRider","animator:Darkness+1"],"picked":"SKIP","floor":61},{"not_picked":["animator:Shuna","animator:Kazuma","animator:Ciel"],"picked":"SKIP","floor":62},{"not_picked":["animator:Emilia","animator:Patchouli"],"picked":"animator:Shimakaze","floor":63},{"not_picked":["animator:Greed","animator:Melzalgald","animator:Add"],"picked":"SKIP","floor":65}],"player_experience":1236582,"relics_obtained":[{"floor":2.0,"key":"Letter Opener"},{"floor":5.0,"key":"ReplayTheSpireMod:Shallot"},{"floor":8.0,"key":"Odd Mushroom"},{"floor":9.0,"key":"Akabeko"},{"floor":10.0,"key":"Frozen Egg 2"},{"floor":14.0,"key":"Mango"},{"floor":16.0,"key":"Pear"},{"floor":22.0,"key":"ReplayTheSpireMod:Ring of Collecting"},{"floor":22.0,"key":"ReplayTheSpireMod:Ring of Challenge"},{"floor":25.0,"key":"Dream Catcher"},{"floor":27.0,"key":"reliquary:Sideboard"},{"floor":28.0,"key":"Replay:Bottled Snecko"},{"floor":29.0,"key":"MawBank"},{"floor":31.0,"key":"Red Mask"},{"floor":44.0,"key":"animator:HeavyHalberd"},{"floor":45.0,"key":"Bottled Lightning"},{"floor":46.0,"key":"Omamori"},{"floor":55.0,"key":"animator:TheEruzaStone"},{"floor":58.0,"key":"animator:AncientMedallion"},{"floor":65,"key":"animator:AncientMedallion"},{"floor":66,"key":"animator:AncientMedallion"},{"floor":67,"key":"animator:AncientMedallion"},{"floor":67,"key":"animator:AncientMedallion"},{"floor":69,"key":"animator:AncientMedallion"},{"floor":69,"key":"animator:AncientMedallion"}],"event_choices":[{"damage_healed":0.0,"max_hp_gain":0.0,"max_hp_loss":0.0,"gold_gain":0.0,"event_name":"Shining Light","player_choice":"Entered Light","floor":4.0,"gold_loss":0.0,"damage_taken":14.0,"cards_upgraded":["animator:Defend_Kancolle","animator:Strike"]},{"damage_healed":0.0,"max_hp_gain":0.0,"max_hp_loss":0.0,"gold_gain":0.0,"event_name":"Mushrooms","player_choice":"Fought Mushrooms","floor":8.0,"gold_loss":0.0,"damage_taken":0.0},{"damage_healed":0.0,"max_hp_gain":0.0,"max_hp_loss":0.0,"gold_gain":0.0,"event_name":"Addict","player_choice":"Obtained Relic","floor":21.0,"gold_loss":85.0,"damage_taken":0.0,"relics_obtained":["reliquary:SharkskinSheath"]},{"damage_healed":0.0,"max_hp_gain":0.0,"max_hp_loss":0.0,"gold_gain":0.0,"event_name":"Colosseum","player_choice":"Fight","floor":30.0,"gold_loss":0.0,"damage_taken":0.0},{"damage_healed":0.0,"max_hp_gain":0.0,"max_hp_loss":0.0,"gold_gain":0.0,"event_name":"Colosseum","player_choice":"Fled From Nobs","floor":30.0,"gold_loss":0.0,"damage_taken":0.0},{"damage_healed":0.0,"max_hp_gain":0.0,"max_hp_loss":0.0,"gold_gain":0.0,"event_name":"Masked Bandits","player_choice":"Fought Bandits","floor":31.0,"gold_loss":0.0,"damage_taken":0.0},{"damage_healed":33.0,"max_hp_gain":0.0,"max_hp_loss":0.0,"gold_gain":0.0,"event_name":"The Library","player_choice":"Heal","floor":33.0,"gold_loss":0.0,"damage_taken":0.0},{"damage_healed":0.0,"max_hp_gain":0.0,"max_hp_loss":5.0,"gold_gain":0.0,"event_name":"Winding Halls","player_choice":"Max HP","floor":39.0,"gold_loss":0.0,"damage_taken":0.0},{"damage_healed":0.0,"max_hp_gain":0.0,"max_hp_loss":0.0,"gold_gain":0.0,"event_name":"MindBloom","player_choice":"Fight","floor":43.0,"gold_loss":0.0,"damage_taken":0.0},{"damage_healed":0.0,"max_hp_gain":0.0,"max_hp_loss":0.0,"gold_gain":0.0,"event_name":"The Moai Head","player_choice":"Ignored","floor":48.0,"gold_loss":0.0,"damage_taken":0.0},{"damage_healed":0,"gold_gain":0,"player_choice":"Memory 1","damage_taken":0,"max_hp_gain":0,"max_hp_loss":0,"event_name":"SensoryStone","floor":63,"gold_loss":0}],"is_beta":false,"boss_relics":[{"not_picked":["Ectoplasm","SacredBark"],"picked":"reliquary:Craggleroot"},{"not_picked":["Coffee Dripper","ReplayTheSpireMod:DimensionalGlitch"],"picked":"Sozu"}],"items_purged_floors":[11,38],"is_endless":false,"potions_floor_spawned":[3,10,16,23,25,29,35,40,44,47,50,57,65],"ascension_level":11}}