{"host":"qgrlfjrqk9z96gfi","time":1612088850,"event":{"mods":["BaseMod","Block Reminder","Colored Map","Custom Start","DeckTracker","Minty Spire (QoL Compilation)"],"gold_per_floor":[109,9,9,25,175,200,200,40,40,40,59,59,92,105,105,183,183,194,194,51,51,65,65,100,100,100,100,115,150,162,174,174,174,174],"floor_reached":33,"language":"ENG","playtime":1119,"items_purged":["Doubt","Strike_G"],"score":661,"play_id":"77fcdd20-24fa-4cd3-87fa-f6c7aa62d24b","local_time":"20210131002730","is_ascension_mode":true,"campfire_choices":[{"data":"Footwork","floor":10,"key":"SMITH"},{"data":"Dagger Throw","floor":12,"key":"SMITH"},{"data":"Finisher","floor":15,"key":"SMITH"},{"floor":23,"key":"REST"},{"floor":25,"key":"REST"},{"data":"Accuracy","floor":27,"key":"SMITH"},{"floor":32,"key":"REST"}],"circlet_count":0,"master_deck":["AscendersBane","Strike_G","Strike_G","Strike_G","Strike_G","Defend_G","Defend_G","Defend_G","Defend_G+1","Defend_G","Survivor","Neutralize","Skewer+1","Blade Dance+1","Well Laid Plans","All Out Attack","Footwork+1","Infinite Blades","Dagger Throw+1","Accuracy+1","Finisher+1","After Image","PiercingWail+1","Dash","Decay","Backflip","Backflip","Crippling Poison"],"relics":["Ring of the Snake","NeowsBlessing","Strawberry","Mummified Hand","War Paint","Sozu","FossilizedHelix","Pear","Smiling Mask"],"acts_visited":["Exordium","TheCity"],"potions_floor_usage":[13,16,22,29],"damage_taken":[{"damage":0.0,"enemies":"Small Slimes","floor":1.0,"turns":1.0},{"damage":0,"enemies":"2 Louse","floor":4,"turns":1},{"damage":0,"enemies":"3 Sentries","floor":6,"turns":1},{"damage":1,"enemies":"Jaw Worm","floor":11,"turns":4},{"damage":26,"enemies":"Gremlin Nob","floor":13,"turns":4},{"damage":3,"enemies":"Blue Slaver","floor":14,"turns":3},{"damage":8,"enemies":"Slime Boss","floor":16,"turns":7},{"damage":10,"enemies":"Shell Parasite","floor":18,"turns":3},{"damage":17,"enemies":"3 Byrds","floor":22,"turns":5},{"damage":40,"enemies":"Book of Stabbing","floor":24,"turns":6},{"damage":0,"enemies":"Snecko","floor":28,"turns":5},{"damage":30,"enemies":"Gremlin Leader","floor":29,"turns":4},{"damage":10,"enemies":"Centurion and Healer","floor":30,"turns":6},{"damage":0,"enemies":"Sentry and Sphere","floor":31,"turns":7},{"damage":45,"enemies":"Champ","floor":33,"turns":11}],"seed_played":"7512391562719205460","potions_obtained":[{"floor":6,"key":"Explosive Potion"},{"floor":13,"key":"SpeedPotion"},{"floor":14,"key":"Explosive Potion"},{"floor":16,"key":"Swift Potion"}],"is_trial":false,"path_per_floor":["M","$","?","M","?","E","?","$","T","R","M","R","E","M","R","B",null,"M","?","$","?","M","R","E","R","T","R","M","E","M","M","R","B"],"character_chosen":"THE_SILENT","items_purchased":["Blade Dance","Well Laid Plans","Infinite Blades","Dash"],"campfire_rested":3,"item_purchase_floors":[2,2,8,20],"current_hp_per_floor":[59,59,59,59,59,66,71,71,71,71,70,70,44,41,41,33,67,57,57,57,57,40,63,23,46,56,56,56,26,16,16,42,0,0],"gold":174,"neow_bonus":"THREE_ENEMY_KILL","is_daily":false,"chose_seed":false,"campfire_upgraded":4,"win_rate":0.0,"timestamp":1612088850,"path_taken":["M","$","?","M","?","E","?","$","T","R","M","R","E","M","R","BOSS","M","?","$","?","?","R","E","R","T","R","M","E","M","M","R","BOSS"],"items_purchased_type":["Card","Card","Card","Card"],"build_version":"2020-12-22","purchased_purges":2,"victory":false,"max_hp_per_floor":[66,66,66,66,66,73,78,78,78,78,78,78,78,78,78,78,78,78,78,78,78,78,78,78,78,88,88,88,88,88,88,88,88,88],"card_choices":[{"not_picked":["Dodge and Roll","Poisoned Stab"],"picked":"Skewer","floor":1},{"not_picked":["Deadly Poison","Heel Hook"],"picked":"All Out Attack","floor":4},{"not_picked":["Tactician","Endless Agony"],"picked":"Footwork","floor":6},{"not_picked":["PiercingWail","Acrobatics"],"picked":"Dagger Throw","floor":11},{"not_picked":["Backflip","Dagger Spray"],"picked":"Accuracy","floor":13},{"not_picked":["Caltrops","Dagger Spray"],"picked":"Finisher","floor":14},{"not_picked":["Burst","Bullet Time"],"picked":"After Image","floor":16},{"not_picked":["Deflect","Eviscerate"],"picked":"PiercingWail+1","floor":18},{"not_picked":["Deflect","Slice"],"picked":"Backflip","floor":22},{"not_picked":["Flying Knee","PiercingWail","Storm of Steel"],"picked":"SKIP","floor":24},{"not_picked":["Deadly Poison","Quick Slash"],"picked":"Backflip","floor":28},{"not_picked":["Underhanded Strike","Blur"],"picked":"Crippling Poison","floor":29},{"not_picked":["Acrobatics","Riddle With Holes","PiercingWail"],"picked":"SKIP","floor":30},{"not_picked":["Dagger Throw+1","PiercingWail","Well Laid Plans"],"picked":"SKIP","floor":31}],"player_experience":1091087,"relics_obtained":[{"floor":6,"key":"Strawberry"},{"floor":9,"key":"Mummified Hand"},{"floor":13,"key":"War Paint"},{"floor":24,"key":"FossilizedHelix"},{"floor":26,"key":"Pear"},{"floor":29,"key":"Smiling Mask"}],"event_choices":[{"damage_healed":0,"gold_gain":0,"player_choice":"Grow","damage_taken":0,"max_hp_gain":0,"max_hp_loss":0,"event_name":"Living Wall","floor":3,"gold_loss":0,"cards_upgraded":["Skewer"]},{"damage_healed":0,"gold_gain":150,"player_choice":"AGREE","damage_taken":0,"max_hp_gain":0,"max_hp_loss":0,"event_name":"Liars Game","floor":5,"gold_loss":0,"cards_obtained":["Doubt"]},{"damage_healed":0,"gold_gain":0,"player_choice":"Donut","damage_taken":0,"max_hp_gain":5,"max_hp_loss":0,"event_name":"Big Fish","floor":7,"gold_loss":0},{"damage_healed":0,"gold_gain":0,"player_choice":"Ignored","damage_taken":0,"max_hp_gain":0,"max_hp_loss":0,"event_name":"Cursed Tome","floor":19,"gold_loss":0},{"damage_healed":0,"gold_gain":0,"player_choice":"Smashed Altar","damage_taken":0,"max_hp_gain":0,"max_hp_loss":0,"event_name":"Forgotten Altar","floor":21,"gold_loss":0,"cards_obtained":["Decay"]}],"is_beta":false,"boss_relics":[{"not_picked":["Runic Pyramid","Astrolabe"],"picked":"Sozu"}],"items_purged_floors":[8,20],"is_endless":false,"potions_floor_spawned":[6,13,14,16,29,31],"killed_by":"Champ","ascension_level":20}}