{"host":"sd43e7bfckslw1n5","time":1612076441,"event":{"mods":["BaseMod","Colored Powertips","Hermit","Minty Spire (QoL Compilation)","StSLib","Steal the Spire","The Wild Card"],"gold_per_floor":[111,128,143,153,167,201,213,225,237,249,249],"floor_reached":10,"language":"ENG","playtime":639,"items_purged":[],"score":74,"play_id":"51a8d72c-0a86-43df-9eef-6ab0ad76e91e","local_time":"20210131010041","is_ascension_mode":true,"campfire_choices":[{"data":"theWildCard:Michael","floor":8.0,"key":"SMITH"}],"circlet_count":0,"master_deck":["theWildCard:BasicStrike","theWildCard:BasicStrike","theWildCard:BasicStrike","theWildCard:BasicStrike","theWildCard:BasicDefend","theWildCard:BasicDefend","theWildCard:BasicDefend","theWildCard:BasicDefend","theWildCard:CallToAdventure","theWildCard:Arsene","theWildCard:Alice","theWildCard:Michael+1","theWildCard:StingingStrike","theWildCard:StingingStrike","theWildCard:ArcanaArtistry","theWildCard:MagicalMight"],"relics":["theWildCard:VelvetContract","NeowsBlessing","MawBank","Darkstone Periapt","Shuriken"],"acts_visited":["Exordium"],"potions_floor_usage":[],"damage_taken":[{"damage":0.0,"enemies":"Cultist","floor":1.0,"turns":1.0},{"damage":0.0,"enemies":"Jaw Worm","floor":2.0,"turns":1.0},{"damage":0.0,"enemies":"Small Slimes","floor":3.0,"turns":1.0},{"damage":0.0,"enemies":"2 Fungi Beasts","floor":4.0,"turns":3.0},{"damage":18.0,"enemies":"3 Louse","floor":5.0,"turns":4.0},{"damage":14.0,"enemies":"Lagavulin","floor":6.0,"turns":5.0},{"damage":30,"enemies":"3 Sentries","floor":10,"turns":4}],"seed_played":"-7043083845529068914","potions_obtained":[{"floor":1.0,"key":"BlessingOfTheForge"},{"floor":2.0,"key":"BlessingOfTheForge"},{"floor":5.0,"key":"EntropicBrew"},{"floor":6.0,"key":"GamblersBrew"}],"is_trial":false,"path_per_floor":["M","M","M","M","M","E","?","R","T","E"],"character_chosen":"THE_WILD_CARD","items_purchased":[],"campfire_rested":0,"item_purchase_floors":[],"current_hp_per_floor":[60,60,60,60,42,28,25,25,25,0,0],"gold":249,"neow_bonus":"THREE_ENEMY_KILL","is_daily":false,"chose_seed":false,"campfire_upgraded":1,"win_rate":0.0,"timestamp":1612076441,"path_taken":["M","M","M","M","M","E","?","R","T","E"],"items_purchased_type":[],"build_version":"2020-12-22","purchased_purges":0,"victory":false,"max_hp_per_floor":[60,60,60,60,60,60,60,60,60,60,60],"card_choices":[{"not_picked":["theWildCard:StalwartBlade","theWildCard:ArcaneArts"],"picked":"theWildCard:Alice","floor":1.0},{"not_picked":["theWildCard:ManOfManyFaces","theWildCard:Attunement"],"picked":"theWildCard:Michael","floor":2.0},{"not_picked":["theWildCard:ShieldOfMany","theWildCard:SacrificialStroke"],"picked":"theWildCard:StingingStrike","floor":3.0},{"not_picked":["theWildCard:Proficiency","theWildCard:EnergizedStroke"],"picked":"theWildCard:StingingStrike","floor":4.0},{"not_picked":["theWildCard:SacrificialStroke","theWildCard:Caesar"],"picked":"theWildCard:ArcanaArtistry","floor":5.0},{"not_picked":["theWildCard:EnergizedStroke","theWildCard:CryOfAgony"],"picked":"theWildCard:MagicalMight","floor":6.0}],"player_experience":80688,"relics_obtained":[{"floor":6.0,"key":"MawBank"},{"floor":9.0,"key":"Shuriken"}],"event_choices":[{"damage_healed":0.0,"max_hp_gain":0.0,"max_hp_loss":0.0,"gold_gain":0.0,"event_name":"Scrap Ooze","player_choice":"Success","floor":7.0,"gold_loss":0.0,"damage_taken":3.0,"relics_obtained":["Darkstone Periapt"]}],"is_beta":false,"boss_relics":[],"items_purged_floors":[],"is_endless":false,"potions_floor_spawned":[1,2,5,6],"killed_by":"3 Sentries","ascension_level":1}}