{"host":"oeh4wb93hhtrshvk","time":1612115815,"event":{"mods":["2.2 Compatiblity","AchievementEnabler","Act Like it!","Aspiration","BaseMod","Better Skull","Better Third Choice","Block Reminder","Card Filter","Colored Powertips","Conspire","Curses Come First","Defuse TimeMaze Blight","Displayed Cursed Tome","Downfall","Energized Spire","GifTheSpireLib","Hermit","Hubris","Infinite Spire","Marisa????????","Minty Spire (QoL Compilation)","Monster B Gone","Pale of the Ancients","Poor People Problems","Quick Restart","Rare Cards Sparkle","Relic Filter","Reliquary","Replay The Spire","Shop Mod","Spicy Shops","StS++","StSLib","The Blue Laboratory","The Cursed","The Disciple","Transform Curses","Wandering Minibosses","Weighted Paths","Wide Potions"],"gold_per_floor":[109,109,109,109,109,109,119,119,144,169,179,191,65,15,15,114,114,301,301,382,399,526,526,537,95,95,112,128,153,183,195,248,351,351,394,407,433,433,452,452,452],"floor_reached":40,"language":"FRA","playtime":1854,"items_purged":[],"score":578,"play_id":"1f94682f-9fe4-47f9-9b9d-1026bedbd1a5","local_time":"20210131185655","daily_mods":["Heirloom","DeadlyEvents"],"is_ascension_mode":false,"campfire_choices":[{"data":"Eruption","floor":6,"key":"SMITH"},{"data":"Vigilance","floor":8,"key":"SMITH"},{"data":"EmptyBody","floor":15,"key":"SMITH"},{"data":"Defend_P","floor":23,"key":"SMITH"}],"circlet_count":0,"master_deck":["Strike_P","Strike_P","Strike_P","Strike_P","Defend_P","Defend_P","Defend_P","Defend_P+1","Eruption+1","Vigilance+1","ReachHeaven+1","Consecrate+1","EmptyBody+1","FlurryOfBlows+1","FlyingSleeves+1","Ragnarok+1","RitualDagger+1","Consecrate+1","Crescendo+1","Evaluate","StSpp:Cataclysm+1","FlurryOfBlows+1","StSpp:VitalPoint+1"],"relics":["HolyWater","StSpp:GiftCard","Molten Egg 2","StoneCalendar","Pondfish Scales","Tiny Chest","infinitespire:WardingShard","reliquary:Boomerang","infinitespire:Cupcake","Replay:Bottled Steam","aspiration:SeaSaltIceCream","Membership Card","Replay:Bottled Flurry","reliquary:Dhvaja","Oddly Smooth Stone","reliquary:Stiletto"],"acts_visited":["Exordium","TheCity","TheBeyond"],"potions_floor_usage":[16,29,29,33,33,33,40],"damage_taken":[{"damage":0,"enemies":"Small Slimes","floor":1,"turns":3},{"damage":1,"enemies":"Jaw Worm","floor":7,"turns":3},{"damage":26,"enemies":"Lagavulin","floor":10,"turns":3},{"damage":0,"enemies":"Cultist","floor":11,"turns":2},{"damage":10,"enemies":"Looter","floor":12,"turns":3},{"damage":0,"enemies":"Fading Forest","floor":16,"turns":11},{"damage":7,"enemies":"2 Thieves","floor":18,"turns":6},{"damage":0,"enemies":"Shell Parasite","floor":21,"turns":2},{"damage":8,"enemies":"Snake Plant","floor":22,"turns":5},{"damage":7,"enemies":"conspire:HollyBat","floor":24,"turns":7},{"damage":0,"enemies":"3 Cultists","floor":27,"turns":5},{"damage":8,"enemies":"Centurion and Healer","floor":28,"turns":4},{"damage":26,"enemies":"Book of Stabbing","floor":29,"turns":5},{"damage":0,"enemies":"Slavers","floor":30,"turns":3},{"damage":0,"enemies":"conspire:HollyBat","floor":31,"turns":6},{"damage":0,"enemies":"Collector","floor":33,"turns":5},{"damage":24,"enemies":"3 Darklings","floor":35,"turns":5},{"damage":3,"enemies":"3 Shapes","floor":36,"turns":3},{"damage":17,"enemies":"Writhing Mass","floor":39,"turns":4},{"damage":43,"enemies":"Nemesis","floor":40,"turns":4}],"seed_played":"2721895130623214409","potions_obtained":[{"floor":12,"key":"blueLaboratory:AbyssPotion"},{"floor":21,"key":"BottledMiracle"},{"floor":24,"key":"blueLaboratory:EmptyBottle"},{"floor":30,"key":"GamblersBrew"},{"floor":31,"key":"champ:CounterPotion"},{"floor":39,"key":"blueLaboratory:FaithlessPotion"}],"is_trial":true,"path_per_floor":["M","?","?","T","?","R","M","R","T","E","M","M","$","?","R","B",null,"M","?","T","M","M","R","M","$","T","M","M","E","E","M","R","B",null,"M","M","T","?","M","E"],"character_chosen":"WATCHER","items_purchased":["AttackPotion","blueLaboratory:FaithlessPotion","reliquary:Boomerang","FlyingSleeves+1","aspiration:SeaSaltIceCream","Evaluate","StSpp:Cataclysm+1","Fire Potion","blueLaboratory:BottledHope","FlurryOfBlows+1"],"campfire_rested":0,"item_purchase_floors":[13,13,13,13,25,25,25,25,25,25],"current_hp_per_floor":[72,72,72,72,65,65,64,64,64,38,38,28,28,28,28,38,72,65,59,59,59,51,51,44,44,44,44,36,10,10,10,10,10,72,48,45,45,45,28,0,0],"gold":452,"neow_bonus":"","is_daily":false,"chose_seed":false,"campfire_upgraded":4,"win_rate":0.0,"timestamp":1612115815,"path_taken":["M","?","?","?","?","R","?","R","T","?","M","M","$","?","R","BOSS","M","?","?","?","M","R","M","$","T","M","M","?","?","M","R","BOSS","M","M","?","?","M","E"],"items_purchased_type":["Potion","Potion","Relic","Card","Relic","Card","Card","Potion","Potion","Card"],"build_version":"2020-12-22","purchased_purges":0,"victory":false,"max_hp_per_floor":[72,72,72,72,72,72,72,72,72,72,72,72,72,72,72,72,72,72,72,72,72,72,72,72,72,72,72,72,72,72,72,72,72,72,72,72,72,72,72,72,72],"card_choices":[{"not_picked":["Protect","Evaluate","Replay:Cycle"],"picked":"SKIP","floor":1},{"not_picked":["Wireheading","Sanctity"],"picked":"ReachHeaven+1","floor":7},{"not_picked":["FlyingSleeves+1","ClearTheMind"],"picked":"Consecrate+1","floor":10},{"not_picked":["PathToVictory","ClearTheMind"],"picked":"EmptyBody","floor":11},{"not_picked":["Vengeance","Wireheading"],"picked":"FlurryOfBlows+1","floor":12},{"not_picked":["Replay:AllIn","Replay:LoomingThreat"],"picked":"Ragnarok+1","floor":16},{"not_picked":["Halt","Prostrate","ClearTheMind"],"picked":"SKIP","floor":18},{"not_picked":["StSpp:LatentStrike+1","ClearTheMind"],"picked":"Consecrate+1","floor":21},{"not_picked":["Halt","Replay:Cycle+1","CutThroughFate+1"],"picked":"SKIP","floor":22},{"not_picked":["Meditate","Replay:ManipulateFuture"],"picked":"Crescendo+1","floor":24},{"not_picked":["Prostrate","Consecrate+1","SashWhip+1"],"picked":"SKIP","floor":27},{"not_picked":["PathToVictory","EmptyFist+1","MasterReality"],"picked":"SKIP","floor":28},{"not_picked":["StSpp:Chanting+1","FlyingSleeves+1","EmptyBody"],"picked":"SKIP","floor":29},{"not_picked":["Replay:Battleflow","Replay:BluntJabs+1","SashWhip+1"],"picked":"SKIP","floor":30},{"not_picked":["FlurryOfBlows+1","StSpp:LatentStrike+1","ForeignInfluence"],"picked":"SKIP","floor":31},{"not_picked":["Brilliance+1","Blasphemy"],"picked":"StSpp:VitalPoint","floor":33},{"not_picked":["Replay:AtTheReady+1","Replay:Cycle+1","Prostrate"],"picked":"SKIP","floor":35},{"not_picked":["PathToVictory","FlyingSleeves+1","Protect"],"picked":"SKIP","floor":36},{"not_picked":["Replay:Hum+1","Replay:AtTheReady","Evaluate+1"],"picked":"SKIP","floor":39}],"player_experience":654901,"relics_obtained":[{"floor":4,"key":"Pondfish Scales"},{"floor":9,"key":"Tiny Chest"},{"floor":10,"key":"infinitespire:WardingShard"},{"floor":20,"key":"Replay:Bottled Steam"},{"floor":26,"key":"Replay:Bottled Flurry"},{"floor":29,"key":"reliquary:Dhvaja"},{"floor":30,"key":"Oddly Smooth Stone"},{"floor":37,"key":"reliquary:Stiletto"}],"event_choices":[{"damage_healed":0,"gold_gain":0,"player_choice":"Box","damage_taken":0,"relics_obtained":["StoneCalendar"],"max_hp_gain":0,"max_hp_loss":0,"event_name":"Big Fish","floor":3,"gold_loss":0,"cards_obtained":["Regret"]},{"cards_removed":["Regret"],"damage_healed":0,"gold_gain":0,"player_choice":"Card Removal","damage_taken":7,"max_hp_gain":0,"max_hp_loss":0,"event_name":"Golden Wing","floor":5,"gold_loss":0},{"cards_removed":["Injury"],"damage_healed":0,"gold_gain":0,"player_choice":"Card Removal","damage_taken":0,"max_hp_gain":0,"max_hp_loss":0,"event_name":"The Cleric","floor":14,"gold_loss":50},{"damage_healed":0,"gold_gain":0,"player_choice":"Dagger","damage_taken":6,"max_hp_gain":0,"max_hp_loss":0,"event_name":"betterThird:BetterNest","floor":19,"gold_loss":0,"cards_obtained":["RitualDagger"]},{"damage_healed":0,"gold_gain":0,"player_choice":"Upgraded","damage_taken":0,"max_hp_gain":0,"max_hp_loss":0,"event_name":"Upgrade Shrine","floor":38,"gold_loss":0,"cards_upgraded":["StSpp:VitalPoint"]}],"is_beta":false,"boss_relics":[{"not_picked":["hubris:HollowSoul","Honey Jar"],"picked":"infinitespire:Cupcake"},{"not_picked":["reliquary:RedCape","energizedSpire:CrystalSphere"],"picked":"HolyWater"}],"items_purged_floors":[],"is_endless":false,"potions_floor_spawned":[12,21,24,28,30,31,39],"killed_by":"Nemesis","ascension_level":0}}