{"host":"g7mkzn6qfoxkk5sz","time":1612084202,"event":{"mods":["BaseMod","Colored Map","Colored Powertips","Downfall","Hermit","Marisa????????","Minty Spire (QoL Compilation)","StSLib","The Animator","The Bug Knight","The Servant 0.9.4"],"gold_per_floor":[99,99,119,4,14,30,79,107,107,39,39,24,52,65,85,182,182,182,195,213,298,398,433,456,456,32,32,32,32,52,71,86,182,182,182,194,194,46,58,76,76,76,91,91,109,59,78,78,78,78],"floor_reached":51,"language":"ENG","playtime":4675,"items_purged":["Slimebound:Strike_Slimebound","downfall:Bewildered","Shame","Slimebound:Strike_Slimebound"],"score":678,"play_id":"8a487d04-c3c2-4e22-aa80-f214e83080f2","local_time":"20210131111002","is_ascension_mode":false,"campfire_choices":[{"data":"Slimebound:Split","floor":1,"key":"SMITH"},{"data":"Slimebound:LivingWall","floor":9,"key":"SMITH"},{"floor":11,"key":"REST"},{"data":"Slimebound:MassRepurpose","floor":18,"key":"SMITH"},{"data":"Slimebound:Grow","floor":27,"key":"SMITH"},{"data":"Slimebound:Prepare","floor":35,"key":"SMITH"},{"floor":44,"key":"REST"}],"circlet_count":0,"master_deck":["Slimebound:Strike_Slimebound","Slimebound:Tackle","Slimebound:Defend_Slimebound","Slimebound:Defend_Slimebound","Slimebound:Defend_Slimebound","Slimebound:Defend_Slimebound","Slimebound:Split+1","Slimebound:CorrosiveSpit+1","Slimebound:PressTheAttack","Slimebound:LivingWall+1","Slimebound:Schlurp","Slimebound:SplitAcid","Slimebound:Grow+1","Slimebound:LeechingTouch","Slimebound:Schlurp","Slimebound:SlimeSpikes","Slimebound:MegaLick","Slimebound:Gluttony","Slimebound:ComboTackle","Slimebound:GrowthPunch","Slimebound:MassRepurpose+1","Slimebound:LeechEnergy","Slimebound:RollThrough+1","Slimebound:CheckThePlaybook","animator:Curse_GriefSeed","Slimebound:Repurpose+1","Clumsy","Slimebound:MegaLick+1","RitualDagger","Slimebound:Prepare+1","Slimebound:SplitBruiser","Slimebound:MinionMaster","Slimebound:SplitMire","expansioncontent:HyperBeam","Slimebound:ServeAndProtect","Injury","Slimebound:CheckThePlaybook","Slimebound:Split+1","downfall:Bewildered","Slimebound:AcidTongue+1","Slimebound:ItLooksTasty+1","Slimebound:SplitAcid+1"],"relics":["Slimebound:AbsorbEndCombat","Centennial Puzzle","Smiling Mask","CaptainsWheel","Lizard Tail","Philosopher\u0027s Stone","downfall:ExtraCursedKey","Incense Burner","Pen Nib","Mummified Hand","Matryoshka","Slimebound:SelfDamagePreventRelic","Black Star","MealTicket","Sundial","Spirit Poop"],"acts_visited":["Exordium","TheCity","TheBeyond"],"potions_floor_usage":[10,26,26,26,33,33,49,50,50],"damage_taken":[{"damage":0,"enemies":"2 Louse","floor":3,"turns":3},{"damage":3,"enemies":"downfall:FleeingMerchant","floor":4,"turns":4},{"damage":3,"enemies":"Cultist","floor":5,"turns":2},{"damage":6,"enemies":"Small Slimes","floor":6,"turns":3},{"damage":41,"enemies":"Gremlin Nob","floor":8,"turns":4},{"damage":13,"enemies":"downfall:FleeingMerchant","floor":10,"turns":4},{"damage":0,"enemies":"downfall:FleeingMerchant","floor":12,"turns":4},{"damage":11,"enemies":"3 Sentries","floor":13,"turns":7},{"damage":0,"enemies":"3 Louse","floor":14,"turns":5},{"damage":2,"enemies":"Blue Slaver","floor":15,"turns":4},{"damage":24,"enemies":"WA_ARCHETYPE_RETAIN","floor":16,"turns":10},{"damage":5,"enemies":"Shell Parasite","floor":19,"turns":6},{"damage":1,"enemies":"Chosen","floor":20,"turns":6},{"damage":34,"enemies":"Book of Stabbing","floor":23,"turns":5},{"damage":4,"enemies":"downfall:FleeingMerchant","floor":26,"turns":3},{"damage":0,"enemies":"Snake Plant","floor":30,"turns":2},{"damage":13,"enemies":"Shelled Parasite and Fungi","floor":31,"turns":4},{"damage":4,"enemies":"Sentry and Sphere","floor":32,"turns":3},{"damage":19,"enemies":"DF_ARCHETYPE_CLAW","floor":33,"turns":7},{"damage":27,"enemies":"3 Shapes","floor":36,"turns":5},{"damage":23,"enemies":"3 Darklings","floor":39,"turns":7},{"damage":4,"enemies":"Jaw Worm Horde","floor":40,"turns":7},{"damage":18,"enemies":"Writhing Mass","floor":43,"turns":5},{"damage":1,"enemies":"Maw","floor":45,"turns":6},{"damage":18,"enemies":"4 Shapes","floor":47,"turns":5},{"damage":0,"enemies":"3 Darklings","floor":49,"turns":1},{"damage":19,"enemies":"SI_POISON_ARCHETYPE","floor":50,"turns":12}],"seed_played":"5498271349619790091","potions_obtained":[{"floor":8,"key":"Weak Potion"},{"floor":13,"key":"Slimebound:ThreeZeroPotion"},{"floor":14,"key":"DuplicationPotion"},{"floor":23,"key":"Guardian:BlockOnCardUsePotion"},{"floor":30,"key":"DuplicationPotion"},{"floor":31,"key":"hexamod:SoulburnPotion"},{"floor":32,"key":"SmokeBomb"}],"is_trial":false,"path_per_floor":["R","?","M","$","M","M","T","E","R","$","R","$","E","M","M","B",null,"R","M","M","?","?","E","T","?","$","R","?","$","M","M","M","B",null,"R","M","?","$","M","M","T","?","M","R","M","$","M","?","M","B",null],"character_chosen":"SLIMEBOUND","items_purchased":["Slimebound:Schlurp","Slimebound:SlimeSpikes","Mummified Hand","Matryoshka","Slimebound:SelfDamagePreventRelic","LiquidBronze","Block Potion","Dexterity Potion"],"campfire_rested":2,"item_purchase_floors":[4,10,26,26,26,26,38,38],"current_hp_per_floor":[65,65,65,65,64,61,61,26,26,17,36,40,37,39,41,25,65,65,65,65,53,58,32,32,32,36,36,30,30,32,27,31,20,70,70,49,49,49,34,38,38,38,22,43,50,65,51,51,51,40],"gold":78,"neow_bonus":"RANDOM_COMMON_RELIC","is_daily":false,"chose_seed":false,"campfire_upgraded":5,"win_rate":0.0,"timestamp":1612084202,"path_taken":["R","?","?","$","M","M","T","E","R","$","R","$","E","M","M","BOSS","R","M","M","?","?","E","T","?","?","R","?","$","M","M","M","BOSS","R","M","?","$","M","M","T","?","?","R","M","$","M","?","M","BOSS"],"items_purchased_type":["Card","Card","Relic","Relic","Relic","Potion","Potion","Potion"],"build_version":"2020-12-22","purchased_purges":4,"victory":true,"max_hp_per_floor":[65,65,65,65,65,65,65,65,65,65,65,65,65,65,65,65,65,65,65,65,65,70,70,70,70,70,70,70,70,70,70,70,70,70,70,70,70,70,70,70,70,70,70,70,70,70,70,70,70,70],"card_choices":[{"not_picked":["Slimebound:FinishingTackle","Slimebound:FormOfPuddle"],"picked":"Slimebound:PressTheAttack","floor":3},{"not_picked":["Slimebound:RejuvenatingLick","Slimebound:GoopTackle"],"picked":"Slimebound:LivingWall","floor":4},{"not_picked":["Slimebound:GoopSpray","Slimebound:Nibble"],"picked":"Slimebound:SplitAcid","floor":5},{"not_picked":["Slimebound:SplitBruiser","Slimebound:SlimeBrawl"],"picked":"Slimebound:Grow","floor":6},{"not_picked":["Slimebound:PrepareCrush","Slimebound:ProtectTheBoss"],"picked":"Slimebound:LeechingTouch","floor":8},{"not_picked":["Slimebound:SplitBruiser","Slimebound:DouseInSlime"],"picked":"Slimebound:Schlurp","floor":10},{"not_picked":["Slimebound:SlimeSpikes","Slimebound:SplitBruiser"],"picked":"Slimebound:MegaLick","floor":12},{"not_picked":["Slimebound:LeechingTouch","Slimebound:GrowthPunch"],"picked":"Slimebound:Gluttony","floor":13},{"not_picked":["Slimebound:SplitAcid","Slimebound:PressTheAttack"],"picked":"Slimebound:ComboTackle","floor":14},{"not_picked":["Slimebound:BestDefense","Slimebound:DouseInSlime"],"picked":"Slimebound:GrowthPunch","floor":15},{"not_picked":["Slimebound:DouseInSlime","Slimebound:SelfFormingGoo"],"picked":"Slimebound:MassRepurpose","floor":16},{"not_picked":["Slimebound:SlimeBarrage","Slimebound:PressTheAttack"],"picked":"Slimebound:LeechEnergy","floor":19},{"not_picked":["Slimebound:MegaLick","Slimebound:LeechingTouch+1"],"picked":"Slimebound:RollThrough+1","floor":20},{"not_picked":["Slimebound:Overexert","Slimebound:Dissolve"],"picked":"Slimebound:Repurpose+1","floor":23},{"not_picked":["Slimebound:FinishingTackle","Slimebound:ProtectTheBoss"],"picked":"Slimebound:MegaLick+1","floor":26},{"not_picked":["Slimebound:DivideAndConquer","Slimebound:ItLooksTasty+1","Slimebound:TongueLash"],"picked":"SKIP","floor":30},{"not_picked":["Slimebound:TongueLash","Slimebound:LeechingTouch"],"picked":"Slimebound:Prepare","floor":31},{"not_picked":["Slimebound:Teamwork","Slimebound:LeechEnergy"],"picked":"Slimebound:SplitBruiser","floor":32},{"not_picked":["Slimebound:FirmFortitude","Slimebound:SelfFormingGoo"],"picked":"Slimebound:MinionMaster","floor":33},{"not_picked":["Slimebound:SplitAcid+1","Slimebound:GoopTackle+1"],"picked":"Slimebound:SplitMire","floor":36},{"not_picked":["expansioncontent:LastStand","expansioncontent:YouAreMine"],"picked":"expansioncontent:HyperBeam","floor":37},{"not_picked":["Slimebound:RejuvenatingLick","Slimebound:GrowthPunch+1"],"picked":"Slimebound:ServeAndProtect","floor":39},{"not_picked":["Slimebound:SlimeBrawl","Slimebound:Schlurp","Slimebound:LeechingTouch+1"],"picked":"SKIP","floor":40},{"not_picked":["Slimebound:PressTheAttack+1","Slimebound:DouseInSlime"],"picked":"Slimebound:AcidTongue+1","floor":43},{"not_picked":["Slimebound:LeechEnergy+1","Slimebound:Dissolve"],"picked":"Slimebound:ItLooksTasty+1","floor":45},{"not_picked":["Slimebound:SamplingLick","Slimebound:Dissolve+1"],"picked":"Slimebound:SplitAcid+1","floor":47}],"player_experience":445958,"relics_obtained":[{"floor":7,"key":"Smiling Mask"},{"floor":8,"key":"CaptainsWheel"},{"floor":13,"key":"Lizard Tail"},{"floor":23,"key":"Incense Burner"},{"floor":24,"key":"Pen Nib"},{"floor":41,"key":"MealTicket"},{"floor":41,"key":"Sundial"}],"event_choices":[{"cards_removed":["animator:Curse_Greed"],"damage_healed":0,"gold_gain":0,"player_choice":"Offered Curse","damage_taken":0,"relics_obtained":["Spirit Poop"],"max_hp_gain":0,"max_hp_loss":0,"event_name":"Bonfire Elementals","floor":48,"gold_loss":0}],"is_beta":false,"boss_relics":[{"not_picked":["Snecko Eye","Sozu"],"picked":"Philosopher\u0027s Stone"},{"not_picked":["Busted Crown","Runic Pyramid"],"picked":"Black Star"}],"items_purged_floors":[4,26,38,46],"is_endless":false,"potions_floor_spawned":[8,13,14,23,30,31,32,39,43,49],"ascension_level":0}}