{"host":"mb4cisebr17g8vuz","time":1612057191,"event":{"mods":["AchievementEnabler","BaseMod","Colored Map","Colored Powertips","Minty Spire (QoL Compilation)","SuperFastMode","everything is the same but u backflip on backflip"],"gold_per_floor":[111,129,143,143,143,143,157,171,171,181,200,219,219,219,219,219,219],"floor_reached":16,"language":"KOR","playtime":381,"items_purged":[],"score":198,"play_id":"d1fb350d-fca8-4572-ada2-633627eb853e","local_time":"20210130203951","is_ascension_mode":true,"campfire_choices":[{"data":"Inflame","floor":6,"key":"SMITH"},{"data":"Body Slam","floor":13,"key":"SMITH"},{"floor":15,"key":"REST"}],"circlet_count":0,"master_deck":["AscendersBane","Strike_R","Strike_R","Strike_R","Strike_R","Defend_R","Defend_R","Defend_R","Defend_R","Bash","Inflame+1","Pommel Strike","Iron Wave","Feed","Body Slam+1","Flex","Dual Wield"],"relics":["Burning Blood","Orichalcum","Happy Flower","Pear"],"acts_visited":["Exordium"],"potions_floor_usage":[12,16],"damage_taken":[{"damage":1,"enemies":"Cultist","floor":1,"turns":4},{"damage":8,"enemies":"2 Louse","floor":2,"turns":5},{"damage":12,"enemies":"Jaw Worm","floor":3,"turns":3},{"damage":12,"enemies":"Exordium Wildlife","floor":7,"turns":4},{"damage":19,"enemies":"3 Louse","floor":8,"turns":4},{"damage":1,"enemies":"2 Fungi Beasts","floor":10,"turns":3},{"damage":11,"enemies":"Blue Slaver","floor":11,"turns":3},{"damage":5,"enemies":"Looter","floor":12,"turns":5},{"damage":61,"enemies":"The Guardian","floor":16,"turns":8}],"seed_played":"3952055614529317086","potions_obtained":[{"floor":1,"key":"Dexterity Potion"},{"floor":7,"key":"Explosive Potion"}],"is_trial":false,"path_per_floor":["M","M","M","?","?","R","M","M","T","M","M","M","R","T","R","B"],"character_chosen":"IRONCLAD","items_purchased":[],"campfire_rested":1,"item_purchase_floors":[],"current_hp_per_floor":[80,78,72,37,30,30,24,14,14,22,17,21,21,31,61,0,0],"gold":219,"neow_bonus":"TEN_PERCENT_HP_BONUS","is_daily":false,"chose_seed":false,"campfire_upgraded":2,"win_rate":0.0,"timestamp":1612057191,"path_taken":["M","M","M","?","?","R","M","M","T","M","M","?","R","?","R","BOSS"],"items_purchased_type":[],"build_version":"2020-12-22","purchased_purges":0,"victory":false,"max_hp_per_floor":[82,82,82,82,82,82,82,85,85,88,88,91,91,101,101,101,101],"card_choices":[{"not_picked":["Flex","Thunderclap"],"picked":"Inflame","floor":1},{"not_picked":["Shrug It Off","Clash"],"picked":"Pommel Strike","floor":2},{"not_picked":["Warcry","Rampage"],"picked":"Iron Wave","floor":3},{"not_picked":["Thunderclap","Twin Strike"],"picked":"Feed","floor":7},{"not_picked":["Clothesline","Heavy Blade","Combust"],"picked":"SKIP","floor":8},{"not_picked":["Hemokinesis","Iron Wave"],"picked":"Body Slam","floor":10},{"not_picked":["Berserk","Combust"],"picked":"Flex","floor":11},{"not_picked":["Ghostly Armor","Perfected Strike"],"picked":"Dual Wield","floor":12}],"player_experience":234186,"relics_obtained":[{"floor":9,"key":"Happy Flower"},{"floor":14,"key":"Pear"}],"event_choices":[{"damage_healed":0,"gold_gain":0,"player_choice":"Success","damage_taken":35,"relics_obtained":["Orichalcum"],"max_hp_gain":0,"max_hp_loss":0,"event_name":"Scrap Ooze","floor":4,"gold_loss":0},{"cards_removed":["Strike_R"],"damage_healed":0,"gold_gain":0,"player_choice":"Card Removal","damage_taken":7,"max_hp_gain":0,"max_hp_loss":0,"event_name":"Golden Wing","floor":5,"gold_loss":0}],"is_beta":false,"boss_relics":[],"items_purged_floors":[],"is_endless":false,"potions_floor_spawned":[1,7],"killed_by":"The Guardian","ascension_level":16}}