{"host":"yqw1zpryoutrnocq","time":1612055160,"event":{"mods":["2.2 Compatiblity","AchievementEnabler","BaseMod","Colored Map","Custom Start","DeckTracker","Minty Spire (QoL Compilation)","StSLib","SuperFastMode"],"gold_per_floor":[112,187,187,198,216,216,249,249,275,285,296,296,45,71,71,174,174,185,196,70,70,70,103,103,23,23,57,73,73,36,54,54,152,152,170,185,39,39,57,57,91,91,91,20,20,70,70,95,95,95,95,95,45,71,71],"floor_reached":56,"language":"KOR","playtime":1963,"items_purged":["Strike_B"],"score":1295,"play_id":"1753a8fc-f342-478a-8d95-5c9a76ddb306","local_time":"20210130190600","is_ascension_mode":true,"campfire_choices":[{"data":"Coolheaded","floor":6.0,"key":"SMITH"},{"data":"Lockon","floor":8.0,"key":"SMITH"},{"data":"White Noise","floor":15.0,"key":"SMITH"},{"data":"Capacitor","floor":24.0,"key":"SMITH"},{"floor":32.0,"key":"DIG"},{"floor":40.0,"key":"DIG"},{"floor":42.0,"key":"DIG"},{"floor":45.0,"key":"RECALL"},{"floor":49.0,"key":"DIG"},{"floor":52,"key":"DIG"}],"circlet_count":0,"master_deck":["Defend_B","Defend_B","Zap+1","Dualcast","Lockon+1","Coolheaded+1","Reboot","White Noise+1","Skim","Cold Snap","Echo Form","Force Field","Sweeping Beam","Coolheaded","Static Discharge","Cold Snap","Capacitor+1","Loop","Cold Snap+1","Aggregate+1","Conserve Battery+1","Writhe","Defragment","Redo+1","Seek+1","Blizzard+1","Consume+1","Turbo+1","Redo+1","Self Repair","Blizzard","Dramatic Entrance","Panache","Mayhem","Steam+1","Stack+1","Defragment","Defragment+1","Fusion+1","Capacitor+1","Ball Lightning","White Noise+1"],"relics":["Cracked Core","NeowsBlessing","Orichalcum","Bronze Scales","Letter Opener","Bird Faced Urn","Snecko Eye","Prayer Wheel","Toxic Egg 2","Eternal Feather","Shovel","Toy Ornithopter","Sozu","Symbiotic Virus","Girya","Art of War","Lizard Tail","Pocketwatch","Blood Vial","Pantograph","Pen Nib"],"acts_visited":["Exordium","TheCity","TheBeyond","TheEnding"],"potions_floor_usage":[],"damage_taken":[{"damage":0.0,"enemies":"Jaw Worm","floor":1.0,"turns":1.0},{"damage":0.0,"enemies":"Small Slimes","floor":4.0,"turns":1.0},{"damage":0.0,"enemies":"Cultist","floor":5.0,"turns":1.0},{"damage":30.0,"enemies":"Lagavulin","floor":7.0,"turns":6.0},{"damage":5.0,"enemies":"Blue Slaver","floor":10.0,"turns":3.0},{"damage":4.0,"enemies":"Exordium Thugs","floor":11.0,"turns":4.0},{"damage":8.0,"enemies":"Gremlin Nob","floor":14.0,"turns":3.0},{"damage":15.0,"enemies":"The Guardian","floor":16.0,"turns":10.0},{"damage":4.0,"enemies":"3 Byrds","floor":18.0,"turns":2.0},{"damage":19.0,"enemies":"Spheric Guardian","floor":19.0,"turns":4.0},{"damage":29.0,"enemies":"Slavers","floor":23.0,"turns":6.0},{"damage":20.0,"enemies":"Book of Stabbing","floor":27.0,"turns":5.0},{"damage":14.0,"enemies":"Centurion and Healer","floor":28.0,"turns":8.0},{"damage":1.0,"enemies":"Snecko","floor":31.0,"turns":5.0},{"damage":36.0,"enemies":"Collector","floor":33.0,"turns":9.0},{"damage":27.0,"enemies":"3 Darklings","floor":35.0,"turns":4.0},{"damage":0.0,"enemies":"3 Shapes","floor":36.0,"turns":4.0},{"damage":69.0,"enemies":"Jaw Worm Horde","floor":39.0,"turns":5.0},{"damage":18.0,"enemies":"Nemesis","floor":41.0,"turns":7.0},{"damage":23.0,"enemies":"Mind Bloom Boss Battle","floor":46.0,"turns":5.0},{"damage":9.0,"enemies":"Giant Head","floor":48.0,"turns":7.0},{"damage":56,"enemies":"Awakened One","floor":50,"turns":11},{"damage":53,"enemies":"Shield and Spear","floor":54,"turns":9},{"damage":104,"enemies":"The Heart","floor":55,"turns":10}],"seed_played":"-1933443775738941383","potions_obtained":[{"floor":4.0,"key":"FairyPotion"},{"floor":5.0,"key":"FairyPotion"},{"floor":14.0,"key":"Explosive Potion"},{"floor":16.0,"key":"PotionOfCapacity"},{"floor":27.0,"key":"BlessingOfTheForge"}],"is_trial":false,"path_per_floor":["M","?","?","M","M","R","E","R","T","M","M","?","$","E","R","B",null,"M","M","$","?","?","E","R","$","T","E","M","?","$","M","R","B",null,"M","M","$","?","M","R","E","R","T","$","R","?","?","E","R","B",null,"R","$","E","B",null],"character_chosen":"DEFECT","items_purchased":["Letter Opener","Coolheaded","Loop","Defragment","Self Repair","Blizzard","Defragment","Ball Lightning"],"campfire_rested":0,"item_purchase_floors":[13,20,25,30,37,37,44,53],"current_hp_per_floor":[75,64,64,64,64,64,34,34,34,29,25,25,25,17,17,4,75,75,56,56,56,56,33,33,33,33,23,19,19,19,30,45,33,75,54,60,60,50,22,43,56,75,75,75,75,67,67,75,75,48,75,75,75,49,44],"gold":71,"neow_bonus":"THREE_ENEMY_KILL","is_daily":false,"chose_seed":false,"campfire_upgraded":4,"win_rate":0.0,"timestamp":1612055160,"path_taken":["M","?","?","?","M","R","E","R","T","M","M","?","$","E","R","BOSS","M","M","$","?","?","E","R","$","T","E","M","?","$","M","R","BOSS","M","M","$","?","M","R","E","R","T","$","R","?","?","E","R","BOSS","R","$","E","BOSS"],"items_purchased_type":["Relic","Card","Card","Card","Card","Card","Card","Card"],"build_version":"2020-12-22","purchased_purges":1,"victory":true,"max_hp_per_floor":[75,75,75,75,75,75,75,75,75,75,75,75,75,75,75,75,75,75,75,75,75,75,75,75,75,75,75,75,75,75,75,75,75,75,75,75,75,75,75,75,75,75,75,75,75,75,75,75,75,75,75,75,75,75,75],"card_choices":[{"not_picked":["Go for the Eyes","Turbo"],"picked":"Lockon","floor":1.0},{"not_picked":["Go for the Eyes","Barrage","Static Discharge"],"picked":"SKIP","floor":4.0},{"not_picked":["Chaos","Ball Lightning"],"picked":"Coolheaded","floor":5.0},{"not_picked":["Compile Driver","Leap"],"picked":"Reboot","floor":7.0},{"not_picked":["Leap","Steam Power"],"picked":"White Noise","floor":10.0},{"not_picked":["Beam Cell","Recycle"],"picked":"Skim","floor":11.0},{"not_picked":["Scrape","Conserve Battery"],"picked":"Cold Snap","floor":14.0},{"not_picked":["Amplify","Buffer"],"picked":"Echo Form","floor":16.0},{"not_picked":["Steam Power","Barrage"],"picked":"Force Field","floor":18.0},{"not_picked":["Gash","Beam Cell"],"picked":"Sweeping Beam","floor":19.0},{"not_picked":["Coolheaded","Storm"],"picked":"Capacitor","floor":23.0},{"not_picked":["Beam Cell","Sweeping Beam"],"picked":"Cold Snap+1","floor":27.0},{"not_picked":["Coolheaded+1","Redo+1"],"picked":"Aggregate+1","floor":28.0},{"not_picked":["Leap+1","Steam+1"],"picked":"Conserve Battery+1","floor":28.0},{"not_picked":["Ball Lightning","Recycle+1"],"picked":"Redo+1","floor":31.0},{"not_picked":["Thunder Strike","Darkness+1","Gash+1"],"picked":"SKIP","floor":31.0},{"not_picked":["Buffer","Core Surge"],"picked":"Seek+1","floor":33.0},{"not_picked":["Redo+1","Turbo+1"],"picked":"Blizzard+1","floor":35.0},{"not_picked":["Scrape+1","Auto Shields+1"],"picked":"Consume+1","floor":35.0},{"not_picked":["Go for the Eyes","Hologram+1"],"picked":"Turbo+1","floor":36.0},{"not_picked":["Sweeping Beam+1","Rebound+1"],"picked":"Redo+1","floor":36.0},{"not_picked":["Impatience+1","Jack Of All Trades+1"],"picked":"Dramatic Entrance","floor":38.0},{"not_picked":["Discovery+1","Madness+1"],"picked":"Panache","floor":38.0},{"not_picked":["Swift Strike","Violence+1"],"picked":"Mayhem","floor":38.0},{"not_picked":["Cold Snap","Redo+1"],"picked":"Steam+1","floor":39.0},{"not_picked":["Cold Snap","Rainbow+1"],"picked":"Stack+1","floor":39.0},{"not_picked":["Streamline+1","Sweeping Beam+1","Darkness+1"],"picked":"SKIP","floor":41.0},{"not_picked":["Scrape","Stack+1"],"picked":"Defragment+1","floor":46.0},{"not_picked":["Storm","Amplify+1"],"picked":"Capacitor+1","floor":48.0},{"not_picked":["Heatsinks+1","Capacitor"],"picked":"White Noise+1","floor":54}],"player_experience":240761,"relics_obtained":[{"floor":7.0,"key":"Orichalcum"},{"floor":9.0,"key":"Bronze Scales"},{"floor":14.0,"key":"Bird Faced Urn"},{"floor":23.0,"key":"Prayer Wheel"},{"floor":26.0,"key":"Toxic Egg 2"},{"floor":27.0,"key":"Eternal Feather"},{"floor":32.0,"key":"Toy Ornithopter"},{"floor":40.0,"key":"Symbiotic Virus"},{"floor":41.0,"key":"Girya"},{"floor":42.0,"key":"Art of War"},{"floor":46.0,"key":"Lizard Tail"},{"floor":48.0,"key":"Pocketwatch"},{"floor":49.0,"key":"Blood Vial"},{"floor":52,"key":"Pantograph"},{"floor":54,"key":"Pen Nib"}],"event_choices":[{"damage_healed":0.0,"max_hp_gain":0.0,"max_hp_loss":0.0,"gold_gain":75.0,"event_name":"World of Goop","player_choice":"Gather Gold","floor":2.0,"gold_loss":0.0,"damage_taken":11.0},{"damage_healed":0.0,"max_hp_gain":0.0,"max_hp_loss":0.0,"gold_gain":0.0,"event_name":"Upgrade Shrine","player_choice":"Upgraded","floor":3.0,"gold_loss":0.0,"damage_taken":0.0,"cards_upgraded":["Zap"]},{"cards_removed":["Strike_B"],"damage_healed":0.0,"max_hp_gain":0.0,"max_hp_loss":0.0,"gold_gain":0.0,"event_name":"Purifier","player_choice":"Purged","floor":12.0,"gold_loss":0.0,"damage_taken":0.0},{"cards_removed":["Strike_B"],"damage_healed":0.0,"max_hp_gain":0.0,"max_hp_loss":0.0,"gold_gain":0.0,"event_name":"Back to Basics","player_choice":"Elegance","floor":21.0,"gold_loss":0.0,"damage_taken":0.0},{"damage_healed":0.0,"max_hp_gain":0.0,"max_hp_loss":0.0,"gold_gain":0.0,"cards_transformed":["Strike_B","Defend_B"],"event_name":"Drug Dealer","player_choice":"Became Test Subject","floor":22.0,"gold_loss":0.0,"damage_taken":0.0,"cards_obtained":["Static Discharge","Cold Snap"]},{"damage_healed":0.0,"max_hp_gain":0.0,"max_hp_loss":0.0,"gold_gain":0.0,"event_name":"The Mausoleum","player_choice":"Opened","floor":29.0,"gold_loss":0.0,"damage_taken":0.0,"relics_obtained":["Shovel"],"cards_obtained":["Writhe"]},{"damage_healed":0.0,"max_hp_gain":0.0,"max_hp_loss":0.0,"gold_gain":0.0,"event_name":"SensoryStone","player_choice":"Memory 3","floor":38.0,"gold_loss":0.0,"damage_taken":10.0},{"damage_healed":0.0,"max_hp_gain":0.0,"max_hp_loss":0.0,"gold_gain":0.0,"event_name":"MindBloom","player_choice":"Fight","floor":46.0,"gold_loss":0.0,"damage_taken":0.0},{"damage_healed":0.0,"max_hp_gain":0.0,"max_hp_loss":0.0,"gold_gain":0.0,"cards_transformed":["Defend_B"],"event_name":"Transmorgrifier","player_choice":"Transformed","floor":47.0,"gold_loss":0.0,"damage_taken":0.0,"cards_obtained":["Fusion"]}],"is_beta":false,"boss_relics":[{"not_picked":["SlaversCollar","Runic Dome"],"picked":"Snecko Eye"},{"not_picked":["Empty Cage","SacredBark"],"picked":"Sozu"}],"items_purged_floors":[20],"is_endless":false,"potions_floor_spawned":[4,5,14,16,18,27,28,35,36,39,41,54],"ascension_level":1}}