{"host":"9j472d1lqxyi8fmj","time":1612073918,"event":{"mods":["AchievementEnabler","Aspiration","BaseMod","Better Note","BetterRewards","Block Reminder","Colored Powertips","Downfall","Hermit","Hubris","Infinite Spire","Minty Spire (QoL Compilation)","Potion Indicator Mod","Rare Cards Sparkle","Relic Filter","Reliquary","Spicy Shops","StSLib","The Runesmith","Virulent Crown"],"gold_per_floor":[99,111,125,125,142,142,142,142,167,187,201,219,219,238,251,251,251,251],"floor_reached":16,"language":"ENG","playtime":649,"items_purged":[],"score":106,"play_id":"07957c80-5829-401d-b7a9-879070651209","local_time":"20210131011838","is_ascension_mode":false,"campfire_choices":[{"data":"Guardian:CurlUp","floor":1,"key":"SMITH"},{"data":"Guardian:TwinSlam","floor":6,"key":"SMITH"},{"data":"Guardian:Strike_Guardian","floor":8,"key":"SMITH"}],"circlet_count":0,"master_deck":["Guardian:Strike_Guardian","Guardian:Strike_Guardian","Guardian:Strike_Guardian","Guardian:Strike_Guardian+1","Guardian:Defend_Guardian","Guardian:Defend_Guardian","Guardian:Defend_Guardian","Guardian:Defend_Guardian","Guardian:CurlUp+1","Guardian:TwinSlam+1","Guardian:RollAttack+1","Guardian:BronzeArmor+1","Doubt","Guardian:Gem_Green","Guardian:CrystalBeam","Guardian:Gem_Red","Guardian:RollAttack","Guardian:SphericShield","Guardian:ShieldSpikes"],"relics":["Guardian:ModeShifter","MealTicket","aspiration:SeaSaltIceCream","Strange Spoon","Pen Nib"],"acts_visited":["Exordium"],"potions_floor_usage":[14,14,16],"damage_taken":[{"damage":5,"enemies":"2 Louse","floor":2,"turns":2},{"damage":0,"enemies":"Cultist","floor":3,"turns":3},{"damage":0,"enemies":"Small Slimes","floor":5,"turns":3},{"damage":31,"enemies":"Lagavulin","floor":9,"turns":8},{"damage":7,"enemies":"Gremlin Gang","floor":10,"turns":5},{"damage":8,"enemies":"Large Slime","floor":11,"turns":5},{"damage":6,"enemies":"Blue Slaver","floor":12,"turns":5},{"damage":0,"enemies":"Red Slaver","floor":14,"turns":2},{"damage":1,"enemies":"Large Slime","floor":15,"turns":8},{"damage":29,"enemies":"DF_ARCHETYPE_STREAMLINE","floor":16,"turns":6}],"seed_played":"7856308680839944917","potions_obtained":[{"floor":2,"key":"Block Potion"},{"floor":5,"key":"Explosive Potion"},{"floor":10,"key":"AttackPotion"}],"is_trial":false,"path_per_floor":["R","M","M","?","M","R","T","R","E","M","M","M","?","M","M","B"],"character_chosen":"GUARDIAN","items_purchased":[],"campfire_rested":0,"item_purchase_floors":[],"current_hp_per_floor":[80,75,75,75,75,75,75,75,44,37,29,23,23,23,22,0,0,0],"gold":251,"neow_bonus":"RANDOM_COMMON_RELIC","is_daily":false,"chose_seed":false,"campfire_upgraded":3,"win_rate":0.0,"timestamp":1612073918,"path_taken":["R","M","M","?","M","R","T","R","E","M","M","?","?","M","M","BOSS"],"items_purchased_type":[],"build_version":"2020-12-22","purchased_purges":0,"victory":false,"max_hp_per_floor":[80,80,80,80,80,80,80,80,80,80,80,80,80,80,80,80,80,80],"card_choices":[{"not_picked":["Guardian:Clone","Guardian:Gem_Crimson"],"picked":"Guardian:RollAttack","floor":2},{"not_picked":["Guardian:Gem_Cyan","Guardian:DecasProtection"],"picked":"Guardian:BronzeArmor","floor":3},{"not_picked":["Guardian:WalkerClaw","Guardian:Preprogram"],"picked":"Guardian:Gem_Cyan","floor":5},{"not_picked":["Guardian:TemporalStrike","Guardian:VentSteam"],"picked":"Guardian:Gem_Green","floor":9},{"not_picked":["Guardian:BodySlam","Guardian:FuturePlans"],"picked":"Guardian:CrystalBeam","floor":10},{"not_picked":["Guardian:DonusPower","Guardian:Emergency"],"picked":"Guardian:Gem_Red","floor":11},{"not_picked":["Guardian:PrimingBeam","Guardian:Gem_Crimson"],"picked":"Guardian:RollAttack","floor":12},{"not_picked":["Guardian:Gem_Yellow","Guardian:ChargeCore"],"picked":"Guardian:SphericShield","floor":14},{"not_picked":["Guardian:VentSteam","Guardian:FloatingOrbs"],"picked":"Guardian:ShieldSpikes","floor":15}],"player_experience":375846,"relics_obtained":[{"floor":7,"key":"aspiration:SeaSaltIceCream"},{"floor":9,"key":"Pen Nib"}],"event_choices":[],"is_beta":false,"boss_relics":[],"items_purged_floors":[],"is_endless":false,"potions_floor_spawned":[2,5,10,11],"killed_by":"DF_ARCHETYPE_STREAMLINE","ascension_level":0}}