{"host":"rwmcmr2m88k7tuzm","time":1612134247,"event":{"mods":["BaseMod","BetterRewards","Conspire","Downfall","Hubris","Infinite Spire","Minty Spire (QoL Compilation)","Quick Restart","Replay The Spire","Shop Mod","StSLib","SuperFastMode"],"gold_per_floor":[110,205,205,205,54,54,77,103,103,278,278,278,278,305,305,418,418,449,449,449,218,218,218,254,283,338,253,253,272,272,294,294,407,407,424,498,498,498,522,522,549,576,576,615,631,670,708,730,730],"floor_reached":48,"language":"ENG","playtime":1077,"items_purged":["Doubt"],"score":477,"play_id":"25988d11-c0fb-4b3f-94fd-645a5bf1fac4","local_time":"20210131230407","is_ascension_mode":false,"campfire_choices":[{"floor":6,"key":"REST"},{"data":"Seeing Red","floor":11,"key":"SMITH"},{"data":"Uppercut","floor":13,"key":"SMITH"},{"data":"Bludgeon","floor":15,"key":"SMITH"},{"data":"Pummel","floor":23,"key":"SMITH"},{"data":"Uppercut","floor":28,"key":"SMITH"},{"data":"ReplayReversal","floor":30,"key":"SMITH"},{"data":"Inflame","floor":32,"key":"SMITH"},{"floor":40,"key":"REST"}],"circlet_count":0,"master_deck":["Strike_R","Strike_R","Strike_R","Strike_R+1","Strike_R+1","Defend_R","Defend_R","Defend_R","Defend_R","Bash","Specialist+1","Ghostly Armor+1","Whirlwind+1","Uppercut+1","Pummel+1","Bludgeon+1","Barricade+1","Shrug It Off+1","Inflame+1","ReplayReversal+1","Uppercut+1","Rampage","Seeing Red+1","Parasite","Whirlwind","Metallicize","Cleave+1","Whirlwind+1"],"relics":["Burning Blood","Onion Ring","Regal Pillow","Membership Card","hubris:ToyBattleship","infinitespire:CheckeredPen","Simple Rune","Replay:Bandana","MerchantsRug","Garlic","hubris:Towel","ClockworkSouvenir","Bag of Marbles","MutagenicStrength","Vajra","infinitespire:Broken Mirror","Ring of Chaos","Mango","Shuriken","infinitespire:FocusingShard"],"acts_visited":["Exordium","TheCity","TheBeyond"],"potions_floor_usage":[16,18,33,33,33,41],"damage_taken":[{"damage":0,"enemies":"Cultist","floor":1,"turns":2},{"damage":0,"enemies":"2 Louse","floor":7,"turns":1},{"damage":0,"enemies":"Small Slimes","floor":8,"turns":1},{"damage":0,"enemies":"Looter","floor":14,"turns":2},{"damage":20,"enemies":"Fading Forest","floor":16,"turns":11},{"damage":8,"enemies":"Shell Parasite","floor":18,"turns":3},{"damage":21,"enemies":"conspire:FuzzyDice","floor":24,"turns":3},{"damage":0,"enemies":"Snecko","floor":25,"turns":2},{"damage":0,"enemies":"Snake Plant","floor":29,"turns":2},{"damage":0,"enemies":"Centurion and Healer","floor":31,"turns":2},{"damage":20,"enemies":"hubris:MusketHawk","floor":33,"turns":8},{"damage":34,"enemies":"3 Darklings","floor":35,"turns":4},{"damage":0,"enemies":"Mind Bloom Boss Battle","floor":36,"turns":2},{"damage":16,"enemies":"3 Shapes","floor":39,"turns":3},{"damage":4,"enemies":"Writhing Mass","floor":41,"turns":4},{"damage":13,"enemies":"Jaw Worm Horde","floor":42,"turns":4},{"damage":31,"enemies":"R_Hoarder","floor":44,"turns":5},{"damage":11,"enemies":"Spire Growth","floor":45,"turns":4},{"damage":10,"enemies":"Sphere and 2 Shapes","floor":46,"turns":3},{"damage":40,"enemies":"Transient","floor":47,"turns":5},{"damage":24,"enemies":"Reptomancer","floor":48,"turns":3}],"seed_played":"-6324459167379961819","potions_obtained":[{"floor":7,"key":"PowerPotion"},{"floor":16,"key":"sneckomod:MuddlingPotion"},{"floor":18,"key":"SkillPotion"},{"floor":25,"key":"GamblersBrew"},{"floor":39,"key":"Dexterity Potion"},{"floor":47,"key":"LifebloodPotion"}],"is_trial":false,"path_per_floor":["M","?","?","?","$","R","M","M","T","?","R","?","R","M","R","B",null,"M","?","?","$","?","R","M","M","T","?","R","M","R","M","R","B",null,"M","?","?","?","M","R","M","M","T","E","M","M","M","E"],"character_chosen":"IRONCLAD","items_purchased":["Onion Ring","Regal Pillow","Membership Card","hubris:ToyBattleship","infinitespire:CheckeredPen","SteroidPotion","Slimebound:ThreeZeroPotion","Specialist","Replay:Bandana","MerchantsRug","ClockworkSouvenir","Bag of Marbles","Inflame"],"campfire_rested":2,"item_purchase_floors":[0,0,0,0,0,0,0,0,5,5,21,21,21],"current_hp_per_floor":[50,30,30,30,30,69,75,80,80,80,80,80,80,80,80,66,80,78,78,78,78,78,78,63,69,69,69,69,75,75,80,80,66,80,52,72,72,72,62,94,94,87,87,62,57,53,19,0,0],"gold":730,"neow_bonus":"","is_daily":false,"chose_seed":false,"campfire_upgraded":7,"win_rate":0.0,"timestamp":1612134247,"path_taken":["M","?","?","?","$","R","?","M","T","?","R","?","R","M","R","BOSS","M","?","?","$","?","R","M","?","T","?","R","M","R","M","R","BOSS","M","?","?","?","M","R","M","M","T","E","M","M","M","E"],"items_purchased_type":["Relic","Relic","Relic","Relic","Relic","Potion","Potion","Card","Relic","Relic","Relic","Relic","Card"],"build_version":"2020-12-22","purchased_purges":1,"victory":false,"max_hp_per_floor":[80,80,80,80,80,80,80,80,80,80,80,80,80,80,80,80,80,80,80,80,80,80,80,80,80,80,80,80,80,80,80,80,80,80,80,94,94,94,94,94,94,94,94,94,94,94,94,94,94],"card_choices":[{"not_picked":["Wild Strike","Pummel"],"picked":"Ghostly Armor","floor":1},{"not_picked":["Power Through","Twin Strike"],"picked":"Whirlwind","floor":2},{"not_picked":["ReplayTheSpireMod:Corrosion Curse","conspire:ExplosiveBarrier"],"picked":"Uppercut","floor":2},{"not_picked":["Wild Strike","Perfected Strike"],"picked":"Pummel","floor":7},{"not_picked":["Clash","Armaments"],"picked":"Seeing Red","floor":8},{"not_picked":["Shrug It Off","Abandon"],"picked":"Bludgeon","floor":14},{"not_picked":["conspire:Purge","Berserk"],"picked":"Barricade","floor":16},{"not_picked":["ReplayTheSpireMod:Strike From Hell","Wild Strike"],"picked":"Shrug It Off+1","floor":18},{"not_picked":["Clash","Hemogenesis"],"picked":"ReplayReversal","floor":24},{"not_picked":["Abandon","Spot Weakness+1"],"picked":"Uppercut","floor":25},{"not_picked":["Anger+1","Combust"],"picked":"Rampage","floor":29},{"not_picked":["Hemokinesis","Eclipse","Run Through"],"picked":"SKIP","floor":31},{"not_picked":["Fire Breathing+1","Blood for Blood+1","Sword Boomerang"],"picked":"SKIP","floor":35},{"not_picked":["Cleave+1","Clothesline+1"],"picked":"Seeing Red+1","floor":36},{"not_picked":["Wild Strike","Clothesline","Replay:Undeath\u0027s Touch+1"],"picked":"SKIP","floor":39},{"not_picked":["Shrug It Off+1","Warcry+1","Shockwave"],"picked":"SKIP","floor":41},{"not_picked":["Shrug It Off+1","Warcry+1","Shockwave"],"picked":"SKIP","floor":41},{"not_picked":["Cleave","ReplayTheSpireMod:LeadingStrike"],"picked":"Whirlwind","floor":42},{"not_picked":["Feel No Pain","Demonic Infusion"],"picked":"Metallicize","floor":44},{"not_picked":["True Grit","Second Wind"],"picked":"Cleave+1","floor":45},{"not_picked":["Intimidate","Havoc","Body Slam"],"picked":"SKIP","floor":46},{"not_picked":["Bloodletting","ReplayReversal"],"picked":"Whirlwind+1","floor":47}],"player_experience":173388,"relics_obtained":[{"floor":2,"key":"Simple Rune"},{"floor":9,"key":"Garlic"},{"floor":26,"key":"Vajra"},{"floor":36,"key":"Mango"},{"floor":43,"key":"Shuriken"},{"floor":44,"key":"infinitespire:FocusingShard"}],"event_choices":[{"damage_healed":0,"gold_gain":0,"player_choice":"Grow","damage_taken":0,"max_hp_gain":0,"max_hp_loss":0,"event_name":"Living Wall","floor":3,"gold_loss":0,"cards_upgraded":["Specialist"]},{"damage_healed":0,"gold_gain":0,"player_choice":"Upgraded","damage_taken":0,"max_hp_gain":0,"max_hp_loss":0,"event_name":"Upgrade Shrine","floor":4,"gold_loss":0,"cards_upgraded":["Whirlwind"]},{"damage_healed":0,"gold_gain":175,"player_choice":"AGREE","damage_taken":0,"max_hp_gain":0,"max_hp_loss":0,"event_name":"Liars Game","floor":10,"gold_loss":0,"cards_obtained":["Doubt"]},{"damage_healed":0,"gold_gain":0,"player_choice":"Leave","damage_taken":0,"max_hp_gain":0,"max_hp_loss":0,"event_name":"conspire:Investor","floor":12,"gold_loss":0},{"damage_healed":0,"gold_gain":0,"player_choice":"Inject Mutagens","damage_taken":0,"relics_obtained":["MutagenicStrength"],"max_hp_gain":0,"max_hp_loss":0,"event_name":"Drug Dealer","floor":22,"gold_loss":0},{"damage_healed":0,"gold_gain":0,"player_choice":"Obtained Relic","damage_taken":0,"relics_obtained":["infinitespire:Broken Mirror"],"max_hp_gain":0,"max_hp_loss":0,"event_name":"Addict","floor":27,"gold_loss":85},{"damage_healed":0,"gold_gain":0,"player_choice":"Fight","damage_taken":0,"max_hp_gain":0,"max_hp_loss":0,"event_name":"MindBloom","floor":36,"gold_loss":0},{"cards_removed":["Seeing Red"],"damage_healed":0,"gold_gain":0,"player_choice":"Removed Skill","damage_taken":0,"max_hp_gain":0,"max_hp_loss":0,"event_name":"Falling","floor":37,"gold_loss":0},{"damage_healed":0,"gold_gain":0,"player_choice":"Forge","damage_taken":0,"max_hp_gain":0,"max_hp_loss":0,"event_name":"Accursed Blacksmith","floor":38,"gold_loss":0,"cards_upgraded":["Ghostly Armor"]}],"is_beta":false,"boss_relics":[{"not_picked":["Ooze Armor","hubris:HollowSoul","Coffee Dripper"]},{"not_picked":["Mark of Pain","ChewingGum"],"picked":"Ring of Chaos"}],"items_purged_floors":[21],"is_endless":false,"potions_floor_spawned":[7,16,18,25,39,42,47],"killed_by":"Reptomancer","ascension_level":0}}