{"host":"q6r63elxu27obe7v","time":1612103633,"event":{"mods":["2.2 Compatiblity","AchievementEnabler","BaseMod","CapriCore","DeckTracker","Keyboard Shortcuts","Minty Spire (QoL Compilation)","Permanent Neow","Quick Restart","Replay The Spire","StSLib","SuperFastMode","¡¼?Úª?ø«¡½REMEMod"],"gold_per_floor":[11,28,28,44,59,59,59,59,59,59,59],"floor_reached":10,"language":"KOR","playtime":347,"items_purged":[],"score":58,"play_id":"463799c3-153f-4232-abd3-2458df36b5ae","local_time":"20210131233353","is_ascension_mode":false,"campfire_choices":[{"floor":6,"key":"DIG"}],"circlet_count":0,"master_deck":["Strike_G","Strike_G","Strike_G","Strike_G","Strike_G","Defend_G","Defend_G","Defend_G","Defend_G","Defend_G","Survivor","Neutralize","REME_PuzzleBox","Prepared","Bane","Blade Dance"],"relics":["Ring of the Snake","REME_ComplimentaryCards","Shovel","Oddly Smooth Stone"],"acts_visited":["Exordium"],"potions_floor_usage":[2,10],"damage_taken":[{"damage":7,"enemies":"Cultist","floor":1,"turns":4},{"damage":0,"enemies":"Small Slimes","floor":2,"turns":4},{"damage":3,"enemies":"2 Louse","floor":4,"turns":3},{"damage":7,"enemies":"Red Slaver","floor":5,"turns":6},{"damage":80,"enemies":"Gremlin Nob","floor":10,"turns":6}],"seed_played":"-7603937759255752201","potions_obtained":[{"floor":2,"key":"Fruit Juice"},{"floor":5,"key":"PowerPotion"}],"is_trial":false,"path_per_floor":["M","M","$","M","M","R","PTL","PTL","$","E"],"character_chosen":"THE_SILENT","items_purchased":[],"campfire_rested":0,"item_purchase_floors":[],"current_hp_per_floor":[63,68,68,65,58,58,58,58,58,0,0],"gold":59,"neow_bonus":"ONE_RARE_RELIC","is_daily":false,"chose_seed":false,"campfire_upgraded":0,"win_rate":0.0,"timestamp":1612103633,"path_taken":["M","M","$","M","M","R","PTL","PTL","?","E"],"items_purchased_type":[],"build_version":"2020-12-22","purchased_purges":0,"victory":false,"max_hp_per_floor":[70,75,75,75,75,75,75,75,75,75,75],"card_choices":[{"not_picked":["Cloak And Dagger","Endless Agony"],"picked":"Prepared","floor":1},{"not_picked":["Sucker Punch","Infinite Blades"],"picked":"Bane","floor":2},{"not_picked":["Choke","ReplayTheSpireMod:Tripwire","Terror"],"picked":"SKIP","floor":4},{"not_picked":["PiercingWail","Slice"],"picked":"Blade Dance","floor":5}],"player_experience":74268,"relics_obtained":[{"floor":6,"key":"Oddly Smooth Stone"}],"event_choices":[],"is_beta":false,"boss_relics":[],"items_purged_floors":[],"is_endless":false,"potions_floor_spawned":[2,5],"killed_by":"Gremlin Nob","ascension_level":0}}