{"host":"sc0o2qwpf9j16a4i","time":1612107826,"event":{"mods":["AchievementEnabler","BaseMod","BetterRewards","Block Reminder","Colored Map","Colored Powertips","Custom Start","Highlight Path","Minty Spire (QoL Compilation)","Relic Stats"],"gold_per_floor":[178,178,178,239,309,403,16,16,16,16,42,42,42,130,130,452,452,491,553,630,707,622,622,720,720,747,838,838,952,1365,508,508,873,873,932,137,470,470,521,608,710,797,834,951,963,0,12,24,36,48],"floor_reached":51,"language":"ENG","playtime":1765,"items_purged":[],"score":1166,"play_id":"e7c18479-3c98-403e-8f3b-c6e25d021816","local_time":"20210131174346","daily_mods":["Shiny","Flight","Midas"],"is_ascension_mode":false,"campfire_choices":[{"floor":10,"key":"REST"},{"floor":15,"key":"REST"},{"floor":23,"key":"REST"},{"floor":32,"key":"DIG"},{"floor":45,"key":"DIG"},{"floor":47,"key":"DIG"},{"floor":49,"key":"DIG"}],"circlet_count":0,"master_deck":["ConjureBlade+1","MasterReality+1","Brilliance+1","Devotion+1","Blasphemy+1","Ragnarok+1","LessonLearned+1","Scrawl+1","Vault+1","Wish+1","Omniscience+1","Establishment+1","SpiritShield+1","DevaForm+1","DeusExMachina+1","Meditate+1","WheelKick+1","Scrawl+1","Meditate+1","TalkToTheHand+1","DeusExMachina+1","Sanctity+1","Tantrum+1","Collect+1","ClearTheMind+1","Evaluate+1","Worship+1","Protect+1","WaveOfTheHand+1","Omniscience+1"],"relics":["PureWater","Blood Vial","Pantograph","Boot","Meat on the Bone","Vajra","Lizard Tail","Runic Pyramid","Tiny Chest","StrikeDummy","Whetstone","Kunai","Enchiridion","Regal Pillow","Old Coin","ClockworkSouvenir","Toxic Egg 2","Shovel","Anchor","Astrolabe","OrangePellets","Du-Vu Doll","Question Card","Blue Candle","Bag of Preparation","Bag of Marbles","MawBank","Strawberry","Ice Cream","Yang","Red Mask","Eternal Feather","Mark of the Bloom","Sundial"],"acts_visited":["Exordium","TheCity","TheBeyond"],"potions_floor_usage":[14,24,27,29,30,33,33,50,50],"damage_taken":[{"damage":11,"enemies":"Jaw Worm","floor":1,"turns":2},{"damage":0,"enemies":"Cultist","floor":4,"turns":5},{"damage":29,"enemies":"3 Sentries","floor":6,"turns":7},{"damage":0,"enemies":"Lagavulin","floor":14,"turns":4},{"damage":42,"enemies":"Hexaghost","floor":16,"turns":6},{"damage":11,"enemies":"Shell Parasite","floor":18,"turns":4},{"damage":0,"enemies":"Spheric Guardian","floor":19,"turns":4},{"damage":16,"enemies":"Shelled Parasite and Fungi","floor":20,"turns":6},{"damage":2,"enemies":"Snake Plant","floor":21,"turns":6},{"damage":41,"enemies":"Slavers","floor":24,"turns":8},{"damage":6,"enemies":"Book of Stabbing","floor":27,"turns":5},{"damage":100017,"enemies":"Gremlin Leader","floor":29,"turns":5},{"damage":20,"enemies":"Slavers","floor":30,"turns":6},{"damage":40,"enemies":"Automaton","floor":33,"turns":11},{"damage":9,"enemies":"3 Darklings","floor":35,"turns":3},{"damage":0,"enemies":"Orb Walker","floor":39,"turns":3},{"damage":3,"enemies":"Giant Head","floor":40,"turns":6},{"damage":0,"enemies":"Nemesis","floor":41,"turns":3},{"damage":0,"enemies":"Giant Head","floor":42,"turns":5},{"damage":0,"enemies":"Nemesis","floor":44,"turns":5},{"damage":0,"enemies":"Donu and Deca","floor":50,"turns":5}],"seed_played":"-1410855512092385024","potions_obtained":[{"floor":1,"key":"FairyPotion"},{"floor":6,"key":"SpeedPotion"},{"floor":13,"key":"DistilledChaos"},{"floor":13,"key":"Block Potion"},{"floor":16,"key":"Strength Potion"},{"floor":27,"key":"SkillPotion"},{"floor":29,"key":"Ancient Potion"},{"floor":30,"key":"Explosive Potion"},{"floor":41,"key":"DuplicationPotion"}],"is_trial":true,"path_per_floor":["M","?","?","M","?","E","$","?","T","R","T","$","?","E","R","B",null,"M","M","M","M","?","R","E","?","T","E","?","E","E","$","R","B",null,"M","$","?","T","M","E","E","E","T","E","R","?","R","?","R","B",null],"character_chosen":"WATCHER","items_purchased":["Pantograph","WheelKick","Dexterity Potion","ClockworkSouvenir","Toxic Egg 2","Shovel","Sanctity+1","CultistPotion","OrangePellets","Du-Vu Doll","Question Card","Block Potion","Explosive Potion"],"campfire_rested":3,"item_purchase_floors":[7,7,7,31,31,31,31,31,36,36,36,36,36],"current_hp_per_floor":[61,61,61,61,61,32,32,7,7,28,28,28,28,42,63,42,72,61,63,49,49,49,70,43,43,43,39,23,48,42,42,42,41,72,63,63,63,63,65,64,66,68,75,77,77,77,77,77,77,77],"gold":60,"neow_bonus":"","is_daily":false,"chose_seed":false,"campfire_upgraded":0,"win_rate":0.0,"timestamp":1612107826,"path_taken":["M","?","?","?","?","E","$","?","T","R","?","?","?","E","R","BOSS","M","M","?","?","?","R","E","?","T","E","?","E","E","$","R","BOSS","M","$","?","?","?","E","E","E","T","E","R","?","R","?","R","BOSS"],"items_purchased_type":["Relic","Card","Potion","Relic","Relic","Relic","Card","Potion","Relic","Relic","Relic","Potion","Potion"],"build_version":"2020-12-22","purchased_purges":0,"victory":true,"max_hp_per_floor":[72,72,72,72,72,72,72,72,72,72,72,72,72,72,72,72,72,72,72,72,72,72,72,72,72,72,72,72,72,72,72,72,72,72,72,72,72,72,72,72,72,72,79,79,79,79,79,79,79,79],"relic_stats":{"Regal Pillow":0,"Mark of the Bloom":45,"counters":[21,109],"Astrolabe":["Tantrum","Collect","ClearTheMind"],"Blue Candle":[0],"Yang":[8],"Eternal Feather":0,"Bag of Preparation":[8],"Whetstone":["WheelKick","TalkToTheHand"],"Boot":[4],"Question Card":5,"MawBank":108,"Blood Vial":28,"OrangePellets":[0],"Lizard Tail":36,"Shovel":4,"Sundial":[0],"Pantograph":34,"Tiny Chest":1,"Kunai":[3],"obtain_stats":[{"Ice Cream":44,"Regal Pillow":29,"Mark of the Bloom":48,"Vajra":11,"Enchiridion":28,"Yang":45,"Bag of Preparation":40,"Whetstone":26,"Boot":8,"Old Coin":30,"ClockworkSouvenir":31,"Blood Vial":6,"Lizard Tail":14,"Shovel":31,"Sundial":49,"Pantograph":7,"Strawberry":43,"Tiny Chest":22,"Red Mask":46,"Kunai":27,"Toxic Egg 2":31,"Runic Pyramid":17,"Golden Idol":2,"Astrolabe":34,"Blue Candle":38,"Eternal Feather":47,"Question Card":36,"MawBank":42,"Du-Vu Doll":36,"OrangePellets":36,"Anchor":32,"Bag of Marbles":41,"PureWater":0,"StrikeDummy":24,"Meat on the Bone":9},{"Ice Cream":20,"Regal Pillow":12,"Mark of the Bloom":20,"Vajra":3,"Enchiridion":11,"Yang":20,"Bag of Preparation":17,"Whetstone":10,"Boot":3,"Old Coin":13,"ClockworkSouvenir":13,"Blood Vial":3,"Lizard Tail":4,"Shovel":13,"Sundial":20,"Pantograph":3,"Strawberry":19,"Tiny Chest":9,"Red Mask":20,"Kunai":11,"Toxic Egg 2":13,"Runic Pyramid":5,"Golden Idol":1,"Astrolabe":14,"Blue Candle":15,"Eternal Feather":20,"Question Card":15,"MawBank":19,"Du-Vu Doll":15,"OrangePellets":15,"Anchor":13,"Bag of Marbles":18,"PureWater":0,"StrikeDummy":10,"Meat on the Bone":3},{"Ice Cream":104,"Regal Pillow":62,"Mark of the Bloom":104,"Vajra":14,"Enchiridion":57,"Yang":104,"Bag of Preparation":91,"Whetstone":52,"Boot":14,"Old Coin":68,"ClockworkSouvenir":68,"Blood Vial":14,"Lizard Tail":18,"Shovel":68,"Sundial":104,"Pantograph":14,"Strawberry":99,"Tiny Chest":44,"Red Mask":104,"Kunai":57,"Toxic Egg 2":68,"Runic Pyramid":24,"Golden Idol":2,"Astrolabe":79,"Blue Candle":82,"Eternal Feather":104,"Question Card":82,"MawBank":99,"Du-Vu Doll":82,"OrangePellets":82,"Anchor":68,"Bag of Marbles":94,"PureWater":0,"StrikeDummy":52,"Meat on the Bone":14}],"Meat on the Bone":72},"card_choices":[{"not_picked":["FearNoEvil","BowlingBash"],"picked":"Meditate","floor":1},{"not_picked":["SashWhip","LikeWater"],"picked":"Meditate","floor":4},{"not_picked":["Crescendo","MasterReality"],"picked":"FlyingSleeves","floor":6},{"not_picked":["PathToVictory","Pray","EmptyFist"],"picked":"SKIP","floor":14},{"not_picked":["Blasphemy","Judgement"],"picked":"Scrawl","floor":16},{"not_picked":["WheelKick","BowlingBash"],"picked":"Meditate+1","floor":18},{"not_picked":["Halt","JustLucky"],"picked":"TalkToTheHand","floor":19},{"not_picked":["WaveOfTheHand","Halt"],"picked":"DeusExMachina","floor":20},{"not_picked":["Perseverance","SashWhip","FlyingSleeves"],"picked":"SKIP","floor":21},{"not_picked":["BattleHymn+1","ThirdEye","Vengeance"],"picked":"SKIP","floor":24},{"not_picked":["CrushJoints+1","LikeWater","Consecrate"],"picked":"SKIP","floor":27},{"not_picked":["PathToVictory+1","Halt+1","SashWhip"],"picked":"SKIP","floor":29},{"not_picked":["PathToVictory","Wireheading","ClearTheMind"],"picked":"SKIP","floor":30},{"not_picked":["TalkToTheHand","CutThroughFate+1"],"picked":"Evaluate+1","floor":35},{"not_picked":["CrushJoints+1","Halt+1","BowlingBash"],"picked":"Worship+1","floor":39},{"not_picked":["SashWhip+1","FlyingSleeves+1","CutThroughFate+1"],"picked":"Protect+1","floor":40},{"not_picked":["Tantrum+1","ClearTheMind+1","Meditate+1","EmptyBody+1"],"picked":"SKIP","floor":41},{"not_picked":["FlyingSleeves+1","DeceiveReality+1","FlurryOfBlows+1"],"picked":"WaveOfTheHand+1","floor":42},{"not_picked":["DeusExMachina+1","Crescendo+1","SashWhip+1"],"picked":"Omniscience+1","floor":44}],"player_experience":1124074,"relics_obtained":[{"floor":6,"key":"Blood Vial"},{"floor":9,"key":"Meat on the Bone"},{"floor":11,"key":"Vajra"},{"floor":14,"key":"Lizard Tail"},{"floor":24,"key":"StrikeDummy"},{"floor":26,"key":"Whetstone"},{"floor":27,"key":"Kunai"},{"floor":28,"key":"Enchiridion"},{"floor":29,"key":"Regal Pillow"},{"floor":30,"key":"Old Coin"},{"floor":32,"key":"Anchor"},{"floor":38,"key":"Blue Candle"},{"floor":40,"key":"Bag of Preparation"},{"floor":41,"key":"Bag of Marbles"},{"floor":42,"key":"MawBank"},{"floor":43,"key":"Strawberry"},{"floor":44,"key":"Ice Cream"},{"floor":45,"key":"Yang"},{"floor":47,"key":"Eternal Feather"},{"floor":49,"key":"Sundial"}],"event_choices":[{"damage_healed":0,"gold_gain":0,"player_choice":"Take Wound","damage_taken":0,"relics_obtained":["Golden Idol"],"max_hp_gain":0,"max_hp_loss":0,"event_name":"Golden Idol","floor":2,"gold_loss":0,"cards_obtained":["Injury"]},{"cards_removed":["Injury"],"damage_healed":0,"gold_gain":0,"player_choice":"Purged","damage_taken":0,"max_hp_gain":0,"max_hp_loss":0,"event_name":"Purifier","floor":3,"gold_loss":0},{"damage_healed":0,"gold_gain":70,"player_choice":"Gained Gold","damage_taken":0,"max_hp_gain":0,"max_hp_loss":0,"event_name":"Golden Wing","floor":5,"gold_loss":0},{"damage_healed":0,"gold_gain":0,"player_choice":"Success","damage_taken":25,"relics_obtained":["Boot"],"max_hp_gain":0,"max_hp_loss":0,"event_name":"Scrap Ooze","floor":8,"gold_loss":0},{"damage_healed":0,"gold_gain":0,"player_choice":"Got Potions","damage_taken":0,"max_hp_gain":0,"max_hp_loss":0,"event_name":"Lab","floor":13,"gold_loss":0},{"damage_healed":0,"gold_gain":0,"player_choice":"Obtained Relic","damage_taken":0,"relics_obtained":["Tiny Chest"],"max_hp_gain":0,"max_hp_loss":0,"event_name":"Addict","floor":22,"gold_loss":85},{"cards_removed":["Judgement"],"damage_healed":0,"gold_gain":0,"player_choice":"Elegance","damage_taken":0,"max_hp_gain":0,"max_hp_loss":0,"event_name":"Back to Basics","floor":25,"gold_loss":0},{"damage_healed":0,"gold_gain":0,"player_choice":"Obtained Book","damage_taken":16,"max_hp_gain":0,"max_hp_loss":0,"event_name":"Cursed Tome","floor":28,"gold_loss":0},{"damage_healed":0,"gold_gain":333,"player_choice":"Gave Idol","damage_taken":0,"max_hp_gain":0,"max_hp_loss":0,"event_name":"The Moai Head","floor":37,"relics_lost":["Golden Idol"],"gold_loss":0},{"damage_healed":0,"gold_gain":0,"player_choice":"Paid","damage_taken":0,"relics_obtained":["Red Mask"],"max_hp_gain":0,"max_hp_loss":0,"event_name":"Tomb of Lord Red Mask","floor":46,"gold_loss":975},{"damage_healed":0,"gold_gain":0,"player_choice":"Upgrade","damage_taken":0,"relics_obtained":["Mark of the Bloom"],"max_hp_gain":0,"max_hp_loss":0,"event_name":"MindBloom","floor":48,"gold_loss":0,"cards_upgraded":["Blasphemy","LessonLearned","Wish","Establishment","DeusExMachina","Scrawl"]}],"is_beta":false,"boss_relics":[{"not_picked":["Coffee Dripper","Empty Cage"],"picked":"Runic Pyramid"},{"not_picked":["HolyWater","Tiny House"],"picked":"Astrolabe"}],"items_purged_floors":[],"is_endless":false,"potions_floor_spawned":[1,6,16,20,27,29,30,40,41,42],"ascension_level":0}}