{"host":"o3b7ow6d1xe49css","time":1612097422,"event":{"mods":["Act Like it!","Aspiration","BaseMod","Bestiary","Better Altar","Better Match","Better Note","Better Sensory Stone","Better Skull","Better Third Choice","Colored Powertips","Conspire","Energized Spire","Force Act Four","GifTheSpireLib","Halation","Hermit","Hubris","Infinite Spire","Lobotomy","Minty Spire (QoL Compilation)","Quick Restart","Rare Cards Sparkle","Relic Filter Mod","Reliquary","Replay The Spire","Spicy Shops","Spikes Relics","Spire Arcade","StSLib","Stuff the Spire","The Blue Laboratory","Wandering Minibosses"],"gold_per_floor":[116,128,138,148,222,252,46,73,73,73,102,131,131,164,164,269,269,284,284,284,89,107,107,132,166,166,195,195,195,207,207,207,306,306,317,63,80,80,80,109,139,168,216,14,40,40,40,69,69,169,169,169,19,45,147],"floor_reached":56,"language":"ENG","playtime":2691,"items_purged":["Strike_G","Strike_G","Strike_G","Strike_G","Backstab+1","OldLady"],"score":1691,"play_id":"76505b88-20b5-4533-8680-6312bb689104","local_time":"20210131035022","daily_mods":["Heirloom","Flight"],"is_ascension_mode":true,"campfire_choices":[{"floor":13,"key":"RECALL"},{"data":"conspire:DoublingDagger","floor":15,"key":"SMITH"},{"data":"Cloak And Dagger","floor":15,"key":"SMITH"},{"floor":23,"key":"REST"},{"data":"Apotheosis","floor":29,"key":"SMITH"},{"data":"Well Laid Plans","floor":29,"key":"SMITH"},{"data":"Dagger Spray","floor":29,"key":"SMITH"},{"data":"Night Terror","floor":29,"key":"SMITH"},{"data":"Secret Technique","floor":32,"key":"SMITH"},{"data":"Neutralize","floor":32,"key":"SMITH"},{"data":"Backstab","floor":32,"key":"SMITH"},{"data":"Slice","floor":32,"key":"SMITH"},{"floor":46,"key":"REST"},{"floor":49,"key":"REST"},{"floor":52,"key":"REST"}],"circlet_count":0,"master_deck":["Defend_G","Defend_G","Defend_G","Defend_G","Survivor","UniverseFragment","Slice+1","Hidden Blade","Cloak And Dagger+1","All Out Attack","Dagger Spray+1","conspire:DoublingDagger+1","OSAHOGD","Die Die Die","Night Terror+1","Well Laid Plans+1","Apotheosis+1","Secret Technique+1","BigBadWolf","GreedKing","Acrobatics+1","hubris:DuctTapeCard","Prepared+1","infinitespire:Collect","PiercingWail+1"],"relics":["Ring of the Snake","Ring of Chaos","Replay:Arrowhead","CogitoBucket","reliquary:Boomerang","halation:PromiseList","Boot","Replay:Mystery Machine","Pear","Quantum Egg","energizedSpire:OgreHead","Theresia","ReplayTheSpireMod:ShopPack","ReplayTheSpireMod:Lightbulb","halation:PenCase","Mirror","Centennial Puzzle","reliquary:WeakTea","SkinProphecy","Fusion Hammer","aspiration:HiddenCompartment","Mango","ReplayTheSpireMod:TigerMarble","Replay:WaspNest","hubris:DuctTape","infinitespire:Satchel","Snake Skull","hubris:MysteriousPyramids","ChewingGum","Ring of Chaos","Bottled Lightning"],"acts_visited":["Exordium","TheCity","TheBeyond","Exordium","TheEnding"],"potions_floor_usage":[6,14,25,41,50,55],"damage_taken":[{"damage":1,"enemies":"Cultist","floor":1,"turns":5},{"damage":2,"enemies":"Jaw Worm","floor":2,"turns":6},{"damage":0,"enemies":"conspire:RoseBush","floor":3,"turns":3},{"damage":0,"enemies":"Looter","floor":4,"turns":3},{"damage":2,"enemies":"Lagavulin","floor":6,"turns":9},{"damage":8,"enemies":"Gremlin Nob","floor":8,"turns":3},{"damage":12,"enemies":"Replay:BlueRogue","floor":11,"turns":3},{"damage":4,"enemies":"3 Sentries","floor":12,"turns":3},{"damage":15,"enemies":"Lagavulin","floor":14,"turns":3},{"damage":31,"enemies":"Fading Forest","floor":16,"turns":11},{"damage":44,"enemies":"3 Byrds","floor":18,"turns":1},{"damage":0,"enemies":"Chosen","floor":22,"turns":3},{"damage":12,"enemies":"Gremlin Leader","floor":24,"turns":3},{"damage":2,"enemies":"Slavers","floor":25,"turns":2},{"damage":0,"enemies":"conspire:Head Lice","floor":27,"turns":2},{"damage":9,"enemies":"Centurion and Healer","floor":30,"turns":2},{"damage":3,"enemies":"Collector","floor":33,"turns":5},{"damage":0,"enemies":"3 Darklings","floor":35,"turns":1},{"damage":0,"enemies":"Orb Walker","floor":37,"turns":1},{"damage":14,"enemies":"Nemesis","floor":40,"turns":3},{"damage":6,"enemies":"Giant Head","floor":41,"turns":6},{"damage":0,"enemies":"Reptomancer","floor":42,"turns":2},{"damage":0,"enemies":"R_Hoarder","floor":45,"turns":3},{"damage":7,"enemies":"Nightmare","floor":48,"turns":7},{"damage":40,"enemies":"Replay:Hell Engine","floor":50,"turns":5},{"damage":13,"enemies":"Shield and Spear","floor":54,"turns":2},{"damage":29,"enemies":"The Heart","floor":55,"turns":5}],"seed_played":"-8136141428277251002","potions_obtained":[{"floor":3,"key":"blueLaboratory:FrostheartPotion"},{"floor":6,"key":"FairyPotion"},{"floor":8,"key":"blueLaboratory:AbyssPotion"},{"floor":12,"key":"blueLaboratory:SuffocatingSmog"},{"floor":24,"key":"blueLaboratory:PhilterOfMotion"},{"floor":27,"key":"blueLaboratory:AbyssPotion"},{"floor":33,"key":"SpeedPotion"},{"floor":35,"key":"Death Potion"},{"floor":37,"key":"Elixir"},{"floor":48,"key":"CunningPotion"},{"floor":54,"key":"ColorlessPotion"}],"is_trial":true,"path_per_floor":["M","M","M","M","?","E","$","E","T","?","E","E","R","E","R","B",null,"M","?","?","$","M","R","E","E","T","E","AVR","R","M","?","R","B",null,"M","$","M","AVR","?","E","E","E","T","$","E","R","?","NM","R","B",null,"R","$","E","B",null],"character_chosen":"THE_SILENT","items_purchased":["halation:PromiseList","Dagger Spray","ReplayTheSpireMod:ShopPack","aspiration:HiddenCompartment","DuplicationPotion"],"campfire_rested":4,"item_purchase_floors":[7,7,21,36,44],"current_hp_per_floor":[69,67,67,67,67,65,65,57,57,57,45,51,51,36,36,28,67,23,23,23,23,23,47,35,33,33,33,33,33,24,50,50,43,72,68,68,64,78,78,60,50,46,46,46,42,74,108,97,110,66,109,112,112,95,62],"gold":147,"neow_bonus":"","is_daily":false,"chose_seed":false,"campfire_upgraded":10,"win_rate":0.0,"timestamp":1612097422,"path_taken":["M","M","M","M","?","E","$","E","T","?","E","E","R","E","R","BOSS","M","?","?","$","M","R","E","E","T","E","AVR","R","?","?","R","BOSS","M","$","M","AVR","?","E","E","E","T","$","E","R","?","NM","R","BOSS","R","$","E","BOSS"],"items_purchased_type":["Relic","Card","Relic","Relic","Potion"],"build_version":"2020-12-22","purchased_purges":6,"victory":true,"max_hp_per_floor":[70,70,70,70,70,70,70,70,70,70,70,80,80,80,80,80,80,80,80,80,80,80,80,80,80,80,80,80,80,80,80,80,82,82,84,84,86,100,100,102,104,106,106,106,108,108,108,110,110,112,112,112,112,114,116],"card_choices":[{"not_picked":["VoidDream","Freischutz"],"picked":"UniverseFragment","floor":1},{"not_picked":["Catalyst","StuffTheSpire:Injection"],"picked":"Slice","floor":1},{"not_picked":["ShyLook","Rudolta"],"picked":"OldLady","floor":2},{"not_picked":["StuffTheSpire:Fury","StuffTheSpire:ReptileScales"],"picked":"Hidden Blade","floor":2},{"not_picked":["Yin","LongBird"],"picked":"BigBird","floor":3},{"not_picked":["StuffTheSpire:ClusterCrunch","StuffTheSpire:Python"],"picked":"Slice","floor":3},{"not_picked":["Laetitia","WallGazer","HeroicMonk"],"picked":"Singing Bowl","floor":4},{"not_picked":["Underhanded Strike","Backflip"],"picked":"Cloak And Dagger","floor":4},{"not_picked":["CherryBlossoms","HappyTeddy","Wellcheers"],"picked":"Singing Bowl","floor":6},{"not_picked":["Distraction","Grand Finale"],"picked":"All Out Attack","floor":6},{"not_picked":["SpiderBud","Scorched","MeatLantern"],"picked":"Singing Bowl","floor":8},{"not_picked":["Sucker Punch","Dagger Spray"],"picked":"conspire:DoublingDagger","floor":8},{"not_picked":["Bloodbath","Wellcheers"],"picked":"OSAHOGD","floor":11},{"not_picked":["Slice","Skewer"],"picked":"Die Die Die","floor":11},{"not_picked":["Bloodbath","SpiderBud","Scorched"],"picked":"Singing Bowl","floor":12},{"not_picked":["Outmaneuver","Draining Mist","ReplayTheSpireMod:The Works"],"picked":"SKIP","floor":12},{"not_picked":["MHz","Murderer","VoidDream"],"picked":"Singing Bowl","floor":14},{"not_picked":["Deflect","Dodge and Roll","Flying Knee"],"picked":"SKIP","floor":14},{"not_picked":["Woodsman","VoidDream","SpiderBud"],"picked":"Singing Bowl","floor":16},{"not_picked":["StuffTheSpire:FinalStruggle","ReplayTheSpireMod:Necrosis"],"picked":"Night Terror","floor":16},{"not_picked":["HeroicMonk","SpiderBud","Mercenary"],"picked":"Singing Bowl","floor":18},{"not_picked":["Prepared","StuffTheSpire:Fury"],"picked":"Well Laid Plans","floor":18},{"not_picked":["Feint","hubris:EnhanceAbility"],"picked":"Apotheosis","floor":21},{"not_picked":["StuffTheSpire:PlasmaPulse","Survey Options"],"picked":"Secret Technique","floor":21},{"not_picked":["BlackArmy","NakedNest","Funeral"],"picked":"Singing Bowl","floor":22},{"not_picked":["NothingThere","SingingMachine"],"picked":"BigBadWolf","floor":22},{"not_picked":["hubris:TrickCloak","hubris:Counter","Poisoned Stab"],"picked":"SKIP","floor":22},{"not_picked":["PunishingBird","RedShoes","DreamingCurrent"],"picked":"Singing Bowl","floor":24},{"not_picked":["Wellcheers","CherryBlossoms"],"picked":"GreedKing","floor":24},{"not_picked":["Underhanded Strike+1","Skewer","StuffTheSpire:ClusterCrunch"],"picked":"SKIP","floor":24},{"not_picked":["MHz","NakedNest","SpiderBud"],"picked":"Singing Bowl","floor":25},{"not_picked":["Underhanded Strike","Distraction"],"picked":"Prepared+1","floor":25},{"not_picked":["Scorched","Yin","Funeral"],"picked":"Singing Bowl","floor":27},{"not_picked":["ReplayTheSpireMod:Tripwire","StuffTheSpire:DoubleShiv","Dagger Spray+1"],"picked":"SKIP","floor":27},{"not_picked":["Funeral","RedShoes","CENSORED"],"picked":"Singing Bowl","floor":30},{"not_picked":["InfectiousVector","Deflect","Bouncing Flask"],"picked":"SKIP","floor":30},{"not_picked":["MeatLantern","Scorched","WhitesApple"],"picked":"Singing Bowl","floor":33},{"not_picked":["Laetitia","FieryBird","CrumblingArmor"],"picked":"Singing Bowl","floor":35},{"not_picked":["Prepared+1","StuffTheSpire:Fury+1"],"picked":"Acrobatics+1","floor":35},{"not_picked":["SnowQueen","HappyTeddy","NakedNest"],"picked":"Singing Bowl","floor":37},{"not_picked":["Dodge and Roll+1","Flying Knee","hubris:Sniper"],"picked":"SKIP","floor":37},{"not_picked":["Endless Agony+1","hubris:Sniper","Backflip+1"],"picked":"SKIP","floor":40},{"not_picked":["BigBird","BlackArmy","Rudolta"],"picked":"Singing Bowl","floor":41},{"not_picked":["Fluid Movement","Dagger Spray","StuffTheSpire:Sprint"],"picked":"SKIP","floor":41},{"not_picked":["Caltrops+1","Slice","Quick Slash"],"picked":"SKIP","floor":42},{"not_picked":["Endless Agony","Deflect"],"picked":"Prepared+1","floor":45},{"not_picked":["ReplayTheSpireMod:Echoes of Time","infinitespire:Gouge"],"picked":"infinitespire:Collect","floor":48},{"not_picked":["Burst","Poisoned Stab"],"picked":"PiercingWail+1","floor":48},{"not_picked":["Prepared","Underhanded Strike+1","InfectiousVector+1"],"picked":"SKIP","floor":54},{"not_picked":["Prepared","Underhanded Strike+1","InfectiousVector+1"],"picked":"SKIP","floor":54}],"player_experience":1225495,"relics_obtained":[{"floor":6,"key":"reliquary:Boomerang"},{"floor":8,"key":"Boot"},{"floor":11,"key":"Replay:Mystery Machine"},{"floor":12,"key":"Pear"},{"floor":14,"key":"Quantum Egg"},{"floor":24,"key":"ReplayTheSpireMod:Lightbulb"},{"floor":25,"key":"halation:PenCase"},{"floor":26,"key":"Mirror"},{"floor":27,"key":"Centennial Puzzle"},{"floor":40,"key":"ReplayTheSpireMod:TigerMarble"},{"floor":41,"key":"Replay:WaspNest"},{"floor":42,"key":"hubris:DuctTape"},{"floor":43,"key":"infinitespire:Satchel"},{"floor":45,"key":"Snake Skull"},{"floor":48,"key":"hubris:MysteriousPyramids"},{"floor":54,"key":"Bottled Lightning"}],"event_choices":[{"damage_healed":0,"gold_gain":74,"player_choice":"Gained Gold","damage_taken":0,"max_hp_gain":0,"max_hp_loss":0,"event_name":"Golden Wing","floor":5,"gold_loss":0},{"damage_healed":0,"gold_gain":0,"cards_transformed":["Strike_G"],"player_choice":"Transformed","damage_taken":0,"max_hp_gain":0,"max_hp_loss":0,"event_name":"Transmorgrifier","floor":10,"gold_loss":0,"cards_obtained":["Backstab"]},{"damage_healed":0,"gold_gain":0,"player_choice":"Ignored","damage_taken":0,"max_hp_gain":0,"max_hp_loss":0,"event_name":"betterNote:BetterNote","floor":19,"gold_loss":0,"cards_obtained":["Strike_P"]},{"damage_healed":0,"gold_gain":0,"player_choice":"Copied","damage_taken":0,"max_hp_gain":0,"max_hp_loss":0,"event_name":"Duplicator","floor":20,"gold_loss":0,"cards_obtained":["Cloak And Dagger"]},{"damage_healed":26,"gold_gain":0,"player_choice":"Heal","damage_taken":0,"max_hp_gain":0,"max_hp_loss":0,"event_name":"The Library","floor":31,"gold_loss":0},{"damage_healed":0,"gold_gain":3,"player_choice":"1","damage_taken":0,"max_hp_gain":0,"max_hp_loss":0,"event_name":"betterStone:BetterStone","floor":39,"gold_loss":0},{"damage_healed":34,"gold_gain":0,"player_choice":"Full Heal","damage_taken":0,"max_hp_gain":0,"max_hp_loss":0,"event_name":"Wheel of Change","floor":47,"gold_loss":0}],"is_beta":false,"boss_relics":[{"not_picked":["Replay:Ancient Bell","halation:PlatinumPhoenix"],"picked":"energizedSpire:OgreHead"},{"not_picked":["Replay:Wanted Poster","Runic Pyramid"],"picked":"Fusion Hammer"},{"not_picked":["aspiration:DefectSkillbook","halation:CatFaceCupcake"],"picked":"ChewingGum"}],"items_purged_floors":[21,28,36,38,44,53],"is_endless":true,"potions_floor_spawned":[3,6,8,12,24,27,33,35,37,45,48,54],"ascension_level":5}}