{"host":"xp5rvh2jwe2ejyfm","time":1612129972,"event":{"mods":["Aspiration","BaseMod","BetterRewards","Colored Powertips","Conspire","Downfall","Duelist Mod","GifTheSpireLib","Gremlin Mod","Hermit","Hubris","Minty Spire (QoL Compilation)","Robot Space Explorer","StSLib","The Blackbeard","The Clintock","The Construct","The Cursed","The Disciple","The Forsaken","The Hierophant","The Necromancer","The Runesmith","The Servant 0.9.4"],"gold_per_floor":[110,121,48,66,79,110,110,166,166,166,166,166,166,197,197,295,295,315,330,346,47,76,76,92,121,146,178,178,178,195,48,48,144,144,161,23,36,36,48,48,58,58,58,77,77,96,22,49,49,49,49,49,1,35,35,35],"floor_reached":55,"language":"ENG","playtime":1842,"items_purged":[],"score":795,"play_id":"d24f5eae-5209-4ffa-a029-7c539021cb01","local_time":"20210131165252","is_ascension_mode":false,"campfire_choices":[{"data":"TheCursedMod:HellsGateOpen","floor":7,"key":"SMITH"},{"floor":10,"key":"RECALL"},{"floor":12,"key":"REST"},{"floor":15,"key":"REST"},{"floor":23,"key":"REST"},{"floor":28,"key":"REST"},{"data":"TheCursedMod:VoidForm","floor":32,"key":"SMITH"},{"floor":40,"key":"REST"},{"data":"TheCursedMod:CircleOfFlame","floor":45,"key":"SMITH"},{"floor":49,"key":"REST"},{"data":"TheCursedMod:NeowsMight","floor":52,"key":"SMITH"}],"circlet_count":0,"master_deck":["TheCursedMod:Strike_TheCursed","TheCursedMod:Strike_TheCursed","TheCursedMod:Strike_TheCursed","TheCursedMod:Strike_TheCursed","TheCursedMod:Defend_TheCursed","TheCursedMod:Defend_TheCursed","TheCursedMod:Defend_TheCursed","TheCursedMod:Defend_TheCursed","TheCursedMod:CursedWand","TheCursedMod:CleanUpWorkshop","TheCursedMod:Dregs","TheCursedMod:CircleOfFlame+1","TheCursedMod:Wield","TheCursedMod:HellsGateOpen","TheCursedMod:Stigma","TheCursedMod:HellsGateOpen+1","TheCursedMod:CursedBlade","TheCursedMod:DemonSword","Regret","TheCursedMod:SpreadPlague","TheCursedMod:NeowsMight+1","TheCursedMod:CursedAmulet+1","TheCursedMod:WearCloak","TheCursedMod:TacticalStrike+1","TheCursedMod:CursedAmulet","TheCursedMod:HellfireBreathing","TheCursedMod:EmpowerCircles+1","TheCursedMod:CircleOfBlood","TheCursedMod:CursedBlade","TheCursedMod:VoidForm+1","TheCursedMod:VoidForm","TheCursedMod:TacticalStrike+1","TheCursedMod:AntiAging","Parasite","TheCursedMod:SpitefulStrike","TheCursedMod:Torture+1","TheCursedMod:SmokeScreen+1","TheCursedMod:FleshFromBone","TheCursedMod:HellsGateOpen","TheCursedMod:CursedBlade","TheCursedMod:TacticalStrike"],"relics":["TheCursedMod:BlackMagic101","NeowsBlessing","conspire:Flyswatter","Nunchaku","Mango","PreservedInsect","hubris:Icosahedron","Vajra","hubris:Backtick","Du-Vu Doll","Oddly Smooth Stone","aspiration:ChemicalBlood","Red Mask","TheCursedMod:DemonicMark","hubris:Spice","aspiration:RitualStick","Busted Crown","Unceasing Top","hubris:Zylophone"],"acts_visited":["Exordium","TheCity","TheBeyond","TheEnding"],"potions_floor_usage":[6,6,8,16,30,33,33,33,39,39,39,39,39,44,46,50,50,50,50,50,55,55,55],"damage_taken":[{"damage":0,"enemies":"2 Louse","floor":1,"turns":1},{"damage":0,"enemies":"Jaw Worm","floor":2,"turns":1},{"damage":0,"enemies":"Small Slimes","floor":4,"turns":1},{"damage":11,"enemies":"Blue Slaver","floor":5,"turns":3},{"damage":14,"enemies":"Gremlin Nob","floor":6,"turns":3},{"damage":28,"enemies":"Lagavulin Event","floor":8,"turns":5},{"damage":20,"enemies":"3 Sentries","floor":14,"turns":3},{"damage":17,"enemies":"Slime Boss","floor":16,"turns":6},{"damage":20,"enemies":"2 Thieves","floor":18,"turns":2},{"damage":2,"enemies":"3 Byrds","floor":19,"turns":3},{"damage":7,"enemies":"Centurion and Healer","floor":20,"turns":5},{"damage":9,"enemies":"Masked Bandits","floor":22,"turns":4},{"damage":0,"enemies":"Snake Plant","floor":24,"turns":3},{"damage":17,"enemies":"Book of Stabbing","floor":25,"turns":4},{"damage":4,"enemies":"Gremlin Leader","floor":27,"turns":4},{"damage":8,"enemies":"Snecko","floor":30,"turns":3},{"damage":34,"enemies":"Automaton","floor":33,"turns":5},{"damage":0,"enemies":"3 Shapes","floor":35,"turns":2},{"damage":33,"enemies":"Orb Walker","floor":37,"turns":3},{"damage":25,"enemies":"Writhing Mass","floor":39,"turns":4},{"damage":14,"enemies":"3 Darklings","floor":41,"turns":3},{"damage":2,"enemies":"Jaw Worm Horde","floor":44,"turns":2},{"damage":21,"enemies":"Maw","floor":46,"turns":5},{"damage":12,"enemies":"Nemesis","floor":48,"turns":3},{"damage":69,"enemies":"conspire:OrnateMirror","floor":50,"turns":5},{"damage":39,"enemies":"Shield and Spear","floor":54,"turns":4},{"damage":80,"enemies":"The Heart","floor":55,"turns":5}],"seed_played":"-2727257884654264229","potions_obtained":[{"floor":2,"key":"AttackPotion"},{"floor":4,"key":"FearPotion"},{"floor":6,"key":"Energy Potion"},{"floor":14,"key":"hexamod:SoulburnPotion"},{"floor":25,"key":"AttackPotion"},{"floor":27,"key":"PowerPotion"},{"floor":30,"key":"LiquidBronze"},{"floor":33,"key":"ColorlessPotion"},{"floor":41,"key":"DistilledChaos"},{"floor":44,"key":"Weak Potion"}],"is_trial":false,"path_per_floor":["M","M","$","M","M","E","R","?","T","R","?","R","?","E","R","B",null,"M","M","M","$","?","R","M","E","T","E","R","?","M","$","R","B",null,"M","$","M","$","M","R","M","?","T","M","R","M","$","E","R","B",null,"R","$","E","B"],"character_chosen":"THE_CURSED","items_purchased":["TheCursedMod:HellsGateOpen","Oddly Smooth Stone","aspiration:ChemicalBlood","TheCursedMod:VoidForm","TheCursedMod:AntiAging","TheCursedMod:HellsGateOpen","TheCursedMod:TacticalStrike"],"campfire_rested":6,"item_purchase_floors":[3,21,21,31,36,47,53],"current_hp_per_floor":[75,75,75,75,64,50,50,22,36,36,36,62,62,42,68,51,89,69,67,60,60,51,77,77,60,60,64,93,74,70,70,70,42,97,97,97,66,66,45,74,70,70,70,80,80,69,69,57,86,19,99,99,99,68,0,0],"gold":35,"neow_bonus":"THREE_ENEMY_KILL","is_daily":false,"chose_seed":false,"campfire_upgraded":4,"win_rate":0.0,"timestamp":1612129972,"path_taken":["M","M","$","M","M","E","R","?","T","R","?","R","?","E","R","BOSS","M","M","M","$","?","R","M","E","T","E","R","?","M","$","R","BOSS","M","$","M","$","M","R","M","?","T","M","R","M","$","E","R","BOSS","R","$","E","BOSS"],"items_purchased_type":["Card","Relic","Relic","Card","Card","Card","Card"],"build_version":"2020-12-22","purchased_purges":0,"victory":false,"max_hp_per_floor":[75,75,75,75,75,75,75,75,89,89,89,89,89,89,89,89,89,89,89,89,89,89,89,89,89,89,97,97,97,97,97,97,97,97,97,97,97,97,97,97,99,99,99,99,99,99,99,99,99,99,99,99,99,107,109,109],"card_choices":[{"not_picked":["TheCursedMod:SurpriseAttack","TheCursedMod:Torture"],"picked":"TheCursedMod:CircleOfFlame","floor":1},{"not_picked":["TheCursedMod:Stigma","TheCursedMod:TacticalStrike"],"picked":"TheCursedMod:Wield","floor":2},{"not_picked":["TheCursedMod:Stretching","TheCursedMod:DoubleShield"],"picked":"TheCursedMod:Stigma","floor":4},{"not_picked":["TheCursedMod:CursedAmulet","TheCursedMod:Hemoplague"],"picked":"TheCursedMod:HellsGateOpen","floor":5},{"not_picked":["TheCursedMod:TacticalStrike","TheCursedMod:SmokeScreen"],"picked":"TheCursedMod:CursedBlade","floor":6},{"not_picked":["TheCursedMod:CursedStaff","TheCursedMod:SurpriseAttack"],"picked":"TheCursedMod:DemonSword","floor":8},{"not_picked":["TheCursedMod:SoulCrush","TheCursedMod:RavingStaff"],"picked":"TheCursedMod:SpreadPlague","floor":14},{"not_picked":["TheCursedMod:CircleOfAbyss","TheCursedMod:OutForBlood"],"picked":"TheCursedMod:NeowsMight","floor":16},{"not_picked":["TheCursedMod:WearCloak","TheCursedMod:Obscuration+1"],"picked":"TheCursedMod:CursedAmulet+1","floor":18},{"not_picked":["TheCursedMod:SmokeScreen","TheCursedMod:Torture"],"picked":"TheCursedMod:WearCloak","floor":19},{"not_picked":["TheCursedMod:PrepareRite","TheCursedMod:BloodBarrier"],"picked":"TheCursedMod:TacticalStrike+1","floor":20},{"not_picked":["TheCursedMod:FleshFromBone","TheCursedMod:Stigma"],"picked":"TheCursedMod:CursedAmulet","floor":22},{"not_picked":["TheCursedMod:CursedShiv","TheCursedMod:SpitefulPray+1"],"picked":"TheCursedMod:HellfireBreathing","floor":24},{"not_picked":["TheCursedMod:CursedSpellbook+1","TheCursedMod:CursedMace"],"picked":"TheCursedMod:EmpowerCircles+1","floor":25},{"not_picked":["TheCursedMod:SpitefulPray","TheCursedMod:CursedAmulet"],"picked":"TheCursedMod:CircleOfBlood","floor":27},{"not_picked":["TheCursedMod:Stigma","TheCursedMod:CursedBoomerang"],"picked":"TheCursedMod:CursedBlade","floor":30},{"not_picked":["TheCursedMod:DarkBarrier","TheCursedMod:ManaCirculation"],"picked":"TheCursedMod:VoidForm","floor":33},{"not_picked":[],"picked":"TheCursedMod:TacticalStrike+1","floor":35},{"not_picked":["TheCursedMod:CursedAmulet+1"],"picked":"SKIP","floor":37},{"not_picked":[],"picked":"TheCursedMod:SpitefulStrike","floor":39},{"not_picked":[],"picked":"TheCursedMod:Torture+1","floor":41},{"not_picked":[],"picked":"TheCursedMod:SmokeScreen+1","floor":44},{"not_picked":[],"picked":"TheCursedMod:FleshFromBone","floor":46},{"not_picked":[],"picked":"TheCursedMod:CursedBlade","floor":48},{"not_picked":["TheCursedMod:CursedMace+1"],"picked":"SKIP","floor":54}],"player_experience":369802,"relics_obtained":[{"floor":6,"key":"conspire:Flyswatter"},{"floor":9,"key":"Mango"},{"floor":14,"key":"Vajra"},{"floor":22,"key":"Red Mask"},{"floor":25,"key":"TheCursedMod:DemonicMark"},{"floor":27,"key":"hubris:Spice"},{"floor":43,"key":"Unceasing Top"},{"floor":48,"key":"hubris:Zylophone"},{"floor":54,"key":"hubris:Spice"}],"event_choices":[{"damage_healed":0,"gold_gain":30,"player_choice":"Searched \u00273\u0027 times","damage_taken":0,"relics_obtained":["Nunchaku"],"max_hp_gain":0,"max_hp_loss":0,"event_name":"Dead Adventurer","floor":8,"gold_loss":0},{"damage_healed":0,"gold_gain":0,"player_choice":"Box","damage_taken":0,"relics_obtained":["PreservedInsect"],"max_hp_gain":0,"max_hp_loss":0,"event_name":"Big Fish","floor":11,"gold_loss":0,"cards_obtained":["Regret"]},{"damage_healed":0,"gold_gain":0,"player_choice":"Fought Bandits","damage_taken":0,"max_hp_gain":0,"max_hp_loss":0,"event_name":"Masked Bandits","floor":22,"gold_loss":0},{"damage_healed":0,"gold_gain":0,"player_choice":"Ignored","damage_taken":0,"max_hp_gain":0,"max_hp_loss":0,"event_name":"NoteForYourself","floor":42,"gold_loss":0}],"is_beta":false,"boss_relics":[{"not_picked":["Runic Pyramid","aspiration:ServantSkillbook"],"picked":"hubris:Backtick"},{"not_picked":["TheCursedMod:OminousMark","hubris:Spice"],"picked":"Busted Crown"}],"items_purged_floors":[],"is_endless":false,"potions_floor_spawned":[2,4,6,14,25,27,33,37,41],"killed_by":"The Heart","ascension_level":0}}