{"host":"4gr5irrdjh39ysed","time":1612063524,"event":{"mods":["AchievementEnabler","BaseMod","Colored Map","Downfall","Hermit","Minty Spire (QoL Compilation)","Random Character Button","StSLib","The Construct","The Cursed","The Disciple","The Hierophant","The Mystic","The Necromancer","The Runesmith"],"gold_per_floor":[118,138,149,165,165,190,190,52,76,102,102,5,16,31,31,105,105,119,134,134,154,54,54,54,86,109,139,54,17,17,117,117,191,191,203,78,127,127,127,127,138,152,204,234,252,268,284,301,301,301,301,301,36,65,65],"floor_reached":56,"language":"ENG","playtime":4858,"items_purged":["Defend_G","Defend_G","Defend_G","Defend_G"],"score":1867,"play_id":"66f4739c-6823-455f-93f8-5cfb9cb2611a","local_time":"20210130202524","is_ascension_mode":true,"campfire_choices":[{"floor":7,"key":"RECALL"},{"data":"Envenom","floor":15,"key":"SMITH"},{"data":"Glass Knife","floor":23,"key":"SMITH"},{"data":"Bouncing Flask","floor":30,"key":"SMITH"},{"data":"Burst","floor":32,"key":"SMITH"},{"data":"Phantasmal Killer","floor":40,"key":"SMITH"},{"data":"Choke","floor":49,"key":"SMITH"},{"data":"Bouncing Flask","floor":52,"key":"SMITH"}],"circlet_count":0,"master_deck":["AscendersBane","Strike_G","Strike_G","Strike_G+1","Strike_G","Strike_G+1","Survivor","Neutralize","Slice","Terror+1","Concentrate","Bouncing Flask+1","Blade Dance","Envenom+1","Burst+1","Slice","Blade Dance","Quick Slash","Glass Knife+1","Sucker Punch","Cloak And Dagger+1","Bouncing Flask+1","Footwork+1","Glass Knife+1","Predator","Endless Agony","Blur","Noxious Fumes","Phantasmal Killer+1","Flying Knee","Bane","Dagger Throw","Slice","Crippling Poison+1","Dagger Spray+1","Parasite","Choke+1","A Thousand Cuts","Accuracy","Dash","Cloak And Dagger+1"],"relics":["Ring of the Snake","Juzu Bracelet","Regal Pillow","Oddly Smooth Stone","Pen Nib","SacredBark","Red Mask","Akabeko","Shuriken","Gremlin Horn","CaptainsWheel","Bottled Tornado","Black Star","Bird Faced Urn","Blue Candle","Mercury Hourglass","Runesmith:Nanobots","Whetstone","Calipers"],"acts_visited":["Exordium","TheCity","TheBeyond","TheEnding"],"potions_floor_usage":[18,19,25,31,33,35,37,44,46,48,55,55],"damage_taken":[{"damage":2,"enemies":"Cultist","floor":1,"turns":4},{"damage":7,"enemies":"Small Slimes","floor":2,"turns":4},{"damage":12,"enemies":"Jaw Worm","floor":3,"turns":4},{"damage":13,"enemies":"2 Fungi Beasts","floor":4,"turns":4},{"damage":30,"enemies":"Lagavulin","floor":6,"turns":6},{"damage":29,"enemies":"Gremlin Nob","floor":10,"turns":4},{"damage":35,"enemies":"Exordium Wildlife","floor":13,"turns":5},{"damage":14,"enemies":"Red Slaver","floor":14,"turns":3},{"damage":582,"enemies":"Hexaghost","floor":16,"turns":6},{"damage":0,"enemies":"Spheric Guardian","floor":18,"turns":3},{"damage":9,"enemies":"Chosen","floor":19,"turns":4},{"damage":68,"enemies":"Centurion and Healer","floor":21,"turns":6},{"damage":32,"enemies":"Masked Bandits","floor":25,"turns":4},{"damage":65,"enemies":"Slavers","floor":27,"turns":5},{"damage":10,"enemies":"Colosseum Slavers","floor":31,"turns":2},{"damage":26,"enemies":"Colosseum Nobs","floor":31,"turns":3},{"damage":87,"enemies":"Collector","floor":33,"turns":7},{"damage":50,"enemies":"3 Shapes","floor":35,"turns":4},{"damage":50,"enemies":"2 Orb Walkers","floor":37,"turns":5},{"damage":19,"enemies":"3 Darklings","floor":41,"turns":3},{"damage":26,"enemies":"Spire Growth","floor":42,"turns":3},{"damage":0,"enemies":"Giant Head","floor":44,"turns":5},{"damage":8,"enemies":"Sphere and 2 Shapes","floor":45,"turns":4},{"damage":27,"enemies":"Maw","floor":46,"turns":5},{"damage":28,"enemies":"Writhing Mass","floor":47,"turns":4},{"damage":14,"enemies":"Spire Growth","floor":48,"turns":3},{"damage":127,"enemies":"Donu and Deca","floor":50,"turns":7},{"damage":171,"enemies":"Shield and Spear","floor":54,"turns":7},{"damage":359,"enemies":"The Heart","floor":55,"turns":10}],"seed_played":"-4086079728116691140","potions_obtained":[{"floor":2,"key":"PowerPotion"},{"floor":4,"key":"Block Potion"},{"floor":14,"key":"AttackPotion"},{"floor":18,"key":"Block Potion"},{"floor":21,"key":"Block Potion"},{"floor":27,"key":"sneckomod:MuddlingPotion"},{"floor":31,"key":"SneckoOil"},{"floor":33,"key":"sneckomod:MuddlingPotion"},{"floor":35,"key":"sneckomod:MuddlingPotion"},{"floor":44,"key":"CultistPotion"},{"floor":45,"key":"champ:CounterPotion"},{"floor":47,"key":"ColorlessPotion"},{"floor":54,"key":"Strength Potion"}],"is_trial":false,"path_per_floor":["M","M","M","M","?","E","R","$","T","E","?","$","M","M","R","B",null,"M","M","?","M","$","R","?","?","T","E","?","$","R","?","R","B",null,"M","$","?","?","?","R","M","M","T","E","M","M","M","M","R","B",null,"R","$","E","B",null],"character_chosen":"THE_SILENT","items_purchased":["Envenom","Slice","Blur","Accuracy","Dash"],"campfire_rested":0,"item_purchase_floors":[8,12,29,53,53],"current_hp_per_floor":[2057,2050,2038,2025,1612,1582,1582,1582,1582,1553,1553,1553,1518,1504,1504,922,1780,1780,1771,1771,1703,1703,1703,1703,1671,1671,1606,1606,1606,1606,1570,1570,1483,1920,1870,1870,1820,1820,1815,1815,1800,1776,1776,1778,1774,1751,1725,1713,1713,1592,1948,1948,1948,1783,1434],"gold":65,"neow_bonus":"RANDOM_COMMON_RELIC","is_daily":false,"chose_seed":false,"campfire_upgraded":7,"win_rate":0.0,"timestamp":1612063524,"path_taken":["M","M","M","M","?","E","R","$","T","E","?","$","M","M","R","BOSS","M","M","?","M","$","R","?","?","T","E","?","$","R","?","R","BOSS","M","$","?","?","?","R","M","M","T","E","M","M","M","M","R","BOSS","R","$","E","BOSS"],"items_purchased_type":["Card","Card","Card","Card","Card"],"build_version":"2020-12-22","purchased_purges":4,"victory":true,"max_hp_per_floor":[2066,2066,2066,2066,2066,2066,2066,2066,2066,2066,2066,2066,2066,2066,2066,2066,2066,2066,2066,2066,2066,2066,2066,2066,2066,2066,2066,2066,2066,2066,2066,2066,2066,2066,2066,2066,2066,2066,2066,2066,2066,2066,2066,2066,2066,2066,2066,2066,2066,2066,2066,2066,2066,2066,2066],"card_choices":[{"not_picked":["Underhanded Strike","PiercingWail"],"picked":"Slice","floor":1},{"not_picked":["Outmaneuver","Quick Slash"],"picked":"Terror","floor":2},{"not_picked":["Flying Knee","Riddle With Holes"],"picked":"Concentrate","floor":3},{"not_picked":["Poisoned Stab","Deadly Poison"],"picked":"Bouncing Flask","floor":4},{"not_picked":["Cloak And Dagger","Heel Hook"],"picked":"Blade Dance","floor":6},{"not_picked":["Dodge and Roll","Dagger Spray"],"picked":"Burst","floor":10},{"not_picked":["PiercingWail","Dagger Spray"],"picked":"Blade Dance","floor":13},{"not_picked":["Distraction","Underhanded Strike"],"picked":"Quick Slash","floor":14},{"not_picked":["Envenom","Night Terror"],"picked":"Glass Knife","floor":16},{"not_picked":["Quick Slash","Deadly Poison"],"picked":"Sucker Punch","floor":18},{"not_picked":["Finisher","Distraction+1"],"picked":"Cloak And Dagger+1","floor":19},{"not_picked":["Sucker Punch","Deflect"],"picked":"Footwork+1","floor":21},{"not_picked":["Dodge and Roll","Blade Dance"],"picked":"Predator","floor":25},{"not_picked":["Bouncing Flask","Predator"],"picked":"Endless Agony","floor":27},{"not_picked":["Underhanded Strike","Acrobatics"],"picked":"Noxious Fumes","floor":31},{"not_picked":["After Image","A Thousand Cuts"],"picked":"Phantasmal Killer","floor":33},{"not_picked":["Infinite Blades","Distraction"],"picked":"Flying Knee","floor":35},{"not_picked":["Quick Slash","Deflect"],"picked":"Bane","floor":37},{"not_picked":["Deflect","Outmaneuver+1"],"picked":"Slice","floor":41},{"not_picked":["Backflip","Flying Knee","Well Laid Plans"],"picked":"SKIP","floor":42},{"not_picked":["Endless Agony","Infinite Blades"],"picked":"Crippling Poison+1","floor":44},{"not_picked":["Flechettes","Setup"],"picked":"Dagger Spray","floor":45},{"not_picked":["Underhanded Strike","Slice","Blade Dance"],"picked":"SKIP","floor":46},{"not_picked":["Quick Slash+1","Poisoned Stab"],"picked":"Choke","floor":47},{"not_picked":["Footwork","Finisher"],"picked":"A Thousand Cuts","floor":48},{"not_picked":["Leg Sweep+1","Dagger Spray+1"],"picked":"Cloak And Dagger+1","floor":54}],"player_experience":259954,"relics_obtained":[{"floor":6,"key":"Regal Pillow"},{"floor":9,"key":"Oddly Smooth Stone"},{"floor":10,"key":"Pen Nib"},{"floor":25,"key":"Red Mask"},{"floor":26,"key":"Akabeko"},{"floor":27,"key":"Shuriken"},{"floor":31,"key":"CaptainsWheel"},{"floor":31,"key":"Bottled Tornado"},{"floor":37,"key":"Bird Faced Urn"},{"floor":44,"key":"Mercury Hourglass"},{"floor":44,"key":"Runesmith:Nanobots"},{"floor":54,"key":"Whetstone"},{"floor":54,"key":"Calipers"}],"event_choices":[{"damage_healed":0,"gold_gain":0,"player_choice":"Entered Light","damage_taken":413,"max_hp_gain":0,"max_hp_loss":0,"event_name":"Shining Light","floor":5,"gold_loss":0,"cards_upgraded":["Terror","Strike_G"]},{"damage_healed":0,"gold_gain":0,"player_choice":"Ignored","damage_taken":0,"max_hp_gain":0,"max_hp_loss":0,"event_name":"Liars Game","floor":11,"gold_loss":0},{"damage_healed":0,"gold_gain":0,"player_choice":"Read","damage_taken":0,"max_hp_gain":0,"max_hp_loss":0,"event_name":"The Library","floor":20,"gold_loss":0,"cards_obtained":["Bouncing Flask"]},{"damage_healed":0,"gold_gain":0,"player_choice":"Copied","damage_taken":0,"max_hp_gain":0,"max_hp_loss":0,"event_name":"Duplicator","floor":24,"gold_loss":0,"cards_obtained":["Glass Knife"]},{"damage_healed":0,"gold_gain":0,"player_choice":"Fought Bandits","damage_taken":0,"max_hp_gain":0,"max_hp_loss":0,"event_name":"Masked Bandits","floor":25,"gold_loss":0},{"damage_healed":0,"gold_gain":0,"player_choice":"Obtained Relic","damage_taken":0,"relics_obtained":["Gremlin Horn"],"max_hp_gain":0,"max_hp_loss":0,"event_name":"Addict","floor":28,"gold_loss":85},{"damage_healed":0,"gold_gain":0,"player_choice":"Fight","damage_taken":0,"max_hp_gain":0,"max_hp_loss":0,"event_name":"Colosseum","floor":31,"gold_loss":0},{"damage_healed":0,"gold_gain":0,"player_choice":"Fought Nobs","damage_taken":0,"max_hp_gain":0,"max_hp_loss":0,"event_name":"Colosseum","floor":31,"gold_loss":0},{"damage_healed":0,"gold_gain":0,"player_choice":"Fight","damage_taken":0,"max_hp_gain":0,"max_hp_loss":0,"event_name":"Mysterious Sphere","floor":37,"gold_loss":0},{"damage_healed":0,"gold_gain":0,"cards_transformed":["Defend_G"],"player_choice":"Transformed","damage_taken":0,"max_hp_gain":0,"max_hp_loss":0,"event_name":"Transmorgrifier","floor":38,"gold_loss":0,"cards_obtained":["Dagger Throw"]}],"is_beta":false,"boss_relics":[{"not_picked":["Fusion Hammer","Runic Dome"],"picked":"SacredBark"},{"not_picked":["Empty Cage","Ring of the Serpent"],"picked":"Black Star"}],"items_purged_floors":[12,22,36,53],"is_endless":false,"potions_floor_spawned":[2,4,10,14,16,18,21,27,31,31,33,35,44,45,47,54],"ascension_level":14}}