{"host":"17jxu4722zcujg93","time":1612083043,"event":{"mods":["BaseMod","Colored Map","Downfall","Minty Spire (QoL Compilation)","StSLib"],"gold_per_floor":[99,118,128,128,147,297,321,354,354,385,385,385,415,137,157,261,261,161,180,180,65,65,82,106,6,26,26,26,26,57,75,91,187,187,187,198,248,262,309,321,321,321,321,346,375,407,407,407,417,417],"floor_reached":51,"language":"ENG","playtime":5666,"items_purged":["champ:Strike","champ:Defend"],"score":746,"play_id":"e3aaadcb-d36b-4b3d-836e-f1b8cfbb6d32","local_time":"20210131005043","is_ascension_mode":false,"campfire_choices":[{"data":"champ:Taunt","floor":1,"key":"SMITH"},{"data":"champ:LastStand","floor":9,"key":"SMITH"},{"data":"champ:StanceDance","floor":18,"key":"SMITH"},{"data":"champ:ArenaPreparation","floor":25,"key":"SMITH"},{"data":"champ:UltimateStance","floor":27,"key":"SMITH"},{"data":"champ:GladiatorForm","floor":35,"key":"SMITH"},{"floor":42,"key":"REST"},{"data":"champ:HoldFirm","floor":47,"key":"SMITH"}],"circlet_count":0,"master_deck":["champ:Execute","champ:Taunt+1","champ:TornadoPunch","champ:GutPunch","champ:PreciseThrust","downfall:Icky","champ:LastStand+1","champ:ArenaPreparation+1","champ:DefensiveShout","champ:FaceSlap","champ:StanceDance+1","champ:UltimateStance+1","champ:FanOfKnives","champ:HoldFirm+1","champ:FlashCut","champ:FocusedBerserking+1","champ:EnGarde","champ:GladiatorForm+1","champ:VampiricStrike","champ:RapidStrikes","champ:GladiatorStyle","champ:PreciseThrust","champ:DancingMaster","champ:HoldFirm+1","champ:Backstep","champ:IronFortress+1","champ:FalseCounter","champ:FocusedDefense","expansioncontent:GuardianWhirl"],"relics":["champ:ChampionCrown","champ:LiftRelic","Vajra","Oddly Smooth Stone","Juzu Bracelet","Pear","Eternal Feather","Philosopher\u0027s Stone","downfall:HeartBlessingGreen","Toy Ornithopter","downfall:HeartBlessingBlue","War Paint","Ice Cream","Pandora\u0027s Box","TungstenRod","WingedGreaves","Shuriken","Calipers","MealTicket","PreservedInsect","champ:FightingForDummies"],"acts_visited":["Exordium","TheCity","TheBeyond"],"potions_floor_usage":[23,30,46,46,50,50],"damage_taken":[{"damage":2,"enemies":"2 Louse","floor":2,"turns":4},{"damage":10,"enemies":"Cultist","floor":3,"turns":3},{"damage":11,"enemies":"Jaw Worm","floor":5,"turns":3},{"damage":28,"enemies":"Lagavulin","floor":8,"turns":6},{"damage":36,"enemies":"Gremlin Nob","floor":10,"turns":4},{"damage":9,"enemies":"3 Sentries","floor":13,"turns":7},{"damage":50,"enemies":"downfall:FleeingMerchant","floor":14,"turns":4},{"damage":10,"enemies":"Blue Slaver","floor":15,"turns":2},{"damage":87,"enemies":"WA_ARCHETYPE_RETAIN","floor":16,"turns":8},{"damage":32,"enemies":"Shell Parasite","floor":19,"turns":4},{"damage":25,"enemies":"downfall:FleeingMerchant","floor":21,"turns":4},{"damage":23,"enemies":"Shelled Parasite and Fungi","floor":23,"turns":4},{"damage":13,"enemies":"Snake Plant","floor":26,"turns":3},{"damage":59,"enemies":"Gremlin Leader","floor":30,"turns":6},{"damage":36,"enemies":"Snecko","floor":31,"turns":3},{"damage":49,"enemies":"Centurion and Healer","floor":32,"turns":4},{"damage":67,"enemies":"SI_MIRROR_ARCHETYPE","floor":33,"turns":9},{"damage":20,"enemies":"Orb Walker","floor":36,"turns":3},{"damage":34,"enemies":"Orb Walker","floor":37,"turns":7},{"damage":47,"enemies":"3 Shapes","floor":38,"turns":2},{"damage":59,"enemies":"2 Orb Walkers","floor":39,"turns":4},{"damage":43,"enemies":"Writhing Mass","floor":40,"turns":4},{"damage":36,"enemies":"Nemesis","floor":44,"turns":7},{"damage":47,"enemies":"Giant Head","floor":45,"turns":6},{"damage":34,"enemies":"Reptomancer","floor":46,"turns":5},{"damage":8,"enemies":"Jaw Worm Horde","floor":49,"turns":3},{"damage":77,"enemies":"DF_ARCHETYPE_ORBS","floor":50,"turns":10}],"seed_played":"-9089609783319595533","potions_obtained":[{"floor":2,"key":"DuplicationPotion"},{"floor":3,"key":"Strength Potion"},{"floor":8,"key":"SkillPotion"},{"floor":26,"key":"Strength Potion"},{"floor":30,"key":"FearPotion"},{"floor":49,"key":"Regen Potion"}],"is_trial":false,"path_per_floor":["R","M","M","?","M","?","T","E","R","E","?","?","E","$","M","B",null,"R","M","?","$","?","M","T","R","M","R","T","?","E","M","M","B",null,"R","M","?","M","?","M","T","R","T","E","E","E","R","?","M","B",null],"character_chosen":"THE_CHAMP","items_purchased":["champ:StanceDance","champ:UltimateStance"],"campfire_rested":1,"item_purchase_floors":[14,14],"current_hp_per_floor":[99,97,97,97,96,96,96,88,88,72,75,109,105,105,105,38,109,109,102,102,102,102,99,99,119,116,119,119,119,105,104,95,58,119,119,119,110,68,49,56,56,106,106,110,103,84,99,99,101,104],"gold":417,"neow_bonus":"TEN_PERCENT_HP_BONUS","is_daily":false,"chose_seed":false,"campfire_upgraded":7,"win_rate":0.0,"timestamp":1612083043,"path_taken":["R","M","M","?","M","?","T","E","R","E","?","?","E","?","M","BOSS","R","M","?","$","?","M","T","R","M","R","?","?","E","M","M","BOSS","R","M","?","M","?","M","T","R","?","E","E","E","R","?","M","BOSS"],"items_purchased_type":["Card","Card"],"build_version":"2020-12-22","purchased_purges":2,"victory":true,"max_hp_per_floor":[99,99,99,99,99,99,99,99,99,99,109,109,109,109,109,109,109,109,109,109,109,109,109,109,119,119,119,119,119,119,119,119,119,119,119,119,119,119,119,119,119,119,119,119,119,119,119,119,119,119],"card_choices":[{"not_picked":["champ:BladeFlurry","champ:EnragedBash"],"picked":"champ:TornadoPunch","floor":2},{"not_picked":["champ:Duel","champ:Haymaker"],"picked":"champ:GutPunch","floor":3},{"not_picked":["champ:AdrenalArmor","champ:Encircle"],"picked":"champ:PreciseThrust","floor":5},{"not_picked":["champ:PerfectedStrike","champ:Haymaker"],"picked":"champ:LastStand","floor":8},{"not_picked":["champ:GladiatorForm","champ:GladiatorStyle"],"picked":"champ:ArenaPreparation","floor":10},{"not_picked":["champ:FocusedBerserking","champ:Circumvent"],"picked":"champ:DefensiveShout","floor":13},{"not_picked":["champ:BerserkersShout","champ:CrownThrow"],"picked":"champ:FaceSlap","floor":14},{"not_picked":["champ:PerfectedStrike","champ:BladeFlurry"],"picked":"champ:FanOfKnives","floor":15},{"not_picked":["champ:IgnorePain","champ:TripleStrike"],"picked":"champ:HoldFirm","floor":16},{"not_picked":["champ:PreciseThrust","champ:Encircle"],"picked":"champ:FlashCut","floor":19},{"not_picked":["champ:FlashCut","champ:BerserkersShout","champ:AdrenalArmor"],"picked":"SKIP","floor":21},{"not_picked":["champ:Circumvent","champ:Duel","champ:FanOfKnives"],"picked":"SKIP","floor":23},{"not_picked":["champ:TornadoPunch","champ:HeavySlash","champ:FanOfKnives+1"],"picked":"SKIP","floor":26},{"not_picked":["champ:GladiatorStyle","champ:IronFortress"],"picked":"champ:FocusedBerserking+1","floor":30},{"not_picked":["champ:Circumvent","champ:CrownThrow"],"picked":"champ:EnGarde","floor":31},{"not_picked":["champ:PerfectedStrike+1","champ:BringItOn"],"picked":"champ:GladiatorForm","floor":32},{"not_picked":["champ:HeavySlash","champ:Devastate"],"picked":"champ:VampiricStrike","floor":33},{"not_picked":["champ:BladeFlurry","champ:Haymaker"],"picked":"champ:IronFortress+1","floor":36},{"not_picked":["champ:BringItOn","champ:DeathBlow+1"],"picked":"champ:FalseCounter","floor":37},{"not_picked":["champ:FlashCut","champ:CrownThrow","champ:SetATrap+1"],"picked":"SKIP","floor":38},{"not_picked":["champ:BladeFlurry","champ:Haymaker","champ:Circumvent+1"],"picked":"SKIP","floor":40},{"not_picked":["champ:FlashCut","champ:RecklessLeap","champ:Duel+1"],"picked":"SKIP","floor":44},{"not_picked":["champ:PerfectedStrike","champ:PreemptiveStrike+1","champ:ShieldWall"],"picked":"SKIP","floor":45},{"not_picked":["champ:Devastate","champ:ShieldSlam"],"picked":"champ:FocusedDefense","floor":46},{"not_picked":["expansioncontent:Hexaburn","expansioncontent:HyperBeam"],"picked":"expansioncontent:GuardianWhirl","floor":48},{"not_picked":["champ:Haymaker","champ:FalseCounter","champ:TornadoPunch+1"],"picked":"SKIP","floor":49}],"player_experience":149212,"relics_obtained":[{"floor":7,"key":"Vajra"},{"floor":8,"key":"Oddly Smooth Stone"},{"floor":10,"key":"Juzu Bracelet"},{"floor":13,"key":"Eternal Feather"},{"floor":28,"key":"War Paint"},{"floor":30,"key":"Ice Cream"},{"floor":37,"key":"TungstenRod"},{"floor":39,"key":"WingedGreaves"},{"floor":41,"key":"Shuriken"},{"floor":43,"key":"Calipers"},{"floor":44,"key":"MealTicket"},{"floor":45,"key":"PreservedInsect"},{"floor":46,"key":"champ:FightingForDummies"}],"event_choices":[{"damage_healed":0,"gold_gain":0,"player_choice":"Success","damage_taken":7,"relics_obtained":["Pear"],"max_hp_gain":0,"max_hp_loss":0,"event_name":"Scrap Ooze","floor":11,"gold_loss":0},{"damage_healed":36,"gold_gain":0,"player_choice":"Banana","damage_taken":0,"max_hp_gain":0,"max_hp_loss":0,"event_name":"Big Fish","floor":12,"gold_loss":0},{"damage_healed":0,"gold_gain":0,"player_choice":"Ignored","damage_taken":0,"max_hp_gain":0,"max_hp_loss":0,"event_name":"Vampires","floor":22,"gold_loss":0},{"damage_healed":0,"gold_gain":0,"player_choice":"Fight","damage_taken":0,"max_hp_gain":0,"max_hp_loss":0,"event_name":"Mysterious Sphere","floor":39,"gold_loss":0}],"is_beta":false,"boss_relics":[{"not_picked":["Snecko Eye","champ:ChampionCrownUpgraded"],"picked":"Philosopher\u0027s Stone"},{"not_picked":["Astrolabe","Runic Dome"],"picked":"Pandora\u0027s Box"}],"items_purged_floors":[14,21],"is_endless":false,"potions_floor_spawned":[2,3,8,15,26,30,32,36,37,39,49],"ascension_level":0}}