{"host":"x5w9zppki4gdwvc7","time":1612125567,"event":{"mods":["AchievementEnabler","BaseMod","Colored Powertips","DeckTracker","Minty Spire (QoL Compilation)","Relic Sorter","SuperFastMode"],"gold_per_floor":[115,115,115,136,59,59,79,79,130,154,195,120,120,134,134,258,258,276,276,276,276,301,301,320,140,167,180,5,5,23,42,42,162,162,183,546,546,219,239,239,279,279,279,302,325,343,343,343,343],"floor_reached":48,"language":"ENG","playtime":2951,"items_purged":["Strike_G","Strike_G","Strike_G"],"score":610,"play_id":"eb19901b-ffbb-45f1-9703-dd3f51e8696c","local_time":"20210131213927","is_ascension_mode":true,"campfire_choices":[{"data":"Neutralize","floor":6,"key":"SMITH"},{"data":"Footwork","floor":8,"key":"SMITH"},{"data":"Footwork","floor":13,"key":"SMITH"},{"data":"Underhanded Strike","floor":15,"key":"SMITH"},{"floor":23,"key":"REST"},{"data":"Backflip","floor":32,"key":"SMITH"},{"data":"Backflip","floor":40,"key":"SMITH"},{"data":"Tools of the Trade","floor":42,"key":"SMITH"}],"circlet_count":0,"master_deck":["Strike_G","Defend_G","Defend_G","Defend_G","Defend_G","Defend_G","Survivor","Neutralize+1","Terror+1","Dagger Spray","Footwork+1","Footwork+1","Underhanded Strike+1","Acrobatics","After Image+1","Writhe","Backflip+1","Footwork+1","Deadly Poison","Footwork","Quick Slash+1","Backflip+1","Expertise+1","Underhanded Strike","Burst","Dash+1","After Image","Tools of the Trade+1","PiercingWail","Quick Slash","Pain","Noxious Fumes","Madness","Madness"],"relics":["Ring of the Snake","Happy Flower","Golden Idol","Vajra","Strawberry","Busted Crown","Mercury Hourglass","MealTicket","Cursed Key","Old Coin","Bronze Scales","Nunchaku","Blue Candle"],"acts_visited":["Exordium","TheCity","TheBeyond"],"potions_floor_usage":[16,18,33,44],"damage_taken":[{"damage":5,"enemies":"Jaw Worm","floor":1,"turns":6},{"damage":0,"enemies":"2 Louse","floor":4,"turns":3},{"damage":0,"enemies":"Cultist","floor":7,"turns":3},{"damage":1,"enemies":"Exordium Thugs","floor":10,"turns":6},{"damage":12,"enemies":"3 Sentries","floor":11,"turns":6},{"damage":3,"enemies":"Red Slaver","floor":14,"turns":3},{"damage":22,"enemies":"Hexaghost","floor":16,"turns":11},{"damage":31,"enemies":"3 Byrds","floor":18,"turns":7},{"damage":12,"enemies":"Spheric Guardian","floor":22,"turns":5},{"damage":0,"enemies":"3 Cultists","floor":24,"turns":5},{"damage":5,"enemies":"Snecko","floor":27,"turns":7},{"damage":9,"enemies":"Centurion and Healer","floor":30,"turns":7},{"damage":9,"enemies":"3 Cultists","floor":31,"turns":5},{"damage":4,"enemies":"Champ","floor":33,"turns":16},{"damage":22,"enemies":"3 Darklings","floor":35,"turns":5},{"damage":0,"enemies":"Mind Bloom Boss Battle","floor":36,"turns":8},{"damage":0,"enemies":"Orb Walker","floor":39,"turns":4},{"damage":0,"enemies":"Giant Head","floor":41,"turns":9},{"damage":11,"enemies":"3 Darklings","floor":44,"turns":4},{"damage":18,"enemies":"4 Shapes","floor":45,"turns":5},{"damage":21,"enemies":"Transient","floor":46,"turns":5},{"damage":6,"enemies":"Sphere and 2 Shapes","floor":48,"turns":3}],"seed_played":"4146834651630749803","potions_obtained":[{"floor":7,"key":"Fire Potion"},{"floor":10,"key":"BlessingOfTheForge"},{"floor":16,"key":"Fire Potion"},{"floor":18,"key":"Fire Potion"},{"floor":24,"key":"Dexterity Potion"},{"floor":36,"key":"Strength Potion"},{"floor":41,"key":"CultistPotion"},{"floor":44,"key":"Strength Potion"}],"is_trial":false,"path_per_floor":["M","?","?","M","$","R","M","R","T","M","E","$","R","M","R","B",null,"M","?","?","?","M","R","M","$","T","M","$","?","M","M","R","B",null,"M","?","?","$","M","R","E","R","T","M","M","M","?","M"],"character_chosen":"THE_SILENT","items_purchased":["Footwork","Footwork","Backflip","Tools of the Trade","Bronze Scales","PiercingWail"],"campfire_rested":1,"item_purchase_floors":[5,25,28,38,38,38],"current_hp_per_floor":[65,65,65,65,65,65,65,65,65,64,59,59,59,56,56,34,72,41,41,41,41,29,50,50,50,50,45,60,60,51,42,42,38,72,50,50,50,65,65,65,65,65,65,54,36,15,6,0,0],"gold":343,"neow_bonus":"RANDOM_COMMON_RELIC","is_daily":false,"chose_seed":false,"campfire_upgraded":7,"win_rate":0.0,"timestamp":1612125567,"path_taken":["M","?","?","M","$","R","M","R","T","M","E","?","R","M","R","BOSS","M","?","?","?","?","R","M","$","T","M","$","?","?","M","R","BOSS","M","?","?","$","M","R","E","R","T","M","M","?","?","M"],"items_purchased_type":["Card","Card","Card","Card","Relic","Card"],"build_version":"2020-12-22","purchased_purges":3,"victory":false,"max_hp_per_floor":[70,70,65,65,65,65,65,65,65,65,72,72,72,72,72,72,72,72,72,72,72,72,72,72,72,72,72,72,72,72,72,72,72,72,72,72,72,72,72,72,72,72,72,72,72,72,72,72,72],"card_choices":[{"not_picked":["Slice","All Out Attack"],"picked":"Terror","floor":1},{"not_picked":["Slice","Predator"],"picked":"Dagger Spray","floor":4},{"not_picked":["Cloak And Dagger","PiercingWail"],"picked":"Footwork","floor":7},{"not_picked":["Poisoned Stab","Expertise"],"picked":"Underhanded Strike","floor":10},{"not_picked":["Underhanded Strike","Heel Hook"],"picked":"Acrobatics","floor":11},{"not_picked":["Outmaneuver","Predator","Blade Dance"],"picked":"SKIP","floor":14},{"not_picked":["Glass Knife","Envenom"],"picked":"After Image","floor":16},{"not_picked":["Dagger Spray"],"picked":"SKIP","floor":18},{"not_picked":["Dagger Throw"],"picked":"SKIP","floor":22},{"not_picked":[],"picked":"Deadly Poison","floor":24},{"not_picked":[],"picked":"Quick Slash+1","floor":27},{"not_picked":[],"picked":"Expertise+1","floor":30},{"not_picked":[],"picked":"Underhanded Strike","floor":31},{"not_picked":[],"picked":"Burst","floor":33},{"not_picked":[],"picked":"Dash+1","floor":35},{"not_picked":["Skewer+1"],"picked":"SKIP","floor":39},{"not_picked":[],"picked":"Quick Slash","floor":41},{"not_picked":["Flechettes+1"],"picked":"SKIP","floor":44},{"not_picked":["Dash+1"],"picked":"SKIP","floor":45},{"not_picked":[],"picked":"Noxious Fumes","floor":46}],"player_experience":338632,"relics_obtained":[{"floor":9,"key":"Vajra"},{"floor":11,"key":"Strawberry"},{"floor":26,"key":"MealTicket"},{"floor":36,"key":"Old Coin"},{"floor":41,"key":"Nunchaku"},{"floor":43,"key":"Blue Candle"}],"event_choices":[{"damage_healed":0,"gold_gain":0,"player_choice":"Grow","damage_taken":0,"max_hp_gain":0,"max_hp_loss":0,"event_name":"Living Wall","floor":2,"gold_loss":0,"cards_upgraded":["Terror"]},{"damage_healed":0,"gold_gain":0,"player_choice":"Lose Max HP","damage_taken":0,"relics_obtained":["Golden Idol"],"max_hp_gain":0,"max_hp_loss":5,"event_name":"Golden Idol","floor":3,"gold_loss":0},{"damage_healed":0,"gold_gain":0,"player_choice":"Opened","damage_taken":0,"relics_obtained":["Mercury Hourglass"],"max_hp_gain":0,"max_hp_loss":0,"event_name":"The Mausoleum","floor":19,"gold_loss":0,"cards_obtained":["Writhe"]},{"damage_healed":0,"gold_gain":0,"player_choice":"Read","damage_taken":0,"max_hp_gain":0,"max_hp_loss":0,"event_name":"The Library","floor":20,"gold_loss":0,"cards_obtained":["Backflip"]},{"damage_healed":0,"gold_gain":0,"player_choice":"Copied","damage_taken":0,"max_hp_gain":0,"max_hp_loss":0,"event_name":"Duplicator","floor":21,"gold_loss":0,"cards_obtained":["Footwork"]},{"damage_healed":0,"gold_gain":0,"player_choice":"Upgraded","damage_taken":0,"max_hp_gain":0,"max_hp_loss":0,"event_name":"Upgrade Shrine","floor":29,"gold_loss":0,"cards_upgraded":["After Image"]},{"damage_healed":0,"gold_gain":0,"player_choice":"Fight","damage_taken":0,"max_hp_gain":0,"max_hp_loss":0,"event_name":"MindBloom","floor":36,"gold_loss":0},{"damage_healed":0,"gold_gain":0,"cards_transformed":["Strike_G"],"player_choice":"Transformed","damage_taken":0,"max_hp_gain":0,"max_hp_loss":0,"event_name":"Transmorgrifier","floor":37,"gold_loss":0,"cards_obtained":["After Image"]},{"damage_healed":0,"gold_gain":0,"player_choice":"Embrace Madness","damage_taken":9,"max_hp_gain":0,"max_hp_loss":0,"event_name":"Winding Halls","floor":47,"gold_loss":0,"cards_obtained":["Madness","Madness"]}],"is_beta":false,"boss_relics":[{"not_picked":["Ring of the Serpent","Ectoplasm"],"picked":"Busted Crown"},{"not_picked":["SlaversCollar","Runic Dome"],"picked":"Cursed Key"}],"items_purged_floors":[12,25,28],"is_endless":false,"potions_floor_spawned":[7,10,16,18,24,31,36,41,44],"killed_by":"Sphere and 2 Shapes","ascension_level":3}}