{"host":"92108ef2q9tm8rod","time":1612092373,"event":{"mods":["BaseMod","Defuse TimeMaze Blight","Minty Spire (QoL Compilation)","StSLib","The Jungle"],"gold_per_floor":[114,114,132,148,165,165,198,224,236,248,273,305,317,37,37,133,133,146,146,146,146,164,164,193,218,266,266,279,314,95,108,108,204,204,224,237,253,263,24,24,55,74,97,97,97,108,108,123,123,123],"floor_reached":51,"language":"ENG","playtime":2178,"items_purged":["Darkness","Parasite"],"score":949,"play_id":"b7e384ff-f9b0-4875-841a-d312ee9934bd","local_time":"20210131112613","daily_mods":["SealedDeck","Red Cards","Heirloom","Flight"],"is_ascension_mode":false,"campfire_choices":[{"data":"Inflame","floor":6.0,"key":"SMITH"},{"data":"Conserve Battery","floor":10.0,"key":"SMITH"},{"data":"Defragment","floor":13,"key":"SMITH"},{"data":"Limit Break","floor":15,"key":"SMITH"},{"data":"Flex","floor":23,"key":"SMITH"},{"data":"Conserve Battery","floor":27,"key":"SMITH"},{"data":"Glacier","floor":32,"key":"SMITH"},{"data":"Rampage","floor":40,"key":"SMITH"},{"data":"Juggernaut","floor":44,"key":"SMITH"},{"floor":45,"key":"REST"},{"floor":47,"key":"REST"},{"data":"Chill","floor":49,"key":"SMITH"}],"circlet_count":0,"master_deck":["Glacier+1","Genetic Algorithm+1","Defragment+1","Conserve Battery+1","Conserve Battery+1","Flex+1","Heavy Blade+1","Flex+1","Inflame+1","Limit Break+1","Rampage+1","Juggernaut+1","Chill+1"],"relics":["Cracked Core","Lizard Tail","White Beast Statue","MawBank","Art of War","DataDisk","theJungle:BirthdayCakeSlice","Kunai","Sundial","War Paint","MealTicket","Runic Capacitor","Busted Crown","Membership Card","Pen Nib","Boot"],"acts_visited":["Exordium","Exordium","TheBeyond"],"potions_floor_usage":[18,25,42,50,50],"damage_taken":[{"damage":3.0,"enemies":"Jaw Worm","floor":1.0,"turns":4.0},{"damage":0.0,"enemies":"Cultist","floor":3.0,"turns":4.0},{"damage":0.0,"enemies":"2 Louse","floor":4.0,"turns":3.0},{"damage":0.0,"enemies":"Looter","floor":5.0,"turns":3.0},{"damage":9.0,"enemies":"3 Sentries","floor":7.0,"turns":5.0},{"damage":20.0,"enemies":"Gremlin Nob","floor":8.0,"turns":5.0},{"damage":3.0,"enemies":"Lots of Slimes","floor":11.0,"turns":5.0},{"damage":0.0,"enemies":"Exordium Wildlife","floor":12.0,"turns":3.0},{"damage":0,"enemies":"Hexaghost","floor":16,"turns":6},{"damage":13,"enemies":"theJungle:Flameango_and_Byrd","floor":18,"turns":4},{"damage":0,"enemies":"theJungle:MUSHROOMGANG","floor":22,"turns":5},{"damage":0,"enemies":"theJungle:Cassacara","floor":24,"turns":6},{"damage":0,"enemies":"theJungle:MamaSnecko","floor":25,"turns":5},{"damage":0,"enemies":"theJungle:JungleHuntersEncounter","floor":28,"turns":4},{"damage":0,"enemies":"theJungle:2_Phrogs","floor":29,"turns":6},{"damage":0,"enemies":"Snake Plant","floor":31,"turns":2},{"damage":52,"enemies":"theJungle:FunGuy","floor":33,"turns":21},{"damage":0,"enemies":"3 Shapes","floor":35,"turns":7},{"damage":0,"enemies":"Orb Walker","floor":36,"turns":3},{"damage":0,"enemies":"Writhing Mass","floor":37,"turns":4},{"damage":6,"enemies":"Spire Growth","floor":38,"turns":4},{"damage":9,"enemies":"Reptomancer","floor":41,"turns":5},{"damage":0,"enemies":"Transient","floor":42,"turns":5},{"damage":0,"enemies":"Maw","floor":46,"turns":4},{"damage":0,"enemies":"3 Darklings","floor":48,"turns":4},{"damage":0,"enemies":"Donu and Deca","floor":50,"turns":6}],"seed_played":"5182174830646284873","potions_obtained":[{"floor":5.0,"key":"AttackPotion"},{"floor":7.0,"key":"Ancient Potion"},{"floor":8.0,"key":"FairyPotion"},{"floor":11.0,"key":"GamblersBrew"},{"floor":12.0,"key":"SmokeBomb"},{"floor":16,"key":"Swift Potion"},{"floor":18,"key":"PowerPotion"},{"floor":22,"key":"FocusPotion"},{"floor":25,"key":"PowerPotion"},{"floor":29,"key":"LiquidMemories"},{"floor":36,"key":"FocusPotion"},{"floor":41,"key":"Block Potion"},{"floor":42,"key":"Regen Potion"}],"is_trial":true,"path_per_floor":["M","?","M","M","M","R","E","E","T","R","M","M","R","$","R","B",null,"M","?","?","?","M","R","E","E","T","R","M","E","$","M","R","B",null,"M","M","M","M","$","R","E","M","T","R","R","M","R","M","R","B",null],"character_chosen":"DEFECT","items_purchased":["DataDisk","Limit Break","Runic Capacitor","Membership Card","Rampage"],"campfire_rested":2,"item_purchase_floors":[14,14,30,39,39],"current_hp_per_floor":[72,72,72,72,72,72,63,43,43,43,40,40,40,40,40,40,75,62,62,67,67,67,67,67,67,67,67,67,67,80,80,80,28,80,80,80,80,74,77,77,68,68,68,68,77,77,77,77,77,77],"gold":123,"neow_bonus":"","is_daily":false,"chose_seed":false,"campfire_upgraded":10,"win_rate":0.0,"timestamp":1612092373,"path_taken":["M","?","M","M","?","R","E","E","T","R","M","M","R","$","R","BOSS","M","?","?","?","M","R","E","E","T","R","M","E","$","?","R","BOSS","M","M","M","M","$","R","E","M","T","R","R","M","R","M","R","BOSS"],"items_purchased_type":["Relic","Card","Relic","Relic","Card"],"build_version":"2020-12-22","purchased_purges":2,"victory":true,"max_hp_per_floor":[75,75,75,75,75,75,75,75,75,75,75,75,75,75,75,75,75,75,75,80,80,80,80,80,80,80,80,80,80,80,80,80,80,80,80,80,80,80,77,77,77,77,77,77,77,77,77,77,77,77],"card_choices":[{"not_picked":["Coolheaded","Melter","Leap"],"picked":"SKIP","floor":1.0},{"not_picked":["Blood for Blood","Genetic Algorithm","Heavy Blade"],"picked":"SKIP","floor":3.0},{"not_picked":["Perfected Strike","Ball Lightning","Anger"],"picked":"SKIP","floor":4.0},{"not_picked":["Spot Weakness","Blood for Blood","Undo"],"picked":"SKIP","floor":5.0},{"not_picked":["Gash","Chaos","Perfected Strike"],"picked":"SKIP","floor":7.0},{"not_picked":["Auto Shields","Shrug It Off","Beam Cell"],"picked":"SKIP","floor":8.0},{"not_picked":["Cold Snap","Hemokinesis","Headbutt"],"picked":"SKIP","floor":11.0},{"not_picked":["Skim","Pommel Strike","Cleave"],"picked":"SKIP","floor":12.0},{"not_picked":["Havoc","Leap","Armaments"],"picked":"SKIP","floor":18},{"not_picked":["Rip and Tear","Leap","Perfected Strike"],"picked":"SKIP","floor":22},{"not_picked":["Thunderclap","Infernal Blade+1","Scrape"],"picked":"SKIP","floor":24},{"not_picked":["Evolve+1","Steam","Recycle"],"picked":"SKIP","floor":25},{"not_picked":["Iron Wave","Sword Boomerang","Twin Strike"],"picked":"SKIP","floor":28},{"not_picked":["Double Energy","Evolve+1","Chill"],"picked":"SKIP","floor":29},{"not_picked":["Headbutt+1","Thunderclap","Skim"],"picked":"SKIP","floor":31},{"not_picked":["Pommel Strike+1"],"picked":"SKIP","floor":35},{"not_picked":["Ball Lightning"],"picked":"SKIP","floor":36},{"not_picked":["Infernal Blade+1"],"picked":"SKIP","floor":37},{"not_picked":["Ball Lightning"],"picked":"SKIP","floor":38},{"not_picked":[],"picked":"Juggernaut","floor":41},{"not_picked":["Hologram+1"],"picked":"SKIP","floor":42},{"not_picked":["Metallicize"],"picked":"SKIP","floor":46},{"not_picked":[],"picked":"Chill","floor":48}],"player_experience":3362007,"relics_obtained":[{"floor":7.0,"key":"White Beast Statue"},{"floor":8.0,"key":"MawBank"},{"floor":9.0,"key":"Art of War"},{"floor":24,"key":"Sundial"},{"floor":25,"key":"War Paint"},{"floor":26,"key":"MealTicket"},{"floor":41,"key":"Pen Nib"},{"floor":43,"key":"Boot"}],"event_choices":[{"damage_healed":0.0,"max_hp_gain":0.0,"max_hp_loss":0.0,"gold_gain":0.0,"event_name":"Accursed Blacksmith","player_choice":"Forge","floor":2.0,"gold_loss":0.0,"damage_taken":0.0,"cards_upgraded":["Heavy Blade"]},{"damage_healed":0,"gold_gain":0,"player_choice":"Gave Potion","damage_taken":0,"relics_obtained":["Kunai"],"max_hp_gain":0,"max_hp_loss":0,"event_name":"WeMeetAgain","floor":21,"gold_loss":0}],"is_beta":false,"boss_relics":[{"not_picked":["Astrolabe","Philosopher\u0027s Stone","Inserter"]},{"not_picked":["Empty Cage","Coffee Dripper"],"picked":"Busted Crown"}],"items_purged_floors":[30,39],"is_endless":false,"potions_floor_spawned":[5,7,8,11,12,16,18,22,24,25,28,29,31,33,35,36,37,38,41,42,46,48],"ascension_level":0}}