{"host":"mmz2kvn5kzkhi5zs","time":1612135920,"event":{"mods":["Act Like it!","BaseMod","Downfall","Hallownest","Marisa????????","Minty Spire (QoL Compilation)","Replay The Spire","StSLib","The Bug Knight","The Cursed","The Jungle"],"gold_per_floor":[116,116,33,48,12,40,60,60,87,11,27,61,79,93,93,197,197,214,228,240,95,111,111,124,124,148,148,148,159,173,190,190,190,190],"floor_reached":33,"language":"ENG","playtime":3728,"items_purged":[],"score":313,"play_id":"18a7ba2d-f4e0-40ac-91f1-997a2c9c8b47","local_time":"20210131173200","is_ascension_mode":false,"campfire_choices":[{"data":"Replay:Sssssssssshield","floor":15,"key":"SMITH"},{"floor":23,"key":"REST"},{"floor":25,"key":"REST"},{"floor":32,"key":"REST"}],"circlet_count":0,"master_deck":["Strike_R","Strike_R","Strike_R","Strike_R","Strike_R+1","Defend_R","Defend_R","Defend_R","Defend_R","Bash","Perfected Strike","Replay:Sssssssssshield+1","Flame Barrier+1","Sword Boomerang+1","ReplayTheSpireMod:LeadingStrike","Headbutt","Whirlwind","Anger","Juggernaut","Thunderclap","ReplayTheSpireMod:Limb From Limb","Barricade","Anger","Cleave+1","Flex","Pot Of Greed","Pot Of Greed","Twin Strike","Shrug It Off","Iron Wave","Whirlwind+1","Armaments","Seeing Red"],"relics":["Burning Blood","Bag of Preparation","ReplayTheSpireMod:Spearhead","Magic Flower","Fusion Hammer","Grinning Jar","Lantern"],"acts_visited":["Exordium","Exordium"],"potions_floor_usage":[6,6,6,12,12,12,20,33,33],"damage_taken":[{"damage":14,"enemies":"Small Slimes","floor":1,"turns":4},{"damage":0,"enemies":"Cultist","floor":4,"turns":4},{"damage":0,"enemies":"Replay:BlueRogue","floor":6,"turns":6},{"damage":0,"enemies":"2 Louse","floor":7,"turns":2},{"damage":5,"enemies":"Exordium Thugs","floor":11,"turns":4},{"damage":0,"enemies":"3 Sentries","floor":12,"turns":4},{"damage":0,"enemies":"Lots of Slimes","floor":13,"turns":1},{"damage":7,"enemies":"2 Fungi Beasts","floor":14,"turns":3},{"damage":73,"enemies":"The Guardian","floor":16,"turns":11},{"damage":4,"enemies":"theJungle:MUSHROOMGANG","floor":18,"turns":4},{"damage":1,"enemies":"theJungle:GiantWrat","floor":19,"turns":5},{"damage":0,"enemies":"theJungle:JungleHuntersEncounter","floor":20,"turns":4},{"damage":26,"enemies":"theJungle:Lyon","floor":22,"turns":5},{"damage":34,"enemies":"theJungle:2_Snecko_Cultists","floor":24,"turns":4},{"damage":10,"enemies":"theJungle:JungleHuntersEncounter","floor":29,"turns":5},{"damage":16,"enemies":"theJungle:SlimyTreeVines","floor":30,"turns":5},{"damage":20,"enemies":"theJungle:Snecko_Cultist_And_Trap","floor":31,"turns":6},{"damage":105,"enemies":"theJungle:FunGuy","floor":33,"turns":19}],"seed_played":"-6895332406162125967","potions_obtained":[{"floor":2,"key":"EntropicBrew"},{"floor":2,"key":"Flashbang"},{"floor":2,"key":"sneckomod:MuddlingPotion"},{"floor":14,"key":"EssenceOfSteel"},{"floor":18,"key":"ElixirPotion"},{"floor":19,"key":"Languid Potion"},{"floor":30,"key":"Regen Potion"}],"is_trial":false,"path_per_floor":["M","?","$","M","$","E","M","?","T","$","M","E","M","M","R","B",null,"M","M","M","$","M","R","M","R","T","$","?","M","M","M","R","B"],"character_chosen":"IRONCLAD","items_purchased":["Replay:Sssssssssshield","Sword Boomerang+1","Whirlwind","Grinning Jar"],"campfire_rested":3,"item_purchase_floors":[3,5,10,21],"current_hp_per_floor":[72,72,72,78,78,80,80,64,64,64,65,71,80,80,80,16,80,80,80,80,80,63,80,55,79,79,79,79,78,76,65,80,0,0],"gold":190,"neow_bonus":"","is_daily":false,"chose_seed":false,"campfire_upgraded":1,"win_rate":0.0,"timestamp":1612135920,"path_taken":["M","?","$","M","?","E","?","?","T","$","M","E","M","M","R","BOSS","M","M","M","$","M","R","M","R","T","$","?","M","M","?","R","BOSS"],"items_purchased_type":["Card","Card","Card","Relic"],"build_version":"2020-12-22","purchased_purges":0,"victory":false,"max_hp_per_floor":[80,80,80,80,80,80,80,80,80,80,80,80,80,80,80,80,80,80,80,80,80,80,80,80,80,80,80,80,80,80,80,80,80,80],"card_choices":[{"not_picked":["Replay:Undeath\u0027s Touch","Hemokinesis"],"picked":"Perfected Strike","floor":1},{"not_picked":["Replay:Undeath\u0027s Touch","Iron Wave"],"picked":"Flame Barrier","floor":4},{"not_picked":["Run Through","Hemokinesis"],"picked":"ReplayTheSpireMod:LeadingStrike","floor":6},{"not_picked":["True Grit","Sword Boomerang"],"picked":"Headbutt","floor":7},{"not_picked":["ReplayTheSpireMod:Strike From Hell","Warcry"],"picked":"Anger","floor":11},{"not_picked":["Cleave","Flex"],"picked":"Juggernaut","floor":12},{"not_picked":["Hemokinesis","Shrug It Off"],"picked":"Thunderclap","floor":13},{"not_picked":["Run Through","Flame Barrier"],"picked":"ReplayTheSpireMod:Limb From Limb","floor":14},{"not_picked":["Eclipse","Demon Form"],"picked":"Barricade","floor":16},{"not_picked":["Run Through","Reckless Charge"],"picked":"Anger","floor":18},{"not_picked":["Pummel","Burning Pact"],"picked":"Cleave+1","floor":19},{"not_picked":["Flame Barrier","Second Wind"],"picked":"Flex","floor":20},{"not_picked":["True Grit","Perfected Strike"],"picked":"Twin Strike","floor":22},{"not_picked":["Replay:Undeath\u0027s Touch","Cleave+1"],"picked":"Shrug It Off","floor":24},{"not_picked":["ReplayTheSpireMod:Strike From Hell","Headbutt"],"picked":"Whirlwind+1","floor":29},{"not_picked":["Cleave","Hemokinesis"],"picked":"Armaments","floor":30},{"not_picked":["Massacre","ReplayTheSpireMod:Strike From Hell+1"],"picked":"Seeing Red","floor":31}],"player_experience":0,"relics_obtained":[{"floor":6,"key":"Bag of Preparation"},{"floor":9,"key":"ReplayTheSpireMod:Spearhead"},{"floor":12,"key":"Magic Flower"},{"floor":26,"key":"Lantern"}],"event_choices":[{"damage_healed":0,"gold_gain":0,"player_choice":"Got Potions","damage_taken":0,"max_hp_gain":0,"max_hp_loss":0,"event_name":"Lab","floor":2,"gold_loss":0},{"damage_healed":0,"gold_gain":0,"player_choice":"Entered Light","damage_taken":16,"max_hp_gain":0,"max_hp_loss":0,"event_name":"Shining Light","floor":8,"gold_loss":0,"cards_upgraded":["Strike_R","Flame Barrier"]},{"cards_removed":["Pot Of Greed"],"damage_healed":0,"gold_gain":0,"player_choice":"Took Card","damage_taken":0,"max_hp_gain":0,"max_hp_loss":0,"event_name":"NoteForYourself","floor":28,"gold_loss":0,"cards_obtained":["Iron Wave"]}],"is_beta":false,"boss_relics":[{"not_picked":["Empty Cage","Tiny House"],"picked":"Fusion Hammer"}],"items_purged_floors":[],"is_endless":false,"potions_floor_spawned":[6,7,14,18,19,30],"killed_by":"theJungle:FunGuy","ascension_level":0}}