{"host":"nwd160me4iqdtr8u","time":1612090049,"event":{"mods":["AchievementEnabler","Act Like it!","BaseMod","Colored Map","DeckTracker","Keyboard Shortcuts","Minty Spire (QoL Compilation)","Quick Restart","Rare Cards Sparkle","StSLib","SuperFastMode","everything is the same but u backflip on backflip"],"gold_per_floor":[113,263,17,32,45,72,72,101,128,128,156,178,178,178,178,285,285,319,219,219,234,61,61,88,88,88,88,88,112,135,335,335,423,423,435,446,56,85,114,153,153,181,181,190,254,254,288,310,310,310],"floor_reached":51,"language":"KOR","playtime":2100,"items_purged":["Doubt","Strike_G","Strike_G"],"score":1501,"play_id":"940b1e1e-c4e7-46c7-87ee-0df77dacedb1","local_time":"20210131194729","is_ascension_mode":true,"campfire_choices":[{"data":"Noxious Fumes","floor":7.0,"key":"SMITH"},{"floor":15.0,"key":"REST"},{"data":"Apotheosis","floor":23.0,"key":"SMITH"},{"data":"Catalyst","floor":28.0,"key":"SMITH"},{"data":"After Image","floor":32.0,"key":"SMITH"},{"data":"Wraith Form v2","floor":41,"key":"SMITH"},{"data":"Tactician","floor":46,"key":"SMITH"},{"data":"Calculated Gamble","floor":49,"key":"SMITH"}],"circlet_count":0,"master_deck":["AscendersBane","Strike_G","Defend_G","Defend_G","Defend_G","Defend_G","Defend_G","Survivor","Neutralize","Escape Plan","Deadly Poison","Poisoned Stab","Backflip","Noxious Fumes+1","Catalyst+1","Escape Plan","After Image+1","Dagger Spray","Apotheosis+1","PiercingWail","Calculated Gamble+1","A Thousand Cuts","Wraith Form v2+1","Panacea","Catalyst","Backflip","Prepared+1","Leg Sweep","Flash of Steel","Tactician+1","Bane+1","PiercingWail"],"relics":["Ring of the Snake","TwistedFunnel","Art of War","Bag of Marbles","CeramicFish","Meat on the Bone","Bloody Idol","Runic Pyramid","InkBottle","Coffee Dripper","Lantern","Toy Ornithopter","Eternal Feather","Bird Faced Urn","HornCleat"],"acts_visited":["Exordium","TheCity","TheBeyond"],"potions_floor_usage":[38,45,48,50],"damage_taken":[{"damage":2.0,"enemies":"Jaw Worm","floor":1.0,"turns":5.0},{"damage":0.0,"enemies":"Small Slimes","floor":4.0,"turns":3.0},{"damage":1.0,"enemies":"2 Louse","floor":5.0,"turns":2.0},{"damage":16.0,"enemies":"Lagavulin","floor":6.0,"turns":7.0},{"damage":9.0,"enemies":"3 Sentries","floor":8.0,"turns":4.0},{"damage":3.0,"enemies":"Blue Slaver","floor":11.0,"turns":3.0},{"damage":0.0,"enemies":"2 Fungi Beasts","floor":12.0,"turns":5.0},{"damage":20.0,"enemies":"Hexaghost","floor":16.0,"turns":8.0},{"damage":0.0,"enemies":"Spheric Guardian","floor":18.0,"turns":3.0},{"damage":8.0,"enemies":"2 Thieves","floor":21.0,"turns":4.0},{"damage":1.0,"enemies":"Chosen and Byrds","floor":24.0,"turns":6.0},{"damage":6.0,"enemies":"Cultist and Chosen","floor":29.0,"turns":6.0},{"damage":2.0,"enemies":"Sentry and Sphere","floor":30.0,"turns":4.0},{"damage":23.0,"enemies":"Automaton","floor":33.0,"turns":9.0},{"damage":10.0,"enemies":"3 Shapes","floor":35.0,"turns":5.0},{"damage":1.0,"enemies":"Orb Walker","floor":36.0,"turns":3.0},{"damage":0,"enemies":"Transient","floor":38,"turns":5},{"damage":1,"enemies":"3 Darklings","floor":39,"turns":5},{"damage":0,"enemies":"Giant Head","floor":40,"turns":5},{"damage":0,"enemies":"Writhing Mass","floor":42,"turns":4},{"damage":15,"enemies":"2 Orb Walkers","floor":45,"turns":5},{"damage":0,"enemies":"Reptomancer","floor":47,"turns":6},{"damage":11,"enemies":"4 Shapes","floor":48,"turns":4},{"damage":0,"enemies":"Donu and Deca","floor":50,"turns":8}],"seed_played":"5100208848514437638","potions_obtained":[{"floor":1.0,"key":"PowerPotion"},{"floor":8.0,"key":"AttackPotion"},{"floor":11.0,"key":"Swift Potion"},{"floor":16.0,"key":"ColorlessPotion"},{"floor":30.0,"key":"SpeedPotion"},{"floor":35.0,"key":"Explosive Potion"},{"floor":42,"key":"Explosive Potion"},{"floor":45,"key":"BlessingOfTheForge"},{"floor":48,"key":"SpeedPotion"}],"is_trial":false,"path_per_floor":["M","?","$","M","M","E","R","E","T","?","M","M","?","?","R","B",null,"M","$","?","M","$","R","M","?","T","?","R","M","M","?","R","B",null,"M","M","$","M","M","E","R","M","T","?","?","R","E","M","R","B",null],"character_chosen":"THE_SILENT","items_purchased":["TwistedFunnel","Apotheosis","Panacea","Lantern"],"campfire_rested":1,"item_purchase_floors":[3,22,37,37],"current_hp_per_floor":[57,57,57,57,56,40,40,31,31,31,28,28,23,23,41,33,53,53,53,53,55,60,60,60,60,60,60,60,60,60,60,60,47,57,52,56,60,60,60,60,60,60,60,60,55,60,60,59,60,60],"gold":310,"neow_bonus":"TRANSFORM_CARD","is_daily":false,"chose_seed":false,"campfire_upgraded":7,"win_rate":0.0,"timestamp":1612090049,"path_taken":["M","?","$","M","M","E","R","E","T","?","?","M","?","?","R","BOSS","M","$","?","M","$","R","M","?","T","?","R","?","M","?","R","BOSS","M","?","$","M","M","E","R","M","T","?","?","R","E","M","R","BOSS"],"items_purchased_type":["Relic","Card","Card","Relic"],"build_version":"2020-12-22","purchased_purges":3,"victory":true,"max_hp_per_floor":[66,66,66,66,66,66,66,66,66,66,66,66,66,60,60,60,60,60,60,60,60,60,60,60,60,60,60,60,60,60,60,60,60,60,60,60,60,60,60,60,60,60,60,60,60,60,60,60,60,60],"card_choices":[{"not_picked":["Flying Knee","Leg Sweep"],"picked":"Deadly Poison","floor":1.0},{"not_picked":["Outmaneuver","Concentrate"],"picked":"Poisoned Stab","floor":4.0},{"not_picked":["Unload","Tactician"],"picked":"Backflip","floor":5.0},{"not_picked":["Concentrate","Escape Plan"],"picked":"Noxious Fumes","floor":6.0},{"not_picked":["Slice","Sucker Punch","Heel Hook"],"picked":"SKIP","floor":8.0},{"not_picked":["Cloak And Dagger","Underhanded Strike"],"picked":"Catalyst","floor":11.0},{"not_picked":["Outmaneuver","PiercingWail"],"picked":"Escape Plan","floor":12.0},{"not_picked":["Storm of Steel","Phantasmal Killer"],"picked":"After Image","floor":16.0},{"not_picked":["Deflect","Masterful Stab+1"],"picked":"Dagger Spray","floor":18.0},{"not_picked":["Setup","Predator","Cloak And Dagger"],"picked":"SKIP","floor":21.0},{"not_picked":["Dagger Spray","Underhanded Strike"],"picked":"PiercingWail","floor":24.0},{"not_picked":["Bane","Acrobatics"],"picked":"Calculated Gamble","floor":29.0},{"not_picked":["Predator","Dagger Spray"],"picked":"A Thousand Cuts","floor":30.0},{"not_picked":["Envenom","Glass Knife"],"picked":"Wraith Form v2","floor":33.0},{"not_picked":["Quick Slash","Dagger Throw","Cloak And Dagger+1"],"picked":"SKIP","floor":35.0},{"not_picked":["Well Laid Plans","All Out Attack","Infinite Blades+1"],"picked":"SKIP","floor":36},{"not_picked":["Tactician","Underhanded Strike"],"picked":"Catalyst","floor":38},{"not_picked":["PiercingWail","Bane"],"picked":"Backflip","floor":39},{"not_picked":["Reflex+1","Acrobatics"],"picked":"Prepared+1","floor":40},{"not_picked":["Dagger Throw","Masterful Stab"],"picked":"Leg Sweep","floor":42},{"not_picked":["Panacea","Violence"],"picked":"Flash of Steel","floor":44},{"not_picked":["Flying Knee","Endless Agony+1"],"picked":"Tactician","floor":45},{"not_picked":["Acrobatics","Deflect"],"picked":"Bane+1","floor":47},{"not_picked":["Dash+1","Sucker Punch"],"picked":"PiercingWail","floor":48}],"player_experience":342182,"relics_obtained":[{"floor":6.0,"key":"Art of War"},{"floor":8.0,"key":"Bag of Marbles"},{"floor":9.0,"key":"CeramicFish"},{"floor":26.0,"key":"InkBottle"},{"floor":40,"key":"Toy Ornithopter"},{"floor":43,"key":"Eternal Feather"},{"floor":45,"key":"Bird Faced Urn"},{"floor":47,"key":"HornCleat"}],"event_choices":[{"damage_healed":0.0,"max_hp_gain":0.0,"max_hp_loss":0.0,"gold_gain":150.0,"event_name":"Liars Game","player_choice":"AGREE","floor":2.0,"gold_loss":0.0,"damage_taken":0.0,"cards_obtained":["Doubt"]},{"damage_healed":0.0,"max_hp_gain":0.0,"max_hp_loss":0.0,"gold_gain":0.0,"event_name":"Dead Adventurer","player_choice":"Searched \u00270\u0027 times","floor":10.0,"gold_loss":0.0,"damage_taken":0.0},{"damage_healed":0.0,"max_hp_gain":0.0,"max_hp_loss":0.0,"gold_gain":0.0,"event_name":"Scrap Ooze","player_choice":"Success","floor":13.0,"gold_loss":0.0,"damage_taken":5.0,"relics_obtained":["Meat on the Bone"]},{"damage_healed":0.0,"max_hp_gain":0.0,"max_hp_loss":6.0,"gold_gain":0.0,"event_name":"Golden Idol","player_choice":"Lose Max HP","floor":14.0,"gold_loss":0.0,"damage_taken":0.0,"relics_obtained":["Golden Idol"]},{"damage_healed":0.0,"max_hp_gain":0.0,"max_hp_loss":0.0,"gold_gain":0.0,"event_name":"Forgotten Altar","player_choice":"Gave Idol","floor":20.0,"relics_lost":["Golden Idol"],"gold_loss":0.0,"damage_taken":0.0,"relics_obtained":["Bloody Idol"]},{"damage_healed":0.0,"max_hp_gain":0.0,"max_hp_loss":0.0,"gold_gain":0.0,"event_name":"The Mausoleum","player_choice":"Ignored","floor":25.0,"gold_loss":0.0,"damage_taken":0.0},{"cards_removed":["Strike_G"],"damage_healed":0.0,"max_hp_gain":0.0,"max_hp_loss":0.0,"gold_gain":0.0,"event_name":"Purifier","player_choice":"Purged","floor":27.0,"gold_loss":0.0,"damage_taken":0.0},{"damage_healed":0.0,"max_hp_gain":0.0,"max_hp_loss":0.0,"gold_gain":250.0,"event_name":"The Joust","player_choice":"Bet on Owner","floor":31.0,"gold_loss":50.0,"damage_taken":0.0},{"damage_healed":0,"gold_gain":0,"player_choice":"Memory 2","damage_taken":5,"max_hp_gain":0,"max_hp_loss":0,"event_name":"SensoryStone","floor":44,"gold_loss":0},{"damage_healed":0,"gold_gain":0,"player_choice":"Fight","damage_taken":0,"max_hp_gain":0,"max_hp_loss":0,"event_name":"Mysterious Sphere","floor":45,"gold_loss":0}],"is_beta":false,"boss_relics":[{"not_picked":["WristBlade","Ectoplasm"],"picked":"Runic Pyramid"},{"not_picked":["Snecko Eye","SacredBark"],"picked":"Coffee Dripper"}],"items_purged_floors":[3,19,37],"is_endless":false,"potions_floor_spawned":[1,8,11,16,30,35,42,45,48],"ascension_level":16}}