{"host":"8jwif9mna8ud19ho","time":1612099485,"event":{"mods":["BaseMod","Better Vampires","Downfall","Marisa£¨ìFÓê¡¡Ä§ÀíÉ³£©","Minty Spire (QoL Compilation)","Reimu£¨²©ÀöÁéÃÎ£©","RumiaBox-Â¶Ã×æ«µÄÉñÃØºÐ×Ó","StSLib","¡¾ÒÅÎï¿¨ÅÆ¡¿REMEMod"],"gold_per_floor":[218,143,143,154,79,79,95,95,95,108,108,124,142,159,159,236,236,246,260,160,173,188,188,217,217,217,317,317,329,346,365,365,438,438,450,504,504,218,230,230,249,99,99,240,294,354,354,434,434,500,560,560,560,108,176,245],"floor_reached":57,"language":"ZHS","playtime":2714,"items_purged":["Strike_G","Strike_G","Strike_G","Strike_G","Defend_G"],"score":2906,"play_id":"22d75e69-bdab-43be-8454-94ea1250fb3a","local_time":"20210131212445","is_ascension_mode":true,"campfire_choices":[{"data":"Blade Dance","floor":6.0,"key":"SMITH"},{"data":"Neutralize","floor":8.0,"key":"SMITH"},{"floor":11.0,"key":"RECALL"},{"data":"All For One","floor":15.0,"key":"SMITH"},{"data":"Tactician","floor":23.0,"key":"SMITH"},{"data":"Acrobatics","floor":25.0,"key":"SMITH"},{"data":"Calculated Gamble","floor":32.0,"key":"SMITH"},{"data":"Acrobatics","floor":40.0,"key":"SMITH"},{"data":"Reflex","floor":49.0,"key":"SMITH"},{"data":"REME_SpectralBlade","floor":53,"key":"SMITH"}],"circlet_count":0,"master_deck":["AscendersBane","Defend_G","Defend_G","Defend_G","Defend_G","Survivor","Neutralize+1","All For One+1","Blade Dance+1","REME_GrazeFinale","Acrobatics+1","Acrobatics+1","Tactician+1","REME_SpectralBlade+1","Calculated Gamble+1","Adrenaline","Reflex+1","After Image"],"relics":["Ring of the Snake","REME_ComplimentaryCards","Pantograph","Ornamental Fan","WristBlade","HornCleat","PureWhite:ReiMu","Kunai","EasyGame_NEW","Torii","Medical Kit","REME_ArchaeologicalTools","REME_LimitBreaker","Blue Candle","Mummified Hand","FossilizedHelix"],"acts_visited":["Exordium","TheCity","TheBeyond","TheEnding"],"potions_floor_usage":[50,56],"damage_taken":[{"damage":2.0,"enemies":"2 Louse","floor":1.0,"turns":3.0},{"damage":1.0,"enemies":"Jaw Worm","floor":4.0,"turns":3.0},{"damage":2.0,"enemies":"Small Slimes","floor":7.0,"turns":3.0},{"damage":10.0,"enemies":"Gremlin Gang","floor":10.0,"turns":5.0},{"damage":6.0,"enemies":"Exordium Thugs","floor":12.0,"turns":5.0},{"damage":0.0,"enemies":"Looter","floor":13.0,"turns":3.0},{"damage":8.0,"enemies":"Exordium Wildlife","floor":14.0,"turns":6.0},{"damage":31.0,"enemies":"Slime Boss","floor":16.0,"turns":9.0},{"damage":15.0,"enemies":"Spheric Guardian","floor":18.0,"turns":4.0},{"damage":7.0,"enemies":"Chosen","floor":19.0,"turns":4.0},{"damage":48.0,"enemies":"Snake Plant","floor":21.0,"turns":7.0},{"damage":11.0,"enemies":"Centurion and Healer","floor":22.0,"turns":7.0},{"damage":87.0,"enemies":"Gremlin Leader","floor":24.0,"turns":10.0},{"damage":9.0,"enemies":"Colosseum Slavers","floor":27.0,"turns":4.0},{"damage":21.0,"enemies":"Colosseum Nobs","floor":27.0,"turns":4.0},{"damage":21.0,"enemies":"Cultist and Chosen","floor":29.0,"turns":7.0},{"damage":0.0,"enemies":"Sentry and Sphere","floor":30.0,"turns":2.0},{"damage":0.0,"enemies":"Snecko","floor":31.0,"turns":2.0},{"damage":0.0,"enemies":"Automaton","floor":33.0,"turns":5.0},{"damage":0.0,"enemies":"3 Shapes","floor":35.0,"turns":2.0},{"damage":54.0,"enemies":"2 Orb Walkers","floor":36.0,"turns":5.0},{"damage":0.0,"enemies":"3 Darklings","floor":39.0,"turns":3.0},{"damage":0.0,"enemies":"Sphere and 2 Shapes","floor":41.0,"turns":3.0},{"damage":0.0,"enemies":"Writhing Mass","floor":44.0,"turns":2.0},{"damage":0.0,"enemies":"Spire Growth","floor":45.0,"turns":3.0},{"damage":0.0,"enemies":"Giant Head","floor":46.0,"turns":2.0},{"damage":12.0,"enemies":"Reptomancer","floor":48.0,"turns":4.0},{"damage":73,"enemies":"Awakened One","floor":50,"turns":8},{"damage":18,"enemies":"Time Eater","floor":51,"turns":8},{"damage":1,"enemies":"Shield and Spear","floor":55,"turns":2},{"damage":23,"enemies":"The Heart","floor":56,"turns":7}],"seed_played":"3719467283666421687","potions_obtained":[{"floor":4.0,"key":"bronze:BurnAndBuffPotion"},{"floor":10.0,"key":"CultistPotion"},{"floor":12.0,"key":"GamblersBrew"},{"floor":19.0,"key":"Regen Potion"},{"floor":27.0,"key":"Regen Potion"},{"floor":30.0,"key":"Weak Potion"},{"floor":35.0,"key":"LiquidMemories"},{"floor":46.0,"key":"Fruit Juice"},{"floor":55,"key":"SpeedPotion"}],"is_trial":false,"path_per_floor":["M","?","T","M","$","R","M","R","T","M","R","M","M","M","R","B",null,"M","M","$","M","M","R","E","R","T","?","?","M","M","M","R","B",null,"M","?","?","$","M","R","M","$","T","M","M","E","?","E","R","B","B",null,"R","$","E","B",null],"character_chosen":"THE_SILENT","items_purchased":["Medical Kit","Mummified Hand"],"campfire_rested":0,"item_purchase_floors":[38,54],"current_hp_per_floor":[57,57,57,56,56,56,54,54,54,44,44,38,38,30,30,24,56,41,34,34,52,64,64,29,29,29,45,41,45,66,66,66,66,66,66,12,12,12,62,62,62,62,62,66,66,71,71,59,59,71,71,71,71,71,70,48],"gold":245,"neow_bonus":"HUNDRED_GOLD","is_daily":false,"chose_seed":false,"campfire_upgraded":9,"win_rate":0.0,"timestamp":1612099485,"path_taken":["M","?","?","M","?","R","M","R","T","M","R","M","M","M","R","BOSS","M","M","$","M","M","R","E","R","T","?","?","M","?","M","R","BOSS","M","?","?","$","?","R","M","$","T","M","M","E","?","E","R","BOSS","BOSS","R","$","E","BOSS"],"items_purchased_type":["Relic","Relic"],"build_version":"2020-12-22","purchased_purges":5,"victory":true,"max_hp_per_floor":[66,66,66,66,66,66,66,66,66,66,66,66,66,66,66,66,66,66,66,66,66,66,66,66,66,66,66,66,66,66,66,66,66,66,66,66,66,66,66,66,66,66,66,66,66,71,71,71,71,71,71,71,71,71,71,71],"card_choices":[{"not_picked":["Slice","Sucker Punch"],"picked":"Blade Dance","floor":1.0},{"not_picked":["PiercingWail","Outmaneuver","Dash"],"picked":"SKIP","floor":4.0},{"not_picked":["Deflect","Backflip","Flying Knee"],"picked":"SKIP","floor":7.0},{"not_picked":["Quick Slash","Backflip","Outmaneuver"],"picked":"SKIP","floor":10.0},{"not_picked":["Deadly Poison","Outmaneuver","Backstab"],"picked":"SKIP","floor":12.0},{"not_picked":["Dagger Spray","Quick Slash","REME_ShadowStrike"],"picked":"SKIP","floor":13.0},{"not_picked":["Poisoned Stab","Flying Knee","Unload"],"picked":"SKIP","floor":14.0},{"not_picked":["Unload","Adrenaline"],"picked":"REME_GrazeFinale","floor":16.0},{"not_picked":["Underhanded Strike+1","Slice","Endless Agony"],"picked":"SKIP","floor":18.0},{"not_picked":["Dagger Spray","Deflect"],"picked":"Acrobatics","floor":19.0},{"not_picked":["Sucker Punch","Crippling Poison+1"],"picked":"Acrobatics","floor":21.0},{"not_picked":["Noxious Fumes","Underhanded Strike"],"picked":"Tactician","floor":22.0},{"not_picked":["Distraction","Escape Plan+1"],"picked":"REME_SpectralBlade","floor":24.0},{"not_picked":["Dagger Spray","Poisoned Stab"],"picked":"Calculated Gamble","floor":29.0},{"not_picked":["Acrobatics","Poisoned Stab+1","Blade Dance+1"],"picked":"SKIP","floor":30.0},{"not_picked":["Poisoned Stab","Deadly Poison","Outmaneuver"],"picked":"SKIP","floor":31.0},{"not_picked":["Envenom","Bullet Time"],"picked":"Adrenaline","floor":33.0},{"not_picked":["Endless Agony","Setup","Outmaneuver"],"picked":"SKIP","floor":35.0},{"not_picked":["Poisoned Stab","Cloak And Dagger","Unload"],"picked":"SKIP","floor":39.0},{"not_picked":["Eviscerate","Quick Slash","Dagger Throw"],"picked":"SKIP","floor":41.0},{"not_picked":["Expertise+1","Masterful Stab"],"picked":"Well Laid Plans","floor":44.0},{"not_picked":["Cloak And Dagger","Bane"],"picked":"Reflex","floor":45.0},{"not_picked":["Dagger Throw","Flechettes"],"picked":"After Image","floor":46.0},{"not_picked":["Endless Agony","Sucker Punch+1","Dodge and Roll"],"picked":"SKIP","floor":48.0},{"not_picked":["Slice+1","Heel Hook+1","Poisoned Stab"],"picked":"SKIP","floor":55}],"player_experience":1139839,"relics_obtained":[{"floor":3.0,"key":"Pantograph"},{"floor":9.0,"key":"Ornamental Fan"},{"floor":24.0,"key":"HornCleat"},{"floor":27.0,"key":"PureWhite:ReiMu"},{"floor":27.0,"key":"Kunai"},{"floor":36.0,"key":"Torii"},{"floor":43.0,"key":"REME_ArchaeologicalTools"},{"floor":46.0,"key":"REME_LimitBreaker"},{"floor":48.0,"key":"Blue Candle"},{"floor":55,"key":"FossilizedHelix"}],"event_choices":[{"cards_removed":["Strike_G"],"damage_healed":0.0,"max_hp_gain":0.0,"max_hp_loss":0.0,"gold_gain":0.0,"event_name":"The Cleric","player_choice":"Card Removal","floor":2.0,"gold_loss":75.0,"damage_taken":0.0},{"damage_healed":0.0,"max_hp_gain":0.0,"max_hp_loss":0.0,"gold_gain":0.0,"event_name":"Colosseum","player_choice":"Fight","floor":27.0,"gold_loss":0.0,"damage_taken":0.0},{"damage_healed":0.0,"max_hp_gain":0.0,"max_hp_loss":0.0,"gold_gain":0.0,"event_name":"Colosseum","player_choice":"Fought Nobs","floor":27.0,"gold_loss":0.0,"damage_taken":0.0},{"damage_healed":0.0,"max_hp_gain":0.0,"max_hp_loss":0.0,"gold_gain":0.0,"event_name":"The Woman in Blue","player_choice":"Bought 0 Potions","floor":28.0,"gold_loss":0.0,"damage_taken":0.0},{"damage_healed":0.0,"max_hp_gain":0.0,"max_hp_loss":0.0,"gold_gain":0.0,"event_name":"Mysterious Sphere","player_choice":"Fight","floor":36.0,"gold_loss":0.0,"damage_taken":0.0},{"damage_healed":0.0,"max_hp_gain":0.0,"max_hp_loss":0.0,"gold_gain":0.0,"event_name":"Tomb of Lord Red Mask","player_choice":"Ignored","floor":37.0,"gold_loss":0.0,"damage_taken":0.0},{"cards_removed":["Well Laid Plans"],"damage_healed":0.0,"max_hp_gain":0.0,"max_hp_loss":0.0,"gold_gain":0.0,"event_name":"Falling","player_choice":"Removed Power","floor":47.0,"gold_loss":0.0,"damage_taken":0.0}],"is_beta":false,"boss_relics":[{"not_picked":["Busted Crown","REME_DuelDisc"],"picked":"WristBlade"},{"not_picked":["REME_DemonsWealth","bronze:MakeshiftBattery"],"picked":"EasyGame_NEW"}],"items_purged_floors":[5,20,38,42,54],"is_endless":false,"potions_floor_spawned":[4,10,12,13,19,27,27,30,31,35,36,39,45,46,55],"ascension_level":20}}