{"host":"guzbs4v8630hpsy6","time":1612072703,"event":{"mods":["2.2 Compatiblity","AchievementEnabler","BaseMod","Block Reminder","Highlight Path","Minty Spire (QoL Compilation)","Relic Stats","SuperFastMode"],"gold_per_floor":[14,32,32,32,32,32,46,86,86,86,102,133,146,179,179,268,268,281,281,68,68,118,151,167,208,208,252,264,289,301,331,343,453,465,497,434,434,434,450,450,466,502,502,22,38,76,76,112,112,112],"floor_reached":51,"language":"ENG","playtime":2958,"items_purged":["Defend_B","Injury"],"score":1426,"play_id":"b8e6a313-11cc-4f1d-b403-2bb88e5b1330","local_time":"20210131135823","is_ascension_mode":true,"campfire_choices":[{"data":"Sweeping Beam","floor":6.0,"key":"SMITH"},{"floor":10.0,"key":"REST"},{"data":"Defragment","floor":15.0,"key":"SMITH"},{"floor":28.0,"key":"REST"},{"floor":30.0,"key":"REST"},{"data":"Defragment","floor":32.0,"key":"SMITH"},{"data":"Fission","floor":40.0,"key":"SMITH"},{"data":"Consume","floor":49,"key":"SMITH"}],"circlet_count":0,"master_deck":["AscendersBane","Defend_B","Defend_B","Defend_B","Dualcast","Compile Driver+1","Sweeping Beam+1","Go for the Eyes","Cold Snap+1","Ball Lightning","Glacier","Defragment+1","Static Discharge","Biased Cognition","Bite","Bite","Bite","Bite","Bite","Defragment+1","Coolheaded","Fission+1","Recycle","Capacitor","Coolheaded","Biased Cognition","Consume+1","Double Energy","Hologram","Barrage","Echo Form"],"relics":["Cracked Core","Turnip","Golden Idol","Gremlin Horn","FaceOfCleric","TungstenRod","Symbiotic Virus","Centennial Puzzle","Whetstone","Nuclear Battery","DataDisk","Bronze Scales","Juzu Bracelet","Vajra","MawBank","Cursed Key","Bird Faced Urn","Darkstone Periapt","Mummified Hand","Blue Candle","Smiling Mask"],"acts_visited":["Exordium","TheCity","TheBeyond"],"potions_floor_usage":[48,50],"damage_taken":[{"damage":7.0,"enemies":"Small Slimes","floor":1.0,"turns":3.0},{"damage":7.0,"enemies":"Jaw Worm","floor":2.0,"turns":4.0},{"damage":0.0,"enemies":"2 Louse","floor":7.0,"turns":2.0},{"damage":17.0,"enemies":"3 Sentries","floor":8.0,"turns":5.0},{"damage":4.0,"enemies":"Red Slaver","floor":11.0,"turns":4.0},{"damage":15.0,"enemies":"Gremlin Nob","floor":12.0,"turns":3.0},{"damage":1.0,"enemies":"Exordium Thugs","floor":13.0,"turns":2.0},{"damage":6.0,"enemies":"Lagavulin","floor":14.0,"turns":5.0},{"damage":8.0,"enemies":"The Guardian","floor":16.0,"turns":9.0},{"damage":3.0,"enemies":"Spheric Guardian","floor":18.0,"turns":3.0},{"damage":22.0,"enemies":"Book of Stabbing","floor":23.0,"turns":4.0},{"damage":1.0,"enemies":"Chosen","floor":24.0,"turns":3.0},{"damage":30.0,"enemies":"Gremlin Leader","floor":25.0,"turns":6.0},{"damage":24.0,"enemies":"Book of Stabbing","floor":27.0,"turns":5.0},{"damage":16.0,"enemies":"Snake Plant","floor":29.0,"turns":4.0},{"damage":1.0,"enemies":"Cultist and Chosen","floor":31.0,"turns":7.0},{"damage":31.0,"enemies":"Automaton","floor":33.0,"turns":10.0},{"damage":26.0,"enemies":"3 Darklings","floor":35.0,"turns":12.0},{"damage":10.0,"enemies":"Orb Walker","floor":39.0,"turns":3.0},{"damage":20.0,"enemies":"4 Shapes","floor":41.0,"turns":10.0},{"damage":22.0,"enemies":"Reptomancer","floor":42.0,"turns":7.0},{"damage":5.0,"enemies":"Transient","floor":45.0,"turns":5.0},{"damage":0,"enemies":"Giant Head","floor":46,"turns":13},{"damage":39,"enemies":"Nemesis","floor":48,"turns":7},{"damage":22,"enemies":"Awakened One","floor":50,"turns":19}],"seed_played":"-9012049609074249230","potions_obtained":[{"floor":1.0,"key":"SneckoOil"},{"floor":11.0,"key":"AttackPotion"},{"floor":12.0,"key":"PowerPotion"},{"floor":14.0,"key":"LiquidMemories"},{"floor":24.0,"key":"FocusPotion"},{"floor":41.0,"key":"Block Potion"},{"floor":45.0,"key":"Regen Potion"},{"floor":48,"key":"FairyPotion"}],"is_trial":false,"path_per_floor":["M","M","?","?","?","R","M","E","T","R","M","E","M","E","R","B",null,"M","?","$","?","?","E","M","E","T","E","R","M","R","M","R","B",null,"M","$","?","?","M","R","M","E","T","$","M","E","?","E","R","B",null],"character_chosen":"DEFECT","items_purchased":["Defragment","DataDisk","Mummified Hand","Echo Form"],"campfire_rested":3,"item_purchase_floors":[20,20,44,44],"current_hp_per_floor":[57,50,50,45,45,45,46,30,30,49,46,32,32,27,27,20,58,56,50,50,50,50,35,45,23,23,6,22,17,33,47,47,49,55,58,58,58,58,53,53,52,47,47,47,62,63,60,61,61,62],"gold":112,"neow_bonus":"ONE_RARE_RELIC","is_daily":false,"chose_seed":false,"campfire_upgraded":5,"win_rate":0.0,"timestamp":1612072703,"path_taken":["M","M","?","?","?","R","M","E","T","R","M","E","?","E","R","BOSS","M","?","$","?","?","E","M","E","T","E","R","M","R","M","R","BOSS","M","$","?","?","M","R","M","E","T","$","M","E","?","E","R","BOSS"],"items_purchased_type":["Card","Relic","Relic","Card"],"build_version":"2020-12-22","purchased_purges":2,"victory":true,"max_hp_per_floor":[71,71,64,64,64,64,65,66,66,66,67,68,69,70,70,71,71,72,50,50,50,50,51,52,53,53,54,54,55,55,56,56,57,57,58,58,58,58,59,59,60,61,61,61,62,63,60,61,61,62],"relic_stats":{"Darkstone Periapt":0,"Gremlin Horn":[31,31],"counters":[25,155],"Golden Idol":159,"Blue Candle":[0],"Juzu Bracelet":1,"Whetstone":["Compile Driver","Cold Snap"],"MawBank":108,"Cursed Key":1,"Smiling Mask":0,"Centennial Puzzle":[54],"FaceOfCleric":23,"Mummified Hand":[28],"Bronze Scales":[360],"Bird Faced Urn":[25],"Turnip":[9],"obtain_stats":[{"Darkstone Periapt":43,"Gremlin Horn":4,"Golden Idol":3,"Blue Candle":46,"Vajra":26,"Juzu Bracelet":25,"Whetstone":14,"MawBank":27,"Cursed Key":34,"Smiling Mask":48,"Nuclear Battery":17,"Centennial Puzzle":12,"DataDisk":20,"FaceOfCleric":5,"Mummified Hand":44,"Bronze Scales":23,"Bird Faced Urn":42,"Turnip":0,"Cracked Core":0,"Symbiotic Virus":9,"TungstenRod":8},{"Darkstone Periapt":21,"Gremlin Horn":2,"Golden Idol":2,"Blue Candle":23,"Vajra":13,"Juzu Bracelet":13,"Whetstone":8,"MawBank":14,"Cursed Key":17,"Smiling Mask":24,"Nuclear Battery":9,"Centennial Puzzle":6,"DataDisk":10,"FaceOfCleric":2,"Mummified Hand":21,"Bronze Scales":11,"Bird Faced Urn":21,"Turnip":0,"Cracked Core":0,"Symbiotic Virus":4,"TungstenRod":4},{"Darkstone Periapt":111,"Gremlin Horn":7,"Golden Idol":7,"Blue Candle":129,"Vajra":53,"Juzu Bracelet":53,"Whetstone":28,"MawBank":58,"Cursed Key":79,"Smiling Mask":136,"Nuclear Battery":37,"Centennial Puzzle":21,"DataDisk":40,"FaceOfCleric":7,"Mummified Hand":111,"Bronze Scales":44,"Bird Faced Urn":111,"Turnip":0,"Cracked Core":0,"Symbiotic Virus":14,"TungstenRod":14}],"TungstenRod":49},"card_choices":[{"not_picked":["Aggregate","Streamline"],"picked":"Compile Driver","floor":1.0},{"not_picked":["Reinforced Body","Redo"],"picked":"Sweeping Beam","floor":2.0},{"not_picked":["White Noise","Sweeping Beam"],"picked":"Go for the Eyes","floor":7.0},{"not_picked":["Conserve Battery","Melter"],"picked":"Cold Snap","floor":8.0},{"not_picked":["Melter","Sweeping Beam"],"picked":"Ball Lightning","floor":11.0},{"not_picked":["Rebound","Redo"],"picked":"Glacier","floor":12.0},{"not_picked":["Cold Snap","Sweeping Beam"],"picked":"Defragment","floor":13.0},{"not_picked":["Go for the Eyes","Rip and Tear"],"picked":"Static Discharge","floor":14.0},{"not_picked":["Fission","All For One"],"picked":"Biased Cognition","floor":16.0},{"not_picked":["Tempest","Hello World","Skim+1"],"picked":"SKIP","floor":18.0},{"not_picked":["Ball Lightning","Beam Cell"],"picked":"Fission","floor":23.0},{"not_picked":["Leap","Ball Lightning","Steam"],"picked":"SKIP","floor":24.0},{"not_picked":["Cold Snap","Conserve Battery"],"picked":"Recycle","floor":25.0},{"not_picked":["Seek","Rebound+1"],"picked":"Capacitor","floor":27.0},{"not_picked":["Streamline","Chaos+1","BootSequence"],"picked":"SKIP","floor":29.0},{"not_picked":["Go for the Eyes","Turbo"],"picked":"Coolheaded","floor":31.0},{"not_picked":["Reboot","Rainbow"],"picked":"Biased Cognition","floor":33.0},{"not_picked":["Skim","Darkness"],"picked":"Consume","floor":35.0},{"not_picked":["Sweeping Beam+1","Ball Lightning"],"picked":"Hologram","floor":39.0},{"not_picked":["Rip and Tear+1","Stack"],"picked":"Barrage","floor":41.0},{"not_picked":["Doom and Gloom","Cold Snap","Amplify"],"picked":"SKIP","floor":42.0},{"not_picked":["Reprogram","Stack","Leap+1"],"picked":"SKIP","floor":45.0},{"not_picked":["Steam","Hologram","Stack"],"picked":"SKIP","floor":46},{"not_picked":["Beam Cell","Melter","Cold Snap"],"picked":"SKIP","floor":48}],"player_experience":571590,"relics_obtained":[{"floor":8.0,"key":"TungstenRod"},{"floor":9.0,"key":"Symbiotic Virus"},{"floor":12.0,"key":"Centennial Puzzle"},{"floor":14.0,"key":"Whetstone"},{"floor":23.0,"key":"Bronze Scales"},{"floor":25.0,"key":"Juzu Bracelet"},{"floor":26.0,"key":"Vajra"},{"floor":27.0,"key":"MawBank"},{"floor":42.0,"key":"Bird Faced Urn"},{"floor":43.0,"key":"Darkstone Periapt"},{"floor":46,"key":"Blue Candle"},{"floor":48,"key":"Smiling Mask"}],"event_choices":[{"damage_healed":0.0,"max_hp_gain":0.0,"max_hp_loss":7.0,"gold_gain":0.0,"event_name":"Golden Idol","player_choice":"Lose Max HP","floor":3.0,"gold_loss":0.0,"damage_taken":0.0,"relics_obtained":["Golden Idol"]},{"damage_healed":0.0,"max_hp_gain":0.0,"max_hp_loss":0.0,"gold_gain":0.0,"event_name":"Scrap Ooze","player_choice":"Success","floor":4.0,"gold_loss":0.0,"damage_taken":5.0,"relics_obtained":["Gremlin Horn"]},{"damage_healed":0.0,"max_hp_gain":0.0,"max_hp_loss":0.0,"gold_gain":0.0,"event_name":"FaceTrader","player_choice":"Trade","floor":5.0,"gold_loss":0.0,"damage_taken":0.0,"relics_obtained":["FaceOfCleric"]},{"damage_healed":0.0,"max_hp_gain":0.0,"max_hp_loss":22.0,"gold_gain":0.0,"event_name":"Vampires","player_choice":"Became a vampire","floor":19.0,"gold_loss":0.0,"damage_taken":0.0,"cards_obtained":["Bite","Bite","Bite","Bite","Bite"]},{"damage_healed":0.0,"max_hp_gain":0.0,"max_hp_loss":0.0,"gold_gain":0.0,"event_name":"The Library","player_choice":"Read","floor":21.0,"gold_loss":0.0,"damage_taken":0.0,"cards_obtained":["Coolheaded"]},{"damage_healed":0.0,"max_hp_gain":0.0,"max_hp_loss":0.0,"gold_gain":50.0,"event_name":"Nest","player_choice":"Stole From Cult","floor":22.0,"gold_loss":0.0,"damage_taken":0.0},{"damage_healed":0.0,"max_hp_gain":0.0,"max_hp_loss":0.0,"gold_gain":0.0,"event_name":"SensoryStone","player_choice":"Memory 1","floor":37.0,"gold_loss":0.0,"damage_taken":0.0},{"damage_healed":0.0,"max_hp_gain":0.0,"max_hp_loss":0.0,"gold_gain":0.0,"cards_transformed":["Zap"],"event_name":"Transmorgrifier","player_choice":"Transformed","floor":38.0,"gold_loss":0.0,"damage_taken":0.0,"cards_obtained":["Double Energy"]},{"damage_healed":0,"gold_gain":0,"player_choice":"Max HP","damage_taken":0,"max_hp_gain":0,"max_hp_loss":3,"event_name":"Winding Halls","floor":47,"gold_loss":0}],"is_beta":false,"boss_relics":[{"not_picked":["SacredBark","Calling Bell"],"picked":"Nuclear Battery"},{"not_picked":["Astrolabe","Snecko Eye"],"picked":"Cursed Key"}],"items_purged_floors":[36,44],"is_endless":false,"potions_floor_spawned":[1,11,12,14,23,24,25,41,45,48],"ascension_level":15}}