{"host":"ke3urjq17qgissv4","time":1612096697,"event":{"mods":["AchievementEnabler","Act Like it!","Arknights","BaseMod","Challenge The Spire","Conspire","Highlight Path","Marisa（F雨　魔理沙）","Minty Spire (QoL Compilation)","Quick Restart","Replay The Spire","RumiaBox-露米娅的神秘盒子","Spicy Shops","StSLib","Waifu the Spire","【功能Mod】混沌之环修复补丁","【遗物卡牌】REMEMod"],"gold_per_floor":[115,134,150,169,169,169,182,182,205,233,244,255,36,54,54,158,158,171,152,168,178,178,178],"floor_reached":22,"language":"ZHS","playtime":1205,"items_purged":[],"score":194,"play_id":"e3977ff6-7cff-41de-bb61-36ef5428ad40","local_time":"20210131203817","is_ascension_mode":false,"campfire_choices":[{"data":"ats:Sashimi Platter","floor":6.0,"key":"SMITH"},{"data":"ats:Assault Order","floor":8.0,"key":"SMITH"},{"data":"Enlightenment","floor":15,"key":"SMITH"}],"circlet_count":0,"master_deck":["ats:Armor Crushing Shot","ats:Defend","ats:Defend","ats:Defend","ats:Defend","ats:Emotion Absorption","Enlightenment+1","ats:Sashimi Platter+1","ats:Closed Bolt Burst Fire","ats:Assault Order+1","ats:Sword Rain","ats:Calcification","REME_BuildACard","ats:Sunburst+1","ats:Directed Diagnosis+1","ats:Shell Defense+1"],"relics":["REME_ComplimentaryCards","Painkiller Herb","ats:Originium","ats:Spiritual Recovery","PrismaticShard","Astrolabe"],"acts_visited":["Exordium","TheCity"],"potions_floor_usage":[16],"damage_taken":[{"damage":0.0,"enemies":"Cultist","floor":1.0,"turns":3.0},{"damage":0.0,"enemies":"Small Slimes","floor":2.0,"turns":3.0},{"damage":6.0,"enemies":"Jaw Worm","floor":3.0,"turns":3.0},{"damage":10.0,"enemies":"Looter","floor":4.0,"turns":3.0},{"damage":11.0,"enemies":"conspire:2 RoseBushes","floor":7.0,"turns":4.0},{"damage":25.0,"enemies":"Gremlin Nob","floor":10.0,"turns":4.0},{"damage":21,"enemies":"Exordium Thugs","floor":11,"turns":4},{"damage":0,"enemies":"Lots of Slimes","floor":12,"turns":1},{"damage":14,"enemies":"conspire:2 RoseBushes","floor":14,"turns":3},{"damage":52,"enemies":"Slime Boss","floor":16,"turns":11},{"damage":18,"enemies":"Chosen","floor":18,"turns":7},{"damage":16,"enemies":"2 Thieves","floor":19,"turns":5},{"damage":55,"enemies":"Shelled Parasite and Fungi","floor":20,"turns":9},{"damage":36,"enemies":"3 Cultists","floor":21,"turns":7},{"damage":0,"enemies":"conspire:MimicChest","floor":22,"turns":1}],"seed_played":"5965810683723901529","potions_obtained":[{"floor":1.0,"key":"SteroidPotion"},{"floor":4.0,"key":"PowerPotion"},{"floor":10.0,"key":"Explosive Potion"},{"floor":12,"key":"CultistPotion"},{"floor":19,"key":"Milkshake"},{"floor":20,"key":"DistilledChaos"}],"is_trial":false,"path_per_floor":["?","?","?","?","?","T","?","T","T","E","?","?","T","?","T","B",null,"?","?","?","?","?"],"character_chosen":"DOCTOR_CLASS","items_purchased":["PrismaticShard","ats:Calcification"],"campfire_rested":0,"item_purchase_floors":[13,13],"current_hp_per_floor":[72,72,66,62,62,62,69,69,69,47,44,53,53,49,49,33,72,63,67,49,55,55,55],"gold":178,"neow_bonus":"BOSS_RELIC","is_daily":false,"chose_seed":false,"campfire_upgraded":3,"win_rate":0.0,"timestamp":1612096697,"path_taken":["?","?","?","?","?","T","?","T","T","E","?","?","T","?","T","BOSS","?","?","?","?","?"],"items_purchased_type":["Relic","Card"],"build_version":"2020-12-22","purchased_purges":0,"victory":false,"max_hp_per_floor":[72,72,72,72,72,72,72,72,72,72,72,72,72,72,72,72,72,72,72,72,72,72,72],"card_choices":[{"not_picked":["ats:Closed Bolt Burst Fire","ats:Shell Defense"],"picked":"ats:Sashimi Platter","floor":1.0},{"not_picked":["ats:Assault Order","ats:Overload"],"picked":"ats:Closed Bolt Burst Fire","floor":2.0},{"not_picked":["ats:Absolute Focus","ats:Blood Oath"],"picked":"ats:Assault Order","floor":3.0},{"not_picked":["ats:Cat Scratch","ats:Ignite","ats:Assault Order"],"picked":"SKIP","floor":4.0},{"not_picked":["ats:Absolute Focus","ats:Demon Strength","ats:Poison Spread"],"picked":"SKIP","floor":7.0},{"not_picked":["ats:Curse Doll","ats:Closed Bolt Burst Fire"],"picked":"ats:Sword Rain","floor":10.0},{"not_picked":["ats:Revitalization","ats:Explosion Area Strengthen","ats:Burning Ground"],"picked":"SKIP","floor":11},{"not_picked":["ats:Explosion Area Strengthen","ats:Soul Absorption","ats:Collapsing Strike"],"picked":"SKIP","floor":12},{"not_picked":["REME_TwoStrings","ReplayTheSpireMod:Shiv Toss","Flying Knee"],"picked":"SKIP","floor":14},{"not_picked":["REME_SpectralBlade","Barricade"],"picked":"REME_BuildACard","floor":16},{"not_picked":["EmptyFist","ats:Revitalization+1","ats:Consecutive Shot Auto"],"picked":"SKIP","floor":18},{"not_picked":["Anger+1","Barrage","CrushJoints"],"picked":"SKIP","floor":19},{"not_picked":["Hemokinesis+1","ats:Demon Strength","Doom and Gloom+1"],"picked":"SKIP","floor":20},{"not_picked":["GravityBeat+1","Replay:Sssssssssshield","Dagger Spray"],"picked":"SKIP","floor":21}],"player_experience":154818,"relics_obtained":[{"floor":10.0,"key":"ats:Originium"},{"floor":10.0,"key":"ats:Spiritual Recovery"}],"event_choices":[{"cards_removed":["ats:Strike C"],"damage_healed":0.0,"max_hp_gain":0.0,"max_hp_loss":0.0,"gold_gain":0.0,"event_name":"Bonfire Elementals","player_choice":"Offered Basic","floor":5.0,"gold_loss":0.0,"damage_taken":0.0}],"is_beta":false,"boss_relics":[{"not_picked":["SacredBark","Sozu"],"picked":"Astrolabe"}],"items_purged_floors":[],"is_endless":false,"potions_floor_spawned":[1,4,10,12,14,19,20,21],"killed_by":"conspire:MimicChest","ascension_level":0}}