{"host":"a5lz0e76zb3fcwkm","time":1612100069,"event":{"mods":["AchievementEnabler","BaseMod","Colored Map","Colored Powertips","Minty Spire (QoL Compilation)","StSLib","SuperFastMode"],"gold_per_floor":[114,114,129,129,129,129,2,77,77,101,101,126,146,489,489,489,489],"floor_reached":16,"language":"KOR","playtime":277,"items_purged":["Strike_G"],"score":200,"play_id":"c90985c4-77b6-4a98-b738-297b4c13c30b","local_time":"20210131223429","is_ascension_mode":true,"campfire_choices":[{"data":"Adrenaline","floor":6,"key":"SMITH"},{"data":"Prepared","floor":11,"key":"SMITH"},{"data":"Noxious Fumes","floor":15,"key":"SMITH"}],"circlet_count":0,"master_deck":["AscendersBane","Strike_G+1","Strike_G+1","Strike_G+1","Strike_G","Defend_G","Defend_G","Defend_G","Defend_G","Defend_G","Survivor","Neutralize","Adrenaline+1","Reflex+1","Dagger Throw","Prepared+1","Noxious Fumes+1","Terror"],"relics":["Ring of the Snake","Golden Idol","Whetstone","Old Coin"],"acts_visited":["Exordium"],"potions_floor_usage":[14,16],"damage_taken":[{"damage":2,"enemies":"Jaw Worm","floor":1,"turns":4},{"damage":1,"enemies":"2 Louse","floor":3,"turns":3},{"damage":0,"enemies":"Small Slimes","floor":10,"turns":3},{"damage":3,"enemies":"Looter","floor":12,"turns":4},{"damage":8,"enemies":"Large Slime","floor":13,"turns":6},{"damage":4,"enemies":"3 Sentries","floor":14,"turns":8},{"damage":10,"enemies":"The Guardian","floor":16,"turns":2}],"seed_played":"2812651937612456081","potions_obtained":[{"floor":10,"key":"Block Potion"},{"floor":14,"key":"Dexterity Potion"}],"is_trial":false,"path_per_floor":["M","?","M","?","?","R","$","?","T","M","R","M","M","E","R","B"],"character_chosen":"THE_SILENT","items_purchased":["Dagger Throw"],"campfire_rested":0,"item_purchase_floors":[7],"current_hp_per_floor":[42,42,41,23,28,28,28,17,17,17,17,14,6,2,2,0,0],"gold":489,"neow_bonus":"THREE_RARE_CARDS","is_daily":false,"chose_seed":false,"campfire_upgraded":3,"win_rate":0.0,"timestamp":1612100069,"path_taken":["M","?","M","?","?","R","$","?","T","M","R","M","M","E","R","BOSS"],"items_purchased_type":["Card"],"build_version":"2020-12-22","purchased_purges":1,"victory":false,"max_hp_per_floor":[66,60,60,60,65,65,65,65,65,65,65,65,65,65,65,65,65],"card_choices":[{"not_picked":["Glass Knife","Wraith Form v2"],"picked":"Adrenaline","floor":0},{"not_picked":["Prepared","Riddle With Holes"],"picked":"Reflex","floor":1},{"not_picked":["Reflex","Setup","Slice"],"picked":"SKIP","floor":3},{"not_picked":["Choke","Infinite Blades"],"picked":"Prepared","floor":10},{"not_picked":["Expertise","Cloak And Dagger"],"picked":"Noxious Fumes","floor":12},{"not_picked":["Slice","Endless Agony","Outmaneuver"],"picked":"SKIP","floor":13},{"not_picked":["Bane","Doppelganger"],"picked":"Terror","floor":14}],"player_experience":1825443,"relics_obtained":[{"floor":9,"key":"Whetstone"},{"floor":14,"key":"Old Coin"}],"event_choices":[{"damage_healed":0,"gold_gain":0,"player_choice":"Lose Max HP","damage_taken":0,"relics_obtained":["Golden Idol"],"max_hp_gain":0,"max_hp_loss":6,"event_name":"Golden Idol","floor":2,"gold_loss":0},{"damage_healed":0,"gold_gain":0,"player_choice":"Entered Light","damage_taken":18,"max_hp_gain":0,"max_hp_loss":0,"event_name":"Shining Light","floor":4,"gold_loss":0,"cards_upgraded":["Strike_G","Reflex"]},{"damage_healed":0,"gold_gain":0,"player_choice":"Donut","damage_taken":0,"max_hp_gain":5,"max_hp_loss":0,"event_name":"Big Fish","floor":5,"gold_loss":0},{"damage_healed":0,"gold_gain":75,"player_choice":"Gather Gold","damage_taken":11,"max_hp_gain":0,"max_hp_loss":0,"event_name":"World of Goop","floor":8,"gold_loss":0}],"is_beta":false,"boss_relics":[],"items_purged_floors":[7],"is_endless":false,"potions_floor_spawned":[10,14],"killed_by":"The Guardian","ascension_level":20}}