{"host":"ibckqdmmf9y74ymf","time":1612052949,"event":{"mods":["2.2 Compatiblity","BaseMod","Colored Map","Curses Come First","Highlight Path","Minty Spire (QoL Compilation)","Quick Restart","Rare Cards Sparkle","Relic Stats","StSLib"],"gold_per_floor":[112,123,15,27,27,27,60,60,60,86,104,124,149,168,168,245,245,260,280,16,16,16,16,35,35,35,65,65,91,101,130,130,130,130],"floor_reached":33,"language":"ENG","playtime":1461,"items_purged":[],"score":900,"play_id":"5829a009-196f-4c34-867c-d5ea219f5547","local_time":"20210131012909","is_ascension_mode":true,"campfire_choices":[{"data":"Blade Dance","floor":6,"key":"SMITH"},{"data":"Poisoned Stab","floor":8,"key":"SMITH"},{"data":"After Image","floor":15,"key":"SMITH"},{"data":"Adrenaline","floor":23,"key":"SMITH"},{"data":"Well Laid Plans","floor":32,"key":"SMITH"}],"circlet_count":0,"master_deck":["AscendersBane","Strike_G+1","Strike_G+1","Strike_G+1","Strike_G+1","Defend_G+1","Defend_G+1","Defend_G+1","Defend_G+1","Defend_G+1","Survivor","Neutralize","Blade Dance+1","Cloak And Dagger","Poisoned Stab+1","Corpse Explosion","After Image+1","Wraith Form v2+1","Finisher","Blade Dance","Terror","Adrenaline+1","Endless Agony","Dash+1","Backflip","Well Laid Plans+1"],"relics":["Ring of the Snake","NeowsBlessing","Juzu Bracelet","Letter Opener","HornCleat","Happy Flower","Sozu","Meat on the Bone","Oddly Smooth Stone","Molten Egg 2","Smiling Mask"],"acts_visited":["Exordium","TheCity"],"potions_floor_usage":[10,12,29,29],"damage_taken":[{"damage":0,"enemies":"Small Slimes","floor":1,"turns":1},{"damage":0,"enemies":"Cultist","floor":2,"turns":1},{"damage":0,"enemies":"2 Louse","floor":4,"turns":1},{"damage":15,"enemies":"3 Sentries","floor":7,"turns":6},{"damage":11,"enemies":"Lagavulin","floor":10,"turns":7},{"damage":18,"enemies":"Large Slime","floor":11,"turns":6},{"damage":0,"enemies":"2 Fungi Beasts","floor":12,"turns":6},{"damage":0,"enemies":"Gremlin Nob","floor":13,"turns":3},{"damage":0,"enemies":"Red Slaver","floor":14,"turns":2},{"damage":0,"enemies":"Hexaghost","floor":16,"turns":8},{"damage":8,"enemies":"Shell Parasite","floor":18,"turns":5},{"damage":0,"enemies":"2 Thieves","floor":19,"turns":3},{"damage":5,"enemies":"Cultist and Chosen","floor":24,"turns":5},{"damage":17,"enemies":"Gremlin Leader","floor":27,"turns":7},{"damage":11,"enemies":"Slavers","floor":29,"turns":3},{"damage":6,"enemies":"Shelled Parasite and Fungi","floor":30,"turns":5},{"damage":0,"enemies":"Gremlin Leader","floor":31,"turns":7},{"damage":57,"enemies":"Champ","floor":33,"turns":14}],"seed_played":"-4126472056584161979","potions_obtained":[{"floor":2,"key":"Regen Potion"},{"floor":10,"key":"GamblersBrew"},{"floor":11,"key":"Dexterity Potion"},{"floor":16,"key":"Fire Potion"}],"is_trial":false,"path_per_floor":["M","M","$","M","?","R","E","R","T","E","M","M","E","M","R","B",null,"M","M","$","?","?","R","M","?","T","E","?","E","M","E","R","B"],"character_chosen":"THE_SILENT","items_purchased":["Poisoned Stab","SteroidPotion","Meat on the Bone"],"campfire_rested":0,"item_purchase_floors":[3,3,20],"current_hp_per_floor":[59,59,59,59,59,59,44,44,44,33,15,30,30,30,30,30,57,49,49,49,49,49,49,44,44,44,39,21,22,28,40,40,0,0],"gold":130,"neow_bonus":"THREE_ENEMY_KILL","is_daily":false,"chose_seed":false,"campfire_upgraded":5,"win_rate":0.0,"timestamp":1612052949,"path_taken":["M","M","$","M","?","R","E","R","T","E","M","M","E","M","R","BOSS","M","M","$","?","?","R","M","?","T","E","?","E","M","E","R","BOSS"],"items_purchased_type":["Card","Potion","Relic"],"build_version":"2020-12-22","purchased_purges":0,"victory":false,"max_hp_per_floor":[66,66,66,66,66,66,66,66,66,66,66,66,66,66,66,66,66,66,66,66,66,66,66,66,66,66,66,71,71,71,71,71,71,71],"relic_stats":{"Sozu":3,"Happy Flower":[19],"counters":[18,90],"Juzu Bracelet":1,"Letter Opener":[128],"Smiling Mask":0,"obtain_stats":[{"Sozu":17,"HornCleat":10,"NeowsBlessing":0,"Happy Flower":13,"Oddly Smooth Stone":27,"Molten Egg 2":29,"Juzu Bracelet":7,"Letter Opener":9,"Smiling Mask":31,"Ring of the Snake":0,"Meat on the Bone":20},{"Sozu":10,"HornCleat":5,"NeowsBlessing":0,"Happy Flower":8,"Oddly Smooth Stone":14,"Molten Egg 2":15,"Juzu Bracelet":4,"Letter Opener":4,"Smiling Mask":17,"Ring of the Snake":0,"Meat on the Bone":12},{"Sozu":41,"HornCleat":16,"NeowsBlessing":0,"Happy Flower":31,"Oddly Smooth Stone":61,"Molten Egg 2":64,"Juzu Bracelet":9,"Letter Opener":9,"Smiling Mask":76,"Ring of the Snake":0,"Meat on the Bone":49}],"Ring of the Snake":[37],"Meat on the Bone":48},"card_choices":[{"not_picked":["Acrobatics","Poisoned Stab"],"picked":"Blade Dance","floor":1},{"not_picked":["Underhanded Strike","Outmaneuver"],"picked":"Cloak And Dagger","floor":2},{"not_picked":["Accuracy","Acrobatics"],"picked":"Corpse Explosion","floor":4},{"not_picked":["Endless Agony","Deflect"],"picked":"Wraith Form v2","floor":7},{"not_picked":["Riddle With Holes","Underhanded Strike","All Out Attack"],"picked":"SKIP","floor":10},{"not_picked":["Bouncing Flask","Expertise"],"picked":"Finisher","floor":11},{"not_picked":["Dodge and Roll","Poisoned Stab"],"picked":"Blade Dance","floor":12},{"not_picked":["Dodge and Roll","Outmaneuver","All Out Attack"],"picked":"SKIP","floor":13},{"not_picked":["Noxious Fumes","All Out Attack"],"picked":"Terror","floor":14},{"not_picked":["Doppelganger","A Thousand Cuts"],"picked":"Adrenaline","floor":16},{"not_picked":["Dagger Spray","Deflect","Deadly Poison"],"picked":"SKIP","floor":18},{"not_picked":["Outmaneuver","Setup"],"picked":"Endless Agony","floor":19},{"not_picked":["All Out Attack","Poisoned Stab","Finisher"],"picked":"SKIP","floor":24},{"not_picked":["Die Die Die","Bane","Poisoned Stab"],"picked":"SKIP","floor":27},{"not_picked":["Blade Dance+1","Deadly Poison+1"],"picked":"Dash+1","floor":29},{"not_picked":["Underhanded Strike+1","Concentrate"],"picked":"Backflip","floor":30},{"not_picked":["Slice+1","Flechettes+1"],"picked":"Well Laid Plans","floor":31}],"player_experience":668404,"relics_obtained":[{"floor":7,"key":"Juzu Bracelet"},{"floor":9,"key":"Letter Opener"},{"floor":10,"key":"HornCleat"},{"floor":13,"key":"Happy Flower"},{"floor":27,"key":"Oddly Smooth Stone"},{"floor":29,"key":"Molten Egg 2"},{"floor":31,"key":"Smiling Mask"}],"event_choices":[{"damage_healed":0,"gold_gain":0,"cards_transformed":["Strike_G"],"player_choice":"Transformed","damage_taken":0,"max_hp_gain":0,"max_hp_loss":0,"event_name":"Transmorgrifier","floor":5,"gold_loss":0,"cards_obtained":["After Image"]},{"damage_healed":0,"gold_gain":0,"player_choice":"Forge","damage_taken":0,"max_hp_gain":0,"max_hp_loss":0,"event_name":"Accursed Blacksmith","floor":21,"gold_loss":0,"cards_upgraded":["Wraith Form v2"]},{"damage_healed":0,"gold_gain":0,"player_choice":"Ignored","damage_taken":0,"max_hp_gain":0,"max_hp_loss":0,"event_name":"Cursed Tome","floor":22,"gold_loss":0},{"damage_healed":0,"gold_gain":0,"player_choice":"Simplicity","damage_taken":0,"max_hp_gain":0,"max_hp_loss":0,"event_name":"Back to Basics","floor":25,"gold_loss":0,"cards_upgraded":["Strike_G","Strike_G","Strike_G","Strike_G","Defend_G","Defend_G","Defend_G","Defend_G","Defend_G"]},{"damage_healed":0,"gold_gain":0,"player_choice":"Shed Blood","damage_taken":23,"max_hp_gain":5,"max_hp_loss":0,"event_name":"Forgotten Altar","floor":28,"gold_loss":0}],"is_beta":false,"boss_relics":[{"not_picked":["Fusion Hammer","Ring of the Serpent"],"picked":"Sozu"}],"items_purged_floors":[],"is_endless":false,"potions_floor_spawned":[2,7,10,11,16,18,24,31],"killed_by":"Champ","ascension_level":20}}