{"host":"6p0attdrtjqaih7v","time":1612071880,"event":{"mods":["2.2 Compatiblity","AchievementEnabler","Bard","BaseMod","Better Skull","Better Third Choice","Colored Powertips","Downfall","Hermit","Highlight Path","Key Reminder","Minty Spire (QoL Compilation)","Permanent Neow","Quick Restart","Random Character Button","Relic Stats","Replay The Spire","Robot Space Explorer","StSLib","The Witch"],"gold_per_floor":[112,112,32,43,55,55,81,97,149,164,188,188,188,218,218,293,293,313,55,55,55,71,71,106,119,201,201,201,201,229,229,229,229,229],"floor_reached":33,"language":"ENG","playtime":1383,"items_purged":[],"score":607,"play_id":"a31bb31e-9130-4399-b5e6-05a86d8c0eb2","local_time":"20210131004440","is_ascension_mode":true,"campfire_choices":[{"data":"Cloak And Dagger","floor":6,"key":"SMITH"},{"floor":13,"key":"REST"},{"floor":15,"key":"REST"},{"data":"Noxious Fumes","floor":23,"key":"SMITH"},{"floor":28,"key":"REST"},{"data":"Cloak And Dagger","floor":32,"key":"SMITH"}],"circlet_count":0,"master_deck":["AscendersBane","Defend_G+1","Defend_G+1","Defend_G+1","Defend_G+1","Defend_G+1","Survivor","Neutralize+1","Cloak And Dagger+1","Dash+1","Cloak And Dagger+1","Acrobatics","Deadly Poison","Noxious Fumes+1","Envenom+1","Poison Darts+1","Calculated Gamble","Footwork+1","Blade Dance+1","All Out Attack","Backflip","Bite","Bite","Bite","Bite","Bite"],"relics":["Ring of the Snake","Golden Egg","ReplayTheSpireMod:TigerMarble","Whetstone","Oddly Smooth Stone","sneckomod:SneckoTalon","Snake Skull","Letter Opener","Frozen Egg 2","Juzu Bracelet"],"acts_visited":["Exordium","TheCity"],"potions_floor_usage":[7,7,10,16,24,33],"damage_taken":[{"damage":2,"enemies":"Jaw Worm","floor":1,"turns":8},{"damage":0,"enemies":"2 Louse","floor":4,"turns":3},{"damage":0,"enemies":"Small Slimes","floor":5,"turns":4},{"damage":22,"enemies":"Lagavulin","floor":7,"turns":9},{"damage":0,"enemies":"Exordium Wildlife","floor":8,"turns":4},{"damage":2,"enemies":"3 Louse","floor":10,"turns":5},{"damage":29,"enemies":"3 Sentries","floor":14,"turns":13},{"damage":9,"enemies":"Hexaghost","floor":16,"turns":10},{"damage":10,"enemies":"2 Thieves","floor":18,"turns":4},{"damage":0,"enemies":"Spheric Guardian","floor":22,"turns":2},{"damage":23,"enemies":"Gremlin Leader","floor":24,"turns":6},{"damage":2,"enemies":"3 Cultists","floor":25,"turns":5},{"damage":21,"enemies":"Book of Stabbing","floor":30,"turns":5},{"damage":41,"enemies":"Champ","floor":33,"turns":8}],"seed_played":"5041781725353293414","potions_obtained":[{"floor":4,"key":"Doom Potion"},{"floor":5,"key":"FearPotion"},{"floor":7,"key":"Poison Potion"},{"floor":14,"key":"Weak Potion"},{"floor":16,"key":"FearPotion"},{"floor":24,"key":"BlessingOfTheForge"}],"is_trial":false,"path_per_floor":["M","?","$","M","M","R","E","M","T","M","T","?","R","E","R","B",null,"M","$","?","?","M","R","E","M","T","?","R","?","E","?","R","B"],"character_chosen":"THE_SILENT","items_purchased":["CunningPotion","Snake Skull","Footwork","Blade Dance"],"campfire_rested":3,"item_purchase_floors":[3,19,19,19],"current_hp_per_floor":[57,37,37,37,37,37,15,15,15,13,13,13,32,3,22,13,53,43,43,43,43,43,43,20,18,18,18,37,50,29,29,29,0,0],"gold":229,"neow_bonus":"UPGRADE_CARD","is_daily":false,"chose_seed":false,"campfire_upgraded":3,"win_rate":0.0,"timestamp":1612071880,"path_taken":["M","?","$","M","M","R","E","M","T","M","?","?","R","E","R","BOSS","M","$","?","?","M","R","E","M","T","?","R","?","E","?","R","BOSS"],"items_purchased_type":["Potion","Relic","Card","Card"],"build_version":"2020-12-22","purchased_purges":0,"victory":false,"max_hp_per_floor":[66,66,66,66,66,66,66,66,66,66,66,66,66,66,66,66,66,66,66,66,66,66,66,66,66,66,66,66,66,66,46,46,46,46],"relic_stats":{"counters":[14,86],"Snake Skull":[76],"Juzu Bracelet":0,"Whetstone":["Strike_G","Dash"],"Letter Opener":[50],"obtain_stats":[{"Golden Egg":7,"Oddly Smooth Stone":14,"Snake Skull":19,"ReplayTheSpireMod:TigerMarble":9,"Juzu Bracelet":30,"Whetstone":11,"Letter Opener":24,"Frozen Egg 2":26,"sneckomod:SneckoTalon":17,"Ring of the Snake":0},{"Golden Egg":4,"Oddly Smooth Stone":7,"Snake Skull":9,"ReplayTheSpireMod:TigerMarble":5,"Juzu Bracelet":13,"Whetstone":6,"Letter Opener":11,"Frozen Egg 2":12,"sneckomod:SneckoTalon":8,"Ring of the Snake":0},{"Golden Egg":24,"Oddly Smooth Stone":46,"Snake Skull":60,"ReplayTheSpireMod:TigerMarble":28,"Juzu Bracelet":78,"Whetstone":33,"Letter Opener":68,"Frozen Egg 2":73,"sneckomod:SneckoTalon":56,"Ring of the Snake":0}],"Ring of the Snake":[28]},"card_choices":[{"not_picked":["Sucker Punch","Escape Plan"],"picked":"Cloak And Dagger","floor":1},{"not_picked":["Riddle With Holes","Backflip"],"picked":"Dash","floor":4},{"not_picked":["Deflect","Underhanded Strike"],"picked":"Cloak And Dagger","floor":5},{"not_picked":["Cloak And Dagger","Heel Hook"],"picked":"Acrobatics","floor":7},{"not_picked":["Dagger Throw","Underhanded Strike"],"picked":"Deadly Poison","floor":8},{"not_picked":["PiercingWail","Adrenaline"],"picked":"Noxious Fumes","floor":10},{"not_picked":["Burst","Cloak And Dagger"],"picked":"Envenom","floor":14},{"not_picked":["Envenom","ReplayTheSpireMod:From All Sides"],"picked":"Poison Darts","floor":16},{"not_picked":["Flying Knee","Masterful Stab"],"picked":"Calculated Gamble","floor":18},{"not_picked":["Choke","Eviscerate","Masterful Stab"],"picked":"SKIP","floor":24},{"not_picked":["Prepared","Well Laid Plans"],"picked":"All Out Attack","floor":25},{"not_picked":["Deadly Poison","Draining Mist"],"picked":"Backflip","floor":30}],"player_experience":992237,"relics_obtained":[{"floor":7,"key":"Golden Egg"},{"floor":9,"key":"ReplayTheSpireMod:TigerMarble"},{"floor":11,"key":"Whetstone"},{"floor":14,"key":"Oddly Smooth Stone"},{"floor":24,"key":"Letter Opener"},{"floor":26,"key":"Frozen Egg 2"},{"floor":30,"key":"Juzu Bracelet"}],"event_choices":[{"damage_healed":0,"gold_gain":0,"player_choice":"Entered Light","damage_taken":20,"max_hp_gain":0,"max_hp_loss":0,"event_name":"Shining Light","floor":2,"gold_loss":0,"cards_upgraded":["Strike_G","Strike_G"]},{"damage_healed":0,"gold_gain":0,"player_choice":"Searched \u00270\u0027 times","damage_taken":0,"max_hp_gain":0,"max_hp_loss":0,"event_name":"Dead Adventurer","floor":12,"gold_loss":0},{"damage_healed":0,"gold_gain":0,"player_choice":"Ignored","damage_taken":0,"max_hp_gain":0,"max_hp_loss":0,"event_name":"The Mausoleum","floor":20,"gold_loss":0},{"damage_healed":0,"gold_gain":0,"player_choice":"Simplicity","damage_taken":0,"max_hp_gain":0,"max_hp_loss":0,"event_name":"Back to Basics","floor":21,"gold_loss":0,"cards_upgraded":["Strike_G","Strike_G","Defend_G","Defend_G","Defend_G","Defend_G","Defend_G"]},{"damage_healed":13,"gold_gain":0,"player_choice":"Heal","damage_taken":0,"max_hp_gain":0,"max_hp_loss":0,"event_name":"The Library","floor":29,"gold_loss":0},{"damage_healed":0,"gold_gain":0,"player_choice":"Became a vampire","damage_taken":0,"max_hp_gain":0,"max_hp_loss":20,"event_name":"Vampires","floor":31,"gold_loss":0,"cards_obtained":["Bite","Bite","Bite","Bite","Bite"]}],"is_beta":false,"boss_relics":[{"not_picked":["Calling Bell","Fusion Hammer"],"picked":"sneckomod:SneckoTalon"}],"items_purged_floors":[],"is_endless":false,"potions_floor_spawned":[4,5,7,14,16,24],"killed_by":"Champ","ascension_level":20}}