{"host":"8uihyzx2cncbsjod","time":1612054480,"event":{"mods":["BaseMod","Custom Start","Downfall","Hermit","Minty Spire (QoL Compilation)","StSLib","egg"],"gold_per_floor":[99,113,123,133,133,133,133,33,33,49,67,87,106,122,140,140,140,140],"floor_reached":16,"language":"ENG","playtime":602,"items_purged":[],"score":98,"play_id":"b318a831-a28f-46a8-adfa-86d00ec1a32c","local_time":"20210130195440","is_ascension_mode":false,"campfire_choices":[{"floor":1,"key":"RECALL"},{"data":"bronze:Flail","floor":8,"key":"SMITH"}],"circlet_count":0,"master_deck":["bronze:Strike","bronze:Strike","bronze:Defend","bronze:Defend","bronze:Defend","bronze:Defend","bronze:Replicate","bronze:Goto","Impatience","bronze:DelayedSlice","bronze:DigitalCarnage","bronze:Flail+1","bronze:Invalidate","bronze:Iterate","bronze:Branch","bronze:Virus"],"relics":["bronze:BronzeCore","downfall:ShatteredFragment","Matryoshka","downfall:HeartBlessingRed"],"acts_visited":["Exordium"],"potions_floor_usage":[16,16],"damage_taken":[{"damage":0,"enemies":"Cultist","floor":2,"turns":3},{"damage":0,"enemies":"Small Slimes","floor":3,"turns":3},{"damage":6,"enemies":"Jaw Worm","floor":4,"turns":2},{"damage":0,"enemies":"Blue Slaver","floor":10,"turns":1},{"damage":0,"enemies":"Large Slime","floor":11,"turns":2},{"damage":2,"enemies":"3 Louse","floor":12,"turns":2},{"damage":2,"enemies":"Exordium Thugs","floor":13,"turns":2},{"damage":0,"enemies":"Exordium Wildlife","floor":14,"turns":1},{"damage":0,"enemies":"Gremlin Gang","floor":15,"turns":2},{"damage":41,"enemies":"SI_SHIV_ARCHETYPE","floor":16,"turns":3}],"seed_played":"384714438824770742","potions_obtained":[{"floor":3,"key":"Ancient Potion"},{"floor":13,"key":"DuplicationPotion"},{"floor":15,"key":"PowerPotion"}],"is_trial":false,"path_per_floor":["R","M","M","M","?","?","T","R","?","M","M","M","M","M","M","B"],"character_chosen":"THE_AUTOMATON","items_purchased":[],"campfire_rested":0,"item_purchase_floors":[],"current_hp_per_floor":[70,70,70,64,64,43,43,43,43,43,43,41,39,39,39,0,0,0],"gold":140,"neow_bonus":"RANDOM_COLORLESS","is_daily":false,"chose_seed":false,"campfire_upgraded":1,"win_rate":0.0,"timestamp":1612054480,"path_taken":["R","M","M","M","?","?","T","R","?","M","M","M","?","M","M","BOSS"],"items_purchased_type":[],"build_version":"2020-12-22","purchased_purges":0,"victory":false,"max_hp_per_floor":[70,70,70,70,70,70,70,70,70,70,70,70,70,70,70,70,70,70],"card_choices":[{"not_picked":["Blind","Discovery"],"picked":"Impatience","floor":0},{"not_picked":["bronze:BitShift","bronze:Frontload"],"picked":"bronze:DelayedSlice","floor":2},{"not_picked":["bronze:OilSpill","bronze:DelayedGuard"],"picked":"bronze:DigitalCarnage","floor":3},{"not_picked":["bronze:CutThrough","bronze:WhirlingStrike"],"picked":"bronze:Flail","floor":4},{"not_picked":["bronze:DarkDash","bronze:Frontload"],"picked":"bronze:Iterate","floor":10},{"not_picked":["bronze:CutThrough","bronze:HyperBeam","bronze:WildBeam"],"picked":"SKIP","floor":11},{"not_picked":["bronze:ForLoop","bronze:DelayedGuard"],"picked":"bronze:Branch","floor":12},{"not_picked":["bronze:Safeguard","bronze:DelayedSlice","bronze:Shield"],"picked":"SKIP","floor":13},{"not_picked":["bronze:Shell","bronze:Allocate","bronze:Turbo"],"picked":"SKIP","floor":14},{"not_picked":["bronze:FineTuning","bronze:BitShift"],"picked":"bronze:Virus","floor":15}],"player_experience":636545,"relics_obtained":[{"floor":7,"key":"Matryoshka"}],"event_choices":[],"is_beta":false,"boss_relics":[],"items_purged_floors":[],"is_endless":false,"potions_floor_spawned":[3,13,15],"killed_by":"SI_SHIV_ARCHETYPE","ascension_level":0}}