{"host":"6xsbn6ynqlzwllfm","time":1612103771,"event":{"mods":["2.2 Compatiblity","BaseMod","Bestiary","Colored Map","Colored Powertips","Curses Come First","Highlight Path","Keyboard Shortcuts","Minty Spire (QoL Compilation)","Relic Stats","Slay the Relics Exporter","StSLib","SuperFastMode"],"gold_per_floor":[117,117,134,152,152,177,177,206,206,206,234,265,265,265],"floor_reached":13,"language":"ENG","playtime":419,"items_purged":[],"score":272,"play_id":"4b4bb899-328f-4d63-85f3-178a520c680f","local_time":"20210131093611","is_ascension_mode":true,"campfire_choices":[{"data":"SandsOfTime","floor":7,"key":"SMITH"}],"circlet_count":0,"master_deck":["AscendersBane","Strike_P+1","Strike_P","Strike_P","Strike_P","Defend_P","Defend_P","Defend_P+1","Defend_P","Eruption","Vigilance","SandsOfTime+1","LikeWater","DeusExMachina","TalkToTheHand","SandsOfTime","MentalFortress"],"relics":["PureWater","NeowsBlessing","Centennial Puzzle","Pocketwatch","Nunchaku","WingedGreaves","Torii","Yang"],"acts_visited":["Exordium"],"potions_floor_usage":[6,6],"damage_taken":[{"damage":0,"enemies":"Cultist","floor":1,"turns":1},{"damage":0,"enemies":"Jaw Worm","floor":3,"turns":1},{"damage":0,"enemies":"Small Slimes","floor":4,"turns":1},{"damage":2,"enemies":"3 Sentries","floor":6,"turns":8},{"damage":0,"enemies":"Lagavulin","floor":8,"turns":7},{"damage":21,"enemies":"3 Sentries","floor":11,"turns":10},{"damage":1,"enemies":"Lagavulin","floor":12,"turns":7},{"damage":45,"enemies":"Gremlin Nob","floor":13,"turns":4}],"seed_played":"-4613234543680192877","potions_obtained":[{"floor":3,"key":"GamblersBrew"},{"floor":4,"key":"DistilledChaos"}],"is_trial":false,"path_per_floor":["M","T","M","M","?","E","R","E","T","?","E","E","E"],"character_chosen":"WATCHER","items_purchased":[],"campfire_rested":0,"item_purchase_floors":[],"current_hp_per_floor":[61,61,61,61,41,39,39,39,39,44,23,22,0,0],"gold":265,"neow_bonus":"THREE_ENEMY_KILL","is_daily":false,"chose_seed":false,"campfire_upgraded":1,"win_rate":0.0,"timestamp":1612103771,"path_taken":["M","?","M","M","?","E","R","E","T","?","E","E","E"],"items_purchased_type":[],"build_version":"2020-12-22","purchased_purges":0,"victory":false,"max_hp_per_floor":[68,68,68,68,68,68,68,68,68,73,73,73,73,73],"relic_stats":{"Centennial Puzzle":[12],"Nunchaku":[2],"Torii":2,"counters":[8,39],"Yang":[3],"obtain_stats":[{"Centennial Puzzle":2,"Nunchaku":8,"NeowsBlessing":0,"Torii":11,"Yang":12,"WingedGreaves":9,"PureWater":0,"Pocketwatch":6},{"Centennial Puzzle":1,"Nunchaku":5,"NeowsBlessing":0,"Torii":6,"Yang":7,"WingedGreaves":5,"PureWater":0,"Pocketwatch":4},{"Centennial Puzzle":1,"Nunchaku":18,"NeowsBlessing":0,"Torii":28,"Yang":35,"WingedGreaves":18,"PureWater":0,"Pocketwatch":11}],"Pocketwatch":[31]},"card_choices":[{"not_picked":["PathToVictory","Consecrate"],"picked":"SandsOfTime","floor":3},{"not_picked":["Protect","Collect"],"picked":"LikeWater","floor":4},{"not_picked":["Pray","Prostrate"],"picked":"DeusExMachina","floor":6},{"not_picked":["ConjureBlade","Evaluate"],"picked":"TalkToTheHand","floor":8},{"not_picked":["Protect","FearNoEvil"],"picked":"SandsOfTime","floor":11},{"not_picked":["EmptyFist","FollowUp"],"picked":"MentalFortress","floor":12}],"player_experience":1351701,"relics_obtained":[{"floor":2,"key":"Centennial Puzzle"},{"floor":6,"key":"Pocketwatch"},{"floor":8,"key":"Nunchaku"},{"floor":9,"key":"WingedGreaves"},{"floor":11,"key":"Torii"},{"floor":12,"key":"Yang"}],"event_choices":[{"damage_healed":0,"gold_gain":0,"player_choice":"Entered Light","damage_taken":20,"max_hp_gain":0,"max_hp_loss":0,"event_name":"Shining Light","floor":5,"gold_loss":0,"cards_upgraded":["Strike_P","Defend_P"]},{"damage_healed":0,"gold_gain":0,"player_choice":"Donut","damage_taken":0,"max_hp_gain":5,"max_hp_loss":0,"event_name":"Big Fish","floor":10,"gold_loss":0}],"is_beta":false,"boss_relics":[],"items_purged_floors":[],"is_endless":false,"potions_floor_spawned":[3,4],"killed_by":"Gremlin Nob","ascension_level":20}}