{"host":"1pkwkj8mkn7raipg","time":1612085758,"event":{"mods":["BaseMod","LagranYue(¿≠∏Ò¿ °§‘¬)","Minty Spire (QoL Compilation)","Replay The Spire","StSLib","TestMod"],"gold_per_floor":[115,131,151,151,226,226,252,284,308,327,327,364,364,378,378,383,383],"floor_reached":16,"language":"ZHS","playtime":486,"items_purged":[],"score":215,"play_id":"0714fe84-cfde-4247-aabb-ef2e0e6b1f3d","local_time":"20210131173558","is_ascension_mode":true,"campfire_choices":[{"data":"Corruption","floor":6,"key":"SMITH"},{"floor":11,"key":"REST"},{"floor":13,"key":"REST"},{"data":"Armaments","floor":15,"key":"SMITH"}],"circlet_count":0,"master_deck":["AscendersBane","Strike_R","Strike_R","Strike_R","Strike_R","Defend_R","Defend_R","Defend_R","Defend_R","Bash","Corruption+1","Cleave","Run Through","Warcry","Pommel Strike","Armaments+1"],"relics":["Burning Blood","testmod-TestBox","LagranYue:RandomDrawCardRelic","testmod-TheFather","Odd Mushroom","testmod-Antiphasic","Happy Flower","LagranYue:ReturningEmperorRelic"],"acts_visited":["Exordium"],"potions_floor_usage":[8,8,16,16],"damage_taken":[{"damage":12,"enemies":"2 Louse","floor":1,"turns":3},{"damage":0,"enemies":"Small Slimes","floor":2,"turns":2},{"damage":19,"enemies":"Jaw Worm","floor":3,"turns":4},{"damage":6,"enemies":"The Mushroom Lair","floor":7,"turns":4},{"damage":39,"enemies":"Lagavulin","floor":8,"turns":6},{"damage":7,"enemies":"Looter","floor":10,"turns":3},{"damage":20,"enemies":"3 Sentries","floor":12,"turns":5},{"damage":19,"enemies":"Exordium Wildlife","floor":14,"turns":4},{"damage":37,"enemies":"The Guardian","floor":16,"turns":9}],"seed_played":"-6404832997809399966","potions_obtained":[{"floor":1,"key":"Toxic Potion"},{"floor":2,"key":"SkillPotion"},{"floor":12,"key":"Energy Potion"},{"floor":14,"key":"BloodPotion"}],"is_trial":false,"path_per_floor":["M","M","M","?","?","R","?","E","T","M","R","E","R","M","R","B"],"character_chosen":"IRONCLAD","items_purchased":[],"campfire_rested":2,"item_purchase_floors":[],"current_hp_per_floor":[62,68,55,55,44,44,44,11,11,10,32,18,40,27,27,5,5],"gold":383,"neow_bonus":"ONE_RANDOM_RARE_CARD","is_daily":false,"chose_seed":false,"campfire_upgraded":2,"win_rate":0.0,"timestamp":1612085758,"path_taken":["M","M","M","?","?","R","?","E","T","M","R","E","R","M","R","BOSS"],"items_purchased_type":[],"build_version":"2020-12-22","purchased_purges":0,"victory":false,"max_hp_per_floor":[75,75,75,75,75,75,75,75,75,75,75,75,75,75,75,75,75],"card_choices":[{"not_picked":["Twin Strike","Sever Soul"],"picked":"Cleave","floor":1},{"not_picked":["Sword Boomerang","Body Slam","Anger"],"picked":"SKIP","floor":2},{"not_picked":["Clothesline","Abandon"],"picked":"Run Through","floor":3},{"not_picked":["Iron Wave","Thunderclap"],"picked":"Warcry","floor":7},{"not_picked":["Seeing Red","Combust"],"picked":"Pommel Strike","floor":8},{"not_picked":["Warcry","True Grit","Fire Breathing"],"picked":"SKIP","floor":10},{"not_picked":["Dual Wield","Heavy Blade","Bloodletting"],"picked":"SKIP","floor":12},{"not_picked":["Wild Strike","Heavy Blade"],"picked":"Armaments","floor":14}],"player_experience":395201,"relics_obtained":[{"floor":7,"key":"Odd Mushroom"},{"floor":8,"key":"testmod-Antiphasic"},{"floor":9,"key":"Happy Flower"},{"floor":12,"key":"LagranYue:ReturningEmperorRelic"}],"event_choices":[{"cards_removed":["Strike_R"],"damage_healed":0,"gold_gain":0,"player_choice":"Forget","damage_taken":0,"max_hp_gain":0,"max_hp_loss":0,"event_name":"Living Wall","floor":4,"gold_loss":0},{"damage_healed":0,"gold_gain":75,"player_choice":"Gather Gold","damage_taken":11,"max_hp_gain":0,"max_hp_loss":0,"event_name":"World of Goop","floor":5,"gold_loss":0},{"damage_healed":0,"gold_gain":0,"player_choice":"Fought Mushrooms","damage_taken":0,"max_hp_gain":0,"max_hp_loss":0,"event_name":"Mushrooms","floor":7,"gold_loss":0}],"is_beta":false,"boss_relics":[],"items_purged_floors":[],"is_endless":false,"potions_floor_spawned":[1,2,12,14],"killed_by":"The Guardian","ascension_level":19}}