{"host":"tr12w2fixbnujl15","time":1612123714,"event":{"mods":["100% Spire Juice","2.2 Compatiblity","A Penny For Your Troubles","Arknights","BaseMod","Better Skull","Better Vampires","BetterRewards","CapriCore","Clockwork Mod","Colored Powertips","Evolution","Gremlin Skip","Hermit","Hubris","Infinite Spire","JesterMod","Kalas","KinomotoSakuraMod(????)","Koishi","Mad Scientist","Magitek Elite","Mathematician","Minty Spire (QoL Compilation)","Permanent Neow","Quick Restart","Reimu??????","Relic Filter","Remilia_Scarlet Moed?????·?????3.3.5","Replay The Spire","Shop Mod","StSLib","SuperFastMode","The Accelerator","The Bug Knight","The Construct","The Cursed","The Hayseed","The Hierophant","The Immortal","The Mystic","The Necromancer","The Runesmith","The Sage","The Senshi","The Servant 0.9.4","The Spell Scribe","The Vixen","TheFirefly","TheSwordswoman","TheVelvet","Transform Curses","WarShipGirlsR/????R mod","Yakumo Yukari mod","[IsaacMod]????"],"gold_per_floor":[118,118,130,55,55,82,82,93,93,93,110,143,143],"floor_reached":12,"language":"ENG","playtime":277,"items_purged":["Regret"],"score":113,"play_id":"e58b278d-c434-4512-a653-92f0e764be18","local_time":"20210131150834","is_ascension_mode":false,"campfire_choices":[{"data":"Runesmith:BackupBattery","floor":7,"key":"SMITH"},{"data":"Runesmith:BackupBattery+1","floor":7,"key":"SMITH"},{"data":"DoctorFetus","floor":10,"key":"SMITH"},{"data":"Runesmith:CraftMagma","floor":10,"key":"SMITH"}],"circlet_count":0,"master_deck":["Runesmith:HeatedChisel","Runesmith:Strike_RS","Runesmith:Strike_RS","Runesmith:Strike_RS","Runesmith:Defend_RS","Runesmith:Defend_RS","Runesmith:Defend_RS","Runesmith:Defend_RS","Runesmith:CraftFirestone","Runesmith:Fortify","DoctorFetus+1","Runesmith:CraftMagma+1","Runesmith:BackupBattery+2","Runesmith:MetallurgicalResearch","Runesmith:Empowerment","Runesmith:CraftVitae","Runesmith:Prism"],"relics":["Runesmith:BrokenRuby","EVO:Axolotl","HushsDoor","DoctorsRemote","NeowsBlessing","White Beast Statue","Replay:Arrowhead","ReplayTheSpireMod:TigerMarble","Question Card"],"acts_visited":["Exordium"],"potions_floor_usage":[6],"damage_taken":[{"damage":0,"enemies":"Small Slimes","floor":1,"turns":1},{"damage":0,"enemies":"Cultist","floor":3,"turns":1},{"damage":0,"enemies":"Lagavulin","floor":6,"turns":2},{"damage":4,"enemies":"2 Louse","floor":8,"turns":3},{"damage":4,"enemies":"2 Fungi Beasts","floor":11,"turns":3},{"damage":33,"enemies":"3 Sentries","floor":12,"turns":5}],"seed_played":"-6542607402687663352","potions_obtained":[{"floor":1,"key":"FearPotion"},{"floor":3,"key":"Block Potion"},{"floor":6,"key":"Fruit Juice"},{"floor":8,"key":"AttackPotion"},{"floor":11,"key":"Strength Potion"}],"is_trial":false,"path_per_floor":["M","?","M","$","?","E","R","M","T","R","M","E"],"character_chosen":"RUNESMITH_CLASS","items_purchased":[],"campfire_rested":0,"item_purchase_floors":[],"current_hp_per_floor":[70,70,70,70,70,75,75,71,71,71,67,35,35],"gold":143,"neow_bonus":"THREE_ENEMY_KILL","is_daily":false,"chose_seed":false,"campfire_upgraded":4,"win_rate":0.0,"timestamp":1612123714,"path_taken":["M","?","?","$","?","E","R","M","T","R","M","E"],"items_purchased_type":[],"build_version":"2020-12-22","purchased_purges":1,"victory":false,"max_hp_per_floor":[70,70,70,70,70,75,75,75,75,75,75,75,75],"card_choices":[{"not_picked":[],"picked":"DoctorFetus","floor":0},{"not_picked":["Runesmith:HammerThrow","Runesmith:EarthShield"],"picked":"Runesmith:CraftMagma","floor":1},{"not_picked":["Bomb","Runesmith:ElementalConversion"],"picked":"Runesmith:BackupBattery","floor":3},{"not_picked":["Runesmith:Repurpose","Runesmith:Empowerment"],"picked":"Runesmith:MetallurgicalResearch","floor":6},{"not_picked":["Runesmith:RunicBlueprint","Runesmith:EarthShield"],"picked":"Runesmith:Empowerment","floor":8},{"not_picked":["Runesmith:EarthShield","Runesmith:Permafrost"],"picked":"Runesmith:CraftVitae","floor":11},{"not_picked":["Runesmith:Grindstone","Runesmith:UnstableHammer"],"picked":"Runesmith:Prism","floor":12}],"player_experience":86955,"relics_obtained":[{"floor":6,"key":"Replay:Arrowhead"},{"floor":9,"key":"ReplayTheSpireMod:TigerMarble"},{"floor":12,"key":"Question Card"}],"event_choices":[{"damage_healed":0,"gold_gain":0,"player_choice":"Box","damage_taken":0,"relics_obtained":["White Beast Statue"],"max_hp_gain":0,"max_hp_loss":0,"event_name":"Big Fish","floor":2,"gold_loss":0,"cards_obtained":["Regret"]}],"is_beta":false,"boss_relics":[],"items_purged_floors":[4],"is_endless":false,"potions_floor_spawned":[1,3,6,8,11,12],"killed_by":"3 Sentries","ascension_level":0}}