{"host":"nsc6ozq3atyrdr3m","time":1612092468,"event":{"mods":["BaseMod","Colored Map","Minty Spire (QoL Compilation)"],"gold_per_floor":[110,2,14,14,14,14,46,46,46,62,62,62,36,56,56,155,155,171,171,183,51,51,51,78,78,78,93,93,93,93,17,17,17,17],"floor_reached":33,"language":"FRA","playtime":743,"items_purged":[],"score":363,"play_id":"bc18d55d-f2bd-49ad-890d-8fd62a77cba9","local_time":"20210131122748","is_ascension_mode":true,"campfire_choices":[{"data":"Skewer","floor":6,"key":"SMITH"},{"floor":8,"key":"REST"},{"data":"Dagger Spray","floor":11,"key":"SMITH"},{"floor":15,"key":"REST"},{"floor":23,"key":"REST"},{"data":"Riddle With Holes","floor":25,"key":"SMITH"},{"floor":30,"key":"REST"},{"floor":32,"key":"REST"}],"circlet_count":0,"master_deck":["Strike_G","Strike_G","Strike_G","Strike_G","Defend_G","Defend_G","Defend_G","Defend_G","Survivor","Neutralize","Storm of Steel","Riddle With Holes+1","Accuracy","Skewer+1","Predator","Outmaneuver","Dagger Spray+1","Backflip","Blade Dance","Adrenaline","Prepared+1","Finisher+1","Endless Agony","Dagger Spray","Choke","Prepared+1"],"relics":["Ring of the Snake","Lantern","Toy Ornithopter","SacredBark","Blood Vial","Mercury Hourglass"],"acts_visited":["TheCity"],"potions_floor_usage":[24,24,24,33,33],"damage_taken":[{"damage":1,"enemies":"Cultist","floor":1,"turns":4},{"damage":3,"enemies":"Jaw Worm","floor":3,"turns":4},{"damage":30,"enemies":"Gremlin Nob","floor":7,"turns":4},{"damage":0,"enemies":"Small Slimes","floor":10,"turns":2},{"damage":3,"enemies":"Blue Slaver","floor":14,"turns":3},{"damage":23,"enemies":"Slime Boss","floor":16,"turns":6},{"damage":3,"enemies":"3 Byrds","floor":18,"turns":3},{"damage":25,"enemies":"Spheric Guardian","floor":20,"turns":4},{"damage":55,"enemies":"Book of Stabbing","floor":24,"turns":6},{"damage":30,"enemies":"Snake Plant","floor":27,"turns":3},{"damage":115,"enemies":"Automaton","floor":33,"turns":6}],"seed_played":"-2749913314064294530","potions_obtained":[{"floor":1,"key":"Weak Potion"},{"floor":3,"key":"Regen Potion"},{"floor":7,"key":"LiquidMemories"},{"floor":27,"key":"Dexterity Potion"}],"is_trial":false,"path_per_floor":["M","$","M","?","$","R","E","R","T","M","R","?","$","M","R","B",null,"M","?","M","$","?","R","E","R","T","M","$","?","R","$","R","B"],"character_chosen":"THE_SILENT","items_purchased":["Accuracy","Skewer","Backflip","Endless Agony","Dagger Spray","CunningPotion"],"campfire_rested":5,"item_purchase_floors":[2,2,13,21,21,31],"current_hp_per_floor":[62,62,59,52,52,52,22,43,43,43,43,43,43,40,61,38,62,59,46,21,21,21,43,43,43,43,15,15,15,37,37,59,0,0],"gold":17,"neow_bonus":"TRANSFORM_CARD","is_daily":false,"chose_seed":false,"campfire_upgraded":3,"win_rate":0.0,"timestamp":1612092468,"path_taken":["M","$","M","?","$","R","E","R","T","M","R","?","$","M","R","BOSS","M","?","M","$","?","R","E","R","T","M","$","?","R","?","R","BOSS"],"items_purchased_type":["Card","Card","Card","Card","Card","Potion"],"build_version":"2020-12-22","purchased_purges":0,"victory":false,"max_hp_per_floor":[70,70,70,70,70,70,70,70,70,70,70,70,70,70,70,70,70,70,75,75,75,75,75,75,75,75,75,75,75,75,75,75,75,75],"card_choices":[{"not_picked":["Bouncing Flask","Cloak And Dagger"],"picked":"Riddle With Holes","floor":1},{"not_picked":["Dagger Throw","Poisoned Stab"],"picked":"Predator","floor":3},{"not_picked":["Skewer","Escape Plan"],"picked":"Outmaneuver","floor":7},{"not_picked":["Dash","Flying Knee"],"picked":"Dagger Spray","floor":10},{"not_picked":["Cloak And Dagger","Noxious Fumes"],"picked":"Blade Dance","floor":14},{"not_picked":["Burst","Die Die Die"],"picked":"Adrenaline","floor":16},{"not_picked":["Caltrops","Slice"],"picked":"Prepared+1","floor":18},{"not_picked":["Cloak And Dagger","Eviscerate"],"picked":"Finisher+1","floor":20},{"not_picked":["Blade Dance","Heel Hook"],"picked":"Choke","floor":24},{"not_picked":["Riddle With Holes","Quick Slash"],"picked":"Prepared+1","floor":27}],"player_experience":363331,"relics_obtained":[{"floor":7,"key":"Lantern"},{"floor":9,"key":"Toy Ornithopter"},{"floor":24,"key":"Blood Vial"},{"floor":26,"key":"Mercury Hourglass"}],"event_choices":[{"cards_removed":["Strike_G"],"damage_healed":0,"gold_gain":0,"player_choice":"Card Removal","damage_taken":7,"max_hp_gain":0,"max_hp_loss":0,"event_name":"Golden Wing","floor":4,"gold_loss":0},{"damage_healed":0,"gold_gain":0,"player_choice":"Ignored","damage_taken":0,"max_hp_gain":0,"max_hp_loss":0,"event_name":"Golden Idol","floor":12,"gold_loss":0},{"damage_healed":0,"gold_gain":0,"player_choice":"Shed Blood","damage_taken":18,"max_hp_gain":5,"max_hp_loss":0,"event_name":"Forgotten Altar","floor":19,"gold_loss":0},{"damage_healed":0,"gold_gain":0,"player_choice":"Ignored","damage_taken":0,"max_hp_gain":0,"max_hp_loss":0,"event_name":"Ghosts","floor":22,"gold_loss":0},{"damage_healed":0,"gold_gain":0,"player_choice":"Ignored","damage_taken":0,"max_hp_gain":0,"max_hp_loss":0,"event_name":"Vampires","floor":29,"gold_loss":0}],"is_beta":false,"boss_relics":[{"not_picked":["Velvet Choker","Coffee Dripper"],"picked":"SacredBark"}],"items_purged_floors":[],"is_endless":false,"potions_floor_spawned":[1,3,7,20,27],"killed_by":"Automaton","ascension_level":8}}