{"host":"jyuuog6ydc2s7nd8","time":1612093063,"event":{"mods":["BaseMod","Better Vampires","Minty Spire (QoL Compilation)","Shop Mod","StSLib","The Hierophant","The Servant 0.9.4","TheBandit","[IsaacMod]ÒÔÈö¼âËþ"],"gold_per_floor":[113,124,49,49,59,59,93,93,93,126,146,156,173,234,234,234,234],"floor_reached":16,"language":"ZHS","playtime":487,"items_purged":["Strike_R"],"score":224,"play_id":"c55c93f4-c1ca-4d13-b6c5-a67fae14afd7","local_time":"20210131193743","is_ascension_mode":true,"campfire_choices":[{"data":"Bash","floor":6,"key":"SMITH"},{"data":"Pommel Strike","floor":8,"key":"SMITH"},{"data":"Battle Trance","floor":15,"key":"SMITH"}],"circlet_count":0,"master_deck":["AscendersBane","Strike_R","Strike_R","Strike_R","Strike_R","Defend_R","Defend_R","Defend_R","Defend_R","Bash+1","Shrug It Off","Pommel Strike+1","Bomb","Battle Trance+1"],"relics":["Burning Blood","HushsDoor","Toy Ornithopter","TheBible","DoctorsRemote","StrikeDummy","Lizard Tail"],"acts_visited":["Exordium"],"potions_floor_usage":[14,16],"damage_taken":[{"damage":6,"enemies":"Cultist","floor":1,"turns":3},{"damage":0,"enemies":"Jaw Worm","floor":2,"turns":2},{"damage":8,"enemies":"2 Louse","floor":5,"turns":4},{"damage":12,"enemies":"3 Sentries","floor":7,"turns":13},{"damage":8,"enemies":"Gremlin Nob","floor":10,"turns":3},{"damage":29,"enemies":"Gremlin Gang","floor":11,"turns":5},{"damage":0,"enemies":"Large Slime","floor":12,"turns":2},{"damage":43,"enemies":"Red Slaver","floor":13,"turns":6},{"damage":11,"enemies":"Lagavulin Event","floor":14,"turns":3},{"damage":7,"enemies":"Hexaghost","floor":16,"turns":9}],"seed_played":"-2965738997264744172","potions_obtained":[{"floor":1,"key":"GamblersBrew"},{"floor":12,"key":"Energy Potion"}],"is_trial":false,"path_per_floor":["M","M","$","?","M","R","E","R","T","E","M","M","M","?","R","B"],"character_chosen":"IRONCLAD","items_purchased":[],"campfire_rested":0,"item_purchase_floors":[],"current_hp_per_floor":[68,74,74,79,77,77,71,71,71,69,46,52,15,15,15,13,13],"gold":234,"neow_bonus":"RANDOM_COMMON_RELIC","is_daily":false,"chose_seed":false,"campfire_upgraded":3,"win_rate":0.0,"timestamp":1612093063,"path_taken":["M","M","?","?","M","R","E","R","T","E","M","?","M","?","R","BOSS"],"items_purchased_type":[],"build_version":"2020-12-22","purchased_purges":1,"victory":false,"max_hp_per_floor":[75,75,75,80,80,80,80,80,80,80,80,80,80,80,80,80,80],"card_choices":[{"not_picked":[],"picked":"ChaosCard","floor":0},{"not_picked":["Inflame","Evolve"],"picked":"Shrug It Off","floor":1},{"not_picked":["Wild Strike","Heavy Blade","Cleave"],"picked":"SKIP","floor":2},{"not_picked":["Shrug It Off","Carnage"],"picked":"Pommel Strike","floor":5},{"not_picked":["Clothesline","Evolve","Perfected Strike"],"picked":"SKIP","floor":7},{"not_picked":["Carnage","Iron Wave","Limit Break"],"picked":"SKIP","floor":10},{"not_picked":["Hemokinesis","Flame Barrier","Armaments"],"picked":"SKIP","floor":11},{"not_picked":["Headbutt","Seeing Red"],"picked":"Bomb","floor":12},{"not_picked":["Clothesline","Armaments"],"picked":"Battle Trance","floor":13}],"player_experience":1876949,"relics_obtained":[{"floor":7,"key":"DoctorsRemote"},{"floor":10,"key":"StrikeDummy"}],"event_choices":[{"damage_healed":0,"gold_gain":0,"player_choice":"Donut","damage_taken":0,"max_hp_gain":5,"max_hp_loss":0,"event_name":"Big Fish","floor":4,"gold_loss":0},{"damage_healed":0,"gold_gain":0,"player_choice":"Searched \u00273\u0027 times","damage_taken":0,"relics_obtained":["Lizard Tail"],"max_hp_gain":0,"max_hp_loss":0,"event_name":"Dead Adventurer","floor":14,"gold_loss":0}],"is_beta":false,"boss_relics":[],"items_purged_floors":[3],"is_endless":false,"potions_floor_spawned":[1,12,13],"killed_by":"Hexaghost","ascension_level":20}}