{"host":"mys00ehszg9tpx2w","time":1612075648,"event":{"mods":["Act Like it!","BaseMod","Better Vampires","CapriCore","Chen","Colored Powertips","Energized Spire","Gensokyo","Highlight Path","Koishi","KomeijiMod","Marisa（F雨　魔理沙）","Minty Spire (QoL Compilation)","Reimu（博丽灵梦）","Relic Stats","Remilia（蕾米莉亚）","RumiaBox-露米娅的神秘盒子","Shop Mod","Spicy Shops","StSLib","The Administrix","The Immortal","The Servant 0.9.4","Yakumo Yukari mod","Youmu（魂魄妖梦）","Yuyuko","noobMod","【功能Mod】聪明的最终Boss","篝火指南"],"gold_per_floor":[456,78,78,78,78,78,78],"floor_reached":6,"language":"ZHS","playtime":599,"items_purged":[],"score":164,"play_id":"808e6186-b24c-4e73-be08-96ba76e848f1","local_time":"20210131144728","daily_mods":["Shiny","Time Dilation","Midas"],"is_ascension_mode":true,"campfire_choices":[],"circlet_count":0,"master_deck":["Wraith Form v2","Echo Form","DevaForm","FlawlessForm","Chen:ShikigamiForm","BatForm","AscendersBane","Gensokyo:TarnishedGold","Gensokyo:ScrapIron","Gensokyo:RustyChest"],"relics":["Snecko Eye","Unceasing Top","Busted Crown","ice","Baka","TheAbacus","TentaclePot:ReiMu","Gensokyo:CelestialsFlawlessClothing","Gensokyo:OccultBall","Gensokyo:YoukaiFlower"],"acts_visited":["Gensokyo:Gensokyo"],"potions_floor_usage":[],"damage_taken":[{"damage":0.0,"enemies":"Gensokyo:Python","floor":1.0,"turns":5.0},{"damage":0,"enemies":"Gensokyo:Mamizou","floor":6,"turns":9}],"seed_played":"-3483889481337822666","potions_obtained":[],"is_trial":true,"path_per_floor":["M","COS","?","?","?","E"],"character_chosen":"THE_SILENT","items_purchased":[],"campfire_rested":0,"item_purchase_floors":[],"current_hp_per_floor":[2,2,2,2,2,2,2],"gold":78,"neow_bonus":"","is_daily":false,"chose_seed":false,"campfire_upgraded":0,"win_rate":0.0,"timestamp":1612075648,"path_taken":["M","COS","?","?","?","E"],"items_purchased_type":[],"build_version":"2020-12-22","purchased_purges":0,"victory":false,"max_hp_per_floor":[2,2,2,2,2,2,2],"relic_stats":{"Busted Crown":2,"TheAbacus":[72],"counters":[2,14],"Snecko Eye":[7,4,4,5],"obtain_stats":[{"Busted Crown":0,"TheAbacus":2,"TentaclePot:ReiMu":2,"Snecko Eye":0,"Gensokyo:YoukaiFlower":5,"Gensokyo:OccultBall":4,"ice":0,"Baka":1,"Gensokyo:CelestialsFlawlessClothing":3,"Unceasing Top":0},{"Busted Crown":0,"TheAbacus":1,"TentaclePot:ReiMu":1,"Snecko Eye":0,"Gensokyo:YoukaiFlower":1,"Gensokyo:OccultBall":1,"ice":0,"Baka":1,"Gensokyo:CelestialsFlawlessClothing":1,"Unceasing Top":0},{"Busted Crown":0,"TheAbacus":5,"TentaclePot:ReiMu":5,"Snecko Eye":0,"Gensokyo:YoukaiFlower":5,"Gensokyo:OccultBall":5,"ice":0,"Baka":5,"Gensokyo:CelestialsFlawlessClothing":5,"Unceasing Top":0}],"Unceasing Top":[0]},"card_choices":[{"not_picked":[],"picked":"Koishi:EmbryosDream","floor":1.0}],"player_experience":77255,"relics_obtained":[{"floor":1.0,"key":"Baka"}],"event_choices":[],"is_beta":false,"boss_relics":[],"items_purged_floors":[],"is_endless":true,"potions_floor_spawned":[],"killed_by":"Gensokyo:Mamizou","ascension_level":20}}