{"host":"15f3wpiimhe5yrng","time":1612134475,"event":{"mods":["BaseMod","Better Altar","Better Match","Better Note","Better Sensory Stone","Better Skull","Better Third Choice","Chen","Colored Map","Downfall","GifTheSpireLib","Good Game Mod","Minty Spire (QoL Compilation)","Permanent Neow","StSLib","The Disciple","The Mystic"],"gold_per_floor":[12,30,49,49,64,99,99,99,99,134,134,134,151,165,165,260,260,275,275,275,294,314,343,343,343,343,343,370,389,90,109,109,208,208,222,38,50,65,79,108,108,142,142,142,168,168,186,200,200,200,200,200,18,43,43,43],"floor_reached":55,"language":"ENG","playtime":3425,"items_purged":["Chen:Defend","Chen:Defend"],"score":809,"play_id":"f9294771-e005-4c13-9c00-571b41aed927","local_time":"20210201000755","is_ascension_mode":false,"campfire_choices":[{"data":"expansioncontent:DashGenerateEvil","floor":7,"key":"SMITH"},{"data":"Chen:RecklessLeap","floor":11,"key":"SMITH"},{"data":"Chen:GlitterPoke","floor":15,"key":"SMITH"},{"data":"Chen:ShikigamiForm","floor":24,"key":"SMITH"},{"data":"Chen:SurpriseAttack","floor":27,"key":"SMITH"},{"data":"Chen:FollowUp","floor":32,"key":"SMITH"},{"floor":41,"key":"RECALL"},{"data":"Chen:StudySharpen","floor":49,"key":"SMITH"},{"data":"Chen:Deceitful","floor":52,"key":"SMITH"}],"circlet_count":0,"master_deck":["Chen:Defend","Chen:PounceTurnTail","Chen:GlitterPoke+1","expansioncontent:DashGenerateEvil+1","Chen:Sweep","Chen:Instinct+1","Chen:TauntHiss","Swift Strike","Chen:CatPunch+1","Chen:RecklessLeap+1","Chen:Salvo","Chen:Sneak","Chen:UnstableBoundary","Chen:ShikigamiForm+1","Chen:Tear","Slimebound:Tackle+1","Slimebound:Tackle+1","Slimebound:Tackle+1","Chen:Tear+1","Chen:SurpriseAttack+1","Chen:Recuperate","J.A.X.","Chen:Flit","Chen:RecklessLeap+1","Chen:FollowUp+1","Chen:Unpredictable","Chen:FinalSpellCard","Chen:Deceitful+1","Chen:ResistTemptation","Chen:EvasiveFireShift+1","Chen:Sidestep+1","Chen:Sneak","Chen:StudySharpen+1","Chen:Exploit","Chen:CatPunch","Chen:Assault","Chen:Tear+1"],"relics":["Chen:Catnip","REME:ComplimentaryCards","Matryoshka","Toy Ornithopter","Mummified Hand","PreservedInsect","Oddly Smooth Stone","Boot","Sozu","Sundial","Ginger","Strawberry","Omamori","Runic Dome","White Beast Statue","Lizard Tail","Pear","Eternal Feather"],"acts_visited":["Exordium","TheCity","TheBeyond","TheEnding"],"potions_floor_usage":[16,16,22],"damage_taken":[{"damage":0,"enemies":"2 Louse","floor":1,"turns":2},{"damage":0,"enemies":"Small Slimes","floor":2,"turns":2},{"damage":0,"enemies":"Cultist","floor":3,"turns":2},{"damage":0,"enemies":"Blue Slaver","floor":5,"turns":1},{"damage":11,"enemies":"Gremlin Nob","floor":6,"turns":4},{"damage":10,"enemies":"Lagavulin","floor":10,"turns":4},{"damage":0,"enemies":"Exordium Wildlife","floor":13,"turns":1},{"damage":0,"enemies":"Gremlin Gang","floor":14,"turns":1},{"damage":13,"enemies":"The Guardian","floor":16,"turns":7},{"damage":14,"enemies":"2 Thieves","floor":18,"turns":3},{"damage":0,"enemies":"Spheric Guardian","floor":21,"turns":1},{"damage":24,"enemies":"Snake Plant","floor":22,"turns":4},{"damage":17,"enemies":"Gremlin Leader","floor":23,"turns":4},{"damage":10,"enemies":"Book of Stabbing","floor":28,"turns":3},{"damage":3,"enemies":"Snecko","floor":29,"turns":3},{"damage":0,"enemies":"Shelled Parasite and Fungi","floor":31,"turns":3},{"damage":8,"enemies":"Automaton","floor":33,"turns":5},{"damage":0,"enemies":"3 Shapes","floor":35,"turns":1},{"damage":11,"enemies":"3 Darklings","floor":37,"turns":3},{"damage":15,"enemies":"Transient","floor":38,"turns":5},{"damage":0,"enemies":"Sphere and 2 Shapes","floor":39,"turns":3},{"damage":3,"enemies":"Nemesis","floor":40,"turns":3},{"damage":18,"enemies":"Reptomancer","floor":42,"turns":3},{"damage":9,"enemies":"Nemesis","floor":45,"turns":3},{"damage":3,"enemies":"Writhing Mass","floor":47,"turns":4},{"damage":5,"enemies":"4 Shapes","floor":48,"turns":3},{"damage":51,"enemies":"Awakened One","floor":50,"turns":6},{"damage":13,"enemies":"Shield and Spear","floor":54,"turns":4},{"damage":74,"enemies":"The Heart","floor":55,"turns":7}],"seed_played":"301998665569722448","potions_obtained":[{"floor":5,"key":"SkillPotion"},{"floor":10,"key":"Swift Potion"},{"floor":13,"key":"Regen Potion"}],"is_trial":false,"path_per_floor":["M","M","M","?","M","E","R","?","T","E","R","T","M","M","R","B",null,"M","?","?","M","M","E","R","?","T","R","E","M","$","M","R","B",null,"M","$","M","M","M","E","R","E","T","?","E","?","M","M","R","B",null,"R","$","E","B"],"character_chosen":"CHEN","items_purchased":["Chen:FollowUp","Omamori","Chen:Deceitful","Chen:ResistTemptation","Chen:Exploit","Chen:CatPunch","Chen:Assault"],"campfire_rested":0,"item_purchase_floors":[30,30,36,36,53,53,53],"current_hp_per_floor":[70,70,70,70,70,59,59,45,45,35,35,35,35,35,35,32,70,56,56,56,56,49,32,32,32,32,32,29,26,26,26,26,18,77,77,77,66,51,51,48,48,30,30,49,50,42,39,34,34,30,87,87,87,74,0,0],"gold":43,"neow_bonus":"REMOVE_TWO","is_daily":false,"chose_seed":false,"campfire_upgraded":8,"win_rate":0.0,"timestamp":1612134475,"path_taken":["M","M","M","?","?","E","R","?","T","E","R","?","?","M","R","BOSS","M","?","?","M","M","E","R","?","T","R","E","M","$","M","R","BOSS","M","$","M","M","M","E","R","E","T","?","E","?","?","?","R","BOSS","R","$","E","BOSS"],"items_purchased_type":["Card","Relic","Card","Card","Card","Card","Card"],"build_version":"2020-12-22","purchased_purges":2,"victory":false,"max_hp_per_floor":[70,70,70,70,70,70,70,70,70,70,70,70,70,70,70,70,70,70,70,70,70,70,70,70,70,70,70,77,77,77,77,77,77,77,77,77,77,77,77,77,77,77,77,77,87,87,87,87,87,87,87,87,87,87,87,87],"card_choices":[{"not_picked":["Chen:Catseye","Chen:Instinct"],"picked":"Chen:Sweep","floor":1},{"not_picked":["Chen:Honk","Chen:PentagramFlight"],"picked":"Chen:Instinct","floor":2},{"not_picked":["Chen:Shot","Chen:UpperHand"],"picked":"Chen:TauntHiss","floor":3},{"not_picked":["Chrysalis","Purity"],"picked":"Swift Strike","floor":4},{"not_picked":["Chen:Fadeout","Chen:Adaptability"],"picked":"Chen:CatPunch","floor":5},{"not_picked":["Chen:Barrier","Chen:SelfConfidence"],"picked":"Chen:RecklessLeap","floor":6},{"not_picked":["Chen:Adaptability","Chen:Sidestep"],"picked":"Chen:Salvo","floor":10},{"not_picked":["Chen:SelfControl","Chen:Tear"],"picked":"Chen:Sneak","floor":13},{"not_picked":["Chen:Barrier","Chen:TauntHiss"],"picked":"Chen:UnstableBoundary","floor":14},{"not_picked":["Chen:FinalSpellCard","Chen:RapidfireEvasive"],"picked":"Chen:ShikigamiForm","floor":16},{"not_picked":["Chen:PentagramFlight","Chen:Recuperate"],"picked":"Chen:Tear","floor":18},{"not_picked":["Chen:Knockout+1","Chen:UnstableBoundary"],"picked":"Chen:Tear+1","floor":21},{"not_picked":["Chen:GuardCounter+1","Chen:MeditateFrenzy"],"picked":"Chen:SurpriseAttack","floor":22},{"not_picked":["Chen:Shot","Chen:ResistTemptation"],"picked":"Chen:Recuperate","floor":23},{"not_picked":["Chen:ResistTemptation","Chen:Recuperate"],"picked":"Chen:Flit","floor":28},{"not_picked":["Chen:Tear+1","Chen:SelfConfidence"],"picked":"Chen:RecklessLeap+1","floor":29},{"not_picked":["Chen:Knockout","Chen:Impale"],"picked":"Chen:Unpredictable","floor":31},{"not_picked":["Chen:WhateverWorks","Chen:Afterimages"],"picked":"Chen:FinalSpellCard","floor":33},{"not_picked":["Chen:Recuperate","Chen:Lacerate","Chen:Sidestep+1"],"picked":"SKIP","floor":35},{"not_picked":["Chen:Tear+1","Chen:UnstableBoundary","Chen:Impale"],"picked":"SKIP","floor":37},{"not_picked":["Chen:Spray+1","Chen:RecklessLeap+1"],"picked":"Chen:EvasiveFireShift+1","floor":38},{"not_picked":["Chen:Impale","Chen:CatPunch"],"picked":"Chen:Sidestep+1","floor":39},{"not_picked":["Chen:Adaptability+1","Chen:BlueOniRedOni","Chen:Flicker+1"],"picked":"SKIP","floor":40},{"not_picked":["Chen:Possession","Chen:Spray+1","Chen:Fadeout"],"picked":"SKIP","floor":42},{"not_picked":["Chen:Honk","Chen:Shot"],"picked":"Chen:Sneak","floor":45},{"not_picked":["Chen:Scratch","Chen:TauntHiss+1"],"picked":"Chen:StudySharpen","floor":47},{"not_picked":["Chen:Shot+1","Chen:Spray","Chen:Sidestep+1"],"picked":"SKIP","floor":48},{"not_picked":["Chen:Flit","Chen:Exploit"],"picked":"Chen:Tear+1","floor":54}],"player_experience":118330,"relics_obtained":[{"floor":6,"key":"Matryoshka"},{"floor":9,"key":"Toy Ornithopter"},{"floor":9,"key":"Mummified Hand"},{"floor":10,"key":"PreservedInsect"},{"floor":12,"key":"Oddly Smooth Stone"},{"floor":12,"key":"Boot"},{"floor":23,"key":"Sundial"},{"floor":26,"key":"Ginger"},{"floor":28,"key":"Strawberry"},{"floor":40,"key":"White Beast Statue"},{"floor":42,"key":"Lizard Tail"},{"floor":45,"key":"Pear"},{"floor":54,"key":"Eternal Feather"}],"event_choices":[{"damage_healed":0,"gold_gain":1,"player_choice":"1","damage_taken":0,"max_hp_gain":0,"max_hp_loss":0,"event_name":"betterStone:BetterStone","floor":4,"gold_loss":0},{"damage_healed":59,"gold_gain":0,"player_choice":"Upgrade","damage_taken":14,"max_hp_gain":0,"max_hp_loss":70,"event_name":"betterThird:BetterShining","floor":8,"gold_loss":0,"cards_upgraded":["Chen:Instinct","Chen:CatPunch"]},{"damage_healed":0,"gold_gain":0,"player_choice":"Ignored","damage_taken":0,"max_hp_gain":0,"max_hp_loss":0,"event_name":"betterNote:BetterNote","floor":19,"gold_loss":0,"cards_obtained":["champ:HeavySlash"]},{"damage_healed":0,"gold_gain":0,"player_choice":"Obtain J.A.X.","damage_taken":0,"max_hp_gain":0,"max_hp_loss":0,"event_name":"Drug Dealer","floor":25,"gold_loss":0,"cards_obtained":["J.A.X."]},{"damage_healed":19,"gold_gain":0,"player_choice":"Writhe","damage_taken":0,"max_hp_gain":0,"max_hp_loss":0,"event_name":"Winding Halls","floor":44,"gold_loss":0,"cards_obtained":["Writhe"]},{"damage_healed":0,"gold_gain":0,"player_choice":"Damaged","damage_taken":8,"max_hp_gain":0,"max_hp_loss":0,"event_name":"Wheel of Change","floor":46,"gold_loss":0}],"is_beta":false,"boss_relics":[{"not_picked":["Calling Bell","SacredBark"],"picked":"Sozu"},{"not_picked":["Empty Cage","Astrolabe"],"picked":"Runic Dome"}],"items_purged_floors":[30,36],"is_endless":false,"potions_floor_spawned":[5,10,13,22,23,31,35,38,39,42,45,47,48,54],"killed_by":"The Heart","ascension_level":0}}