{"host":"zwuytn9vh5b8tdl7","time":1612056645,"event":{"mods":["AchievementEnabler","BaseMod","Colored Powertips","GifTheSpireLib","Minty Spire (QoL Compilation)","Rare Cards Sparkle","StSLib","The Animator"],"gold_per_floor":[124,143,143,143,174,217,232,232,286,286,296,310,0,26,26,130,130,144,162,162,162],"floor_reached":20,"language":"ENG","playtime":884,"items_purged":[],"score":178,"play_id":"254e9a86-cf62-4606-8270-32cb5f0d1d26","local_time":"20210130203045","is_ascension_mode":false,"campfire_choices":[{"floor":8,"key":"REST"},{"floor":10,"key":"REST"},{"floor":15,"key":"REST"}],"circlet_count":0,"master_deck":["animator:Strike_Fate","animator:Defend_Fate","animator:Strike","animator:Strike","animator:Strike+1","animator:Defend","animator:Defend","animator:Defend","animator:Alexander","animator:DolaSchwi","animator:MumenRider","animator:Saber","animator:Illya","animator:Darkness","animator:ShinjiMatou","animator:Wiz","animator:SakuraMatou+1","animator:Assassin","animator:Gilgamesh","animator:Lancer","animator:YunYun"],"relics":["animator:LivingPicture","animator:TheMissingPiece","Nunchaku","GremlinMask","Gambling Chip","Orichalcum","animator:WizardHat","animator:RacePiece"],"acts_visited":["Exordium","TheCity"],"potions_floor_usage":[20],"damage_taken":[{"damage":0,"enemies":"2 Louse","floor":1,"turns":2},{"damage":3,"enemies":"Small Slimes","floor":2,"turns":5},{"damage":4,"enemies":"Cultist","floor":5,"turns":4},{"damage":34,"enemies":"Gremlin Nob","floor":6,"turns":5},{"damage":5,"enemies":"Looter","floor":7,"turns":4},{"damage":4,"enemies":"Exordium Thugs","floor":11,"turns":4},{"damage":0,"enemies":"3 Louse","floor":12,"turns":4},{"damage":9,"enemies":"Red Slaver","floor":14,"turns":4},{"damage":34,"enemies":"Hexaghost","floor":16,"turns":8},{"damage":26,"enemies":"Shell Parasite","floor":18,"turns":5},{"damage":28,"enemies":"3 Byrds","floor":19,"turns":5},{"damage":15,"enemies":"Snake Plant","floor":20,"turns":1}],"seed_played":"-3637950318205221623","potions_obtained":[{"floor":2,"key":"FearPotion"},{"floor":5,"key":"LiquidBronze"},{"floor":14,"key":"BlessingOfTheForge"}],"is_trial":false,"path_per_floor":["M","M","?","?","M","E","M","R","T","R","M","M","$","M","R","B",null,"M","M","M"],"character_chosen":"THE_ANIMATOR","items_purchased":["animator:WizardHat"],"campfire_rested":3,"item_purchase_floors":[13],"current_hp_per_floor":[66,63,50,50,46,12,8,28,28,48,45,45,45,36,56,22,68,43,15,0,0],"gold":162,"neow_bonus":"RANDOM_COMMON_RELIC","is_daily":false,"chose_seed":false,"campfire_upgraded":0,"win_rate":0.0,"timestamp":1612056645,"path_taken":["M","M","?","?","M","E","M","R","T","R","M","M","$","M","R","BOSS","M","?","M"],"items_purchased_type":["Relic"],"build_version":"2020-12-22","purchased_purges":0,"victory":false,"max_hp_per_floor":[66,66,66,66,66,66,67,67,67,67,68,68,68,68,68,68,68,69,69,69,69],"card_choices":[{"not_picked":["animator:Shion","animator:NarberalGamma"],"picked":"animator:Hakurou","floor":1},{"not_picked":["animator:Gillette","animator:Guy"],"picked":"animator:DolaSchwi","floor":2},{"not_picked":["animator:Alexander","animator:Kazuma"],"picked":"animator:MumenRider","floor":5},{"not_picked":["animator:EmiyaShirou","animator:Alexander"],"picked":"animator:Saber","floor":6},{"not_picked":["animator:Geryuganshoop","animator:PandorasActor"],"picked":"animator:Tatsumaki","floor":7},{"not_picked":["animator:Entoma","animator:Berserker"],"picked":"animator:Illya","floor":11},{"not_picked":["animator:Tatsumaki","animator:Souei"],"picked":"animator:Darkness","floor":12},{"not_picked":["animator:Alexander","animator:Berserker"],"picked":"animator:ShinjiMatou","floor":14},{"not_picked":["animator:Boros","animator:Albedo"],"picked":"animator:Wiz","floor":16},{"not_picked":["animator:Tatsumaki","animator:AcuraTooru"],"picked":"animator:Lancer","floor":18},{"not_picked":["animator:AcuraTooru","animator:Vanir"],"picked":"animator:YunYun","floor":19}],"player_experience":346361,"relics_obtained":[{"floor":6,"key":"Gambling Chip"},{"floor":9,"key":"Orichalcum"}],"event_choices":[{"damage_healed":0,"gold_gain":0,"player_choice":"Entered Light","damage_taken":13,"max_hp_gain":0,"max_hp_loss":0,"event_name":"Shining Light","floor":3,"gold_loss":0,"cards_upgraded":["animator:Strike","animator:Hakurou"]},{"damage_healed":0,"gold_gain":0,"player_choice":"Trade","damage_taken":0,"relics_obtained":["GremlinMask"],"max_hp_gain":0,"max_hp_loss":0,"event_name":"FaceTrader","floor":4,"gold_loss":0}],"is_beta":false,"boss_relics":[{"not_picked":["Fusion Hammer","Coffee Dripper"],"picked":"animator:RacePiece"}],"items_purged_floors":[],"is_endless":false,"potions_floor_spawned":[2,5,14,18],"killed_by":"Snake Plant","ascension_level":0}}