{"host":"jhohbi8xmmotmpw6","time":1612105878,"event":{"mods":["BaseMod","Downfall","Hermit","Hubris","Minty Spire (QoL Compilation)","Reliquary","Replay The Spire","Spicy Shops","StSLib","The Edgeheg","The Marked"],"gold_per_floor":[209,227,227,227,243,377,392,412,412,428,428,459,469,14,14,115,115,129,55,55,55,55,69,69,102,102,102,102,102],"floor_reached":28,"language":"ENG","playtime":1289,"items_purged":[],"score":248,"play_id":"23608627-f845-4c91-949b-9c50e1ba7264","local_time":"20210201041118","is_ascension_mode":false,"campfire_choices":[{"data":"Limit Break","floor":24,"key":"SMITH"},{"data":"Demonic Infusion","floor":27,"key":"SMITH"}],"circlet_count":0,"master_deck":["Strike_R+1","Strike_R+1","Strike_R+1","Strike_R+1","Strike_R+1","Defend_R","Defend_R","Defend_R","Bash","Run Through","ReplayReversal+1","Twin Strike","Anger","Pummel","Cleave","Flex","Perfected Strike","Limit Break+1","Demonic Infusion+1","Flex","ReplayTheSpireMod:Limb From Limb","Limit Break","Headbutt"],"relics":["Burning Blood","hubris:Icosahedron","Torii","Replay:Bottled Eggs","FaceOfCleric","Matryoshka","Tiny Chest","hubris:DeckOfHolding","reliquary:Ember","Strange Spoon","Pet Ghost","Singing Bowl","reliquary:IridiumChain"],"acts_visited":["Exordium","TheCity"],"potions_floor_usage":[12,16,16,16,28],"damage_taken":[{"damage":1,"enemies":"Cultist","floor":1,"turns":3},{"damage":4,"enemies":"2 Louse","floor":2,"turns":4},{"damage":7,"enemies":"Small Slimes","floor":5,"turns":4},{"damage":31,"enemies":"Lagavulin","floor":6,"turns":7},{"damage":10,"enemies":"Looter","floor":7,"turns":2},{"damage":12,"enemies":"Exordium Wildlife","floor":8,"turns":5},{"damage":0,"enemies":"Exordium Thugs","floor":10,"turns":4},{"damage":20,"enemies":"3 Sentries","floor":12,"turns":7},{"damage":8,"enemies":"Blue Slaver","floor":13,"turns":3},{"damage":24,"enemies":"Hexaghost","floor":16,"turns":11},{"damage":3,"enemies":"Chosen","floor":18,"turns":4},{"damage":16,"enemies":"Spheric Guardian","floor":23,"turns":3},{"damage":23,"enemies":"Replay:Snechameleon","floor":25,"turns":5},{"damage":61,"enemies":"Slavers","floor":28,"turns":4}],"seed_played":"3211397709152578764","potions_obtained":[{"floor":5,"key":"Dexterity Potion"},{"floor":7,"key":"BlessingOfTheForge"},{"floor":8,"key":"Strength Potion"},{"floor":12,"key":"SteroidPotion"},{"floor":25,"key":"Dexterity Potion"}],"is_trial":false,"path_per_floor":["M","M","?","?","M","E","M","M","T","M","?","E","M","$","R","B",null,"M","$","?","?","?","M","R","E","T","R","E"],"character_chosen":"IRONCLAD","items_purchased":["Tiny Chest","hubris:DeckOfHolding","Perfected Strike","Strange Spoon"],"campfire_rested":0,"item_purchase_floors":[14,14,14,19],"current_hp_per_floor":[80,80,80,80,79,54,50,44,44,50,50,37,36,36,36,19,83,84,84,84,84,84,75,75,59,59,59,0,0],"gold":102,"neow_bonus":"HUNDRED_GOLD","is_daily":false,"chose_seed":false,"campfire_upgraded":2,"win_rate":0.0,"timestamp":1612105878,"path_taken":["M","M","?","?","M","E","?","M","T","M","?","E","?","$","R","BOSS","M","$","?","?","?","M","R","E","T","R","E"],"items_purchased_type":["Relic","Relic","Card","Relic"],"build_version":"2020-12-22","purchased_purges":0,"victory":false,"max_hp_per_floor":[80,80,80,80,80,80,80,80,80,80,80,81,82,82,82,83,83,84,84,84,84,84,85,85,86,86,86,86,86],"card_choices":[{"not_picked":["Shrug It Off","Bloodletting"],"picked":"Run Through","floor":1},{"not_picked":["hubris:ReadiedAction","ReplayTheSpireMod:Strike From Hell"],"picked":"ReplayReversal","floor":2},{"not_picked":["ReplayTheSpireMod:Corrosion Curse","Clothesline"],"picked":"Twin Strike","floor":5},{"not_picked":["Corruption","Second Wind"],"picked":"Anger","floor":6},{"not_picked":["Anger","Intimidate","Run Through"],"picked":"SKIP","floor":7},{"not_picked":["Fire Breathing","Sever Soul","Battle Trance"],"picked":"SKIP","floor":8},{"not_picked":["hubris:ReadiedAction","Shrug It Off"],"picked":"Pummel","floor":10},{"not_picked":["Heavy Blade","Twin Strike"],"picked":"Cleave","floor":12},{"not_picked":["Warcry","Inflame"],"picked":"Flex","floor":13},{"not_picked":["Eclipse","Offering"],"picked":"Demonic Infusion","floor":16},{"not_picked":["Run Through","True Grit"],"picked":"Flex","floor":18},{"not_picked":["Twin Strike","Wild Strike"],"picked":"Limit Break","floor":23},{"not_picked":["ReplayTheSpireMod:Strike From Hell","True Grit"],"picked":"Headbutt","floor":25}],"player_experience":130950,"relics_obtained":[{"floor":6,"key":"Torii"},{"floor":9,"key":"Replay:Bottled Eggs"},{"floor":12,"key":"Matryoshka"},{"floor":25,"key":"Pet Ghost"},{"floor":26,"key":"Singing Bowl"},{"floor":26,"key":"reliquary:IridiumChain"}],"event_choices":[{"damage_healed":0,"gold_gain":0,"player_choice":"Upgraded","damage_taken":0,"max_hp_gain":0,"max_hp_loss":0,"event_name":"Upgrade Shrine","floor":4,"gold_loss":0,"cards_upgraded":["ReplayReversal"]},{"damage_healed":0,"gold_gain":0,"player_choice":"Trade","damage_taken":0,"relics_obtained":["FaceOfCleric"],"max_hp_gain":0,"max_hp_loss":0,"event_name":"FaceTrader","floor":11,"gold_loss":0},{"damage_healed":0,"gold_gain":0,"player_choice":"Ignored","damage_taken":0,"max_hp_gain":0,"max_hp_loss":0,"event_name":"Ghosts","floor":20,"gold_loss":0},{"damage_healed":0,"gold_gain":0,"player_choice":"Read","damage_taken":0,"max_hp_gain":0,"max_hp_loss":0,"event_name":"The Library","floor":21,"gold_loss":0,"cards_obtained":["ReplayTheSpireMod:Limb From Limb"]}],"is_beta":false,"boss_relics":[{"not_picked":["Calling Bell","Electric Blood"],"picked":"reliquary:Ember"}],"items_purged_floors":[],"is_endless":false,"potions_floor_spawned":[5,7,8,12,25],"killed_by":"Slavers","ascension_level":0}}