{"host":"d54lcqy5t45er8jx","time":1612084268,"event":{"mods":["2.2 Compatiblity","BaseMod","CapriCore","Defuse TimeMaze Blight","Hermit","Hubris","Infinite Spire","Marisa£¨Ùöéë¡¡Øª×âÞÞ£©","Minty Spire (QoL Compilation)","Rare Cards Sparkle","Relic Stats","StSLib","The Animator","The Cursed","The Immortal","The Servant 0.9.4","WarShipGirlsR/??á´Ò³R mod"],"gold_per_floor":[117,135,60,60,72,72,72],"floor_reached":6,"language":"ENG","playtime":227,"items_purged":["animator:MamiTomoe"],"score":72,"play_id":"2b30cc30-7af2-4f74-95cc-621e0ce5f0c4","local_time":"20210131181108","daily_mods":["Draft","Heirloom","DeadlyEvents","Elite Swarm","Uncertain Future"],"is_ascension_mode":true,"campfire_choices":[],"circlet_count":0,"master_deck":["AscendersBane","animator:SuzuneAmano","animator:Shigure","animator:CrowleyEusford","animator:Mitsuba","animator:MaesHughes","animator:Entoma+2","animator:DolaRiku","animator:Megumin","animator:Azekura","animator:Mitsurugi","animator:HiiragiShinya","animator:KrulTepes","animator:KrulTepes","animator:KrulTepes","animator:UneriGinkaku"],"relics":["rmod:firstchargereward","animator:TheMissingPiece","animator:PurgingStone","Peace Pipe","infinitespire:Cubic Diamond"],"acts_visited":["Exordium"],"potions_floor_usage":[],"damage_taken":[{"damage":4,"enemies":"2 Louse","floor":1,"turns":2},{"damage":16,"enemies":"Cultist","floor":2,"turns":5},{"damage":5,"enemies":"Jaw Worm","floor":5,"turns":2},{"damage":0,"enemies":"Gremlin Nob","floor":6,"turns":1}],"seed_played":"-4480314808841427009","potions_obtained":[{"floor":1,"key":"Energy Potion"}],"is_trial":true,"path_per_floor":["M","M","$","?","M","E"],"character_chosen":"THE_ANIMATOR","items_purchased":[],"campfire_rested":0,"item_purchase_floors":[],"current_hp_per_floor":[50,34,34,34,29,29,29],"gold":72,"neow_bonus":"","is_daily":false,"chose_seed":false,"campfire_upgraded":0,"win_rate":0.0,"timestamp":1612084268,"path_taken":["M","M","$","?","M","E"],"items_purchased_type":[],"build_version":"2020-12-22","purchased_purges":1,"victory":false,"max_hp_per_floor":[60,60,60,60,60,60,60],"relic_stats":{"Peace Pipe":0,"counters":[4,9],"obtain_stats":[{"Peace Pipe":0,"animator:PurgingStone":0,"animator:TheMissingPiece":0,"animator:LivingPicture":0,"infinitespire:Cubic Diamond":4,"rmod:firstchargereward":4},{"Peace Pipe":0,"animator:PurgingStone":0,"animator:TheMissingPiece":0,"animator:LivingPicture":0,"infinitespire:Cubic Diamond":2,"rmod:firstchargereward":2},{"Peace Pipe":0,"animator:PurgingStone":0,"animator:TheMissingPiece":0,"animator:LivingPicture":0,"infinitespire:Cubic Diamond":7,"rmod:firstchargereward":7}]},"card_choices":[{"not_picked":["animator:Demiurge","animator:Spearman"],"picked":"animator:SuzuneAmano","floor":0},{"not_picked":["animator:HighElfArcher","animator:IrohaTamaki"],"picked":"animator:Shigure","floor":0},{"not_picked":["animator:Mitsurugi","animator:Illya"],"picked":"animator:CrowleyEusford","floor":0},{"not_picked":["animator:TukaLunaMarceau","animator:Mitsurugi"],"picked":"animator:Mitsuba","floor":0},{"not_picked":["animator:PandorasActor","animator:Genos"],"picked":"animator:MaesHughes","floor":0},{"not_picked":["animator:OrikoMikuni","animator:Pride"],"picked":"animator:Entoma","floor":0},{"not_picked":["animator:Demiurge","animator:Melzalgald"],"picked":"animator:DolaRiku","floor":0},{"not_picked":["animator:Mitsuba","animator:ShinjiMatou"],"picked":"animator:Megumin","floor":0},{"not_picked":["animator:Vanir","animator:DolaRiku"],"picked":"animator:Azekura","floor":0},{"not_picked":["animator:ElricEdward","animator:UneriGinkaku"],"picked":"animator:Entoma","floor":0},{"not_picked":["animator:Lancer","animator:WinryRockbell"],"picked":"animator:Mitsurugi","floor":0},{"not_picked":["animator:Konayuki","animator:Shichika"],"picked":"animator:MamiTomoe","floor":0},{"not_picked":["animator:Tatsumaki","animator:Azekura"],"picked":"animator:HiiragiShinya","floor":0},{"not_picked":["animator:Rider","animator:Shichika"],"picked":"animator:KrulTepes","floor":0},{"not_picked":["animator:YachiyoNanami","animator:GuildGirl"],"picked":"animator:KrulTepes","floor":0},{"not_picked":["animator:YaoHaDucy","animator:IrohaTamaki"],"picked":"animator:Entoma","floor":1},{"not_picked":["animator:DolaSchwi","animator:CowGirl"],"picked":"animator:KrulTepes","floor":2},{"not_picked":["animator:Genos","animator:Sonic"],"picked":"animator:UneriGinkaku","floor":5}],"player_experience":969368,"relics_obtained":[],"event_choices":[],"is_beta":false,"boss_relics":[],"items_purged_floors":[3],"is_endless":false,"potions_floor_spawned":[1],"killed_by":"Gremlin Nob","ascension_level":20}}