{"host":"cxvb37eaaiijvrl4","time":1612086280,"event":{"mods":["ATMod(°¢èªMod)","BaseMod","Better Third Choice","Minty Spire (QoL Compilation)","MostiFishMod","Quick Restart","Rare Cards Sparkle","Shop Mod","Spicy Shops","StSLib","TestMod","Uncapped","²ÐÁôÖ®Îï"],"gold_per_floor":[109,109,124,137,152,152,152,152,152,211,211,223,177,192,192,271,271,289,302,317,155,170,194,194,243,292,307,335,57,57,71,71,147,147,166,181,181,194,208,242,242,274,274,274,290,301,115,115,115,115,115,115,115,1,26,26],"floor_reached":57,"language":"ZHS","playtime":1575,"items_purged":["Seeing Red","Body Slam+1"],"score":3442,"play_id":"9b3268cd-f75f-47f3-a870-63e3b0f9920b","local_time":"20210131014440","is_ascension_mode":true,"campfire_choices":[{"data":"Entrench","floor":6.0,"key":"SMITH"},{"data":"Body Slam","floor":8.0,"key":"SMITH"},{"data":"Shrug It Off","floor":15.0,"key":"SMITH"},{"data":"MostiFishMod:UltimateDefense","floor":24.0,"key":"SMITH"},{"data":"MostiFishMod:UltimateDefense+1","floor":30.0,"key":"SMITH"},{"data":"MostiFishMod:UltimateDefense+2","floor":32.0,"key":"SMITH"},{"data":"Deep Breath","floor":41,"key":"SMITH"},{"data":"MostiFishMod:UltimateDefense+3","floor":44,"key":"SMITH"},{"floor":49,"key":"RECALL"},{"data":"MostiFishMod:ForestofLight","floor":53,"key":"SMITH"}],"circlet_count":0,"master_deck":["AscendersBane","AT_BodySlamDance+1","Shrug It Off+1","Entrench+1","Evolve","MostiFishMod:UltimateDefense+5","MostiFishMod:ForestofLight+1","Deep Breath+1"],"relics":["Burning Blood","testmod-TestBox","DaveBox","AT_ATBox","RhineCircuit","SynthV:TestCard","testmod-DragonStarHat","testmod-Maize","MerchantsRug","Busted Crown","Ginger","Orichalcum","Thread and Needle","Shuriken","Black Star","Pen Nib","The Courier","Anchor","Mummified Hand","PrismaticShard","War Paint","testmod-IndustrialRevolution","Lantern"],"acts_visited":["Exordium","TheCity","TheBeyond","TheEnding"],"potions_floor_usage":[56],"damage_taken":[{"damage":7.0,"enemies":"Small Slimes","floor":1.0,"turns":2.0},{"damage":0.0,"enemies":"2 Louse","floor":3.0,"turns":2.0},{"damage":0.0,"enemies":"Jaw Worm","floor":4.0,"turns":2.0},{"damage":0.0,"enemies":"3 Louse","floor":5.0,"turns":3.0},{"damage":0.0,"enemies":"Gremlin Nob","floor":10.0,"turns":1.0},{"damage":0.0,"enemies":"Exordium Thugs","floor":12.0,"turns":1.0},{"damage":0.0,"enemies":"Looter","floor":14.0,"turns":1.0},{"damage":0.0,"enemies":"Slime Boss","floor":16.0,"turns":3.0},{"damage":0.0,"enemies":"3 Byrds","floor":18.0,"turns":2.0},{"damage":0.0,"enemies":"Spheric Guardian","floor":19.0,"turns":2.0},{"damage":6.0,"enemies":"Snake Plant","floor":20.0,"turns":3.0},{"damage":3.0,"enemies":"Shelled Parasite and Fungi","floor":22.0,"turns":3.0},{"damage":29.0,"enemies":"Slavers","floor":23.0,"turns":3.0},{"damage":0.0,"enemies":"Snecko","floor":27.0,"turns":2.0},{"damage":0.0,"enemies":"Book of Stabbing","floor":28.0,"turns":3.0},{"damage":0.0,"enemies":"Cultist and Chosen","floor":31.0,"turns":1.0},{"damage":0.0,"enemies":"Automaton","floor":33.0,"turns":3.0},{"damage":0,"enemies":"3 Shapes","floor":35,"turns":2},{"damage":0,"enemies":"3 Darklings","floor":36,"turns":1},{"damage":0,"enemies":"4 Shapes","floor":38,"turns":1},{"damage":0,"enemies":"Spire Growth","floor":39,"turns":1},{"damage":0,"enemies":"Reptomancer","floor":40,"turns":1},{"damage":0,"enemies":"Giant Head","floor":42,"turns":1},{"damage":0,"enemies":"Maw","floor":45,"turns":1},{"damage":0,"enemies":"Transient","floor":46,"turns":3},{"damage":0,"enemies":"Donu and Deca","floor":50,"turns":1},{"damage":0,"enemies":"Awakened One","floor":51,"turns":3},{"damage":0,"enemies":"Shield and Spear","floor":55,"turns":1},{"damage":0,"enemies":"The Heart","floor":56,"turns":4}],"seed_played":"5573492446348756192","potions_obtained":[{"floor":3.0,"key":"Dexterity Potion"},{"floor":4.0,"key":"GamblersBrew"},{"floor":14.0,"key":"testmod-SpacePotion"},{"floor":16.0,"key":"Block Potion"},{"floor":18.0,"key":"FearPotion"},{"floor":38,"key":"BloodPotion"},{"floor":40,"key":"PlaceholderMod:PlaceholderPotion"}],"is_trial":false,"path_per_floor":["M","?","M","M","M","R","$","R","T","?","T","M","$","M","R","B",null,"M","M","M","$","M","E","R","?","T","M","E","$","R","M","R","B",null,"M","M","?","M","M","E","R","E","T","R","M","M","$","?","R","B","B",null,"R","$","E","B",null],"character_chosen":"IRONCLAD","items_purchased":["MerchantsRug","testmod-Charity","Shuriken","PrismaticShard","War Paint"],"campfire_rested":0,"item_purchase_floors":[13,21,29,47,54],"current_hp_per_floor":[67,67,73,75,75,75,75,75,75,75,75,75,75,75,75,75,75,75,75,75,75,76,54,54,55,56,63,70,70,70,77,77,83,83,84,85,75,82,87,88,88,89,89,89,92,95,95,95,95,95,95,95,95,95,95,95],"gold":26,"neow_bonus":"UPGRADE_CARD","is_daily":false,"chose_seed":false,"campfire_upgraded":9,"win_rate":0.0,"timestamp":1612086280,"path_taken":["M","?","M","M","M","R","$","R","T","?","?","M","$","M","R","BOSS","M","M","M","$","M","E","R","?","T","M","E","?","R","M","R","BOSS","M","M","?","M","M","E","R","E","T","R","M","M","$","?","R","BOSS","BOSS","R","$","E","BOSS"],"items_purchased_type":["Relic","Relic","Relic","Relic","Relic"],"build_version":"2020-12-22","purchased_purges":2,"victory":true,"max_hp_per_floor":[75,75,75,75,75,75,75,75,75,75,75,75,75,75,75,75,75,75,75,75,75,76,77,77,78,79,80,81,81,81,82,82,83,83,84,85,85,86,87,88,88,89,89,89,92,95,95,95,95,95,95,95,95,95,95,95],"card_choices":[{"not_picked":["Rupture","Seeing Red"],"picked":"Shrug It Off","floor":1.0},{"not_picked":["Clothesline","Sword Boomerang","Havoc","Rampage"],"picked":"Shrug It Off","floor":3.0},{"not_picked":["Rage","Havoc","Anger","Perfected Strike"],"picked":"Body Slam","floor":4.0},{"not_picked":["Inflame","Sentinel","Havoc","Flame Barrier"],"picked":"Entrench","floor":5.0},{"not_picked":["Flex","Sentinel","Shrug It Off","Dropkick"],"picked":"Seeing Red","floor":10.0},{"not_picked":["True Grit","Pummel","Sword Boomerang","Infernal Blade"],"picked":"Evolve","floor":12.0},{"not_picked":["AT_BodySlamDance","Intimidate","Anger","Armaments"],"picked":"Seeing Red","floor":14.0},{"not_picked":["Reaper","Impervious","Bludgeon","Immolate"],"picked":"MostiFishMod:UltimateDefense","floor":16.0},{"not_picked":["Dual Wield","Heavy Blade","Shrug It Off"],"picked":"SKIP","floor":18.0},{"not_picked":["Flex","Twin Strike","Ghostly Armor"],"picked":"SKIP","floor":19.0},{"not_picked":["Evolve","True Grit","Ghostly Armor"],"picked":"SKIP","floor":20.0},{"not_picked":["AT_BodySlamDance","Burning Pact","Uppercut"],"picked":"SKIP","floor":22.0},{"not_picked":["Dual Wield","Exhume","Dropkick+1"],"picked":"SKIP","floor":23.0},{"not_picked":["Burning Pact+1","Headbutt","AT_BodySlamDance"],"picked":"SKIP","floor":27.0},{"not_picked":["Combust","Pommel Strike","Anger"],"picked":"SKIP","floor":28.0},{"not_picked":["Wild Strike","Entrench","Searing Blow"],"picked":"SKIP","floor":31.0},{"not_picked":["Sword Boomerang+1","Flex","Perfected Strike"],"picked":"SKIP","floor":35},{"not_picked":["Twin Strike+1","Clash+1","AT_ShrugMaster"],"picked":"SKIP","floor":36},{"not_picked":["testmod-PerfectCombo","testmod-RepeatForm"],"picked":"MostiFishMod:ForestofLight","floor":37},{"not_picked":["Swift Strike","testmod-PocketStoneCalender"],"picked":"Deep Breath","floor":37},{"not_picked":["MostiFishMod:#F4004","AT_BodySlamDance+1","Iron Wave"],"picked":"SKIP","floor":38},{"not_picked":["Power Through","Heavy Blade+1","Seeing Red"],"picked":"SKIP","floor":39},{"not_picked":["MostiFishMod:BrandingRite","Twin Strike","Power Through+1"],"picked":"SKIP","floor":40},{"not_picked":["Intimidate","Warcry","Thunderclap+1"],"picked":"SKIP","floor":42},{"not_picked":["Twin Strike","Wild Strike+1","Clash"],"picked":"Singing Bowl","floor":45},{"not_picked":["MostiFishMod:DoubleSword","Havoc","Body Slam+1"],"picked":"Singing Bowl","floor":46},{"not_picked":["Seeing Red+1","Jack Of All Trades+1","Shrug It Off"],"picked":"SKIP","floor":55}],"player_experience":723126,"relics_obtained":[{"floor":1.0,"key":"SynthV:TestCard"},{"floor":10.0,"key":"testmod-DragonStarHat"},{"floor":11.0,"key":"testmod-Maize"},{"floor":23.0,"key":"Ginger"},{"floor":26.0,"key":"Orichalcum"},{"floor":28.0,"key":"Thread and Needle"},{"floor":40,"key":"Pen Nib"},{"floor":40,"key":"The Courier"},{"floor":42,"key":"Anchor"},{"floor":42,"key":"Mummified Hand"},{"floor":43,"key":"Singing Bowl"},{"floor":55,"key":"testmod-IndustrialRevolution"},{"floor":55,"key":"Lantern"}],"event_choices":[{"damage_healed":0.0,"max_hp_gain":0.0,"max_hp_loss":0.0,"gold_gain":0.0,"event_name":"Golden Wing","player_choice":"Ignored","floor":2.0,"gold_loss":0.0,"damage_taken":0.0},{"damage_healed":0.0,"max_hp_gain":0.0,"max_hp_loss":0.0,"gold_gain":0.0,"event_name":"Dead Adventurer","player_choice":"Searched \u00272\u0027 times","floor":10.0,"gold_loss":0.0,"damage_taken":0.0},{"damage_healed":0.0,"max_hp_gain":0.0,"max_hp_loss":0.0,"gold_gain":100.0,"event_name":"The Joust","player_choice":"Bet on Murderer","floor":25.0,"gold_loss":50.0,"damage_taken":0.0},{"damage_healed":0,"gold_gain":0,"player_choice":"Memory 3","damage_taken":10,"max_hp_gain":0,"max_hp_loss":0,"event_name":"SensoryStone","floor":37,"gold_loss":0},{"damage_healed":0,"gold_gain":0,"player_choice":"Ignored","damage_taken":0,"max_hp_gain":0,"max_hp_loss":0,"event_name":"Tomb of Lord Red Mask","floor":48,"gold_loss":0}],"is_beta":false,"boss_relics":[{"not_picked":["testmod-HarvestTotem","testmod-SaigiyounoYou"],"picked":"Busted Crown"},{"not_picked":["testmod-Recursion","Philosopher\u0027s Stone"],"picked":"Black Star"}],"items_purged_floors":[47,54],"is_endless":false,"potions_floor_spawned":[3,4,12,14,16,18,20,27,35,38,40,46],"ascension_level":20}}