{"host":"lxihx0b6awoz2w1j","time":1612132881,"event":{"mods":["Act Like it!","Ascension Reborn","BaseMod","Better Third Choice","BetterRewards","CapriCore","Colored Powertips","Conspire","Downfall","Fox Events","Gensokyo","Hermit","Hubris","Infinite Spire","JesterMod","Luminous","Melee Mod","Minty Spire (QoL Compilation)","Permanent Neow","Prisma Mod","Quick Restart","Relic Stats","Reliquary","Replay The Spire","Shade Mod","Spicy Shops","StSLib","Td1madao Mod","The Alterego","The Blue Laboratory","The Construct","The Cursed","The Death Knight","The Disciple","The Forsaken","The Gatherer","The Immortal","The Jungle","The Marked","The Mystic","The Runesmith","The Senshi","The Servant 0.9.4","The Spell Scribe","Waifu the Spire"],"gold_per_floor":[116,116,164,178,191,48,80,80,105,130,130,147,163,191,191,287,287,307,324,324,337,337,368,368,385,385,405,28,56,68,68,68,167,167,201,214,214,214],"floor_reached":37,"language":"ENG","playtime":1668,"items_purged":[],"score":681,"play_id":"addac8fc-e10b-4fca-b187-67206e8f75ab","local_time":"20210131234121","is_ascension_mode":false,"campfire_choices":[{"data":"alterego_mod:Support","floor":8.0,"key":"SMITH"},{"data":"alterego_mod:ChallengeComplete","floor":11.0,"key":"SMITH"},{"data":"alterego_mod:Vow","floor":15.0,"key":"SMITH"},{"data":"alterego_mod:DiscoLights","floor":32.0,"key":"SMITH"}],"circlet_count":0,"master_deck":["alterego_mod:Strike+1","alterego_mod:Strike+1","alterego_mod:Strike+1","alterego_mod:Strike+1","alterego_mod:Defend+1","alterego_mod:Defend+1","alterego_mod:Defend+1","alterego_mod:Defend+1","alterego_mod:Impale","alterego_mod:BigMeatyClaws","alterego_mod:BrynhildrsRune","alterego_mod:Support+1","alterego_mod:1TonWallop","alterego_mod:1TonWallop","alterego_mod:BiFurious","alterego_mod:ChallengeComplete+1","infinitespire:Oblivion","alterego_mod:Skirt","alterego_mod:MagicResistance","alterego_mod:Bounce","alterego_mod:Bounce","alterego_mod:PainIsPleasure","alterego_mod:Maid","alterego_mod:Rip","alterego_mod:Vow+1","alterego_mod:TrickOrTreatment","alterego_mod:DeftHands","alterego_mod:HighServant+1","alterego_mod:Nekomimi","alterego_mod:IdEs","alterego_mod:DiscoLights+1","alterego_mod:SakuraFive+1","alterego_mod:DiscoLights","alterego_mod:Undulate+1","alterego_mod:STier","CurseOfTheBell","alterego_mod:ChallengeComplete+1","alterego_mod:Punishment"],"relics":["alterego_mod:MasochisticConstitution","conspire:DeflatedDodgeball","Anchor","conspire:TreasureMap","Centennial Puzzle","PreservedInsect","theForsaken:Kindling","reliquary:PorcupineQuills","reliquary:FerryPass","theForsaken:Gavel","hubris:ScarierMask","Toolbox","hubris:VirtuousBlindfold","hubris:AstralHammer","alterego_mod:SomeoneToFightFor","Lantern","Toolbox","Runesmith:AutoHammer","Bag of Preparation","DeathKnight:PutricidesVial","Calling Bell","infinitespire:PuzzleCube","reliquary:Firecrackers","hubris:CuriousFeather"],"acts_visited":["Exordium","TheCity","TheBeyond"],"potions_floor_usage":[],"damage_taken":[{"damage":7.0,"enemies":"Small Slimes","floor":1.0,"turns":5.0},{"damage":0.0,"enemies":"Jaw Worm","floor":4.0,"turns":4.0},{"damage":0.0,"enemies":"2 Louse","floor":5.0,"turns":3.0},{"damage":0.0,"enemies":"3 Sentries","floor":7.0,"turns":5.0},{"damage":0.0,"enemies":"Lagavulin","floor":10.0,"turns":4.0},{"damage":0.0,"enemies":"Gremlin Gang","floor":12.0,"turns":1.0},{"damage":0.0,"enemies":"Large Slime","floor":13.0,"turns":4.0},{"damage":2.0,"enemies":"Gremlin Nob","floor":14.0,"turns":3.0},{"damage":53.0,"enemies":"The Guardian","floor":16.0,"turns":11.0},{"damage":8.0,"enemies":"3 Byrds","floor":18.0,"turns":3.0},{"damage":0.0,"enemies":"Chosen","floor":19.0,"turns":6.0},{"damage":3.0,"enemies":"Centurion and Healer","floor":21.0,"turns":3.0},{"damage":0.0,"enemies":"conspire:Head Lice","floor":23.0,"turns":1.0},{"damage":0.0,"enemies":"Sentry and Sphere","floor":25.0,"turns":3.0},{"damage":0.0,"enemies":"3 Cultists","floor":27.0,"turns":2.0},{"damage":4.0,"enemies":"Nightmare","floor":29.0,"turns":5.0},{"damage":2.0,"enemies":"Shelled Parasite and Fungi","floor":30.0,"turns":2.0},{"damage":9,"enemies":"Pondfish","floor":33,"turns":10},{"damage":0,"enemies":"3 Shapes","floor":35,"turns":2},{"damage":1,"enemies":"Orb Walker","floor":36,"turns":3},{"damage":0,"enemies":"Transient","floor":37,"turns":1}],"seed_played":"8109694152375340909","potions_obtained":[{"floor":3.0,"key":"DeathKnight:BottledBloodEchoes"},{"floor":4.0,"key":"blueLaboratory:RememoryPotion"},{"floor":10.0,"key":"EssenceOfSteel"},{"floor":19.0,"key":"Death Potion"}],"is_trial":false,"path_per_floor":["M","?","?","M","M","$","E","R","T","E","R","M","M","E","R","B",null,"M","M","?","M","AVR","E","?","M","T","M","$","NM","M","?","R","B",null,"M","M","M"],"character_chosen":"The_Alterego","items_purchased":["conspire:DeflatedDodgeball","Anchor","alterego_mod:Support","conspire:TreasureMap","alterego_mod:1TonWallop","PreservedInsect","Toolbox","Runesmith:AutoHammer","Bag of Preparation"],"campfire_rested":0,"item_purchase_floors":[0,0,0,0,0,6,28,28,28],"current_hp_per_floor":[57,40,40,47,61,61,71,71,71,71,71,71,71,70,70,18,73,66,73,73,75,75,75,75,75,75,75,75,72,71,71,71,78,78,78,78,78,78],"gold":214,"neow_bonus":"","is_daily":false,"chose_seed":false,"campfire_upgraded":4,"win_rate":0.0,"timestamp":1612132881,"path_taken":["M","?","?","M","M","?","E","R","T","E","R","?","M","E","R","BOSS","M","M","?","M","AVR","E","?","M","T","M","$","NM","M","?","R","BOSS","M","M","M"],"items_purchased_type":["Relic","Relic","Card","Relic","Card","Relic","Relic","Relic","Relic"],"build_version":"2020-12-22","purchased_purges":0,"victory":false,"max_hp_per_floor":[71,71,71,71,71,71,71,71,71,71,71,71,71,72,72,73,73,74,74,74,75,75,75,75,75,75,75,75,76,77,77,77,78,78,78,79,79,79],"relic_stats":{"Centennial Puzzle":[24],"counters":[61,309],"PreservedInsect":165,"Bag of Preparation":[10],"obtain_stats":[{"infinitespire:BottledMercury":45,"CeramicFish":28,"Runesmith:Locket":0,"hubris:VirtuousBlindfold":22,"reliquary:FerryPass":10,"Sozu":17,"Replay:Ringing Soul":9,"Centennial Puzzle":3,"Sundial":17,"hubris:AstralHammer":23,"Strawberry":44,"MealTicket":22,"downfall:RedIOU":0,"HandDrill":0,"Replay:Bottled Steam":10,"alterego_mod:MasochisticConstitution":0,"conspire:TreasureMap":0,"hubris:Teleporter":24,"reliquary:WeakTea":6,"conspire:GiftBox":0,"Replay:Baseball":9,"reliquary:PorcupineQuills":9,"DeathKnight:PutricidesVial":29,"Molten Egg 2":11,"infinitespire:EmpoweringShard":0,"foxEvents:LuckyCharm":3,"ReplayTheSpireMod:TigerMarble":8,"infinitespire:PuzzleCube":34,"Lantern":12,"reliquary:Aerogel":22,"reliquary:Firecrackers":34,"StoneCalendar":7,"Incense Burner":26,"Bag of Preparation":0,"alterego_mod:SomeoneToFightFor":24,"Cursed Key":36,"theForsaken:Gavel":14,"reliquary:HotPoker":39,"theForsaken:Kindling":7,"hubris:ScarierMask":17,"Toolbox":22,"reliquary:Buckler":23,"hubris:CuriousFeather":34,"hubris:GlazedTorus":5,"Replay:Towering Pillar of Hats":30,"hubris:64BitClover":11,"Replay:WaspNest":4,"infinitespire:Joker Card":17,"PreservedInsect":6,"infinitespire:Lucky Rock":48,"hubris:Towel":21,"Frozen Egg 2":42,"Calling Bell":17,"Anchor":32,"infinitespire:Satchel":17,"Runesmith:AutoHammer":28,"conspire:DeflatedDodgeball":0},{"infinitespire:BottledMercury":36,"CeramicFish":27,"Runesmith:Locket":40,"hubris:VirtuousBlindfold":52,"reliquary:FerryPass":45,"Sozu":8,"Replay:Ringing Soul":20,"Centennial Puzzle":41,"Sundial":23,"hubris:AstralHammer":53,"Strawberry":36,"MealTicket":10,"downfall:RedIOU":40,"HandDrill":14,"Replay:Bottled Steam":6,"alterego_mod:MasochisticConstitution":0,"conspire:TreasureMap":40,"hubris:Teleporter":11,"reliquary:WeakTea":19,"conspire:GiftBox":0,"Replay:Baseball":5,"reliquary:PorcupineQuills":44,"DeathKnight:PutricidesVial":56,"Molten Egg 2":21,"infinitespire:EmpoweringShard":0,"foxEvents:LuckyCharm":3,"ReplayTheSpireMod:TigerMarble":20,"infinitespire:PuzzleCube":58,"Lantern":21,"reliquary:Aerogel":26,"reliquary:Firecrackers":58,"StoneCalendar":4,"Incense Burner":11,"Bag of Preparation":14,"alterego_mod:SomeoneToFightFor":53,"Cursed Key":30,"theForsaken:Gavel":48,"reliquary:HotPoker":32,"theForsaken:Kindling":44,"hubris:ScarierMask":49,"Toolbox":52,"reliquary:Buckler":11,"hubris:CuriousFeather":58,"hubris:GlazedTorus":3,"Replay:Towering Pillar of Hats":13,"hubris:64BitClover":6,"Replay:WaspNest":17,"infinitespire:Joker Card":23,"PreservedInsect":43,"infinitespire:Lucky Rock":38,"hubris:Towel":10,"Frozen Egg 2":35,"Calling Bell":23,"Anchor":29,"infinitespire:Satchel":23,"Runesmith:AutoHammer":55,"conspire:DeflatedDodgeball":40},{"infinitespire:BottledMercury":208,"CeramicFish":152,"Runesmith:Locket":229,"hubris:VirtuousBlindfold":281,"reliquary:FerryPass":250,"Sozu":43,"Replay:Ringing Soul":105,"Centennial Puzzle":234,"Sundial":125,"hubris:AstralHammer":282,"Strawberry":208,"MealTicket":53,"downfall:RedIOU":229,"HandDrill":72,"Replay:Bottled Steam":30,"alterego_mod:MasochisticConstitution":0,"conspire:TreasureMap":229,"hubris:Teleporter":60,"reliquary:WeakTea":97,"conspire:GiftBox":0,"Replay:Baseball":25,"reliquary:PorcupineQuills":246,"DeathKnight:PutricidesVial":292,"Molten Egg 2":111,"infinitespire:EmpoweringShard":0,"foxEvents:LuckyCharm":14,"ReplayTheSpireMod:TigerMarble":105,"infinitespire:PuzzleCube":304,"Lantern":111,"reliquary:Aerogel":145,"reliquary:Firecrackers":304,"StoneCalendar":22,"Incense Burner":60,"Bag of Preparation":72,"alterego_mod:SomeoneToFightFor":282,"Cursed Key":171,"theForsaken:Gavel":258,"reliquary:HotPoker":180,"theForsaken:Kindling":246,"hubris:ScarierMask":269,"Toolbox":281,"reliquary:Buckler":60,"hubris:CuriousFeather":304,"hubris:GlazedTorus":14,"Replay:Towering Pillar of Hats":70,"hubris:64BitClover":30,"Replay:WaspNest":82,"infinitespire:Joker Card":125,"PreservedInsect":241,"infinitespire:Lucky Rock":221,"hubris:Towel":53,"Frozen Egg 2":203,"Calling Bell":125,"Anchor":161,"infinitespire:Satchel":125,"Runesmith:AutoHammer":287,"conspire:DeflatedDodgeball":229}]},"card_choices":[{"not_picked":["alterego_mod:Pet","alterego_mod:DeftHands"],"picked":"alterego_mod:ChallengeComplete","floor":1.0},{"not_picked":["infinitespire:DeathsTouch","infinitespire:Gouge"],"picked":"infinitespire:Oblivion","floor":2.0},{"not_picked":["alterego_mod:Cooking","alterego_mod:Mirror"],"picked":"alterego_mod:Skirt","floor":3.0},{"not_picked":["alterego_mod:Bloomers","alterego_mod:Cycle"],"picked":"alterego_mod:MagicResistance","floor":3.0},{"not_picked":["alterego_mod:Cushion","alterego_mod:Complex"],"picked":"alterego_mod:Bounce","floor":4.0},{"not_picked":["alterego_mod:Maid","alterego_mod:HighServant"],"picked":"alterego_mod:Bounce","floor":5.0},{"not_picked":["alterego_mod:TrashNCrash","alterego_mod:1TonWallop","alterego_mod:Complex"],"picked":"SKIP","floor":7.0},{"not_picked":["alterego_mod:Santa","alterego_mod:Clones"],"picked":"alterego_mod:PainIsPleasure","floor":10.0},{"not_picked":["alterego_mod:PurpleHair","alterego_mod:Collar"],"picked":"alterego_mod:Maid","floor":12.0},{"not_picked":["alterego_mod:Birthday","alterego_mod:Maid"],"picked":"alterego_mod:Rip","floor":13.0},{"not_picked":["alterego_mod:Santa","alterego_mod:Exercise"],"picked":"alterego_mod:Vow","floor":14.0},{"not_picked":["alterego_mod:Rake","alterego_mod:ClassAdvantage"],"picked":"alterego_mod:TrickOrTreatment","floor":16.0},{"not_picked":["alterego_mod:Skirt+1","alterego_mod:Complex"],"picked":"alterego_mod:DeftHands","floor":18.0},{"not_picked":["alterego_mod:SuperDuperMasochism","alterego_mod:Collar"],"picked":"alterego_mod:HighServant+1","floor":19.0},{"not_picked":["alterego_mod:BoobPocket+1","alterego_mod:Birthday"],"picked":"alterego_mod:Nekomimi","floor":21.0},{"not_picked":["alterego_mod:SuperDuperMasochism","alterego_mod:MaintainEyeContact+1"],"picked":"alterego_mod:IdEs","floor":23.0},{"not_picked":["alterego_mod:Rip+1","alterego_mod:SakuraPetals"],"picked":"alterego_mod:DiscoLights","floor":25.0},{"not_picked":["alterego_mod:Maid","alterego_mod:SuperDuperMasochism+1"],"picked":"alterego_mod:SakuraFive+1","floor":27.0},{"not_picked":["alterego_mod:GachaTicket","alterego_mod:Collar+1"],"picked":"alterego_mod:DiscoLights","floor":29.0},{"not_picked":["alterego_mod:SakuraPetals","alterego_mod:Cooking"],"picked":"alterego_mod:Undulate+1","floor":30.0},{"not_picked":["alterego_mod:Lift","alterego_mod:Vow"],"picked":"alterego_mod:STier","floor":33},{"not_picked":["alterego_mod:Table+1","alterego_mod:HighServant"],"picked":"alterego_mod:ChallengeComplete+1","floor":35},{"not_picked":["alterego_mod:Jiggle","alterego_mod:Bloomers+1"],"picked":"alterego_mod:Punishment","floor":36}],"player_experience":694780,"relics_obtained":[{"floor":3.0,"key":"Centennial Puzzle"},{"floor":7.0,"key":"theForsaken:Kindling"},{"floor":9.0,"key":"reliquary:PorcupineQuills"},{"floor":10.0,"key":"reliquary:FerryPass"},{"floor":14.0,"key":"theForsaken:Gavel"},{"floor":23.0,"key":"hubris:AstralHammer"},{"floor":26.0,"key":"Lantern"},{"floor":29.0,"key":"DeathKnight:PutricidesVial"},{"floor":34,"key":"infinitespire:PuzzleCube"},{"floor":34,"key":"reliquary:Firecrackers"},{"floor":34,"key":"hubris:CuriousFeather"}],"event_choices":[{"damage_healed":0.0,"max_hp_gain":0.0,"max_hp_loss":0.0,"gold_gain":0.0,"event_name":"Ghosts","player_choice":"Ignored","floor":20.0,"gold_loss":0.0,"damage_taken":0.0},{"damage_healed":0.0,"max_hp_gain":0.0,"max_hp_loss":0.0,"gold_gain":0.0,"event_name":"Secret Garden","player_choice":"Choice 2","floor":24.0,"gold_loss":0.0,"damage_taken":0.0,"relics_obtained":["alterego_mod:SomeoneToFightFor"]},{"damage_healed":0.0,"max_hp_gain":0.0,"max_hp_loss":8.0,"gold_gain":0.0,"event_name":"betterThird:BetterWriting","player_choice":"Simplicity","floor":31.0,"gold_loss":0.0,"damage_taken":0.0}],"is_beta":false,"boss_relics":[{"not_picked":["Empty Cage","Black Star"],"picked":"hubris:ScarierMask"},{"not_picked":["Replay:Wanted Poster","Pandora\u0027s Box"],"picked":"Calling Bell"}],"items_purged_floors":[],"is_endless":true,"potions_floor_spawned":[4,10,12,13,16,19,23,25],"killed_by":"Transient","ascension_level":0}}