{"host":"7ap89n2sm7vm35bt","time":1612082019,"event":{"mods":["AchievementEnabler","Aspiration","BaseMod","Minty Spire (QoL Compilation)","StSLib","[IsaacMod]ÒÔÈö¼âËþ"],"gold_per_floor":[109,109,109,184,29,55,55,84,84,84,154,169,69,81,81,181,181,245,245,30,30,30,30,47,58,58,58,70,82,93,93,93,196,246,264,264,277,202,214,214,126,140,140,151,151,151,170,188,188,188],"floor_reached":51,"language":"ZHS","playtime":1161,"items_purged":["Defend_G","Strike_G","Strike_G","Strike_G","Defend_G"],"score":857,"play_id":"435f6828-c6d1-4891-a099-31d0bdf10ae9","local_time":"20210131163339","is_ascension_mode":false,"campfire_choices":[{"data":"Accuracy","floor":7.0,"key":"SMITH"},{"data":"Blade Dance","floor":10.0,"key":"SMITH"},{"data":"Blade Dance","floor":15.0,"key":"SMITH"},{"data":"Blade Dance","floor":23.0,"key":"SMITH"},{"data":"After Image","floor":27.0,"key":"SMITH"},{"data":"Adrenaline","floor":32.0,"key":"SMITH"},{"data":"Survivor","floor":40.0,"key":"SMITH"},{"floor":49,"key":"REST"}],"circlet_count":0,"master_deck":["Strike_G","Strike_G+1","Defend_G+1","Defend_G","Defend_G","Survivor+1","Neutralize+1","Blade Dance+1","Accuracy+1","Blade Dance+1","After Image+1","Blade Dance+1","Adrenaline+1"],"relics":["Ring of the Snake","HushsDoor","NeowsBlessing","DeathBook","PokeGo","Pear","Vajra","TheBible","Cursed Key","Membership Card","Tiny House"],"acts_visited":["Exordium","TheCity","TheBeyond"],"potions_floor_usage":[50],"damage_taken":[{"damage":0.0,"enemies":"Small Slimes","floor":1.0,"turns":1.0},{"damage":0.0,"enemies":"Lagavulin","floor":6.0,"turns":1.0},{"damage":0.0,"enemies":"Gremlin Nob","floor":8.0,"turns":1.0},{"damage":0.0,"enemies":"Jaw Worm","floor":12.0,"turns":1.0},{"damage":0.0,"enemies":"2 Louse","floor":14.0,"turns":2.0},{"damage":0.0,"enemies":"Hexaghost","floor":16.0,"turns":5.0},{"damage":0.0,"enemies":"2 Thieves","floor":18.0,"turns":3.0},{"damage":0.0,"enemies":"3 Byrds","floor":24.0,"turns":2.0},{"damage":11.0,"enemies":"Snake Plant","floor":25.0,"turns":4.0},{"damage":0.0,"enemies":"Sentry and Sphere","floor":28.0,"turns":3.0},{"damage":0.0,"enemies":"Snecko","floor":29.0,"turns":2.0},{"damage":0.0,"enemies":"Centurion and Healer","floor":30.0,"turns":2.0},{"damage":23.0,"enemies":"Champ","floor":33.0,"turns":8.0},{"damage":7.0,"enemies":"3 Darklings","floor":35.0,"turns":5.0},{"damage":0.0,"enemies":"3 Shapes","floor":37.0,"turns":2.0},{"damage":0.0,"enemies":"Maw","floor":39.0,"turns":6.0},{"damage":6.0,"enemies":"Spire Growth","floor":42.0,"turns":3.0},{"damage":0.0,"enemies":"Transient","floor":44.0,"turns":5.0},{"damage":0,"enemies":"Sphere and 2 Shapes","floor":47,"turns":3},{"damage":0,"enemies":"3 Darklings","floor":48,"turns":2},{"damage":0,"enemies":"Awakened One","floor":50,"turns":8}],"seed_played":"-3942524329745201916","potions_obtained":[{"floor":1.0,"key":"LiquidMemories"},{"floor":6.0,"key":"SkillPotion"},{"floor":14.0,"key":"Dexterity Potion"},{"floor":24.0,"key":"Strength Potion"},{"floor":28.0,"key":"DuplicationPotion"},{"floor":34.0,"key":"FairyPotion"},{"floor":48,"key":"CultistPotion"}],"is_trial":false,"path_per_floor":["M","?","?","?","$","E","R","E","T","R","T","M","$","M","R","B",null,"M","T","$","?","?","R","M","M","T","R","M","M","M","T","R","B",null,"M","?","M","$","M","R","$","M","T","M","?","?","M","M","R","B",null],"character_chosen":"THE_SILENT","items_purchased":["Accuracy","Membership Card"],"campfire_rested":1,"item_purchase_floors":[5,20],"current_hp_per_floor":[70,75,75,64,64,64,64,74,74,74,74,74,74,74,74,74,85,85,85,85,85,85,85,85,74,74,74,74,74,74,74,74,51,90,83,83,83,83,83,83,83,77,77,77,77,77,77,77,90,90],"gold":188,"neow_bonus":"THREE_ENEMY_KILL","is_daily":false,"chose_seed":false,"campfire_upgraded":7,"win_rate":0.0,"timestamp":1612082019,"path_taken":["M","?","?","?","$","E","R","E","T","R","?","?","?","?","R","BOSS","M","?","$","?","?","R","M","M","T","R","?","M","M","?","R","BOSS","M","?","M","$","M","R","$","M","T","M","?","?","M","M","R","BOSS"],"items_purchased_type":["Card","Relic"],"build_version":"2020-12-22","purchased_purges":5,"victory":true,"max_hp_per_floor":[70,75,75,75,75,75,75,85,85,85,85,85,85,85,85,85,85,85,85,85,85,85,85,85,85,85,85,85,85,85,85,85,85,90,90,90,90,90,90,90,90,90,90,90,90,90,90,90,90,90],"card_choices":[{"not_picked":["Dodge and Roll","Concentrate"],"picked":"Blade Dance","floor":1.0},{"not_picked":["Calculated Gamble","Acrobatics","Escape Plan"],"picked":"SKIP","floor":6.0},{"not_picked":["Dagger Throw","Blur"],"picked":"Blade Dance","floor":8.0},{"not_picked":["Bane","aspiration:Lunge","Deflect"],"picked":"SKIP","floor":12.0},{"not_picked":["Prepared","Quick Slash","Skewer"],"picked":"SKIP","floor":14.0},{"not_picked":["Bullet Time","Envenom"],"picked":"After Image","floor":16.0},{"not_picked":["Crippling Poison+1","Bane+1","Outmaneuver+1"],"picked":"SKIP","floor":18.0},{"not_picked":["Acrobatics","Dodge and Roll","Deadly Poison"],"picked":"SKIP","floor":24.0},{"not_picked":["Catalyst","Bane","Sucker Punch+1"],"picked":"SKIP","floor":25.0},{"not_picked":["Prepared+1","Poisoned Stab"],"picked":"Adrenaline","floor":28.0},{"not_picked":["Dodge and Roll","All Out Attack","Setup+1"],"picked":"SKIP","floor":29.0},{"not_picked":["A Thousand Cuts","Endless Agony+1","Reflex+1"],"picked":"SKIP","floor":30.0},{"not_picked":["Outmaneuver","All Out Attack","Deflect"],"picked":"SKIP","floor":35.0},{"not_picked":["Backflip+1","Outmaneuver+1","Infinite Blades"],"picked":"SKIP","floor":37.0},{"not_picked":["Underhanded Strike","PiercingWail","Poisoned Stab+1"],"picked":"SKIP","floor":39.0},{"not_picked":["Eviscerate","Underhanded Strike+1","Prepared"],"picked":"SKIP","floor":42.0},{"not_picked":["Quick Slash","Dagger Throw+1","Deadly Poison"],"picked":"SKIP","floor":44.0},{"not_picked":["Well Laid Plans","Dagger Spray","Terror"],"picked":"SKIP","floor":47},{"not_picked":["Masterful Stab","Terror","Underhanded Strike+1"],"picked":"SKIP","floor":48}],"player_experience":249553,"relics_obtained":[{"floor":6.0,"key":"PokeGo"},{"floor":8.0,"key":"Pear"},{"floor":9.0,"key":"Vajra"},{"floor":11.0,"key":"TheBible"}],"event_choices":[{"damage_healed":0.0,"max_hp_gain":5.0,"max_hp_loss":0.0,"gold_gain":0.0,"event_name":"Big Fish","player_choice":"Donut","floor":2.0,"gold_loss":0.0,"damage_taken":0.0},{"damage_healed":0.0,"max_hp_gain":0.0,"max_hp_loss":0.0,"gold_gain":0.0,"event_name":"Living Wall","player_choice":"Grow","floor":3.0,"gold_loss":0.0,"damage_taken":0.0,"cards_upgraded":["Neutralize"]},{"damage_healed":0.0,"max_hp_gain":0.0,"max_hp_loss":0.0,"gold_gain":75.0,"event_name":"World of Goop","player_choice":"Gather Gold","floor":4.0,"gold_loss":0.0,"damage_taken":11.0},{"damage_healed":0.0,"max_hp_gain":0.0,"max_hp_loss":0.0,"gold_gain":0.0,"event_name":"The Library","player_choice":"Read","floor":21.0,"gold_loss":0.0,"damage_taken":0.0,"cards_obtained":["Blade Dance"]},{"damage_healed":0.0,"max_hp_gain":0.0,"max_hp_loss":0.0,"gold_gain":0.0,"event_name":"SensoryStone","player_choice":"Memory 1","floor":36.0,"gold_loss":0.0,"damage_taken":0.0},{"damage_healed":0.0,"max_hp_gain":0.0,"max_hp_loss":0.0,"gold_gain":0.0,"event_name":"Tomb of Lord Red Mask","player_choice":"Ignored","floor":45.0,"gold_loss":0.0,"damage_taken":0.0},{"damage_healed":0,"gold_gain":0,"player_choice":"Forge","damage_taken":0,"max_hp_gain":0,"max_hp_loss":0,"event_name":"Accursed Blacksmith","floor":46,"gold_loss":0,"cards_upgraded":["Defend_G"]}],"is_beta":false,"boss_relics":[{"not_picked":["Ring of the Serpent","Runic Pyramid"],"picked":"Cursed Key"},{"not_picked":[]},{"not_picked":["HoveringKite","Black Star"],"picked":"Tiny House"},{"not_picked":[]}],"items_purged_floors":[5,13,20,38,41],"is_endless":false,"potions_floor_spawned":[1,6,14,24,28,29,35,39,47,48],"ascension_level":0}}