{"host":"kn32u0f2pym5bozc","time":1612078543,"event":{"mods":["2.2 Compatiblity","BaseMod","Better Third Choice","Minty Spire (QoL Compilation)","Permanent Neow","Relic Stats","StSLib","The Animator"],"gold_per_floor":[109,121,132,144,180,180,215,245,245,207,97,97,97],"floor_reached":12,"language":"ENG","playtime":590,"items_purged":[],"score":148,"play_id":"a6349647-dbaa-46e5-bd1d-55b3c130afe9","local_time":"20210131023543","is_ascension_mode":true,"campfire_choices":[{"data":"animator:Viivi","floor":6,"key":"SMITH"}],"circlet_count":0,"master_deck":["AscendersBane","animator:Defend_TenSura","animator:Defend","animator:Defend","animator:Defend","animator:Benimaru","animator:Shuna","animator:FielNirvalen+1","animator:YuiTsuruno+1","animator:Togame+1","animator:Shinoa","animator:Emonzaemon","animator:Berserker","animator:Viivi+1","animator:DwarfShaman","animator:RinTohsaka","animator:Jibril"],"relics":["animator:TheMissingPiece","animator:PurgingStone","Astrolabe","Ginger"],"acts_visited":["Exordium"],"potions_floor_usage":[7,12],"damage_taken":[{"damage":6.0,"enemies":"Small Slimes","floor":1.0,"turns":4.0},{"damage":0.0,"enemies":"2 Louse","floor":2.0,"turns":3.0},{"damage":0.0,"enemies":"Jaw Worm","floor":3.0,"turns":3.0},{"damage":23,"enemies":"Exordium Wildlife","floor":4,"turns":5},{"damage":22,"enemies":"Gremlin Nob","floor":7,"turns":4},{"damage":3,"enemies":"Lagavulin","floor":12,"turns":2}],"seed_played":"-6546808540046499041","potions_obtained":[{"floor":2.0,"key":"EssenceOfSteel"},{"floor":3.0,"key":"Energy Potion"},{"floor":7,"key":"AttackPotion"}],"is_trial":false,"path_per_floor":["M","M","M","M","?","R","E","?","T","?","$","E"],"character_chosen":"THE_ANIMATOR","items_purchased":["animator:RinTohsaka","animator:Jibril"],"campfire_rested":0,"item_purchase_floors":[11,11],"current_hp_per_floor":[48,48,48,25,25,25,3,3,3,3,3,0,0],"gold":97,"neow_bonus":"BOSS_RELIC","is_daily":false,"chose_seed":false,"campfire_upgraded":1,"win_rate":0.0,"timestamp":1612078543,"path_taken":["M","M","M","M","?","R","E","?","T","?","?","E"],"items_purchased_type":["Card","Card"],"build_version":"2020-12-22","purchased_purges":0,"victory":false,"max_hp_per_floor":[60,60,60,60,60,60,60,60,60,60,60,60,60],"relic_stats":{"counters":[6,21],"Astrolabe":["animator:FielNirvalen","animator:YuiTsuruno","animator:Togame"],"Ginger":[0],"obtain_stats":[{"animator:PurgingStone":0,"animator:TheMissingPiece":0,"Astrolabe":0,"animator:LivingPicture":0,"Ginger":9},{"animator:PurgingStone":0,"animator:TheMissingPiece":0,"Astrolabe":0,"animator:LivingPicture":0,"Ginger":5},{"animator:PurgingStone":0,"animator:TheMissingPiece":0,"Astrolabe":0,"animator:LivingPicture":0,"Ginger":19}]},"card_choices":[{"not_picked":["animator:Shion","animator:Hitei"],"picked":"animator:Shinoa","floor":1.0},{"not_picked":["animator:Sebas","animator:Millim"],"picked":"animator:Emonzaemon","floor":2.0},{"not_picked":["animator:IrohaTamaki","animator:Demiurge"],"picked":"animator:Berserker","floor":3.0},{"not_picked":["animator:AcuraAkari","animator:AcuraTooru"],"picked":"animator:Viivi","floor":4},{"not_picked":["animator:Rena","animator:Kazuma"],"picked":"animator:DwarfShaman","floor":7}],"player_experience":884877,"relics_obtained":[{"floor":9,"key":"Ginger"}],"event_choices":[{"damage_healed":0,"gold_gain":30,"player_choice":"Searched \u00271\u0027 times","damage_taken":0,"max_hp_gain":0,"max_hp_loss":0,"event_name":"Dead Adventurer","floor":8,"gold_loss":0},{"damage_healed":0,"gold_gain":0,"player_choice":"Left","damage_taken":0,"max_hp_gain":0,"max_hp_loss":0,"event_name":"betterThird:BetterGoop","floor":10,"gold_loss":38}],"is_beta":false,"boss_relics":[],"items_purged_floors":[],"is_endless":false,"potions_floor_spawned":[2,3,7],"killed_by":"Lagavulin","ascension_level":18}}