{"host":"zsnmfqgcm92hlreo","time":1612081302,"event":{"mods":["AchievementEnabler","BaseMod","Bestiary","Block Reminder","Colored Powertips","Minty Spire (QoL Compilation)","Permanent Neow","Quick Restart","Relic Stats","Weighted Paths"],"gold_per_floor":[112,125,139,139,139,192,56,56,110,154,154,338,358,392,392,532,532,555,555,589,489,489,532,557,557,557],"floor_reached":25,"language":"ENG","playtime":921,"items_purged":["Pain","Strike_R"],"score":281,"play_id":"aef05f48-ccb4-46a8-83fb-af9ced30a9cc","local_time":"20210131022142","is_ascension_mode":false,"campfire_choices":[{"data":"Bash","floor":8.0,"key":"SMITH"},{"data":"Inflame","floor":11.0,"key":"SMITH"},{"data":"Clothesline","floor":15.0,"key":"SMITH"}],"circlet_count":0,"master_deck":["Strike_R","Strike_R","Strike_R+1","Strike_R+1","Defend_R","Defend_R","Defend_R","Defend_R","Bash+1","Immolate+1","Twin Strike","Headbutt","Inflame+1","Clothesline+1","Doubt","Spot Weakness","Demon Form","Sword Boomerang+1","Rupture+1","Shockwave"],"relics":["Burning Blood","Golden Idol","CeramicFish","Whetstone","Matryoshka","Velvet Choker","Nunchaku","Eternal Feather","Question Card"],"acts_visited":["Exordium","TheCity"],"potions_floor_usage":[],"damage_taken":[{"damage":10.0,"enemies":"Small Slimes","floor":1.0,"turns":2.0},{"damage":3.0,"enemies":"2 Louse","floor":2.0,"turns":2.0},{"damage":3.0,"enemies":"Jaw Worm","floor":3.0,"turns":3.0},{"damage":15.0,"enemies":"3 Sentries","floor":6.0,"turns":4.0},{"damage":26.0,"enemies":"Lagavulin","floor":10.0,"turns":5.0},{"damage":12.0,"enemies":"Exordium Thugs","floor":13.0,"turns":3.0},{"damage":5.0,"enemies":"2 Fungi Beasts","floor":14.0,"turns":3.0},{"damage":0.0,"enemies":"Slime Boss","floor":16.0,"turns":4.0},{"damage":22,"enemies":"Shell Parasite","floor":18,"turns":4},{"damage":10,"enemies":"3 Byrds","floor":20,"turns":4},{"damage":42,"enemies":"Slavers","floor":23,"turns":4},{"damage":12,"enemies":"Snake Plant","floor":24,"turns":3},{"damage":18,"enemies":"Centurion and Healer","floor":25,"turns":5}],"seed_played":"-29460597434544087","potions_obtained":[{"floor":2.0,"key":"EssenceOfSteel"},{"floor":13.0,"key":"DuplicationPotion"},{"floor":20,"key":"Strength Potion"}],"is_trial":false,"path_per_floor":["M","M","M","?","?","E","$","R","T","E","R","?","M","M","R","B",null,"M","?","M","$","T","E","M","M"],"character_chosen":"IRONCLAD","items_purchased":["Inflame"],"campfire_rested":0,"item_purchase_floors":[7],"current_hp_per_floor":[76,79,80,80,60,51,51,51,51,31,31,31,25,26,26,32,80,64,64,60,60,60,24,18,0,0],"gold":557,"neow_bonus":"THREE_RARE_CARDS","is_daily":false,"chose_seed":false,"campfire_upgraded":3,"win_rate":0.0,"timestamp":1612081302,"path_taken":["M","M","M","?","?","E","$","R","T","E","R","?","M","M","R","BOSS","M","?","M","$","?","E","M","M"],"items_purchased_type":["Card"],"build_version":"2020-12-22","purchased_purges":2,"victory":false,"max_hp_per_floor":[80,80,80,80,80,80,80,80,80,80,80,80,80,80,80,80,80,80,80,80,80,80,80,80,80,80],"relic_stats":{"Nunchaku":[1],"counters":[13,46],"Golden Idol":71,"CeramicFish":81,"Eternal Feather":0,"Whetstone":["Strike_R","Strike_R"],"Question Card":1,"obtain_stats":[{"Nunchaku":22,"Matryoshka":10,"Golden Idol":5,"CeramicFish":6,"Velvet Choker":17,"Eternal Feather":22,"Whetstone":9,"Question Card":23,"Burning Blood":0},{"Nunchaku":10,"Matryoshka":5,"Golden Idol":3,"CeramicFish":4,"Velvet Choker":8,"Eternal Feather":10,"Whetstone":4,"Question Card":11,"Burning Blood":0},{"Nunchaku":34,"Matryoshka":16,"Golden Idol":7,"CeramicFish":11,"Velvet Choker":26,"Eternal Feather":34,"Whetstone":11,"Question Card":38,"Burning Blood":0}],"Burning Blood":70},"card_choices":[{"not_picked":["Offering","Fiend Fire"],"picked":"Immolate","floor":0.0},{"not_picked":["Perfected Strike","Thunderclap","Ghostly Armor"],"picked":"SKIP","floor":1.0},{"not_picked":["Warcry","Hemokinesis","Clash"],"picked":"SKIP","floor":2.0},{"not_picked":["Havoc","Pummel"],"picked":"Twin Strike","floor":3.0},{"not_picked":["Flex","Sentinel"],"picked":"Headbutt","floor":6.0},{"not_picked":["Corruption","Ghostly Armor"],"picked":"Clothesline","floor":10.0},{"not_picked":["Entrench","Thunderclap","Blood for Blood"],"picked":"SKIP","floor":13.0},{"not_picked":["Headbutt","Perfected Strike"],"picked":"Spot Weakness","floor":14.0},{"not_picked":["Fiend Fire","Exhume"],"picked":"Demon Form","floor":16.0},{"not_picked":["Wild Strike","Bloodletting"],"picked":"Sword Boomerang+1","floor":18},{"not_picked":["Carnage","Clothesline"],"picked":"Rupture+1","floor":20},{"not_picked":["Evolve","Headbutt","Havoc"],"picked":"SKIP","floor":23},{"not_picked":["Thunderclap+1","Sever Soul","Intimidate"],"picked":"Shockwave","floor":24}],"player_experience":975731,"relics_obtained":[{"floor":6.0,"key":"CeramicFish"},{"floor":9.0,"key":"Whetstone"},{"floor":10.0,"key":"Matryoshka"},{"floor":22,"key":"Nunchaku"},{"floor":22,"key":"Eternal Feather"},{"floor":23,"key":"Question Card"}],"event_choices":[{"damage_healed":0.0,"max_hp_gain":0.0,"max_hp_loss":0.0,"gold_gain":0.0,"event_name":"Living Wall","player_choice":"Grow","floor":4.0,"gold_loss":0.0,"damage_taken":0.0,"cards_upgraded":["Immolate"]},{"damage_healed":0.0,"max_hp_gain":0.0,"max_hp_loss":0.0,"gold_gain":0.0,"event_name":"Golden Idol","player_choice":"Take Damage","floor":5.0,"gold_loss":0.0,"damage_taken":20.0,"relics_obtained":["Golden Idol"]},{"damage_healed":0.0,"max_hp_gain":0.0,"max_hp_loss":0.0,"gold_gain":175.0,"event_name":"Liars Game","player_choice":"AGREE","floor":12.0,"gold_loss":0.0,"damage_taken":0.0,"cards_obtained":["Doubt"]},{"damage_healed":0,"gold_gain":0,"player_choice":"Ignored","damage_taken":0,"max_hp_gain":0,"max_hp_loss":0,"event_name":"NoteForYourself","floor":19,"gold_loss":0}],"is_beta":false,"boss_relics":[{"not_picked":["SlaversCollar","Ectoplasm"],"picked":"Velvet Choker"}],"items_purged_floors":[7,21],"is_endless":false,"potions_floor_spawned":[2,13,20,23],"killed_by":"Centurion and Healer","ascension_level":0}}