{"host":"th1rgt4ohg3ajuw6","time":1612134822,"event":{"mods":["Act Like it!","BaseMod","Downfall","GifTheSpireLib","Minty Spire (QoL Compilation)","Pale of the Ancients","Shop Mod","StSLib","Stuff the Spire"],"gold_per_floor":[99,119,119,129,139,156,156,171,171,190,207,226,226,65,85,180,180,180,192,192,206,206,206,206,206],"floor_reached":23,"language":"ENG","playtime":2391,"items_purged":[],"score":187,"play_id":"2b968ca8-0304-4694-ac39-c1f6199ba676","local_time":"20210131151342","is_ascension_mode":false,"campfire_choices":[{"data":"sneckomod:Unknown","floor":1,"key":"SMITH"},{"floor":18,"key":"RECALL"}],"circlet_count":0,"master_deck":["sneckomod:Strike","sneckomod:Strike","sneckomod:Strike","sneckomod:Defend","sneckomod:Defend","sneckomod:TailWhip","sneckomod:SnekBite","sneckomod:Unknown+1","sneckomod:Unknown","sneckomod:WideSting","sneckomod:Unknown2Cost","sneckomod:UnknownClassGUARDIAN","sneckomod:UnknownClassTHE_BRONZE_AUTOMATON","sneckomod:UnknownX","champ:Shatter","sneckomod:UnknownExhaust","sneckomod:CheapStock","sneckomod:UnknownVulnerable","Regret","sneckomod:MorePower","sneckomod:DiceBlock","sneckomod:ImprovisedAttack","sneckomod:UnknownClassPALE_SHOWMAN_PURPLE_COLOR","sneckomod:UnknownCommonSkill","sneckomod:UnknownBoss+1","sneckomod:UnknownRareAttack","CurseOfTheBell","sneckomod:RainOfDice","sneckomod:UnknownClassGREEN+1","sneckomod:UnknownUncommonAttack+1"],"relics":["sneckomod:SneckoSoul","Happy Flower","StuffTheSpire:CocoNut","StuffTheSpire:RedRose","Calling Bell","Matryoshka","Calipers","downfall:RedIOU"],"acts_visited":["Exordium","TheCity"],"potions_floor_usage":[8,10,21,21,23],"damage_taken":[{"damage":1,"enemies":"Jaw Worm","floor":2,"turns":4},{"damage":3,"enemies":"Cultist","floor":4,"turns":2},{"damage":0,"enemies":"Small Slimes","floor":5,"turns":3},{"damage":7,"enemies":"2 Fungi Beasts","floor":6,"turns":2},{"damage":0,"enemies":"Exordium Wildlife","floor":8,"turns":3},{"damage":14,"enemies":"Large Slime","floor":10,"turns":5},{"damage":20,"enemies":"Exordium Thugs","floor":11,"turns":6},{"damage":6,"enemies":"Red Slaver","floor":12,"turns":2},{"damage":6,"enemies":"downfall:FleeingMerchant","floor":14,"turns":4},{"damage":10,"enemies":"Lots of Slimes","floor":15,"turns":2},{"damage":15,"enemies":"WA_ARCHETYPE_RETAIN","floor":16,"turns":8},{"damage":21,"enemies":"3 Byrds","floor":19,"turns":4},{"damage":27,"enemies":"Spheric Guardian","floor":21,"turns":4},{"damage":53,"enemies":"3 Cultists","floor":23,"turns":4}],"seed_played":"6105899358141340052","potions_obtained":[{"floor":2,"key":"SkillPotion"},{"floor":5,"key":"Slimebound:ThreeZeroPotion"},{"floor":15,"key":"sneckomod:DiceRollPotion"},{"floor":16,"key":"champ:CounterPotion"},{"floor":19,"key":"Energy Potion"},{"floor":21,"key":"SmokeBomb"},{"floor":22,"key":"CultistPotion"}],"is_trial":false,"path_per_floor":["R","M","?","M","M","M","T","M","R","M","M","M","?","$","M","B",null,"R","M","?","M","?","M"],"character_chosen":"THE_SNECKO","items_purchased":["sneckomod:DiceBlock","sneckomod:ImprovisedAttack","sneckomod:UnknownClassPALE_SHOWMAN_PURPLE_COLOR"],"campfire_rested":0,"item_purchase_floors":[14,14,14],"current_hp_per_floor":[90,89,89,86,86,79,86,86,86,72,52,46,46,40,30,15,97,97,76,76,49,49,0,0,0],"gold":206,"neow_bonus":"RANDOM_COMMON_RELIC","is_daily":false,"chose_seed":false,"campfire_upgraded":1,"win_rate":0.0,"timestamp":1612134822,"path_taken":["R","M","?","M","M","M","T","?","R","M","M","M","?","$","M","BOSS","R","M","?","M","?","M"],"items_purchased_type":["Card","Card","Card"],"build_version":"2020-12-22","purchased_purges":0,"victory":false,"max_hp_per_floor":[90,90,90,90,90,90,97,97,97,97,97,97,97,97,97,97,97,97,97,97,97,97,97,97,97],"card_choices":[{"not_picked":["sneckomod:Unknown0Cost","sneckomod:UnknownStrike"],"picked":"sneckomod:WideSting","floor":2},{"not_picked":["sneckomod:Unknown1Cost","sneckomod:SoulDraw"],"picked":"sneckomod:UnknownClassGUARDIAN","floor":4},{"not_picked":["sneckomod:Unknown2Cost","sneckomod:SnekBeam"],"picked":"sneckomod:UnknownClassTHE_BRONZE_AUTOMATON","floor":5},{"not_picked":["sneckomod:TrashToTreasure","sneckomod:Unknown1Cost"],"picked":"sneckomod:UnknownX","floor":6},{"not_picked":["sneckomod:SnakeSap","sneckomod:PureSnecko"],"picked":"sneckomod:UnknownBlock","floor":8},{"not_picked":["sneckomod:SoulRoll","sneckomod:SnekBeam"],"picked":"sneckomod:UnknownExhaust","floor":10},{"not_picked":["sneckomod:UnknownCommonSkill","sneckomod:Unknown0Cost"],"picked":"sneckomod:CheapStock","floor":11},{"not_picked":["sneckomod:SoulDraw","sneckomod:UnknownClassBLUE"],"picked":"sneckomod:UnknownVulnerable","floor":12},{"not_picked":["sneckomod:UnendingSupply","sneckomod:UnknownClassGUARDIAN"],"picked":"sneckomod:MorePower","floor":14},{"not_picked":["sneckomod:UnknownClassPALE_SHOWMAN_PURPLE_COLOR","sneckomod:MasterEye"],"picked":"sneckomod:UnknownCommonSkill","floor":15},{"not_picked":["sneckomod:UnknownUncommonSkill+1","sneckomod:UnknownClassBLUE+1"],"picked":"sneckomod:UnknownBoss+1","floor":16},{"not_picked":["sneckomod:UnknownRarePower","sneckomod:UnknownBoss"],"picked":"sneckomod:UnknownRareAttack","floor":16},{"not_picked":["sneckomod:SoulDraw+1","sneckomod:Unknown1Cost"],"picked":"sneckomod:RainOfDice","floor":19},{"not_picked":["sneckomod:UnknownClassGUARDIAN+1","sneckomod:UnknownExhaust+1"],"picked":"sneckomod:UnknownClassGREEN+1","floor":21},{"not_picked":["sneckomod:UnknownClassBLESSING","sneckomod:PureSnecko"],"picked":"sneckomod:UnknownUncommonAttack+1","floor":21}],"player_experience":257982,"relics_obtained":[{"floor":7,"key":"StuffTheSpire:CocoNut"},{"floor":17,"key":"Akabeko"},{"floor":17,"key":"Matryoshka"},{"floor":17,"key":"Calipers"}],"event_choices":[],"is_beta":false,"boss_relics":[{"not_picked":["Empty Cage","bronze:MakeshiftBattery"],"picked":"Calling Bell"}],"items_purged_floors":[],"is_endless":false,"potions_floor_spawned":[2,5,15,16,19,21],"killed_by":"3 Cultists","ascension_level":0}}