{"host":"d54lcqy5t45er8jx","time":1612110391,"event":{"mods":["2.2 Compatiblity","BaseMod","CapriCore","Defuse TimeMaze Blight","Hermit","Hubris","Infinite Spire","Marisa£¨Ùöéë¡¡Øª×âÞÞ£©","Minty Spire (QoL Compilation)","Rare Cards Sparkle","Relic Stats","StSLib","The Animator","The Cursed","The Immortal","The Servant 0.9.4","WarShipGirlsR/??á´Ò³R mod"],"gold_per_floor":[113,124,49,49,124,158,158,185,209,209,228,239,273,223,223,326,326,346,346,365,383,402,436,436,464,464,483,512,544,544,564,564,661,661,674,687,687,687,704,732,732,759,783,783,783,801,834,915,927,939,939],"floor_reached":50,"language":"ENG","playtime":2787,"items_purged":["PathToVictory","PathToVictory","Worship"],"score":1053,"play_id":"65310193-625d-47dc-b3bc-39cd5b012b08","local_time":"20210201012631","daily_mods":["SealedDeck","Insanity","Heirloom","DeadlyEvents","Elite Swarm","Uncertain Future"],"is_ascension_mode":false,"campfire_choices":[{"data":"FlurryOfBlows","floor":7,"key":"SMITH"},{"data":"FlurryOfBlows","floor":10,"key":"SMITH"},{"data":"TalkToTheHand","floor":15,"key":"SMITH"},{"data":"FlurryOfBlows","floor":30,"key":"SMITH"},{"data":"FlurryOfBlows","floor":32,"key":"SMITH"},{"data":"ClearTheMind","floor":41,"key":"SMITH"},{"floor":45,"key":"REST"},{"data":"Vault","floor":49,"key":"SMITH"}],"circlet_count":0,"master_deck":["Consecrate","DeceiveReality","FlurryOfBlows+1","TalkToTheHand+1","Fasting2","Meditate","EmptyMind","Halt","ThirdEye","Consecrate","ThirdEye","CutThroughFate","Evaluate","FlurryOfBlows+1","BowlingBash","Protect","CrushJoints+1","FlurryOfBlows+1","LikeWater","MentalFortress","EmptyBody","ClearTheMind+1","Evaluate","JustLucky","ForeignInfluence","Indignation","EmptyBody","SashWhip","JustLucky","Perseverance","PathToVictory","Conclude","Collect","Crescendo","ThirdEye","FlurryOfBlows","BattleHymn","CutThroughFate","ForeignInfluence","CutThroughFate","Tantrum","ClearTheMind","JustLucky","FlurryOfBlows","CutThroughFate","JustLucky","Evaluate","Swivel","Nirvana","ThirdEye","WreathOfFlame","InnerPeace+1","CutThroughFate","FlurryOfBlows+1","CutThroughFate","EmptyMind","Scrawl","FlurryOfBlows+1","LessonLearned","FlurryOfBlows+1","ClearTheMind","Vault+1","Crescendo","Vault","Tantrum+1","EmptyBody","Indignation","Adaptation+1","hubris:Rewind+1","Vault","EmptyFist+1","Scrawl+1"],"relics":["PureWater","Calipers","hubris:Towel","infinitespire:BottledMercury","Kunai","Smiling Mask","Lizard Tail","Sozu","Darkstone Periapt","Pear","Empty Cage","Mango","Tiny Chest","TeardropLocket","Ice Cream","Omamori","Calling Bell","Damaru","hubris:DeckOfHolding","hubris:Potato","Black Star","Akabeko","Akabeko","hubris:64BitClover","hubris:SphereOfDissonance","Regal Pillow","Happy Flower","Toxic Egg 2","MawBank","infinitespire:FocusingShard"],"acts_visited":["Exordium","TheCity","TheBeyond"],"potions_floor_usage":[6,23,25],"damage_taken":[{"damage":0,"enemies":"2 Louse","floor":1,"turns":2},{"damage":0,"enemies":"Small Slimes","floor":2,"turns":1},{"damage":9,"enemies":"3 Sentries","floor":6,"turns":4},{"damage":0,"enemies":"Lagavulin","floor":8,"turns":5},{"damage":0,"enemies":"Jaw Worm","floor":11,"turns":3},{"damage":5,"enemies":"Exordium Wildlife","floor":12,"turns":4},{"damage":3,"enemies":"Gremlin Nob","floor":13,"turns":3},{"damage":16,"enemies":"Hexaghost","floor":16,"turns":7},{"damage":13,"enemies":"2 Thieves","floor":18,"turns":3},{"damage":0,"enemies":"Chosen","floor":20,"turns":2},{"damage":7,"enemies":"Snake Plant","floor":21,"turns":6},{"damage":28,"enemies":"Centurion and Healer","floor":22,"turns":6},{"damage":14,"enemies":"Slavers","floor":23,"turns":4},{"damage":7,"enemies":"Gremlin Leader","floor":25,"turns":3},{"damage":0,"enemies":"Shelled Parasite and Fungi","floor":27,"turns":2},{"damage":0,"enemies":"Nightmare","floor":28,"turns":5},{"damage":18,"enemies":"Slavers","floor":29,"turns":4},{"damage":13,"enemies":"Snake Plant","floor":31,"turns":3},{"damage":30,"enemies":"hubris:MusketHawk","floor":33,"turns":6},{"damage":21,"enemies":"Orb Walker","floor":35,"turns":2},{"damage":0,"enemies":"3 Shapes","floor":36,"turns":3},{"damage":10,"enemies":"Writhing Mass","floor":39,"turns":6},{"damage":6,"enemies":"Nightmare","floor":40,"turns":8},{"damage":58,"enemies":"Reptomancer","floor":42,"turns":3},{"damage":0,"enemies":"Jaw Worm Horde","floor":46,"turns":4},{"damage":0,"enemies":"Nemesis","floor":47,"turns":6},{"damage":62,"enemies":"Time Eater","floor":50,"turns":5}],"seed_played":"-1155001619498636394","potions_obtained":[{"floor":1,"key":"Strength Potion"},{"floor":2,"key":"SpeedPotion"},{"floor":12,"key":"Fire Potion"}],"is_trial":true,"path_per_floor":["M","M","$","?","?","E","R","E","T","R","M","M","E","?","R","B",null,"M","?","M","M","M","E","AVR","E","T","M","NM","E","R","M","R","B",null,"M","M","AVR","?","M","NM","R","E","T","?","R","M","E","T","R","B"],"character_chosen":"WATCHER","items_purchased":[],"campfire_rested":1,"item_purchase_floors":[],"current_hp_per_floor":[72,72,72,72,61,52,52,52,52,52,52,47,44,44,44,28,72,59,65,65,58,30,26,40,33,33,33,33,15,15,2,2,26,102,81,81,81,81,71,65,65,7,7,7,52,52,52,52,52,0,0],"gold":939,"neow_bonus":"","is_daily":false,"chose_seed":false,"campfire_upgraded":7,"win_rate":0.0,"timestamp":1612110391,"path_taken":["M","M","$","?","?","E","R","E","T","R","M","M","E","?","R","BOSS","M","?","?","M","M","E","AVR","E","T","M","NM","?","R","M","R","BOSS","M","M","AVR","?","M","NM","R","E","T","?","R","M","E","?","R","BOSS"],"items_purchased_type":[],"build_version":"2020-12-22","purchased_purges":3,"victory":false,"max_hp_per_floor":[72,72,72,72,72,72,72,72,72,72,72,72,72,72,72,72,72,72,78,78,78,78,88,102,102,102,102,102,102,102,102,102,102,102,102,102,102,102,102,102,102,102,102,102,102,102,102,102,102,102,102],"relic_stats":{"Sozu":8,"Darkstone Periapt":6,"Lizard Tail":51,"Regal Pillow":15,"Happy Flower":[5],"counters":[27,110],"Tiny Chest":1,"Black Star":3,"Kunai":[117],"Smiling Mask":0,"MawBank":36,"obtain_stats":[{"Darkstone Periapt":19,"Ice Cream":28,"infinitespire:BottledMercury":6,"Regal Pillow":42,"Calipers":0,"Mango":24,"TeardropLocket":26,"Smiling Mask":9,"Empty Cage":24,"Sozu":17,"Lizard Tail":13,"Tiny Chest":25,"hubris:DeckOfHolding":34,"Kunai":8,"Toxic Egg 2":47,"Pear":23,"Happy Flower":43,"hubris:64BitClover":40,"Damaru":34,"hubris:SphereOfDissonance":42,"infinitespire:FocusingShard":48,"Omamori":29,"hubris:Towel":4,"MawBank":47,"Akabeko":37,"Calling Bell":34,"Black Star":37,"PureWater":0,"hubris:Potato":34},{"Darkstone Periapt":9,"Ice Cream":16,"infinitespire:BottledMercury":3,"Regal Pillow":24,"Calipers":0,"Mango":13,"TeardropLocket":14,"Smiling Mask":4,"Empty Cage":13,"Sozu":8,"Lizard Tail":7,"Tiny Chest":14,"hubris:DeckOfHolding":19,"Kunai":4,"Toxic Egg 2":26,"Pear":13,"Happy Flower":24,"hubris:64BitClover":23,"Damaru":19,"hubris:SphereOfDissonance":24,"infinitespire:FocusingShard":26,"Omamori":17,"hubris:Towel":2,"MawBank":26,"Akabeko":21,"Calling Bell":19,"Black Star":21,"PureWater":0,"hubris:Potato":19},{"Darkstone Periapt":32,"Ice Cream":60,"infinitespire:BottledMercury":7,"Regal Pillow":95,"Calipers":0,"Mango":50,"TeardropLocket":53,"Smiling Mask":12,"Empty Cage":50,"Sozu":29,"Lizard Tail":22,"Tiny Chest":53,"hubris:DeckOfHolding":73,"Kunai":12,"Toxic Egg 2":105,"Pear":50,"Happy Flower":95,"hubris:64BitClover":92,"Damaru":73,"hubris:SphereOfDissonance":95,"infinitespire:FocusingShard":105,"Omamori":64,"hubris:Towel":3,"MawBank":105,"Akabeko":78,"Calling Bell":73,"Black Star":78,"PureWater":0,"hubris:Potato":73}]},"card_choices":[{"not_picked":["FlyingSleeves","Crescendo"],"picked":"EmptyMind","floor":1},{"not_picked":["Consecrate","SandsOfTime","BattleHymn"],"picked":"SKIP","floor":2},{"not_picked":["SpiritShield","Wish","ConjureBlade"],"picked":"SKIP","floor":6},{"not_picked":["Devotion","MasterReality"],"picked":"Scrawl","floor":8},{"not_picked":["Evaluate","JustLucky","Collect"],"picked":"SKIP","floor":11},{"not_picked":["Protect","Alpha"],"picked":"FlurryOfBlows","floor":12},{"not_picked":["DeusExMachina","Judgement","Establishment"],"picked":"SKIP","floor":13},{"not_picked":["Alpha","Devotion"],"picked":"LessonLearned","floor":16},{"not_picked":["FollowUp","Halt","Nirvana"],"picked":"SKIP","floor":18},{"not_picked":["Halt","Vengeance","CrushJoints"],"picked":"SKIP","floor":20},{"not_picked":["PathToVictory+1","CutThroughFate+1"],"picked":"FlurryOfBlows+1","floor":21},{"not_picked":["Evaluate","TalkToTheHand","CrushJoints"],"picked":"SKIP","floor":22},{"not_picked":["Establishment","Ragnarok","DevaForm"],"picked":"SKIP","floor":23},{"not_picked":["SpiritShield","ConjureBlade","DeusExMachina"],"picked":"SKIP","floor":25},{"not_picked":["EmptyFist+1","Evaluate"],"picked":"ClearTheMind","floor":27},{"not_picked":["Blasphemy","Scrawl"],"picked":"Vault","floor":28},{"not_picked":["LessonLearned","Devotion","Blasphemy"],"picked":"SKIP","floor":29},{"not_picked":["BowlingBash","ClearTheMind"],"picked":"Crescendo","floor":31},{"not_picked":["Establishment","Alpha"],"picked":"Vault","floor":33},{"not_picked":["Evaluate","Fasting2+1"],"picked":"Tantrum+1","floor":35},{"not_picked":["CarveReality+1","SandsOfTime"],"picked":"EmptyBody","floor":36},{"not_picked":["FearNoEvil","JustLucky"],"picked":"Adaptation+1","floor":39},{"not_picked":["infinitespire:FinalStrike","infinitespire:Gouge"],"picked":"hubris:Rewind","floor":40},{"not_picked":["Establishment","DevaForm","SpiritShield"],"picked":"SKIP","floor":40},{"not_picked":["DevaForm","Omniscience"],"picked":"Vault","floor":42},{"not_picked":["FollowUp","Protect+1"],"picked":"EmptyFist+1","floor":46},{"not_picked":["Alpha+1","Judgement+1"],"picked":"Scrawl+1","floor":47}],"player_experience":987353,"relics_obtained":[{"floor":6,"key":"infinitespire:BottledMercury"},{"floor":8,"key":"Kunai"},{"floor":9,"key":"Smiling Mask"},{"floor":13,"key":"Lizard Tail"},{"floor":23,"key":"Pear"},{"floor":25,"key":"Tiny Chest"},{"floor":26,"key":"TeardropLocket"},{"floor":28,"key":"Ice Cream"},{"floor":29,"key":"Omamori"},{"floor":34,"key":"Damaru"},{"floor":34,"key":"hubris:DeckOfHolding"},{"floor":34,"key":"hubris:Potato"},{"floor":40,"key":"Akabeko"},{"floor":40,"key":"hubris:64BitClover"},{"floor":42,"key":"hubris:SphereOfDissonance"},{"floor":42,"key":"Regal Pillow"},{"floor":43,"key":"Happy Flower"},{"floor":47,"key":"Toxic Egg 2"},{"floor":47,"key":"MawBank"},{"floor":48,"key":"infinitespire:FocusingShard"}],"event_choices":[{"damage_healed":0,"gold_gain":75,"player_choice":"Gather Gold","damage_taken":11,"max_hp_gain":0,"max_hp_loss":0,"event_name":"World of Goop","floor":5,"gold_loss":0},{"cards_removed":["PathToVictory"],"damage_healed":0,"gold_gain":0,"player_choice":"Card Removal","damage_taken":0,"max_hp_gain":0,"max_hp_loss":0,"event_name":"The Cleric","floor":14,"gold_loss":50},{"damage_healed":0,"gold_gain":0,"player_choice":"Opened","damage_taken":0,"relics_obtained":["Darkstone Periapt"],"max_hp_gain":0,"max_hp_loss":0,"event_name":"The Mausoleum","floor":19,"gold_loss":0,"cards_obtained":["Writhe"]},{"damage_healed":0,"gold_gain":0,"player_choice":"Memory 1","damage_taken":0,"max_hp_gain":0,"max_hp_loss":0,"event_name":"SensoryStone","floor":44,"gold_loss":0}],"is_beta":false,"boss_relics":[{"not_picked":["Runic Dome","Philosopher\u0027s Stone"],"picked":"Sozu"},{"not_picked":["hubris:CrackedHourglass","Astrolabe"],"picked":"Calling Bell"}],"items_purged_floors":[3,24,37],"is_endless":true,"potions_floor_spawned":[1,2,12,21,23,25,28,33,36,39,46],"killed_by":"Time Eater","ascension_level":0}}