{"host":"qm4rv4rkpk76sbxu","time":1612106361,"event":{"mods":["BaseMod","Bestiary","Block Reminder","DeckTracker","Filter the Spire","Keyboard Shortcuts","Minty Spire (QoL Compilation)","MonsterHotkey","Quick Restart","Random Character Button","Relic Stats","Slay-I","StSLib","Unceasing Turn Reminder","ojb\u0027s Better Paths Mod","ojb\u0027s Info Mod"],"gold_per_floor":[109,259,279,296,296,296,331,331,331,331,331],"floor_reached":10,"language":"ENG","playtime":370,"items_purged":[],"score":132,"play_id":"c8e1b675-4b82-40c3-82ad-a8380f4afb06","local_time":"20210131161921","is_ascension_mode":true,"campfire_choices":[{"data":"Eviscerate","floor":6.0,"key":"SMITH"},{"data":"Terror","floor":8.0,"key":"SMITH"}],"circlet_count":0,"master_deck":["AscendersBane","Strike_G","Strike_G","Strike_G","Strike_G","Strike_G","Defend_G","Defend_G","Defend_G+1","Defend_G+1","Defend_G","Survivor","Neutralize","Eviscerate+1","Doubt","Masterful Stab","Pain","Terror+1"],"relics":["Ring of the Snake","NeowsBlessing","WarpedTongs","Meat on the Bone","War Paint"],"acts_visited":["Exordium"],"potions_floor_usage":[],"damage_taken":[{"damage":0.0,"enemies":"Small Slimes","floor":1.0,"turns":1.0},{"damage":0.0,"enemies":"2 Louse","floor":3.0,"turns":1.0},{"damage":0.0,"enemies":"Cultist","floor":4.0,"turns":1.0},{"damage":36.0,"enemies":"Lagavulin","floor":7.0,"turns":6.0},{"damage":38,"enemies":"Gremlin Nob","floor":10,"turns":3}],"seed_played":"1258850895209241050","potions_obtained":[{"floor":1.0,"key":"SneckoOil"},{"floor":4.0,"key":"DuplicationPotion"}],"is_trial":false,"path_per_floor":["M","?","M","M","?","R","E","R","T","E"],"character_chosen":"THE_SILENT","items_purchased":[],"campfire_rested":0,"item_purchase_floors":[],"current_hp_per_floor":[59,59,59,59,59,59,23,23,23,0,0],"gold":331,"neow_bonus":"THREE_ENEMY_KILL","is_daily":false,"chose_seed":false,"campfire_upgraded":2,"win_rate":0.0,"timestamp":1612106361,"path_taken":["M","?","M","M","?","R","E","R","T","E"],"items_purchased_type":[],"build_version":"2020-12-22","purchased_purges":0,"victory":false,"max_hp_per_floor":[66,66,66,66,66,66,66,66,66,66,66],"relic_stats":{"counters":[5,12],"War Paint":["Defend_G","Defend_G"],"obtain_stats":[{"NeowsBlessing":0,"War Paint":9,"Ring of the Snake":0,"WarpedTongs":5,"Meat on the Bone":7},{"NeowsBlessing":0,"War Paint":4,"Ring of the Snake":0,"WarpedTongs":3,"Meat on the Bone":4},{"NeowsBlessing":0,"War Paint":9,"Ring of the Snake":0,"WarpedTongs":3,"Meat on the Bone":9}],"Ring of the Snake":[10],"WarpedTongs":[9],"Meat on the Bone":0},"card_choices":[{"not_picked":["Prepared","Infinite Blades"],"picked":"Eviscerate","floor":1.0},{"not_picked":["Cloak And Dagger","PiercingWail","Blade Dance"],"picked":"SKIP","floor":3.0},{"not_picked":["Flechettes","Accuracy"],"picked":"Masterful Stab","floor":4.0},{"not_picked":["Distraction","Backflip"],"picked":"Terror","floor":7.0}],"player_experience":1452488,"relics_obtained":[{"floor":7.0,"key":"Meat on the Bone"},{"floor":9.0,"key":"War Paint"}],"event_choices":[{"damage_healed":0.0,"max_hp_gain":0.0,"max_hp_loss":0.0,"gold_gain":150.0,"event_name":"Liars Game","player_choice":"AGREE","floor":2.0,"gold_loss":0.0,"damage_taken":0.0,"cards_obtained":["Doubt"]},{"damage_healed":0.0,"max_hp_gain":0.0,"max_hp_loss":0.0,"gold_gain":0.0,"event_name":"Accursed Blacksmith","player_choice":"Rummage","floor":5.0,"gold_loss":0.0,"damage_taken":0.0,"relics_obtained":["WarpedTongs"],"cards_obtained":["Pain"]}],"is_beta":false,"boss_relics":[],"items_purged_floors":[],"is_endless":false,"potions_floor_spawned":[1,4],"killed_by":"Gremlin Nob","ascension_level":20}}