{"host":"d2y4rmbezebiv8aj","time":1612058714,"event":{"mods":["AchievementEnabler","BaseMod","Bestiary","BetterRewards","Colored Map","Colored Powertips","Custom Start","Highlight Path","Minty Spire (QoL Compilation)","Quick Restart","Rare Cards Sparkle","Relic Sorter","Relic Stats","Shop Mod","Slay-I","StSLib","SuperFastMode"],"gold_per_floor":[114,129,143,62,75,108,36,62,62,77,93,93,166,196,196,196,196],"floor_reached":16,"language":"DEU","playtime":1034,"items_purged":[],"score":168,"play_id":"75174606-2a84-4cbd-b355-c9f0c3f89398","local_time":"20210131030514","is_ascension_mode":true,"campfire_choices":[{"floor":15,"key":"REST"}],"circlet_count":0,"master_deck":["AscendersBane","Strike_G","Strike_G","Strike_G","Strike_G","Strike_G","Defend_G","Defend_G+1","Defend_G+1","Defend_G","Defend_G","Survivor","Neutralize","Blade Dance","Blade Dance","Masterful Stab","Dramatic Entrance","Quick Slash","Dodge and Roll","Infinite Blades","Deflect","Blur","Adrenaline","Injury"],"relics":["Ring of the Snake","NeowsBlessing","Potion Belt","War Paint","Happy Flower","Golden Idol","Sundial"],"acts_visited":["Exordium"],"potions_floor_usage":[6,6,16],"damage_taken":[{"damage":0.0,"enemies":"Cultist","floor":1.0,"turns":1.0},{"damage":0.0,"enemies":"Small Slimes","floor":2.0,"turns":1.0},{"damage":0.0,"enemies":"Jaw Worm","floor":3.0,"turns":1.0},{"damage":0.0,"enemies":"Blue Slaver","floor":5.0,"turns":3.0},{"damage":5,"enemies":"3 Sentries","floor":6,"turns":3},{"damage":34,"enemies":"Gremlin Nob","floor":8,"turns":5},{"damage":5,"enemies":"3 Louse","floor":10,"turns":3},{"damage":0,"enemies":"Gremlin Gang","floor":11,"turns":4},{"damage":45,"enemies":"Slime Boss","floor":16,"turns":9}],"seed_played":"6839527920786752184","potions_obtained":[{"floor":1.0,"key":"Strength Potion"},{"floor":3.0,"key":"SteroidPotion"},{"floor":10,"key":"FearPotion"},{"floor":11,"key":"Swift Potion"}],"is_trial":false,"path_per_floor":["M","M","M","$","M","E","$","E","T","M","M","?","T","?","R","B"],"character_chosen":"THE_SILENT","items_purchased":["Dramatic Entrance","Infinite Blades"],"campfire_rested":1,"item_purchase_floors":[4,7],"current_hp_per_floor":[63,63,63,63,63,58,58,24,24,19,19,19,19,19,40,0,0],"gold":196,"neow_bonus":"THREE_ENEMY_KILL","is_daily":false,"chose_seed":false,"campfire_upgraded":0,"win_rate":0.0,"timestamp":1612058714,"path_taken":["M","M","M","$","?","E","$","E","T","M","M","?","?","?","R","BOSS"],"items_purchased_type":["Card","Card"],"build_version":"2020-12-22","purchased_purges":0,"victory":false,"max_hp_per_floor":[70,70,70,70,70,70,70,70,70,70,70,70,70,70,70,70,70],"relic_stats":{"Happy Flower":[5],"counters":[9,30],"Golden Idol":0,"Sundial":[0],"War Paint":["Defend_G","Defend_G"],"obtain_stats":[{"Potion Belt":6,"NeowsBlessing":0,"Happy Flower":9,"Golden Idol":12,"Sundial":13,"War Paint":8,"Ring of the Snake":0},{"Potion Belt":5,"NeowsBlessing":0,"Happy Flower":6,"Golden Idol":8,"Sundial":8,"War Paint":6,"Ring of the Snake":0},{"Potion Belt":9,"NeowsBlessing":0,"Happy Flower":14,"Golden Idol":21,"Sundial":21,"War Paint":14,"Ring of the Snake":0}],"Ring of the Snake":[18]},"card_choices":[{"not_picked":["Terror","Calculated Gamble"],"picked":"Blade Dance","floor":1.0},{"not_picked":["Concentrate","Dodge and Roll"],"picked":"Blade Dance","floor":2.0},{"not_picked":["Quick Slash","Dagger Spray"],"picked":"Masterful Stab","floor":3.0},{"not_picked":["Concentrate","Eviscerate"],"picked":"Quick Slash","floor":5.0},{"not_picked":["Bane","Tactician"],"picked":"Dodge and Roll","floor":6},{"not_picked":["Prepared","Leg Sweep"],"picked":"Deflect","floor":8},{"not_picked":["Outmaneuver","Underhanded Strike"],"picked":"Blur","floor":10},{"not_picked":["Dodge and Roll","Quick Slash"],"picked":"Adrenaline","floor":11}],"player_experience":391205,"relics_obtained":[{"floor":6,"key":"Potion Belt"},{"floor":8,"key":"War Paint"},{"floor":9,"key":"Happy Flower"},{"floor":13,"key":"Sundial"}],"event_choices":[{"damage_healed":0,"gold_gain":0,"player_choice":"Take Wound","damage_taken":0,"relics_obtained":["Golden Idol"],"max_hp_gain":0,"max_hp_loss":0,"event_name":"Golden Idol","floor":12,"gold_loss":0,"cards_obtained":["Injury"]},{"damage_healed":0,"gold_gain":30,"player_choice":"Searched \u00271\u0027 times","damage_taken":0,"max_hp_gain":0,"max_hp_loss":0,"event_name":"Dead Adventurer","floor":14,"gold_loss":0}],"is_beta":false,"boss_relics":[],"items_purged_floors":[],"is_endless":false,"potions_floor_spawned":[1,3,10,11],"killed_by":"Slime Boss","ascension_level":10}}