{"host":"2se5dq1do2gp0x9k","time":1612062796,"event":{"mods":["AchievementEnabler","BaseMod","Block Reminder","Colored Map","Colored Powertips","Minty Spire (QoL Compilation)","Relic Stats","StSLib","SuperFastMode"],"gold_per_floor":[116,8,8,26,101,141,141,185,185,185,198,241,241,254,254,350,350,370,163,163,163],"floor_reached":20,"language":"ENG","playtime":566,"items_purged":[],"score":456,"play_id":"463dfece-6432-4b01-a5b0-78dc104fb2a4","local_time":"20210130191316","is_ascension_mode":true,"campfire_choices":[{"data":"Tantrum","floor":7,"key":"SMITH"},{"data":"CrushJoints","floor":10,"key":"SMITH"},{"data":"CutThroughFate","floor":15,"key":"SMITH"}],"circlet_count":0,"master_deck":["AscendersBane","Strike_P","Strike_P","Strike_P","Strike_P","Defend_P","Defend_P","Defend_P","Defend_P","Eruption","Vigilance","Vengeance","Tantrum+1","BowlingBash","CutThroughFate+1","CrushJoints+1","Fasting2","CarveReality","CutThroughFate","Prostrate","Vault","Evaluate+1","Adaptation","Prostrate","DeusExMachina","Halt","Evaluate"],"relics":["PureWater","NeowsBlessing","Golden Idol","Ornamental Fan","Damaru","Blue Candle","Eternal Feather","Philosopher\u0027s Stone","Orrery"],"acts_visited":["Exordium","TheCity"],"potions_floor_usage":[8,14,16],"damage_taken":[{"damage":0.0,"enemies":"2 Louse","floor":1.0,"turns":1.0},{"damage":0,"enemies":"Jaw Worm","floor":4,"turns":1},{"damage":0,"enemies":"Lagavulin","floor":6,"turns":1},{"damage":18,"enemies":"3 Sentries","floor":8,"turns":3},{"damage":2,"enemies":"Small Slimes","floor":11,"turns":2},{"damage":0,"enemies":"Lagavulin","floor":12,"turns":3},{"damage":0,"enemies":"2 Fungi Beasts","floor":14,"turns":2},{"damage":13,"enemies":"Hexaghost","floor":16,"turns":6},{"damage":22,"enemies":"2 Thieves","floor":18,"turns":3},{"damage":5,"enemies":"3 Byrds","floor":20,"turns":2}],"seed_played":"3165205539044094875","potions_obtained":[{"floor":1.0,"key":"LiquidBronze"},{"floor":4,"key":"Energy Potion"},{"floor":11,"key":"Weak Potion"}],"is_trial":false,"path_per_floor":["M","$","?","M","?","E","R","E","T","R","M","E","?","M","R","B",null,"M","$","M"],"character_chosen":"WATCHER","items_purchased":["Tantrum","BowlingBash","Adaptation","Orrery"],"campfire_rested":0,"item_purchase_floors":[2,2,19,19],"current_hp_per_floor":[61,61,61,61,50,50,50,32,32,32,30,30,30,30,42,29,54,32,32,27,27],"gold":163,"neow_bonus":"THREE_ENEMY_KILL","is_daily":false,"chose_seed":false,"campfire_upgraded":3,"win_rate":0.0,"timestamp":1612062796,"path_taken":["M","$","?","M","?","E","R","E","T","R","M","E","?","M","R","BOSS","M","$","M"],"items_purchased_type":["Card","Card","Card","Relic"],"build_version":"2020-12-22","purchased_purges":0,"victory":false,"max_hp_per_floor":[68,68,62,62,62,62,62,62,62,62,62,62,62,62,62,62,62,62,62,62,62],"relic_stats":{"counters":[10,24],"Golden Idol":59,"Ornamental Fan":[40],"Blue Candle":[0],"Eternal Feather":12,"obtain_stats":[{"NeowsBlessing":0,"Golden Idol":3,"Ornamental Fan":6,"Blue Candle":9,"Damaru":8,"Orrery":19,"Eternal Feather":12,"Philosopher\u0027s Stone":17,"PureWater":0},{"NeowsBlessing":0,"Golden Idol":1,"Ornamental Fan":3,"Blue Candle":4,"Damaru":4,"Orrery":9,"Eternal Feather":6,"Philosopher\u0027s Stone":8,"PureWater":0},{"NeowsBlessing":0,"Golden Idol":1,"Ornamental Fan":3,"Blue Candle":6,"Damaru":6,"Orrery":22,"Eternal Feather":11,"Philosopher\u0027s Stone":19,"PureWater":0}]},"card_choices":[{"not_picked":["LikeWater","Crescendo"],"picked":"Vengeance","floor":1.0},{"not_picked":["Protect","Crescendo"],"picked":"CutThroughFate","floor":4},{"not_picked":["Devotion","FlyingSleeves"],"picked":"CrushJoints","floor":6},{"not_picked":["BattleHymn","SashWhip"],"picked":"Fasting2","floor":8},{"not_picked":["Protect","Evaluate"],"picked":"CarveReality","floor":11},{"not_picked":["Sanctity","Nirvana"],"picked":"CutThroughFate","floor":12},{"not_picked":["Evaluate","Weave"],"picked":"Prostrate","floor":14},{"not_picked":["DeusExMachina","Omniscience"],"picked":"Vault","floor":16},{"not_picked":["LikeWater","Wireheading"],"picked":"Evaluate+1","floor":18},{"not_picked":["EmptyFist","Halt"],"picked":"Prostrate","floor":19},{"not_picked":["ClearTheMind+1","SignatureMove"],"picked":"DeusExMachina","floor":19},{"not_picked":["JustLucky","LikeWater"],"picked":"Halt","floor":19},{"not_picked":["JustLucky","FlurryOfBlows"],"picked":"Evaluate","floor":19}],"player_experience":4007630,"relics_obtained":[{"floor":6,"key":"Ornamental Fan"},{"floor":8,"key":"Damaru"},{"floor":9,"key":"Blue Candle"},{"floor":12,"key":"Eternal Feather"}],"event_choices":[{"damage_healed":0,"gold_gain":0,"player_choice":"Lose Max HP","damage_taken":0,"relics_obtained":["Golden Idol"],"max_hp_gain":0,"max_hp_loss":6,"event_name":"Golden Idol","floor":3,"gold_loss":0},{"damage_healed":0,"gold_gain":75,"player_choice":"Gather Gold","damage_taken":11,"max_hp_gain":0,"max_hp_loss":0,"event_name":"World of Goop","floor":5,"gold_loss":0},{"damage_healed":0,"gold_gain":0,"player_choice":"Ignored","damage_taken":0,"max_hp_gain":0,"max_hp_loss":0,"event_name":"Liars Game","floor":13,"gold_loss":0}],"is_beta":false,"boss_relics":[{"not_picked":["Fusion Hammer","Ectoplasm"],"picked":"Philosopher\u0027s Stone"}],"items_purged_floors":[],"is_endless":false,"potions_floor_spawned":[1,4,11],"killed_by":"3 Byrds","ascension_level":18}}