{"host":"6xsbn6ynqlzwllfm","time":1612060444,"event":{"mods":["2.2 Compatiblity","BaseMod","Bestiary","Colored Map","Colored Powertips","Curses Come First","Highlight Path","Keyboard Shortcuts","Minty Spire (QoL Compilation)","Relic Stats","Slay the Relics Exporter","StSLib","SuperFastMode"],"gold_per_floor":[112,130,148,148,73,73,98,98,98,126,276,289,300,27,27,104,104,123,123,141,157,168,168,202,202,202,202,222,222,234,59,59,137,137,155,155,174,174,174],"floor_reached":38,"language":"ENG","playtime":1169,"items_purged":["Doubt"],"score":887,"play_id":"e433d638-2ebc-4ce3-97a6-1efb3f49346b","local_time":"20210130213404","is_ascension_mode":true,"campfire_choices":[{"floor":6.0,"key":"REST"},{"data":"Ragnarok","floor":8.0,"key":"SMITH"},{"data":"Fasting2","floor":15.0,"key":"SMITH"},{"floor":23.0,"key":"REST"},{"floor":25,"key":"REST"},{"data":"Devotion","floor":27,"key":"SMITH"},{"floor":29,"key":"REST"},{"floor":32,"key":"REST"}],"circlet_count":0,"master_deck":["AscendersBane","Strike_P","Strike_P","Strike_P","Defend_P","Defend_P","Defend_P","Defend_P","Eruption","Vigilance","CarveReality","BowlingBash","ReachHeaven","Ragnarok+1","Protect+1","LikeWater","CarveReality","Fasting2+1","Devotion+1","Conclude","Evaluate+1","Wallop","Pray+1","DevaForm","DeusExMachina+1","LikeWater","TalkToTheHand+1","Wish+1","Omniscience+1","Pain"],"relics":["HolyWater","Dream Catcher","Blue Candle","Mango","StrikeDummy","Toxic Egg 2","Membership Card","Boot","Question Card","Bag of Preparation","Bottled Tornado","Black Star","WarpedTongs"],"acts_visited":["Exordium","TheCity","TheBeyond"],"potions_floor_usage":[24,33,38],"damage_taken":[{"damage":9.0,"enemies":"Cultist","floor":1.0,"turns":5.0},{"damage":2.0,"enemies":"Jaw Worm","floor":2.0,"turns":5.0},{"damage":0.0,"enemies":"Small Slimes","floor":3.0,"turns":2.0},{"damage":4.0,"enemies":"3 Sentries","floor":7.0,"turns":3.0},{"damage":0.0,"enemies":"Lagavulin","floor":10.0,"turns":4.0},{"damage":1.0,"enemies":"Looter","floor":12.0,"turns":5.0},{"damage":0.0,"enemies":"Large Slime","floor":13.0,"turns":5.0},{"damage":40.0,"enemies":"The Guardian","floor":16.0,"turns":12.0},{"damage":13.0,"enemies":"3 Byrds","floor":18.0,"turns":6.0},{"damage":28.0,"enemies":"Chosen","floor":20.0,"turns":5.0},{"damage":0.0,"enemies":"Snecko","floor":21.0,"turns":2.0},{"damage":14.0,"enemies":"3 Cultists","floor":22.0,"turns":4.0},{"damage":16,"enemies":"Gremlin Leader","floor":24,"turns":4},{"damage":43,"enemies":"Shelled Parasite and Fungi","floor":28,"turns":5},{"damage":1,"enemies":"Centurion and Healer","floor":30,"turns":6},{"damage":11,"enemies":"Champ","floor":33,"turns":7},{"damage":24,"enemies":"3 Shapes","floor":35,"turns":3},{"damage":33,"enemies":"Orb Walker","floor":37,"turns":5},{"damage":51,"enemies":"Transient","floor":38,"turns":2}],"seed_played":"-4435300269402354454","potions_obtained":[{"floor":1.0,"key":"EntropicBrew"},{"floor":2.0,"key":"Ancient Potion"},{"floor":3.0,"key":"FearPotion"},{"floor":21.0,"key":"GamblersBrew"},{"floor":22.0,"key":"SpeedPotion"},{"floor":30,"key":"CultistPotion"},{"floor":37,"key":"LiquidMemories"}],"is_trial":false,"path_per_floor":["M","M","M","?","?","R","E","R","T","E","?","M","M","$","R","B",null,"M","?","M","M","M","R","E","R","T","R","M","R","M","$","R","B",null,"M","?","M","M"],"character_chosen":"WATCHER","items_purchased":["Membership Card","Vengeance+1","CarveReality","Fasting2","Bottled Tornado"],"campfire_rested":5,"item_purchase_floors":[14,14,14,14,31],"current_hp_per_floor":[57,55,55,29,29,50,60,60,60,60,60,59,59,59,59,19,70,57,57,29,29,15,41,25,51,51,51,8,34,33,33,59,48,77,53,53,20,0,0],"gold":174,"neow_bonus":"RANDOM_COMMON_RELIC","is_daily":false,"chose_seed":false,"campfire_upgraded":3,"win_rate":0.0,"timestamp":1612060444,"path_taken":["M","?","M","?","?","R","E","R","T","E","?","M","M","$","R","BOSS","M","?","?","?","M","R","E","R","T","R","M","R","M","$","R","BOSS","M","?","M","?"],"items_purchased_type":["Relic","Card","Card","Card","Relic"],"build_version":"2020-12-22","purchased_purges":1,"victory":false,"max_hp_per_floor":[73,73,73,73,73,73,87,87,87,87,87,87,87,87,87,87,87,87,87,87,87,87,87,87,87,87,87,87,87,87,87,87,87,87,87,87,87,87,87],"relic_stats":{"Dream Catcher":5,"counters":[19,90],"Blue Candle":[9],"Bag of Preparation":[10],"Black Star":0,"Boot":[12],"Question Card":8,"obtain_stats":[{"Blue Candle":4,"Mango":7,"Bag of Preparation":26,"Bottled Tornado":31,"Boot":19,"Question Card":24,"WarpedTongs":36,"Dream Catcher":0,"HolyWater":17,"Black Star":34,"Membership Card":14,"PureWater":0,"Toxic Egg 2":10,"StrikeDummy":9},{"Blue Candle":3,"Mango":4,"Bag of Preparation":13,"Bottled Tornado":15,"Boot":9,"Question Card":13,"WarpedTongs":17,"Dream Catcher":0,"HolyWater":8,"Black Star":16,"Membership Card":7,"PureWater":0,"Toxic Egg 2":5,"StrikeDummy":4},{"Blue Candle":12,"Mango":15,"Bag of Preparation":62,"Bottled Tornado":73,"Boot":47,"Question Card":62,"WarpedTongs":83,"Dream Catcher":0,"HolyWater":41,"Black Star":80,"Membership Card":29,"PureWater":0,"Toxic Egg 2":19,"StrikeDummy":15}],"WarpedTongs":[7]},"card_choices":[{"not_picked":["PathToVictory","EmptyFist"],"picked":"CarveReality","floor":1.0},{"not_picked":["ClearTheMind","Crescendo"],"picked":"BowlingBash","floor":2.0},{"not_picked":["FollowUp","SashWhip"],"picked":"ReachHeaven","floor":6.0},{"not_picked":["Worship","EmptyFist"],"picked":"Ragnarok","floor":7.0},{"not_picked":["FollowUp","Crescendo+1"],"picked":"Protect+1","floor":10.0},{"not_picked":["Alpha+1","WindmillStrike"],"picked":"LikeWater","floor":13.0},{"not_picked":["Scrawl+1","ConjureBlade+1"],"picked":"Devotion","floor":16.0},{"not_picked":["Study","EmptyMind+1"],"picked":"Conclude","floor":18.0},{"not_picked":["WindmillStrike","FlurryOfBlows+1"],"picked":"Evaluate+1","floor":20.0},{"not_picked":["BowlingBash","Tantrum"],"picked":"Wallop","floor":21.0},{"not_picked":["BowlingBash","FearNoEvil"],"picked":"Pray+1","floor":22.0},{"not_picked":["FollowUp+1","CutThroughFate"],"picked":"DevaForm","floor":23.0},{"not_picked":["Crescendo+1","Nirvana"],"picked":"DeusExMachina+1","floor":24},{"not_picked":["Vengeance+1","Protect+1","Perseverance+1"],"picked":"LikeWater","floor":25},{"not_picked":["WaveOfTheHand+1","JustLucky","ClearTheMind+1"],"picked":"TalkToTheHand+1","floor":29},{"not_picked":["EmptyFist","FlurryOfBlows+1","BattleHymn"],"picked":"Wish+1","floor":30},{"not_picked":["DeusExMachina+1","LessonLearned","MasterReality"],"picked":"Omniscience+1","floor":33}],"player_experience":1315242,"relics_obtained":[{"floor":7.0,"key":"Mango"},{"floor":9.0,"key":"StrikeDummy"},{"floor":10.0,"key":"Toxic Egg 2"},{"floor":24,"key":"Question Card"},{"floor":26,"key":"Bag of Preparation"}],"event_choices":[{"damage_healed":0.0,"max_hp_gain":0.0,"max_hp_loss":0.0,"gold_gain":0.0,"event_name":"Scrap Ooze","player_choice":"Success","floor":4.0,"gold_loss":0.0,"damage_taken":26.0,"relics_obtained":["Blue Candle"]},{"cards_removed":["Strike_P"],"damage_healed":0.0,"max_hp_gain":0.0,"max_hp_loss":0.0,"gold_gain":0.0,"event_name":"The Cleric","player_choice":"Card Removal","floor":5.0,"gold_loss":75.0,"damage_taken":0.0},{"damage_healed":0.0,"max_hp_gain":0.0,"max_hp_loss":0.0,"gold_gain":150.0,"event_name":"Liars Game","player_choice":"AGREE","floor":11.0,"gold_loss":0.0,"damage_taken":0.0,"cards_obtained":["Doubt"]},{"cards_removed":["Vengeance"],"damage_healed":0.0,"max_hp_gain":0.0,"max_hp_loss":0.0,"gold_gain":0.0,"event_name":"WeMeetAgain","player_choice":"Gave Card","floor":19.0,"gold_loss":0.0,"damage_taken":0.0,"relics_obtained":["Boot"]},{"damage_healed":0,"gold_gain":0,"player_choice":"Rummage","damage_taken":0,"relics_obtained":["WarpedTongs"],"max_hp_gain":0,"max_hp_loss":0,"event_name":"Accursed Blacksmith","floor":36,"gold_loss":0,"cards_obtained":["Pain"]}],"is_beta":false,"boss_relics":[{"not_picked":["Velvet Choker","Coffee Dripper"],"picked":"HolyWater"},{"not_picked":["Snecko Eye","Astrolabe"],"picked":"Black Star"}],"items_purged_floors":[31],"is_endless":false,"potions_floor_spawned":[1,2,3,21,22,30,37],"killed_by":"Transient","ascension_level":20}}