{"host":"vyiqbz5w606ur92t","time":1612127604,"event":{"mods":["BaseMod","Downfall","Minty Spire (QoL Compilation)","StSLib"],"gold_per_floor":[99,116,216,229,240,269,269,269,299,299,310,343,343,377,389,489,489,389,402,402,422,448,481,481,500,533,549,568,601,613,145,163,163,163,163],"floor_reached":33,"language":"ENG","playtime":4800,"items_purged":["downfall:Malfunctioning"],"score":428,"play_id":"57d9fa31-9d6a-46dc-bc68-ce79641eb152","local_time":"20210131211324","is_ascension_mode":true,"campfire_choices":[{"data":"hexamod:Float","floor":1,"key":"SMITH"},{"data":"hexamod:ApocalypseNow","floor":8,"key":"SMITH"},{"floor":13,"key":"REST"},{"data":"hexamod:TimeWarp","floor":18,"key":"SMITH"}],"circlet_count":0,"master_deck":["hexamod:Strike","hexamod:Strike","hexamod:Defend+1","hexamod:Defend+1","hexamod:Defend","hexamod:Sear","hexamod:Float+1","hexamod:ApocalypseNow+1","hexamod:ShieldOfDarkness","hexamod:DynamicBlow","hexamod:Haunt","hexamod:RadiantFlame","hexamod:ThermalTransfer","hexamod:HeatMetal","hexamod:NightmareGuise","downfall:Icky","hexamod:EmpoweredFlame","hexamod:RainOfEmbers","hexamod:AdvancingGuard","hexamod:ApocalypseNow","hexamod:SuperheatedStrike","hexamod:TimeWarp+1","hexamod:SwordOfDarkness","hexamod:SuperheatedStrike","Parasite","hexamod:FastForward+1","hexamod:VolcanoVisage","hexamod:Incineration","hexamod:StepThrough","hexamod:TimeWarp","hexamod:NightmareStrike+1","hexamod:SpectersWail+1","hexamod:GhostOfSpireFuture","hexamod:SearingWound"],"relics":["hexamod:SpiritBrand","Shuriken","Tiny Chest","White Beast Statue","hexamod:MatchstickCase","Singing Bowl","Cursed Key","downfall:HeartBlessingGreen","Kunai","TungstenRod","Mummified Hand","Juzu Bracelet","War Paint","Frozen Eye"],"acts_visited":["Exordium","TheCity"],"potions_floor_usage":[12,12,15,16,16,26,26,26,26,27,29,30,30,30,30,30,32,32,32,33],"damage_taken":[{"damage":0,"enemies":"Jaw Worm","floor":2,"turns":3},{"damage":0,"enemies":"Small Slimes","floor":4,"turns":3},{"damage":0,"enemies":"Cultist","floor":5,"turns":4},{"damage":16,"enemies":"Gremlin Nob","floor":6,"turns":4},{"damage":4,"enemies":"Lagavulin","floor":9,"turns":6},{"damage":11,"enemies":"3 Louse","floor":11,"turns":3},{"damage":7,"enemies":"3 Sentries","floor":12,"turns":8},{"damage":24,"enemies":"Gremlin Nob","floor":14,"turns":5},{"damage":4,"enemies":"Gremlin Gang","floor":15,"turns":4},{"damage":0,"enemies":"WA_ARCHETYPE_RETAIN","floor":16,"turns":5},{"damage":9,"enemies":"Spheric Guardian","floor":19,"turns":4},{"damage":0,"enemies":"Snake Plant","floor":21,"turns":3},{"damage":7,"enemies":"Book of Stabbing","floor":23,"turns":3},{"damage":13,"enemies":"Shelled Parasite and Fungi","floor":25,"turns":4},{"damage":8,"enemies":"Gremlin Leader","floor":26,"turns":7},{"damage":1,"enemies":"3 Cultists","floor":27,"turns":5},{"damage":0,"enemies":"Cultist and Chosen","floor":28,"turns":4},{"damage":16,"enemies":"Slavers","floor":29,"turns":5},{"damage":0,"enemies":"Snecko","floor":30,"turns":3},{"damage":0,"enemies":"downfall:FleeingMerchant","floor":31,"turns":4},{"damage":16,"enemies":"Snake Plant","floor":32,"turns":2},{"damage":7,"enemies":"SI_MIRROR_ARCHETYPE","floor":33,"turns":4}],"seed_played":"5709008450910583894","potions_obtained":[{"floor":4,"key":"bronze:BurnAndBuffPotion"},{"floor":9,"key":"DuplicationPotion"},{"floor":11,"key":"SteroidPotion"},{"floor":12,"key":"Block Potion"},{"floor":14,"key":"Energy Potion"},{"floor":15,"key":"EssenceOfSteel"},{"floor":16,"key":"bronze:BurnAndBuffPotion"},{"floor":19,"key":"hexamod:SoulburnPotion"},{"floor":20,"key":"SkillPotion"},{"floor":20,"key":"Weak Potion"},{"floor":21,"key":"DistilledChaos"},{"floor":25,"key":"EntropicBrew"},{"floor":26,"key":"LiquidMemories"},{"floor":27,"key":"SpeedPotion"},{"floor":28,"key":"SkillPotion"},{"floor":29,"key":"SpeedPotion"},{"floor":30,"key":"ColorlessPotion"},{"floor":31,"key":"Regen Potion"},{"floor":32,"key":"BlessingOfTheForge"}],"is_trial":false,"path_per_floor":["R","M","?","M","M","E","T","R","E","?","M","E","R","E","M","B",null,"R","M","?","M","T","E","T","M","E","M","M","E","M","$","M","B"],"character_chosen":"THE_SPIRIT","items_purchased":["War Paint","Frozen Eye","hexamod:GhostOfSpireFuture"],"campfire_rested":1,"item_purchase_floors":[31,31,31],"current_hp_per_floor":[70,70,70,70,70,54,54,54,50,50,39,32,53,29,25,25,70,70,63,63,63,63,56,56,43,35,34,34,18,18,18,7,0,0,0],"gold":163,"neow_bonus":"ONE_RANDOM_RARE_CARD","is_daily":false,"chose_seed":false,"campfire_upgraded":3,"win_rate":0.0,"timestamp":1612127604,"path_taken":["R","M","?","M","M","E","T","R","E","?","?","E","R","E","M","BOSS","R","M","?","M","?","E","T","?","E","M","M","E","M","$","M","BOSS"],"items_purchased_type":["Relic","Relic","Card"],"build_version":"2020-12-22","purchased_purges":1,"victory":false,"max_hp_per_floor":[70,70,70,70,70,70,70,70,70,70,70,70,70,70,70,70,70,70,72,72,72,72,72,72,72,72,72,72,72,72,72,72,72,72,72],"card_choices":[{"not_picked":["hexamod:SwordOfDarkness","hexamod:HeatShield"],"picked":"hexamod:ShieldOfDarkness","floor":2},{"not_picked":["hexamod:SpectersWail","hexamod:GhostflameBarrier"],"picked":"hexamod:DynamicBlow","floor":4},{"not_picked":["hexamod:FastForward","hexamod:NightmareGuise"],"picked":"hexamod:Haunt","floor":5},{"not_picked":["hexamod:PowerFromBeyond","hexamod:SpectersWail"],"picked":"hexamod:RadiantFlame","floor":6},{"not_picked":["hexamod:HauntingEcho","hexamod:FlamesFromBeyond"],"picked":"hexamod:ThermalTransfer","floor":9},{"not_picked":["hexamod:SuperheatedStrike","hexamod:SwordOfDarkness"],"picked":"hexamod:RainOfEmbers","floor":11},{"not_picked":["hexamod:ShieldOfDarkness","hexamod:SuperheatedStrike"],"picked":"hexamod:AdvancingGuard","floor":12},{"not_picked":["hexamod:Incineration","hexamod:NightmareStrike"],"picked":"hexamod:ApocalypseNow","floor":14},{"not_picked":["hexamod:SpectralAdrenaline","hexamod:PhantomCloak"],"picked":"hexamod:SuperheatedStrike","floor":15},{"not_picked":["hexamod:SearingWound","hexamod:Toasty"],"picked":"hexamod:TimeWarp","floor":16},{"not_picked":["hexamod:NightmareGuise","hexamod:AdvancingGuard","hexamod:SwordOfDarkness"],"picked":"Singing Bowl","floor":19},{"not_picked":["hexamod:FastForward","hexamod:GhostLash"],"picked":"hexamod:SwordOfDarkness","floor":21},{"not_picked":["hexamod:PowerFromBeyond","hexamod:SpectralSpark"],"picked":"hexamod:SuperheatedStrike","floor":23},{"not_picked":["hexamod:BacktrackSmack","hexamod:DynamicBlow"],"picked":"hexamod:FastForward+1","floor":25},{"not_picked":["hexamod:SuperheatedStrike","hexamod:StepThrough"],"picked":"hexamod:VolcanoVisage","floor":26},{"not_picked":["hexamod:HeatMetal","hexamod:SuperheatedStrike+1"],"picked":"hexamod:Incineration","floor":27},{"not_picked":["hexamod:HeatMetal","hexamod:SwordOfDarkness+1"],"picked":"hexamod:StepThrough","floor":28},{"not_picked":["hexamod:GhostflameInferno","hexamod:FastForward+1"],"picked":"hexamod:TimeWarp","floor":29},{"not_picked":["hexamod:BacktrackSmack","hexamod:NightmareGuise"],"picked":"hexamod:NightmareStrike+1","floor":30},{"not_picked":["hexamod:GhostOfSpirePast","hexamod:HeatMetal"],"picked":"hexamod:SpectersWail+1","floor":31},{"not_picked":["hexamod:InspiringFlames+1","hexamod:EtherealExpedition"],"picked":"hexamod:SearingWound","floor":32}],"player_experience":1306883,"relics_obtained":[{"floor":6,"key":"Shuriken"},{"floor":7,"key":"Tiny Chest"},{"floor":9,"key":"White Beast Statue"},{"floor":12,"key":"hexamod:MatchstickCase"},{"floor":14,"key":"Singing Bowl"},{"floor":23,"key":"Kunai"},{"floor":24,"key":"TungstenRod"},{"floor":26,"key":"Mummified Hand"},{"floor":29,"key":"Juzu Bracelet"}],"event_choices":[{"damage_healed":0,"gold_gain":0,"player_choice":"Got Potions","damage_taken":0,"max_hp_gain":0,"max_hp_loss":0,"event_name":"Lab","floor":20,"gold_loss":0}],"is_beta":false,"boss_relics":[{"not_picked":["Calling Bell","hexamod:UnbrokenSoul"],"picked":"Cursed Key"}],"items_purged_floors":[31],"is_endless":false,"potions_floor_spawned":[4,9,11,12,14,15,16,19,21,23,25,26,27,28,29,30,31,32],"killed_by":"SI_MIRROR_ARCHETYPE","ascension_level":2}}