{"host":"osk2oboccoevp2u5","time":1612065315,"event":{"mods":["AchievementEnabler","Alarm Clock","BaseMod","Colored Powertips","Disable Question Mark Monsters","Displayed Cursed Tome","Hermit","Key Reminder","Minty Spire (QoL Compilation)","Potion Indicator Mod","Quick Restart","Rare Cards Sparkle","Reorder Act Four","StSLib","Useless Jewels Mod"],"gold_per_floor":[112,112,112,112,129,129,144,154,154,165,183,183,218,231,231,334,334,348,365,290,290,303,303,317,317,372,406,418,442,452,472,472,577,577,597,5,16,41,41,41,68,80,80,139,163,163,191,218,218,225],"floor_reached":51,"language":"ENG","playtime":3597,"items_purged":[],"score":946,"play_id":"2203c985-8cae-44fd-a9e2-41077498f8a1","local_time":"20210130235515","is_ascension_mode":true,"campfire_choices":[{"data":"hermit:Snapshot","floor":6.0,"key":"SMITH"},{"floor":12.0,"key":"REST"},{"floor":15.0,"key":"REST"},{"floor":23.0,"key":"REST"},{"data":"hermit:Scavenge","floor":25.0,"key":"SMITH"},{"floor":32.0,"key":"REST"},{"floor":40.0,"key":"REST"},{"floor":46.0,"key":"REST"},{"floor":49.0,"key":"REST"}],"circlet_count":0,"master_deck":["hermit:Strike_Hermit","hermit:Strike_Hermit","hermit:Strike_Hermit","hermit:Defend_Hermit","hermit:Defend_Hermit","hermit:Snapshot+1","hermit:Covet+1","hermit:Horror","hermit:Horror","hermit:Showdown","hermit:Showdown","hermit:Enervate","CurseOfTheBell","hermit:Manifest+1","hermit:FinalCanter","hermit:CursedWeapon","hermit:Quickdraw","hermit:Scavenge+1","hermit:FullyLoaded+1","hermit:PistolWhip","hermit:HighNoon","Panache","hermit:PistolWhip","PanicButton","hermit:Glare","hermit:Maintenance","hermit:Brawl+1","hermit:FlashPowder","hermit:CalledShot+1","hermit:WideOpen+1","hermit:Manifest+1"],"relics":["hermit:Momento","StrikeDummy","Gremlin Horn","Calling Bell","Omamori","White Beast Statue","Du-Vu Doll","Strawberry","Red Mask","hermit:BartenderGlass","Toy Ornithopter","Membership Card","Mercury Hourglass","Ice Cream","MealTicket","keyreminder:keyreminder"],"acts_visited":["Exordium","TheCity","TheBeyond"],"potions_floor_usage":[50,50,50],"damage_taken":[{"damage":0.0,"enemies":"Small Slimes","floor":1.0,"turns":3.0},{"damage":0.0,"enemies":"2 Louse","floor":5.0,"turns":2.0},{"damage":0.0,"enemies":"Jaw Worm","floor":7.0,"turns":3.0},{"damage":10.0,"enemies":"Large Slime","floor":8.0,"turns":6.0},{"damage":3.0,"enemies":"Blue Slaver","floor":10.0,"turns":3.0},{"damage":9.0,"enemies":"Red Slaver","floor":11.0,"turns":3.0},{"damage":24.0,"enemies":"Gremlin Nob","floor":13.0,"turns":4.0},{"damage":6.0,"enemies":"Exordium Wildlife","floor":14.0,"turns":3.0},{"damage":0.0,"enemies":"Slime Boss","floor":16.0,"turns":6.0},{"damage":19.0,"enemies":"Spheric Guardian","floor":18.0,"turns":4.0},{"damage":0.0,"enemies":"Chosen","floor":19.0,"turns":4.0},{"damage":14.0,"enemies":"Snake Plant","floor":22.0,"turns":3.0},{"damage":22.0,"enemies":"Chosen and Byrds","floor":24.0,"turns":5.0},{"damage":16.0,"enemies":"Masked Bandits","floor":27.0,"turns":3.0},{"damage":22.0,"enemies":"Centurion and Healer","floor":28.0,"turns":4.0},{"damage":10.0,"enemies":"Cultist and Chosen","floor":29.0,"turns":3.0},{"damage":23.0,"enemies":"Snecko","floor":30.0,"turns":5.0},{"damage":10.0,"enemies":"3 Cultists","floor":31.0,"turns":4.0},{"damage":104.0,"enemies":"Collector","floor":33.0,"turns":8.0},{"damage":11.0,"enemies":"Orb Walker","floor":35.0,"turns":4.0},{"damage":35.0,"enemies":"3 Darklings","floor":37.0,"turns":4.0},{"damage":33.0,"enemies":"Writhing Mass","floor":38.0,"turns":5.0},{"damage":54.0,"enemies":"Sphere and 2 Shapes","floor":41.0,"turns":5.0},{"damage":3.0,"enemies":"Spire Growth","floor":42.0,"turns":3.0},{"damage":27.0,"enemies":"2 Orb Walkers","floor":44.0,"turns":4.0},{"damage":37.0,"enemies":"Transient","floor":45.0,"turns":5.0},{"damage":10.0,"enemies":"Reptomancer","floor":47.0,"turns":3.0},{"damage":24.0,"enemies":"Sphere and 2 Shapes","floor":48.0,"turns":4.0},{"damage":112,"enemies":"Donu and Deca","floor":50,"turns":12}],"seed_played":"5696092375117453376","potions_obtained":[{"floor":5.0,"key":"Weak Potion"},{"floor":8.0,"key":"Fruit Juice"},{"floor":10.0,"key":"Explosive Potion"},{"floor":14.0,"key":"Block Potion"},{"floor":16.0,"key":"Energy Potion"},{"floor":18.0,"key":"EntropicBrew"},{"floor":19.0,"key":"Block Potion"},{"floor":22.0,"key":"Regen Potion"},{"floor":24.0,"key":"PowerPotion"},{"floor":27.0,"key":"SpeedPotion"},{"floor":28.0,"key":"hermit:Tonic"},{"floor":29.0,"key":"AttackPotion"},{"floor":30.0,"key":"Strength Potion"},{"floor":31.0,"key":"DistilledChaos"},{"floor":33.0,"key":"hermit:Tonic"},{"floor":35.0,"key":"Fire Potion"},{"floor":37.0,"key":"GamblersBrew"},{"floor":38.0,"key":"Block Potion"},{"floor":41.0,"key":"Block Potion"},{"floor":42.0,"key":"LiquidBronze"},{"floor":44.0,"key":"AttackPotion"},{"floor":45.0,"key":"Swift Potion"},{"floor":47.0,"key":"Swift Potion"},{"floor":48.0,"key":"Explosive Potion"}],"is_trial":false,"path_per_floor":["M","?","?","?","M","R","M","M","T","M","M","R","E","M","R","B",null,"M","M","?","?","M","R","M","R","T","?","M","M","M","M","R","B",null,"M","$","M","M","?","R","M","M","T","?","M","R","E","M","R","B",null],"character_chosen":"HERMIT","items_purchased":["Toy Ornithopter","Regen Potion","Membership Card","Panache","hermit:PistolWhip","PanicButton","hermit:Misfire","hermit:Glare"],"campfire_rested":7,"item_purchase_floors":[36,36,36,36,36,36,36,36],"current_hp_per_floor":[75,68,73,73,73,73,73,68,68,65,56,83,59,53,80,80,89,70,70,70,70,56,83,75,75,82,66,44,34,11,1,30,21,80,69,69,66,48,48,77,38,50,50,38,16,45,40,36,65,60],"gold":225,"neow_bonus":"TEN_PERCENT_HP_BONUS","is_daily":false,"chose_seed":false,"campfire_upgraded":2,"win_rate":0.0,"timestamp":1612065315,"path_taken":["M","?","?","?","M","R","M","?","T","M","M","R","E","M","R","BOSS","M","M","?","?","M","R","?","R","T","?","M","M","M","M","R","BOSS","M","$","M","M","?","R","M","M","T","?","M","R","E","M","R","BOSS"],"items_purchased_type":["Relic","Potion","Relic","Card","Card","Card","Card","Card"],"build_version":"2020-12-22","purchased_purges":0,"victory":true,"max_hp_per_floor":[82,82,87,87,87,87,87,92,92,92,92,92,92,92,92,92,92,92,92,92,92,92,92,92,92,99,99,99,99,99,99,99,99,99,99,99,99,99,99,99,99,99,99,99,99,99,99,99,99,99],"card_choices":[{"not_picked":["hermit:CalledShot","hermit:Manifest","hermit:HighCaliber"],"picked":"SKIP","floor":1.0},{"not_picked":["hermit:LoneWolf","hermit:TakeCover","hermit:Snipe"],"picked":"SKIP","floor":5.0},{"not_picked":["hermit:Spite","hermit:Glare"],"picked":"hermit:Horror","floor":7.0},{"not_picked":["hermit:CalledShot","hermit:TrackingShot"],"picked":"hermit:Horror","floor":8.0},{"not_picked":["hermit:Quickdraw","hermit:Manifest"],"picked":"hermit:Showdown","floor":10.0},{"not_picked":["hermit:Manifest","hermit:Quickdraw"],"picked":"hermit:Showdown","floor":11.0},{"not_picked":["hermit:TakeAim","hermit:Roughhouse","hermit:FlashPowder"],"picked":"SKIP","floor":13.0},{"not_picked":["hermit:Coalescence","hermit:WideOpen"],"picked":"hermit:Enervate","floor":14.0},{"not_picked":["hermit:Brawl","hermit:Virtue"],"picked":"hermit:Manifest+1","floor":18.0},{"not_picked":["hermit:Feint","hermit:Combo"],"picked":"hermit:FinalCanter","floor":19.0},{"not_picked":["hermit:Gestalt","hermit:Roulette"],"picked":"hermit:Quickdraw","floor":22.0},{"not_picked":["hermit:Headshot","hermit:Vantage"],"picked":"hermit:Scavenge","floor":24.0},{"not_picked":["hermit:WideOpen+1","hermit:CursedWeapon"],"picked":"hermit:FullyLoaded+1","floor":27.0},{"not_picked":["hermit:Dive+1","hermit:TrackingShot","hermit:PistolWhip"],"picked":"SKIP","floor":28.0},{"not_picked":["hermit:Determination","hermit:HoleUp","hermit:Roulette+1"],"picked":"SKIP","floor":29.0},{"not_picked":["hermit:Misfire","hermit:Desperado","hermit:Snipe"],"picked":"SKIP","floor":30.0},{"not_picked":["hermit:Vantage","hermit:SprayPray+1"],"picked":"hermit:PistolWhip","floor":31.0},{"not_picked":["hermit:Adapt","hermit:FromBeyond"],"picked":"hermit:HighNoon","floor":33.0},{"not_picked":["hermit:Combo","hermit:TrackingShot","hermit:Feint"],"picked":"SKIP","floor":35.0},{"not_picked":["hermit:Coalescence+1","hermit:ItchyTrigger"],"picked":"hermit:Maintenance","floor":37.0},{"not_picked":["hermit:Ricochet","hermit:Combo","hermit:PistolWhip+1"],"picked":"SKIP","floor":38.0},{"not_picked":["hermit:Showdown","hermit:Roulette"],"picked":"hermit:Brawl+1","floor":41.0},{"not_picked":["hermit:EternalForm","hermit:ItchyTrigger"],"picked":"hermit:FlashPowder","floor":42.0},{"not_picked":["hermit:DeadMansHand","hermit:Desperado+1"],"picked":"hermit:CalledShot+1","floor":44.0},{"not_picked":["hermit:Manifest","hermit:ItchyTrigger+1"],"picked":"hermit:WideOpen+1","floor":45.0},{"not_picked":["hermit:Headshot+1","hermit:Quickdraw+1"],"picked":"hermit:Manifest+1","floor":47.0},{"not_picked":["hermit:Ricochet+1","hermit:TakeAim","hermit:FlashPowder"],"picked":"SKIP","floor":48.0}],"player_experience":1011896,"relics_obtained":[{"floor":9.0,"key":"StrikeDummy"},{"floor":13.0,"key":"Gremlin Horn"},{"floor":17.0,"key":"Omamori"},{"floor":17.0,"key":"White Beast Statue"},{"floor":17.0,"key":"Du-Vu Doll"},{"floor":26.0,"key":"Strawberry"},{"floor":27.0,"key":"Red Mask"},{"floor":43.0,"key":"Mercury Hourglass"},{"floor":44.0,"key":"Ice Cream"},{"floor":47.0,"key":"MealTicket"}],"event_choices":[{"cards_removed":["hermit:Strike_Hermit"],"damage_healed":0.0,"max_hp_gain":0.0,"max_hp_loss":0.0,"gold_gain":0.0,"event_name":"Golden Wing","player_choice":"Card Removal","floor":2.0,"gold_loss":0.0,"damage_taken":7.0},{"damage_healed":0.0,"max_hp_gain":5.0,"max_hp_loss":0.0,"gold_gain":0.0,"event_name":"Big Fish","player_choice":"Donut","floor":3.0,"gold_loss":0.0,"damage_taken":0.0},{"damage_healed":0.0,"max_hp_gain":0.0,"max_hp_loss":0.0,"gold_gain":0.0,"event_name":"Living Wall","player_choice":"Grow","floor":4.0,"gold_loss":0.0,"damage_taken":0.0,"cards_upgraded":["hermit:Covet"]},{"cards_removed":["hermit:Defend_Hermit"],"damage_healed":0.0,"max_hp_gain":0.0,"max_hp_loss":0.0,"gold_gain":0.0,"event_name":"Beggar","player_choice":"Gave Gold","floor":20.0,"gold_loss":75.0,"damage_taken":0.0},{"damage_healed":0.0,"max_hp_gain":0.0,"max_hp_loss":0.0,"gold_gain":0.0,"cards_transformed":["hermit:Defend_Hermit"],"event_name":"Transmorgrifier","player_choice":"Transformed","floor":21.0,"gold_loss":0.0,"damage_taken":0.0,"cards_obtained":["hermit:CursedWeapon"]},{"damage_healed":0.0,"max_hp_gain":0.0,"max_hp_loss":0.0,"gold_gain":0.0,"event_name":"Masked Bandits","player_choice":"Fought Bandits","floor":27.0,"gold_loss":0.0,"damage_taken":0.0},{"cards_removed":["hermit:Misfire"],"damage_healed":0.0,"max_hp_gain":0.0,"max_hp_loss":0.0,"gold_gain":0.0,"event_name":"Falling","player_choice":"Removed Attack","floor":39.0,"gold_loss":0.0,"damage_taken":0.0},{"damage_healed":0.0,"max_hp_gain":0.0,"max_hp_loss":0.0,"gold_gain":0.0,"event_name":"Mysterious Sphere","player_choice":"Fight","floor":44.0,"gold_loss":0.0,"damage_taken":0.0}],"is_beta":false,"boss_relics":[{"not_picked":["Busted Crown","Fusion Hammer"],"picked":"Calling Bell"},{"not_picked":["hermit:ClaspedLocket","SlaversCollar"],"picked":"hermit:BartenderGlass"}],"items_purged_floors":[],"is_endless":false,"potions_floor_spawned":[5,8,10,14,16,18,19,22,24,27,28,29,30,31,33,35,37,38,41,42,44,45,47,48],"ascension_level":6}}