{"host":"xumidyqji6pg2yy3","time":1612095738,"event":{"mods":["BaseMod","HololiveMod","Minty Spire (QoL Compilation)","StSLib"],"gold_per_floor":[82,82,82,7,27,62,62,94,175,207,107,122,122,122,122,225,225,235,246,121,138,138,138,138,237,288,288,307,307,157,169,169,270,270,285,34,34,86,100,131,131,146,146,146,146,161,189,203,203,203,203,203,3,32,32,32],"floor_reached":55,"language":"ZHS","playtime":1470,"items_purged":["Hololive_Defend","Hololive_Defend","Hololive_Defend","Hololive_Strike","Hololive_Strike","Hololive_Strike+1"],"score":1507,"play_id":"79c9d749-b066-46fd-8176-97fd98fa20bc","local_time":"20210131202218","is_ascension_mode":true,"campfire_choices":[{"data":"Hololive_CocoNews","floor":7.0,"key":"SMITH"},{"data":"Hololive_CocoNews","floor":13.0,"key":"SMITH"},{"data":"Hololive_StrengthChampion","floor":15.0,"key":"SMITH"},{"data":"Hololive_CocoNews","floor":23.0,"key":"SMITH"},{"data":"Hololive_MaximGun","floor":27.0,"key":"SMITH"},{"data":"Hololive_Sequa","floor":29.0,"key":"SMITH"},{"data":"Hololive_StrengthChampion+1","floor":32.0,"key":"SMITH"},{"data":"Hololive_Thief","floor":41.0,"key":"SMITH"},{"data":"Hololive_Yoholoon","floor":44.0,"key":"SMITH"},{"floor":49.0,"key":"RECALL"},{"data":"Hololive_StrengthChampion+2","floor":52.0,"key":"SMITH"}],"circlet_count":0,"master_deck":["Hololive_Sequa+1","Hololive_Rebound+1","Hololive_CocoNews+1","Hololive_StrengthChampion+3","Hololive_CocoNews+1","Hololive_MaximGun+1","Hololive_Trident+1","Hololive_CocoNews+1","Hololive_FlyingPonyTail+1","Hololive_Thief+1","Hololive_Yoholoon+1","Hololive_FlyingPonyTail+1","Hololive_Spy+1","Hololive_CocoNews+1"],"relics":["Hololive_TheStar","Hololive_OneManArmy","NeowsBlessing","Ancient Tea Set","Strawberry","Bottled Flame","Lizard Tail","Pantograph","Coffee Dripper","SlaversCollar","Prayer Wheel","Omamori","Pear","HornCleat","Unceasing Top"],"acts_visited":["Exordium","TheCity","TheBeyond","TheEnding"],"potions_floor_usage":[55,55],"damage_taken":[{"damage":0.0,"enemies":"Jaw Worm","floor":1.0,"turns":1.0},{"damage":0.0,"enemies":"Small Slimes","floor":5.0,"turns":1.0},{"damage":0.0,"enemies":"Lagavulin","floor":6.0,"turns":1.0},{"damage":0.0,"enemies":"3 Sentries","floor":8.0,"turns":3.0},{"damage":0.0,"enemies":"Lagavulin","floor":10.0,"turns":3.0},{"damage":0.0,"enemies":"2 Louse","floor":12.0,"turns":2.0},{"damage":0.0,"enemies":"The Guardian","floor":16.0,"turns":5.0},{"damage":0.0,"enemies":"2 Thieves","floor":18.0,"turns":2.0},{"damage":0.0,"enemies":"Chosen","floor":19.0,"turns":2.0},{"damage":0.0,"enemies":"Sentry and Sphere","floor":21.0,"turns":3.0},{"damage":0.0,"enemies":"Chosen and Byrds","floor":28.0,"turns":2.0},{"damage":0.0,"enemies":"Snake Plant","floor":31.0,"turns":2.0},{"damage":0.0,"enemies":"Collector","floor":33.0,"turns":4.0},{"damage":0.0,"enemies":"Orb Walker","floor":35.0,"turns":2.0},{"damage":0.0,"enemies":"2 Orb Walkers","floor":38.0,"turns":2.0},{"damage":0.0,"enemies":"3 Shapes","floor":39.0,"turns":2.0},{"damage":0.0,"enemies":"Reptomancer","floor":40.0,"turns":3.0},{"damage":0.0,"enemies":"Spire Growth","floor":42.0,"turns":2.0},{"damage":0.0,"enemies":"Transient","floor":46.0,"turns":5.0},{"damage":0.0,"enemies":"Giant Head","floor":47.0,"turns":2.0},{"damage":0.0,"enemies":"Writhing Mass","floor":48.0,"turns":3.0},{"damage":0.0,"enemies":"Donu and Deca","floor":50.0,"turns":3.0},{"damage":0.0,"enemies":"Shield and Spear","floor":54.0,"turns":2.0},{"damage":2,"enemies":"The Heart","floor":55,"turns":3}],"seed_played":"8506514004147243167","potions_obtained":[{"floor":5.0,"key":"SkillPotion"},{"floor":6.0,"key":"Weak Potion"},{"floor":8.0,"key":"Block Potion"},{"floor":18.0,"key":"Regen Potion"},{"floor":28.0,"key":"AttackPotion"},{"floor":40.0,"key":"Explosive Potion"},{"floor":46.0,"key":"DistilledChaos"},{"floor":54.0,"key":"DistilledChaos"}],"is_trial":false,"path_per_floor":["M","?","?","$","M","E","R","E","T","E","$","M","R","?","R","B",null,"M","M","$","M","$","R","?","?","T","R","M","R","$","M","R","B",null,"M","$","?","?","M","E","R","M","T","R","?","M","E","M","R","B",null,"R","$","E","B"],"character_chosen":"Hololive_HololiveCharacter","items_purchased":["Hololive_Yoholoon"],"campfire_rested":0,"item_purchase_floors":[36],"current_hp_per_floor":[32,32,25,25,25,25,25,32,32,32,32,32,32,32,32,42,42,42,42,42,42,42,42,42,42,42,42,42,42,42,42,42,42,42,42,42,42,42,42,42,42,42,52,52,52,52,52,52,52,52,52,52,52,52,50,50],"gold":32,"neow_bonus":"THREE_ENEMY_KILL","is_daily":false,"chose_seed":false,"campfire_upgraded":10,"win_rate":0.0,"timestamp":1612095738,"path_taken":["M","?","?","$","M","E","R","E","T","E","?","M","R","?","R","BOSS","M","M","$","M","$","R","?","?","T","R","M","R","$","M","R","BOSS","M","$","?","?","M","E","R","M","T","R","?","M","E","M","R","BOSS","R","$","E","BOSS"],"items_purchased_type":["Card"],"build_version":"2020-12-22","purchased_purges":6,"victory":false,"max_hp_per_floor":[35,35,35,35,35,35,35,42,42,42,42,42,42,42,42,42,42,42,42,42,42,42,42,42,42,42,42,42,42,42,42,42,42,42,42,42,42,42,42,42,42,42,52,52,52,52,52,52,52,52,52,52,52,52,52,52],"card_choices":[{"not_picked":["Hololive_Drill","Hololive_FlyingPonyTail","Hololive_Teleport"],"picked":"Hololive_CocoNews","floor":1.0},{"not_picked":["Hololive_ManjiGathering","Hololive_Rebound","Hololive_CallAkaiHaato"],"picked":"Hololive_StrengthChampion","floor":5.0},{"not_picked":["Hololive_DDD","Hololive_Rebound","Hololive_CallHoshimachiSuisei"],"picked":"Hololive_CocoNews","floor":6.0},{"not_picked":["Hololive_Breathe","Hololive_CallKiryuuCoco","Hololive_CallAkaiHaato","Hololive_CallAyundaRisu"],"picked":"SKIP","floor":8.0},{"not_picked":["Hololive_CallYozoraMel","Hololive_CallTsunomakiWatame","Hololive_CallManoAloe"],"picked":"Hololive_FlyingPonyTail","floor":10.0},{"not_picked":["Hololive_CallShiranuiFlare","Hololive_OvertimeWork","Hololive_DiamondStrike","Hololive_Rebound"],"picked":"SKIP","floor":12.0},{"not_picked":["Hololive_Thief","Hololive_DiamondStrike","Hololive_ScarfAndHalo"],"picked":"Hololive_MaximGun","floor":16.0},{"not_picked":["Hololive_CallTokoyamiTowa","Hololive_HuntDinosaur","Hololive_CallShiroganeNoel+1"],"picked":"Hololive_Trident+1","floor":18.0},{"not_picked":["Hololive_Trident+1","Hololive_CallNakiriAyame","Hololive_CallNekomataOkayu","Hololive_CallYuzukiChoco+1"],"picked":"SKIP","floor":19.0},{"not_picked":["Hololive_CallMinatoAqua","Hololive_Psychosis+1","Hololive_HuntDinosaur"],"picked":"Hololive_CocoNews","floor":21.0},{"not_picked":["Hololive_StrengthChampion","Hololive_Drill","Hololive_CallNakiriAyame","Hololive_LuckPotion"],"picked":"SKIP","floor":28.0},{"not_picked":["Hololive_CallUsadaPekora","Hololive_DurableLive","Hololive_CallRoboco"],"picked":"Hololive_FlyingPonyTail+1","floor":31.0},{"not_picked":["Hololive_OpenUp","Hololive_HighAtkLowDef","Hololive_MaximGun"],"picked":"Hololive_Thief","floor":33.0},{"not_picked":["Hololive_Psychosis+1","Hololive_CallAZKi+1","Hololive_CallRoboco","Hololive_Trident"],"picked":"SKIP","floor":35.0},{"not_picked":["Hololive_CallFriendA+1","Hololive_Psychosis","Hololive_CocoNews","Hololive_Drill+1"],"picked":"SKIP","floor":39.0},{"not_picked":["Hololive_CocoNews+1","Hololive_CallHimemoriLuna","Hololive_OvertimeWork","Hololive_HuntDinosaur+1"],"picked":"SKIP","floor":39.0},{"not_picked":["Hololive_Trident","Hololive_CallMurasakiShion+1","Hololive_AWSL","Hololive_CallAkaiHaato+1"],"picked":"SKIP","floor":40.0},{"not_picked":["Hololive_RevenueBasedLive+1","Hololive_LuckPotion","Hololive_Psychosis"],"picked":"Hololive_FlyingPonyTail+1","floor":42.0},{"not_picked":["Hololive_LuckPotion+1","Hololive_Psychosis","Hololive_CallOkamiMio+1","Hololive_Sequa+1"],"picked":"SKIP","floor":42.0},{"not_picked":["Hololive_CallAkiRosenthal+1","Hololive_LuckPotion+1","Hololive_CallNakiriAyame","Hololive_HuntDinosaur"],"picked":"SKIP","floor":46.0},{"not_picked":["Hololive_LuckPotion+1","Hololive_Trident+1","Hololive_CallShishiroBotan+1","Hololive_Rebound"],"picked":"SKIP","floor":46.0},{"not_picked":["Hololive_CallHoshimachiSuisei+1","Hololive_FlyingPonyTail+1","Hololive_CocoNews+1"],"picked":"Hololive_Spy+1","floor":47.0},{"not_picked":["Hololive_CallMurasakiShion+1","Hololive_Rebound+1","Hololive_CocoNews","Hololive_Drill"],"picked":"SKIP","floor":48.0},{"not_picked":["Hololive_CallHoshimachiSuisei","Hololive_StrengthChampion+1","Hololive_OvertimeWork","Hololive_Drill+1"],"picked":"SKIP","floor":48.0},{"not_picked":["Hololive_BeCareful","Hololive_LuckPotion+1","Hololive_Drill+1"],"picked":"Hololive_CocoNews+1","floor":54.0}],"player_experience":172545,"relics_obtained":[{"floor":6.0,"key":"Ancient Tea Set"},{"floor":8.0,"key":"Strawberry"},{"floor":9.0,"key":"Bottled Flame"},{"floor":10.0,"key":"Lizard Tail"},{"floor":38.0,"key":"Prayer Wheel"},{"floor":40.0,"key":"Omamori"},{"floor":43.0,"key":"Pear"},{"floor":47.0,"key":"HornCleat"},{"floor":54.0,"key":"Unceasing Top"}],"event_choices":[{"cards_removed":["Hololive_Strike"],"damage_healed":0.0,"max_hp_gain":0.0,"max_hp_loss":0.0,"gold_gain":0.0,"event_name":"Living Wall","player_choice":"Forget","floor":2.0,"gold_loss":0.0,"damage_taken":0.0},{"damage_healed":0.0,"max_hp_gain":0.0,"max_hp_loss":0.0,"gold_gain":0.0,"event_name":"Shining Light","player_choice":"Entered Light","floor":3.0,"gold_loss":0.0,"damage_taken":7.0,"cards_upgraded":["Hololive_Strike","Hololive_Rebound"]},{"damage_healed":0.0,"max_hp_gain":0.0,"max_hp_loss":0.0,"gold_gain":0.0,"event_name":"WeMeetAgain","player_choice":"Gave Potion","floor":14.0,"gold_loss":0.0,"damage_taken":0.0,"relics_obtained":["Pantograph"]},{"cards_removed":["Hololive_Defend"],"damage_healed":0.0,"max_hp_gain":0.0,"max_hp_loss":0.0,"gold_gain":0.0,"event_name":"Back to Basics","player_choice":"Elegance","floor":24.0,"gold_loss":0.0,"damage_taken":0.0},{"damage_healed":0.0,"max_hp_gain":0.0,"max_hp_loss":0.0,"gold_gain":99.0,"event_name":"Nest","player_choice":"Stole From Cult","floor":25.0,"gold_loss":0.0,"damage_taken":0.0},{"cards_removed":["Hololive_FlyingPonyTail"],"damage_healed":0.0,"max_hp_gain":0.0,"max_hp_loss":0.0,"gold_gain":0.0,"event_name":"Falling","player_choice":"Removed Skill","floor":37.0,"gold_loss":0.0,"damage_taken":0.0},{"damage_healed":0.0,"max_hp_gain":0.0,"max_hp_loss":0.0,"gold_gain":0.0,"event_name":"Mysterious Sphere","player_choice":"Fight","floor":38.0,"gold_loss":0.0,"damage_taken":0.0},{"damage_healed":0.0,"max_hp_gain":0.0,"max_hp_loss":0.0,"gold_gain":0.0,"event_name":"SensoryStone","player_choice":"Memory 1","floor":45.0,"gold_loss":0.0,"damage_taken":0.0}],"is_beta":false,"boss_relics":[{"not_picked":["Hololive_ChaosS","Astrolabe"],"picked":"Coffee Dripper"},{"not_picked":["Snecko Eye","Philosopher\u0027s Stone"],"picked":"SlaversCollar"}],"items_purged_floors":[4,11,20,30,36,53],"is_endless":false,"potions_floor_spawned":[5,6,8,18,19,28,40,46,48,54],"killed_by":"The Heart","ascension_level":8}}