{"host":"zfh44j5h77tkupss","time":1612112826,"event":{"mods":["AchievementEnabler","BaseMod","Bestiary","Better Skull","Better Third Choice","Better Vampires","Colored Map","Colored Powertips","Highlight Path","Minty Spire (QoL Compilation)","Permanent Neow","Quick Restart","Rare Cards Sparkle","Relic Stats","StSLib"],"gold_per_floor":[18,18,18,18,35,61,61,61,61],"floor_reached":8,"language":"ENG","playtime":209,"items_purged":[],"score":73,"play_id":"813dccca-9360-41f0-84d0-35c5dbdf31d6","local_time":"20210131180706","is_ascension_mode":true,"campfire_choices":[],"circlet_count":0,"master_deck":["Strike_G","Strike_G","Strike_G","Strike_G","Defend_G","Defend_G","Defend_G","Survivor","Neutralize","Noxious Fumes","Burn","Envenom"],"relics":["Ring of the Snake","Dead Branch","Prayer Wheel"],"acts_visited":["Exordium"],"potions_floor_usage":[],"damage_taken":[{"damage":2,"enemies":"Jaw Worm","floor":1,"turns":6},{"damage":0,"enemies":"2 Louse","floor":5,"turns":3},{"damage":46,"enemies":"Lagavulin","floor":6,"turns":9},{"damage":0,"enemies":"3 Sentries","floor":8,"turns":1}],"seed_played":"974091610656817427","potions_obtained":[{"floor":1,"key":"AttackPotion"}],"is_trial":false,"path_per_floor":["M","?","?","?","M","E","?","E"],"character_chosen":"THE_SILENT","items_purchased":[],"campfire_rested":0,"item_purchase_floors":[],"current_hp_per_floor":[61,61,54,54,54,8,8,8,8],"gold":61,"neow_bonus":"ONE_RARE_RELIC","is_daily":false,"chose_seed":false,"campfire_upgraded":0,"win_rate":0.0,"timestamp":1612112826,"path_taken":["M","?","?","?","M","E","?","E"],"items_purchased_type":[],"build_version":"2020-12-22","purchased_purges":0,"victory":false,"max_hp_per_floor":[70,70,70,70,70,70,70,70,70],"relic_stats":{"counters":[4,19],"Dead Branch":[0],"Prayer Wheel":0,"obtain_stats":[{"Dead Branch":0,"Prayer Wheel":6,"Ring of the Snake":0},{"Dead Branch":0,"Prayer Wheel":3,"Ring of the Snake":0},{"Dead Branch":0,"Prayer Wheel":18,"Ring of the Snake":0}],"Ring of the Snake":[8]},"card_choices":[{"not_picked":["Sucker Punch","Quick Slash"],"picked":"Noxious Fumes","floor":1},{"not_picked":["Underhanded Strike","Bane","Prepared"],"picked":"SKIP","floor":5},{"not_picked":["Heel Hook","Riddle With Holes"],"picked":"Envenom","floor":6}],"player_experience":326874,"relics_obtained":[{"floor":6,"key":"Prayer Wheel"}],"event_choices":[{"cards_removed":["Strike_G"],"damage_healed":0,"gold_gain":0,"player_choice":"Forget","damage_taken":0,"max_hp_gain":0,"max_hp_loss":0,"event_name":"Living Wall","floor":2,"gold_loss":0},{"cards_removed":["Defend_G"],"damage_healed":0,"gold_gain":0,"player_choice":"Card Removal","damage_taken":7,"max_hp_gain":0,"max_hp_loss":0,"event_name":"Golden Wing","floor":3,"gold_loss":0},{"damage_healed":54,"gold_gain":0,"player_choice":"Embrace Burn","damage_taken":0,"max_hp_gain":0,"max_hp_loss":70,"event_name":"betterThird:BetterShining","floor":4,"gold_loss":0},{"cards_removed":["Defend_G"],"damage_healed":0,"gold_gain":0,"player_choice":"Purged","damage_taken":0,"max_hp_gain":0,"max_hp_loss":0,"event_name":"Purifier","floor":7,"gold_loss":0}],"is_beta":false,"boss_relics":[],"items_purged_floors":[],"is_endless":false,"potions_floor_spawned":[1],"killed_by":"3 Sentries","ascension_level":7}}