{"host":"ilhhjx796p2x2wmd","time":1612076608,"event":{"mods":["AchievementEnabler","BaseMod","BetterRewards","Colored Map","Colored Powertips","DeckTracker","Highlight Path","Minty Spire (QoL Compilation)","Permanent Neow","Rare Cards Sparkle","Shop Mod"],"gold_per_floor":[116,128,144,159,159,200,200,54,54,97,116,116,130,153,153,281,281,302,302,336,354,354,354,392,413,413,427,33,58,58,58,58,182,182,207,540,594,594,594,621,230,230,230,230,452,486,79,109,109,109],"floor_reached":51,"language":"KOR","playtime":1885,"items_purged":["Strike_G","Strike_G+1","Strike_G+1","Strike_G+1"],"score":1145,"play_id":"b6679ffa-d297-424e-900f-77a228caec84","local_time":"20210131160328","is_ascension_mode":true,"campfire_choices":[{"data":"Cloak And Dagger","floor":12.0,"key":"SMITH"},{"data":"Accuracy","floor":15.0,"key":"SMITH"},{"data":"Phantasmal Killer","floor":23.0,"key":"SMITH"},{"data":"Well Laid Plans","floor":30.0,"key":"SMITH"},{"data":"Neutralize","floor":32.0,"key":"SMITH"},{"data":"Infinite Blades","floor":42.0,"key":"SMITH"},{"data":"Burst","floor":44.0,"key":"SMITH"},{"data":"Acrobatics","floor":49,"key":"SMITH"}],"circlet_count":0,"master_deck":["Strike_G+1","Defend_G+1","Defend_G+1","Defend_G+1","Defend_G+1","Defend_G+1","Survivor","Neutralize+1","Blade Dance+1","Blade Dance","Dagger Spray","Cloak And Dagger+1","Accuracy+1","Acrobatics+1","Backflip","Blade Dance","Phantasmal Killer+1","PiercingWail+1","Backflip","Blade Dance","Discovery","Well Laid Plans+1","Bullet Time","Burst+1","Crippling Poison+1","Infinite Blades+1","Cloak And Dagger","Blur","Endless Agony"],"relics":["Philosopher\u0027s Stone","Mercury Hourglass","HornCleat","Eternal Feather","Coffee Dripper","Red Mask","Kunai","Dead Branch","HandDrill","Runic Pyramid","WingedGreaves","PreservedInsect","Centennial Puzzle","Potion Belt","White Beast Statue","Toy Ornithopter","Bottled Lightning","Ancient Tea Set"],"acts_visited":["Exordium","TheCity","TheBeyond"],"potions_floor_usage":[50,50,50],"damage_taken":[{"damage":0.0,"enemies":"Small Slimes","floor":1.0,"turns":4.0},{"damage":2.0,"enemies":"2 Louse","floor":2.0,"turns":2.0},{"damage":0.0,"enemies":"Jaw Worm","floor":3.0,"turns":3.0},{"damage":1.0,"enemies":"Large Slime","floor":4.0,"turns":5.0},{"damage":3.0,"enemies":"Gremlin Nob","floor":6.0,"turns":3.0},{"damage":0.0,"enemies":"3 Sentries","floor":10.0,"turns":3.0},{"damage":0.0,"enemies":"Exordium Wildlife","floor":11.0,"turns":2.0},{"damage":4.0,"enemies":"Exordium Thugs","floor":13.0,"turns":3.0},{"damage":0.0,"enemies":"2 Fungi Beasts","floor":14.0,"turns":2.0},{"damage":2.0,"enemies":"Slime Boss","floor":16.0,"turns":5.0},{"damage":5.0,"enemies":"2 Thieves","floor":18.0,"turns":2.0},{"damage":0.0,"enemies":"Masked Bandits","floor":20.0,"turns":4.0},{"damage":0.0,"enemies":"Spheric Guardian","floor":21.0,"turns":3.0},{"damage":6.0,"enemies":"Gremlin Leader","floor":24.0,"turns":4.0},{"damage":0.0,"enemies":"3 Cultists","floor":25.0,"turns":4.0},{"damage":0.0,"enemies":"Snecko","floor":27.0,"turns":2.0},{"damage":12.0,"enemies":"Snake Plant","floor":29.0,"turns":3.0},{"damage":17.0,"enemies":"Automaton","floor":33.0,"turns":7.0},{"damage":0.0,"enemies":"3 Shapes","floor":35.0,"turns":2.0},{"damage":0.0,"enemies":"2 Orb Walkers","floor":37.0,"turns":2.0},{"damage":0.0,"enemies":"Reptomancer","floor":40.0,"turns":5.0},{"damage":0.0,"enemies":"Giant Head","floor":46.0,"turns":6.0},{"damage":0,"enemies":"Reptomancer","floor":48,"turns":3},{"damage":41,"enemies":"Awakened One","floor":50,"turns":7}],"seed_played":"-6761296519190834239","potions_obtained":[{"floor":2.0,"key":"Ancient Potion"},{"floor":3.0,"key":"Strength Potion"},{"floor":4.0,"key":"SteroidPotion"},{"floor":21.0,"key":"Fire Potion"},{"floor":25.0,"key":"PowerPotion"},{"floor":29.0,"key":"FearPotion"},{"floor":35.0,"key":"DuplicationPotion"},{"floor":46.0,"key":"GamblersBrew"},{"floor":48,"key":"Poison Potion"}],"is_trial":false,"path_per_floor":["M","M","M","M","?","E","?","$","T","E","M","R","M","M","R","B",null,"M","?","?","M","?","R","E","M","T","M","$","M","R","$","R","B",null,"M","?","?","T","?","E","$","R","T","R","?","E","$","E","R","B",null],"character_chosen":"THE_SILENT","items_purchased":["Accuracy","HandDrill","Discovery","Well Laid Plans","Blur","Potion Belt","DuplicationPotion","Bottled Lightning"],"campfire_rested":0,"item_purchase_floors":[8,28,28,28,41,41,41,47],"current_hp_per_floor":[70,68,68,67,50,47,33,33,33,33,33,42,38,38,47,45,64,59,59,59,59,59,70,64,64,64,64,64,52,67,67,70,53,66,66,66,66,66,66,66,66,66,66,66,66,66,66,66,66,25],"gold":109,"neow_bonus":"BOSS_RELIC","is_daily":false,"chose_seed":false,"campfire_upgraded":8,"win_rate":0.0,"timestamp":1612076608,"path_taken":["M","M","M","M","?","E","?","$","T","E","M","R","M","M","R","BOSS","M","?","?","?","?","R","E","M","T","M","$","M","R","?","R","BOSS","M","?","?","?","?","E","$","R","T","R","?","E","$","E","R","BOSS"],"items_purchased_type":["Card","Relic","Card","Card","Card","Relic","Potion","Relic"],"build_version":"2020-12-22","purchased_purges":4,"victory":true,"max_hp_per_floor":[70,70,70,70,70,70,70,70,70,70,70,70,70,70,70,70,70,70,70,70,70,70,70,70,70,70,70,70,70,70,70,70,70,70,70,70,70,70,66,66,66,66,66,66,66,66,66,66,66,66],"card_choices":[{"not_picked":["Sucker Punch","Deflect"],"picked":"Blade Dance","floor":1.0},{"not_picked":["Sucker Punch","Underhanded Strike"],"picked":"Blade Dance","floor":2.0},{"not_picked":["Quick Slash","Dagger Throw"],"picked":"Dagger Spray","floor":3.0},{"not_picked":["Slice","Bane","Dagger Throw"],"picked":"SKIP","floor":4.0},{"not_picked":["Quick Slash","Finisher"],"picked":"Cloak And Dagger","floor":6.0},{"not_picked":["Noxious Fumes","Eviscerate"],"picked":"Acrobatics","floor":10.0},{"not_picked":["Night Terror","Blur"],"picked":"Backflip","floor":11.0},{"not_picked":["Finisher","PiercingWail","Deflect"],"picked":"SKIP","floor":13.0},{"not_picked":["Slice","Bane"],"picked":"Blade Dance","floor":14.0},{"not_picked":["Bullet Time","Night Terror"],"picked":"Phantasmal Killer","floor":16.0},{"not_picked":["Bouncing Flask","Dagger Throw+1"],"picked":"PiercingWail+1","floor":18.0},{"not_picked":["Concentrate","Finisher","Poisoned Stab+1"],"picked":"SKIP","floor":21.0},{"not_picked":["Die Die Die","Underhanded Strike"],"picked":"Blade Dance","floor":24.0},{"not_picked":["Outmaneuver","Slice","Quick Slash"],"picked":"SKIP","floor":25.0},{"not_picked":["Deflect","Underhanded Strike","Reflex"],"picked":"SKIP","floor":27.0},{"not_picked":["Poisoned Stab","Sucker Punch"],"picked":"Bullet Time","floor":29.0},{"not_picked":["Doppelganger","Glass Knife"],"picked":"Burst","floor":33.0},{"not_picked":["Reflex+1","Backflip"],"picked":"Crippling Poison+1","floor":35.0},{"not_picked":["All Out Attack","Endless Agony"],"picked":"Infinite Blades","floor":37.0},{"not_picked":["Dodge and Roll","Riddle With Holes"],"picked":"Cloak And Dagger","floor":40.0},{"not_picked":["Dagger Spray","Dodge and Roll+1"],"picked":"Endless Agony","floor":46.0},{"not_picked":["Dagger Throw+1","Unload","Catalyst"],"picked":"SKIP","floor":48}],"player_experience":320067,"relics_obtained":[{"floor":6.0,"key":"Mercury Hourglass"},{"floor":9.0,"key":"HornCleat"},{"floor":10.0,"key":"Eternal Feather"},{"floor":20.0,"key":"Red Mask"},{"floor":24.0,"key":"Kunai"},{"floor":26.0,"key":"Dead Branch"},{"floor":37.0,"key":"WingedGreaves"},{"floor":38.0,"key":"PreservedInsect"},{"floor":40.0,"key":"Centennial Puzzle"},{"floor":43.0,"key":"White Beast Statue"},{"floor":46.0,"key":"Toy Ornithopter"},{"floor":48,"key":"Ancient Tea Set"}],"event_choices":[{"damage_healed":0.0,"max_hp_gain":0.0,"max_hp_loss":0.0,"gold_gain":0.0,"event_name":"Golden Idol","player_choice":"Take Damage","floor":5.0,"gold_loss":0.0,"damage_taken":17.0,"relics_obtained":["Golden Idol"]},{"damage_healed":0.0,"max_hp_gain":0.0,"max_hp_loss":0.0,"gold_gain":0.0,"event_name":"Shining Light","player_choice":"Entered Light","floor":7.0,"gold_loss":0.0,"damage_taken":14.0,"cards_upgraded":["Strike_G","Blade Dance"]},{"damage_healed":0.0,"max_hp_gain":0.0,"max_hp_loss":0.0,"gold_gain":0.0,"event_name":"The Library","player_choice":"Read","floor":19.0,"gold_loss":0.0,"damage_taken":0.0,"cards_obtained":["Backflip"]},{"damage_healed":0.0,"max_hp_gain":0.0,"max_hp_loss":0.0,"gold_gain":0.0,"event_name":"Masked Bandits","player_choice":"Fought Bandits","floor":20.0,"gold_loss":0.0,"damage_taken":0.0},{"damage_healed":0.0,"max_hp_gain":0.0,"max_hp_loss":0.0,"gold_gain":0.0,"event_name":"Back to Basics","player_choice":"Simplicity","floor":22.0,"gold_loss":0.0,"damage_taken":0.0,"cards_upgraded":["Strike_G","Strike_G","Strike_G","Defend_G","Defend_G","Defend_G","Defend_G","Defend_G"]},{"damage_healed":0.0,"max_hp_gain":0.0,"max_hp_loss":0.0,"gold_gain":333.0,"event_name":"The Moai Head","player_choice":"Gave Idol","floor":36.0,"relics_lost":["Golden Idol"],"gold_loss":0.0,"damage_taken":0.0},{"damage_healed":0.0,"max_hp_gain":0.0,"max_hp_loss":0.0,"gold_gain":0.0,"event_name":"Mysterious Sphere","player_choice":"Fight","floor":37.0,"gold_loss":0.0,"damage_taken":0.0},{"damage_healed":0.0,"max_hp_gain":0.0,"max_hp_loss":4.0,"gold_gain":0.0,"event_name":"Winding Halls","player_choice":"Max HP","floor":39.0,"gold_loss":0.0,"damage_taken":0.0},{"damage_healed":0.0,"max_hp_gain":0.0,"max_hp_loss":0.0,"gold_gain":222.0,"event_name":"Tomb of Lord Red Mask","player_choice":"Wore Mask","floor":45.0,"gold_loss":0.0,"damage_taken":0.0}],"is_beta":false,"boss_relics":[{"not_picked":["Runic Dome","Snecko Eye"],"picked":"Coffee Dripper"},{"not_picked":["SlaversCollar","Pandora\u0027s Box"],"picked":"Runic Pyramid"}],"items_purged_floors":[8,28,41,47],"is_endless":false,"potions_floor_spawned":[2,3,4,21,25,29,35,46,48],"ascension_level":5}}