{"host":"iph0xvuia0glosgr","time":1612098216,"event":{"mods":["AchievementEnabler","BaseMod","Minty Spire (QoL Compilation)"],"gold_per_floor":[118,130,79,89,99,126,126,139,139,139,154,154,177,198,198,328,328,353,278,303,0,0,0,0,43,43,43,43,66,81,121,121,121,121],"floor_reached":33,"language":"ENG","playtime":2590,"items_purged":[],"score":355,"play_id":"1a210db6-9f1b-45aa-b3d3-31cc909c438c","local_time":"20210131130336","is_ascension_mode":true,"campfire_choices":[{"floor":12,"key":"REST"},{"floor":15,"key":"REST"},{"floor":23,"key":"RECALL"},{"floor":28,"key":"REST"},{"floor":32,"key":"REST"}],"circlet_count":0,"master_deck":["Strike_G","Strike_G","Strike_G","Strike_G","Strike_G","Defend_G","Defend_G","Defend_G","Defend_G","Defend_G","Survivor","Neutralize","Cloak And Dagger","Blade Dance","Dodge and Roll","Slice","Cloak And Dagger","Finisher","Backstab","Cloak And Dagger","Cloak And Dagger","Slice","Dagger Spray","After Image","Sucker Punch","Deflect","A Thousand Cuts","Slice","Swift Strike","Noxious Fumes","Blade Dance","Quick Slash+1","Accuracy"],"relics":["Ring of the Serpent","Blue Candle","Bag of Marbles","Golden Idol","Tiny Chest","White Beast Statue","Toy Ornithopter"],"acts_visited":["Exordium","TheCity"],"potions_floor_usage":[5,16,16,16,21,25,30,31,31,33],"damage_taken":[{"damage":0,"enemies":"2 Louse","floor":1,"turns":2},{"damage":3,"enemies":"Jaw Worm","floor":2,"turns":4},{"damage":0,"enemies":"Small Slimes","floor":4,"turns":3},{"damage":3,"enemies":"Looter","floor":5,"turns":3},{"damage":48,"enemies":"3 Sentries","floor":6,"turns":17},{"damage":8,"enemies":"Large Slime","floor":8,"turns":6},{"damage":0,"enemies":"Gremlin Gang","floor":11,"turns":3},{"damage":0,"enemies":"Looter","floor":13,"turns":1},{"damage":0,"enemies":"Lots of Slimes","floor":14,"turns":3},{"damage":25,"enemies":"The Guardian","floor":16,"turns":9},{"damage":0,"enemies":"Chosen","floor":18,"turns":4},{"damage":9,"enemies":"2 Thieves","floor":20,"turns":3},{"damage":39,"enemies":"Book of Stabbing","floor":25,"turns":8},{"damage":27,"enemies":"Cultist and Chosen","floor":29,"turns":7},{"damage":13,"enemies":"Snecko","floor":30,"turns":5},{"damage":0,"enemies":"Gremlin Leader","floor":31,"turns":7},{"damage":43,"enemies":"Champ","floor":33,"turns":10}],"seed_played":"-4545079736392875746","potions_obtained":[{"floor":4,"key":"EssenceOfSteel"},{"floor":8,"key":"AttackPotion"},{"floor":11,"key":"Fire Potion"},{"floor":13,"key":"DuplicationPotion"},{"floor":20,"key":"Strength Potion"},{"floor":25,"key":"FearPotion"},{"floor":29,"key":"BlessingOfTheForge"},{"floor":30,"key":"Ancient Potion"},{"floor":31,"key":"LiquidMemories"}],"is_trial":false,"path_per_floor":["M","M","$","M","M","E","?","M","T","?","M","R","M","M","R","B",null,"M","?","M","$","?","R","$","E","T","$","R","M","M","E","R","B"],"character_chosen":"THE_SILENT","items_purchased":["Slice","A Thousand Cuts","Slice","Swift Strike","Fruit Juice"],"campfire_rested":4,"item_purchase_floors":[3,21,21,21,21],"current_hp_per_floor":[70,67,67,67,64,16,39,31,31,31,31,52,52,52,70,45,70,70,70,61,66,66,66,66,27,27,27,49,22,9,9,31,0,0],"gold":121,"neow_bonus":"THREE_CARDS","is_daily":false,"chose_seed":false,"campfire_upgraded":0,"win_rate":0.0,"timestamp":1612098216,"path_taken":["M","M","$","M","M","E","?","M","T","?","M","R","M","?","R","BOSS","M","?","M","$","?","R","$","E","T","$","R","M","M","E","R","BOSS"],"items_purchased_type":["Card","Card","Card","Card","Potion"],"build_version":"2020-12-22","purchased_purges":0,"victory":false,"max_hp_per_floor":[70,70,70,70,70,70,70,70,70,70,70,70,70,70,70,70,70,70,70,70,75,75,75,75,75,75,75,75,75,75,75,75,75,75],"card_choices":[{"not_picked":["Deadly Poison","Footwork"],"picked":"Cloak And Dagger","floor":0},{"not_picked":["Dodge and Roll","Finisher"],"picked":"Blade Dance","floor":1},{"not_picked":["Bane","Backflip"],"picked":"Dodge and Roll","floor":2},{"not_picked":["Glass Knife","All Out Attack"],"picked":"Cloak And Dagger","floor":4},{"not_picked":["Eviscerate","Backflip"],"picked":"Finisher","floor":5},{"not_picked":["Choke","Bouncing Flask"],"picked":"Backstab","floor":6},{"not_picked":["Blur","Quick Slash"],"picked":"Cloak And Dagger","floor":8},{"not_picked":["Heel Hook","Dodge and Roll"],"picked":"Cloak And Dagger","floor":11},{"not_picked":["Dodge and Roll","Sucker Punch"],"picked":"Slice","floor":13},{"not_picked":["Cloak And Dagger","Quick Slash"],"picked":"Dagger Spray","floor":14},{"not_picked":["Tools of the Trade","Burst"],"picked":"After Image","floor":16},{"not_picked":["Acrobatics+1","Expertise"],"picked":"Sucker Punch","floor":18},{"not_picked":["Expertise","Dagger Throw"],"picked":"Deflect","floor":20},{"not_picked":["Terror","Tactician"],"picked":"Noxious Fumes","floor":25},{"not_picked":["Reflex","Dash"],"picked":"Blade Dance","floor":29},{"not_picked":["Backflip","Blur"],"picked":"Quick Slash+1","floor":30},{"not_picked":["Underhanded Strike","Corpse Explosion"],"picked":"Accuracy","floor":31}],"player_experience":315953,"relics_obtained":[{"floor":6,"key":"Blue Candle"},{"floor":9,"key":"Bag of Marbles"},{"floor":25,"key":"White Beast Statue"},{"floor":31,"key":"Toy Ornithopter"}],"event_choices":[{"damage_healed":23,"gold_gain":0,"player_choice":"Banana","damage_taken":0,"max_hp_gain":0,"max_hp_loss":0,"event_name":"Big Fish","floor":7,"gold_loss":0},{"damage_healed":0,"gold_gain":0,"player_choice":"Take Wound","damage_taken":0,"relics_obtained":["Golden Idol"],"max_hp_gain":0,"max_hp_loss":0,"event_name":"Golden Idol","floor":10,"gold_loss":0,"cards_obtained":["Injury"]},{"cards_removed":["Injury"],"damage_healed":0,"gold_gain":0,"player_choice":"Gave Gold","damage_taken":0,"max_hp_gain":0,"max_hp_loss":0,"event_name":"Beggar","floor":19,"gold_loss":75},{"damage_healed":0,"gold_gain":0,"player_choice":"Opened","damage_taken":0,"relics_obtained":["Tiny Chest"],"max_hp_gain":0,"max_hp_loss":0,"event_name":"The Mausoleum","floor":22,"gold_loss":0}],"is_beta":false,"boss_relics":[{"not_picked":["Pandora\u0027s Box","Fusion Hammer"],"picked":"Ring of the Serpent"}],"items_purged_floors":[],"is_endless":false,"potions_floor_spawned":[4,8,11,13,20,25,29,30,31],"killed_by":"Champ","ascension_level":1}}