{"host":"suz71vtxgenuxsxs","time":1612080276,"event":{"mods":["2.2 Compatiblity","AchievementEnabler","BaseMod","Colored Map","Downfall","Minty Spire (QoL Compilation)","Rare Cards Sparkle","StSLib","SuperFastMode","everything is the same but u backflip on backflip"],"gold_per_floor":[99,99,99,99,118,118,118,137,149,149,180,14,14,26,36,141,141,141,151,166,182,67,77,77,27,58,77,77,90,108,208,219,219,219,219],"floor_reached":33,"language":"ENG","playtime":10549,"items_purged":["champ:Defend","champ:Strike"],"score":296,"play_id":"f3dee106-a3c6-4086-93f2-836b3b702afb","local_time":"20210131170436","is_ascension_mode":false,"campfire_choices":[{"data":"champ:Taunt","floor":1,"key":"SMITH"},{"data":"champ:UltimateStance","floor":18,"key":"SMITH"},{"data":"champ:FlashCut","floor":28,"key":"SMITH"}],"circlet_count":0,"master_deck":["champ:Strike","champ:Strike","champ:Defend","champ:Defend","champ:Defend","champ:Execute","champ:Taunt+1","champ:GladiatorStyle","champ:TornadoPunch","champ:GutPunch","champ:RisingSlash","champ:BringItOn","champ:BringItOn","champ:EnGarde","champ:DefensiveShout","champ:EndlessRage+1","champ:IronFortress+1","champ:FlashCut+1","champ:UltimateStance+1","champ:BerserkersShout","champ:PreciseThrust+1","champ:Duel+1","champ:Endure+1","champ:GladiatorForm+1","champ:PreemptiveStrike","champ:ArenaPreparation","champ:Shatter","champ:DefensiveShout+1","champ:Taunt","champ:DefensiveShout","champ:RisingSlash","champ:Devastate","Purity","Shame","champ:SkillfulDodge","champ:Shatter"],"relics":["champ:ChampionCrown","downfall:HeartsMalice","Letter Opener","Frozen Egg 2","Juzu Bracelet","Sozu","Shovel","Meat on the Bone","downfall:GremlinSack"],"acts_visited":["Exordium","TheCity"],"potions_floor_usage":[14,19,27],"damage_taken":[{"damage":0,"enemies":"Small Slimes","floor":2,"turns":1},{"damage":0,"enemies":"Jaw Worm","floor":3,"turns":1},{"damage":0,"enemies":"2 Louse","floor":4,"turns":1},{"damage":17,"enemies":"Gremlin Gang","floor":5,"turns":3},{"damage":4,"enemies":"2 Fungi Beasts","floor":8,"turns":3},{"damage":30,"enemies":"Large Slime","floor":9,"turns":4},{"damage":42,"enemies":"3 Sentries","floor":11,"turns":7},{"damage":20,"enemies":"downfall:FleeingMerchant","floor":12,"turns":4},{"damage":0,"enemies":"Exordium Thugs","floor":14,"turns":3},{"damage":7,"enemies":"Blue Slaver","floor":15,"turns":3},{"damage":18,"enemies":"SI_SHIV_ARCHETYPE","floor":16,"turns":9},{"damage":24,"enemies":"3 Byrds","floor":19,"turns":5},{"damage":25,"enemies":"Chosen","floor":20,"turns":4},{"damage":40,"enemies":"Snake Plant","floor":21,"turns":5},{"damage":30,"enemies":"downfall:FleeingMerchant","floor":22,"turns":4},{"damage":25,"enemies":"3 Cultists","floor":23,"turns":6},{"damage":53,"enemies":"Gremlin Leader","floor":26,"turns":6},{"damage":38,"enemies":"Centurion and Healer","floor":27,"turns":8},{"damage":31,"enemies":"Sentry and Sphere","floor":29,"turns":6},{"damage":29,"enemies":"Snake Plant","floor":30,"turns":5},{"damage":53,"enemies":"Snake Plant","floor":31,"turns":3},{"damage":54,"enemies":"Centurion and Healer","floor":32,"turns":7},{"damage":53,"enemies":"WA_ARCHETYPE_CALM","floor":33,"turns":8}],"seed_played":"5668252705833223522","potions_obtained":[{"floor":5,"key":"SkillPotion"},{"floor":11,"key":"FearPotion"},{"floor":14,"key":"champ:TechniquePotion"},{"floor":16,"key":"Guardian:BlockOnCardUsePotion"}],"is_trial":false,"path_per_floor":["R","M","M","M","M","?","T","M","M","?","E","$","?","M","M","B",null,"R","M","M","M","$","M","T","?","E","M","R","M","M","?","M","B"],"character_chosen":"THE_CHAMP","items_purchased":["champ:EndlessRage+1"],"campfire_rested":0,"item_purchase_floors":[12],"current_hp_per_floor":[90,90,90,90,73,73,73,69,59,59,37,37,37,37,30,27,90,90,81,81,61,61,56,56,89,76,63,63,52,50,54,52,0,0,0],"gold":219,"neow_bonus":"THREE_ENEMY_KILL","is_daily":false,"chose_seed":false,"campfire_upgraded":3,"win_rate":0.0,"timestamp":1612080276,"path_taken":["R","M","M","M","M","?","T","M","M","?","E","$","?","M","M","BOSS","R","M","M","M","$","M","T","?","E","M","R","M","M","?","M","BOSS"],"items_purchased_type":["Card"],"build_version":"2020-12-22","purchased_purges":2,"victory":false,"max_hp_per_floor":[90,90,90,90,90,90,90,90,90,90,90,90,90,90,90,90,90,90,90,90,90,90,90,90,90,90,90,90,90,90,90,90,90,90,90],"card_choices":[{"not_picked":["champ:FanOfKnives","champ:BladeFlurry"],"picked":"champ:GladiatorStyle","floor":2},{"not_picked":["champ:GladiatorStyle","champ:Backstep"],"picked":"champ:TornadoPunch","floor":3},{"not_picked":["champ:ShieldSlam","champ:FlashCut"],"picked":"champ:GutPunch","floor":4},{"not_picked":["champ:BerserkersShout","champ:CrownThrow"],"picked":"champ:RisingSlash","floor":5},{"not_picked":["champ:Circumvent","champ:CrownThrow"],"picked":"champ:BringItOn","floor":8},{"not_picked":["champ:Haymaker","champ:Encircle"],"picked":"champ:BringItOn","floor":9},{"not_picked":["champ:RecklessLeap","champ:Backstep"],"picked":"champ:EnGarde","floor":11},{"not_picked":["champ:FlashCut","champ:FanOfKnives"],"picked":"champ:DefensiveShout","floor":12},{"not_picked":["champ:TripleStrike","champ:StanceDance"],"picked":"champ:IronFortress+1","floor":14},{"not_picked":["champ:EnGarde","champ:Shatter"],"picked":"champ:FlashCut","floor":15},{"not_picked":["champ:HoldFirm","champ:MurderStrike"],"picked":"champ:UltimateStance","floor":16},{"not_picked":["champ:PreciseThrust","champ:PerfectedStrike"],"picked":"champ:BerserkersShout","floor":19},{"not_picked":["champ:AdrenalArmor","champ:RecklessLeap"],"picked":"champ:PreciseThrust+1","floor":20},{"not_picked":["champ:HeartStrike","champ:Endure"],"picked":"champ:Duel+1","floor":21},{"not_picked":["champ:Encircle","champ:Duel+1"],"picked":"champ:Endure+1","floor":22},{"not_picked":["champ:CrownThrow+1","champ:TornadoPunch"],"picked":"champ:GladiatorForm+1","floor":23},{"not_picked":["champ:GutPunch","champ:TornadoPunch"],"picked":"champ:PreemptiveStrike","floor":26},{"not_picked":["champ:GutPunch+1","champ:Endure"],"picked":"champ:ArenaPreparation","floor":27},{"not_picked":["champ:DeathBlow+1","champ:FanOfKnives+1"],"picked":"champ:Shatter","floor":29},{"not_picked":["champ:FaceSlap","champ:SetATrap"],"picked":"champ:DefensiveShout+1","floor":30},{"not_picked":["champ:FalseCounter+1","champ:FlashCut"],"picked":"champ:SkillfulDodge","floor":31},{"not_picked":["champ:EndlessRage+1","champ:TornadoPunch"],"picked":"champ:Shatter","floor":32}],"player_experience":381911,"relics_obtained":[{"floor":7,"key":"Letter Opener"},{"floor":11,"key":"Frozen Egg 2"},{"floor":24,"key":"Shovel"},{"floor":26,"key":"Meat on the Bone"},{"floor":31,"key":"downfall:GremlinSack"}],"event_choices":[],"is_beta":false,"boss_relics":[{"not_picked":["Snecko Eye","Fusion Hammer"],"picked":"Sozu"}],"items_purged_floors":[12,22],"is_endless":false,"potions_floor_spawned":[5,11,14,16,19,23,26,29,32],"killed_by":"WA_ARCHETYPE_CALM","ascension_level":0}}