{"host":"65a95dzim48ko8ke","time":1612089107,"event":{"mods":["Aspiration","BaseMod","Block Reminder","Colored Powertips","Conspire","Curses Come First","DeckTracker","Energized Spire","Halation","Hubris","Jedi Mod","Minty Spire (QoL Compilation)","Permanent Neow","Quick Restart","Rare Cards Sparkle","Reliquary","Replay The Spire","Spicy Shops","StSLib","Synergy Search","TestMod","Trackpad","Åy?ï®?îvÅzREMEMod"],"gold_per_floor":[111,125,125,95,112,143,218,248,248,248,248,248,260,272,272,272,272],"floor_reached":16,"language":"ENG","playtime":932,"items_purged":[],"score":149,"play_id":"e0752139-f651-454e-bbdc-61a9720abfcb","local_time":"20210131193147","is_ascension_mode":true,"campfire_choices":[{"data":"testmod-SunMoon","floor":10.0,"key":"SMITH"},{"data":"Zap","floor":12.0,"key":"SMITH"},{"data":"REME_Whirling","floor":15,"key":"SMITH"}],"circlet_count":0,"master_deck":["Strike_B","Strike_B","Strike_B","Strike_B","Defend_B","Defend_B","Defend_B","Defend_B","Zap+1","Dualcast","testmod-SunMoon+1","REME_Whirling+1","Steam","Self Repair","conspire:SharedLibrary","Thunder Strike","ReplaySort","jedi:BurstLightning"],"relics":["Cracked Core","testmod-TestBox","REME_ComplimentaryCards","testmod-Temperance","aspiration:DSix","Ring of Shattering","jedi:angrymask","DataDisk","aspiration:HiddenCompartment"],"acts_visited":["Exordium"],"potions_floor_usage":[16],"damage_taken":[{"damage":2.0,"enemies":"Jaw Worm","floor":1.0,"turns":3.0},{"damage":0.0,"enemies":"2 Louse","floor":2.0,"turns":2.0},{"damage":0.0,"enemies":"Cultist","floor":5.0,"turns":2.0},{"damage":19.0,"enemies":"Replay:BlueRogue","floor":6.0,"turns":4.0},{"damage":8.0,"enemies":"Lagavulin","floor":8.0,"turns":7.0},{"damage":0.0,"enemies":"Looter","floor":13.0,"turns":3.0},{"damage":7,"enemies":"Exordium Wildlife","floor":14,"turns":2},{"damage":46,"enemies":"The Guardian","floor":16,"turns":8}],"seed_played":"-2159051199191830971","potions_obtained":[{"floor":4.0,"key":"Adrenaline Potion"},{"floor":4.0,"key":"jedi:hoardpotion"},{"floor":5.0,"key":"Swift Potion"},{"floor":8.0,"key":"Block Potion"},{"floor":14,"key":"Explosive Potion"}],"is_trial":false,"path_per_floor":["M","M","?","?","M","E","?","E","T","R","T","R","M","M","R","B"],"character_chosen":"DEFECT","items_purchased":[],"campfire_rested":0,"item_purchase_floors":[],"current_hp_per_floor":[66,66,66,66,66,54,43,35,35,35,35,35,42,42,42,0,0],"gold":272,"neow_bonus":"DSIX","is_daily":false,"chose_seed":false,"campfire_upgraded":3,"win_rate":0.0,"timestamp":1612089107,"path_taken":["M","M","?","?","?","E","?","E","T","R","?","R","?","M","R","BOSS"],"items_purchased_type":[],"build_version":"2020-12-22","purchased_purges":0,"victory":false,"max_hp_per_floor":[75,75,75,75,75,75,75,75,75,75,75,75,75,75,75,75,75],"card_choices":[{"not_picked":["FIFO Queue","Chaos"],"picked":"REME_Whirling","floor":1.0},{"not_picked":["ReplayGash","Gash"],"picked":"Steam","floor":2.0},{"not_picked":["Turbo","Hologram"],"picked":"Self Repair","floor":5.0},{"not_picked":["BasicCrystalCard","Cold Snap"],"picked":"conspire:SharedLibrary","floor":6.0},{"not_picked":["Coolheaded","Panic Button"],"picked":"Thunder Strike","floor":8.0},{"not_picked":["Sweeping Beam","Rebound"],"picked":"ReplaySort","floor":13.0},{"not_picked":["Leap","Reinforced Body"],"picked":"jedi:BurstLightning","floor":14}],"player_experience":344445,"relics_obtained":[{"floor":3.0,"key":"Ring of Shattering"},{"floor":6.0,"key":"jedi:angrymask"},{"floor":8.0,"key":"DataDisk"},{"floor":11.0,"key":"aspiration:HiddenCompartment"}],"event_choices":[{"damage_healed":0.0,"max_hp_gain":0.0,"max_hp_loss":0.0,"gold_gain":0.0,"event_name":"The Woman in Blue","player_choice":"Bought 2 Potions","floor":4.0,"gold_loss":0.0,"damage_taken":0.0},{"damage_healed":0.0,"max_hp_gain":0.0,"max_hp_loss":0.0,"gold_gain":75.0,"event_name":"World of Goop","player_choice":"Gather Gold","floor":7.0,"gold_loss":0.0,"damage_taken":11.0}],"is_beta":false,"boss_relics":[],"items_purged_floors":[],"is_endless":false,"potions_floor_spawned":[5,8,14],"killed_by":"The Guardian","ascension_level":7}}