{"host":"cijhj3091wf4aho3","time":1612072313,"event":{"mods":["BaseMod","Colored Map","Colored Powertips","Downfall","Friendly Minions","GifTheSpireLib","Highlight Path","Minty Spire (QoL Compilation)","Permanent Neow","Random Character Button","Relic Sorter","Relic Stats","StSLib","everything is the same but u backflip on backflip","slay the spire mod where everything is the same but ironclad has a cowboy hat"],"gold_per_floor":[99,112,123,136,136,167,167,198,228,240,270,445,345,109,128,128,128,128],"floor_reached":16,"language":"ENG","playtime":662,"items_purged":["Doubt"],"score":174,"play_id":"4158095a-2e53-471c-a53c-967828c229bf","local_time":"20210130215153","is_ascension_mode":true,"campfire_choices":[{"data":"bronze:Virus","floor":1,"key":"SMITH"},{"data":"bronze:Mutator","floor":13,"key":"SMITH"}],"circlet_count":0,"master_deck":["bronze:Strike","bronze:Strike","bronze:Strike","bronze:Strike","bronze:Defend","bronze:Defend","bronze:Defend","bronze:Defend","bronze:Replicate","bronze:Goto","bronze:Virus+1","bronze:ChosenStrike","bronze:BugBarrage","bronze:Philosophize","bronze:Boost","bronze:Mutator+1","bronze:MaxOutput","bronze:Fortify","bronze:Philosophize"],"relics":["bronze:BronzeCore","downfall:BrokenWingStatue","Gremlin Horn","Bottled Lightning","InkBottle","Odd Mushroom","Juzu Bracelet","downfall:HeartBlessingGreen","Oddly Smooth Stone"],"acts_visited":["Exordium"],"potions_floor_usage":[16],"damage_taken":[{"damage":3,"enemies":"Small Slimes","floor":2,"turns":3},{"damage":2,"enemies":"2 Louse","floor":3,"turns":2},{"damage":1,"enemies":"Cultist","floor":4,"turns":3},{"damage":12,"enemies":"Lagavulin","floor":6,"turns":5},{"damage":8,"enemies":"Gremlin Nob","floor":8,"turns":3},{"damage":5,"enemies":"The Mushroom Lair","floor":9,"turns":3},{"damage":0,"enemies":"Blue Slaver","floor":10,"turns":3},{"damage":0,"enemies":"Lagavulin","floor":11,"turns":3},{"damage":0,"enemies":"downfall:FleeingMerchant","floor":14,"turns":4},{"damage":8,"enemies":"Large Slime","floor":15,"turns":3},{"damage":28,"enemies":"DF_ARCHETYPE_STREAMLINE","floor":16,"turns":3}],"seed_played":"1828203984389885997","potions_obtained":[{"floor":2,"key":"hexamod:SoulburnPotion"},{"floor":6,"key":"BlessingOfTheForge"},{"floor":9,"key":"Ancient Potion"},{"floor":11,"key":"SteroidPotion"},{"floor":15,"key":"Energy Potion"}],"is_trial":false,"path_per_floor":["R","M","M","M","?","E","T","E","?","M","E","?","R","$","M","B"],"character_chosen":"THE_AUTOMATON","items_purchased":["Oddly Smooth Stone"],"campfire_rested":0,"item_purchase_floors":[14],"current_hp_per_floor":[63,60,58,57,57,45,45,37,32,32,32,32,32,32,24,0,0,0],"gold":128,"neow_bonus":"THREE_RARE_CARDS","is_daily":false,"chose_seed":false,"campfire_upgraded":2,"win_rate":0.0,"timestamp":1612072313,"path_taken":["R","M","M","M","?","E","T","E","?","M","E","?","R","$","M","BOSS"],"items_purchased_type":["Relic"],"build_version":"2020-12-22","purchased_purges":1,"victory":false,"max_hp_per_floor":[63,63,63,63,63,63,63,63,63,63,63,63,63,63,63,63,63,63],"relic_stats":{"Gremlin Horn":[3,3],"counters":[11,35],"Juzu Bracelet":0,"obtain_stats":[{"bronze:BronzeCore":0,"downfall:BrokenWingStatue":5,"Gremlin Horn":6,"Oddly Smooth Stone":14,"downfall:HeartBlessingGreen":13,"Juzu Bracelet":11,"Bottled Lightning":7,"Odd Mushroom":9,"InkBottle":8},{"bronze:BronzeCore":0,"downfall:BrokenWingStatue":3,"Gremlin Horn":4,"Oddly Smooth Stone":9,"downfall:HeartBlessingGreen":8,"Juzu Bracelet":8,"Bottled Lightning":4,"Odd Mushroom":6,"InkBottle":5},{"bronze:BronzeCore":0,"downfall:BrokenWingStatue":8,"Gremlin Horn":13,"Oddly Smooth Stone":29,"downfall:HeartBlessingGreen":25,"Juzu Bracelet":25,"Bottled Lightning":13,"Odd Mushroom":19,"InkBottle":16}],"InkBottle":[9]},"card_choices":[{"not_picked":["bronze:Break","bronze:ThunderWave"],"picked":"bronze:Virus","floor":0},{"not_picked":["bronze:GetLatest","bronze:WildBeam"],"picked":"bronze:ChosenStrike","floor":2},{"not_picked":["bronze:Allocate","bronze:DelayedGuard"],"picked":"bronze:BugBarrage","floor":3},{"not_picked":["bronze:MaxOutput","bronze:Deprecate"],"picked":"bronze:Philosophize","floor":4},{"not_picked":["bronze:DelayedSlice","bronze:BronzeOrb"],"picked":"bronze:Boost","floor":6},{"not_picked":["bronze:BitShift","bronze:Deprecate"],"picked":"bronze:Mutator","floor":8},{"not_picked":["bronze:BuggyMess","bronze:Turbo"],"picked":"bronze:MaxOutput","floor":9},{"not_picked":["bronze:Safeguard","bronze:DelayedSlice","bronze:Constructor"],"picked":"SKIP","floor":10},{"not_picked":["bronze:Optimize","bronze:Overheat"],"picked":"bronze:Fortify","floor":11},{"not_picked":["bronze:Separator","bronze:BitShift","bronze:Invalidate"],"picked":"SKIP","floor":14},{"not_picked":["bronze:CutThrough","bronze:WhirlingStrike"],"picked":"bronze:Philosophize","floor":15}],"player_experience":545700,"relics_obtained":[{"floor":6,"key":"Gremlin Horn"},{"floor":7,"key":"Bottled Lightning"},{"floor":8,"key":"InkBottle"},{"floor":9,"key":"Odd Mushroom"},{"floor":11,"key":"Juzu Bracelet"}],"event_choices":[{"damage_healed":0,"gold_gain":0,"player_choice":"Fought Mushrooms","damage_taken":0,"max_hp_gain":0,"max_hp_loss":0,"event_name":"Mushrooms","floor":9,"gold_loss":0}],"is_beta":false,"boss_relics":[],"items_purged_floors":[14],"is_endless":false,"potions_floor_spawned":[2,6,9,11,15],"killed_by":"DF_ARCHETYPE_STREAMLINE","ascension_level":4}}