{"host":"q5vpntglr38zhb0c","time":1612100326,"event":{"mods":["BaseMod","Colored Map","DeckTracker","Keyboard Shortcuts","Minty Spire (QoL Compilation)","Permanent Neow","StSLib","SuperFastMode","everything is the same but u backflip on backflip"],"gold_per_floor":[117,117,117,135,152,152,186,199,199,199,199],"floor_reached":10,"language":"KOR","playtime":216,"items_purged":[],"score":136,"play_id":"017dca60-9349-46ee-8f7d-ebb6514ff3d7","local_time":"20210131223846","is_ascension_mode":true,"campfire_choices":[{"data":"Acrobatics","floor":6,"key":"SMITH"}],"circlet_count":0,"master_deck":["AscendersBane","Strike_G","Strike_G","Strike_G","Strike_G","Strike_G","Defend_G","Defend_G","Defend_G","Defend_G","Defend_G","Survivor","Neutralize+1","Underhanded Strike","Caltrops+1","Acrobatics+1","Dagger Throw","Heel Hook"],"relics":["Ring of the Snake","Frozen Egg 2","Regal Pillow"],"acts_visited":["Exordium"],"potions_floor_usage":[7,10],"damage_taken":[{"damage":1,"enemies":"2 Louse","floor":1,"turns":4},{"damage":0,"enemies":"Small Slimes","floor":4,"turns":3},{"damage":0,"enemies":"Jaw Worm","floor":5,"turns":5},{"damage":19,"enemies":"Lagavulin","floor":7,"turns":8},{"damage":2,"enemies":"2 Fungi Beasts","floor":8,"turns":5},{"damage":24,"enemies":"Gremlin Nob","floor":10,"turns":3}],"seed_played":"1658481065157882135","potions_obtained":[{"floor":5,"key":"Dexterity Potion"},{"floor":8,"key":"AttackPotion"}],"is_trial":false,"path_per_floor":["M","?","?","M","M","R","E","M","T","E"],"character_chosen":"THE_SILENT","items_purchased":[],"campfire_rested":0,"item_purchase_floors":[],"current_hp_per_floor":[58,32,32,32,32,32,13,11,11,0,0],"gold":199,"neow_bonus":"UPGRADE_CARD","is_daily":false,"chose_seed":false,"campfire_upgraded":1,"win_rate":0.0,"timestamp":1612100326,"path_taken":["M","?","?","M","M","R","E","M","T","E"],"items_purchased_type":[],"build_version":"2020-12-22","purchased_purges":0,"victory":false,"max_hp_per_floor":[66,66,66,66,66,66,66,66,66,66,66],"card_choices":[{"not_picked":["Flying Knee","PiercingWail"],"picked":"Underhanded Strike","floor":1},{"not_picked":["Terror","Riddle With Holes"],"picked":"Caltrops+1","floor":4},{"not_picked":["Deadly Poison","Backflip"],"picked":"Acrobatics","floor":5},{"not_picked":["Skewer","Calculated Gamble"],"picked":"Dagger Throw","floor":7},{"not_picked":["Backflip","Outmaneuver"],"picked":"Heel Hook","floor":8}],"player_experience":1312914,"relics_obtained":[{"floor":7,"key":"Regal Pillow"}],"event_choices":[{"damage_healed":0,"gold_gain":0,"player_choice":"Success","damage_taken":26,"relics_obtained":["Frozen Egg 2"],"max_hp_gain":0,"max_hp_loss":0,"event_name":"Scrap Ooze","floor":2,"gold_loss":0},{"damage_healed":0,"gold_gain":0,"player_choice":"Ignored","damage_taken":0,"max_hp_gain":0,"max_hp_loss":0,"event_name":"Liars Game","floor":3,"gold_loss":0}],"is_beta":false,"boss_relics":[],"items_purged_floors":[],"is_endless":false,"potions_floor_spawned":[5,8],"killed_by":"Gremlin Nob","ascension_level":20}}