{"host":"q8mjpf3krl0t4p3x","time":1612079643,"event":{"mods":["BaseMod","Colored Map","Colored Powertips","Googly Eyes","Minty Spire (QoL Compilation)","Quick Restart","StSLib","everything is the same but u backflip on backflip","slay the spire mod where everything is the same but ironclad has a cowboy hat"],"gold_per_floor":[117,117,117,137,153,184,184,213,288,288,305,316,343,356,356,356,356],"floor_reached":16,"language":"ENG","playtime":541,"items_purged":[],"score":183,"play_id":"92ac729f-5b71-4509-99a0-7b4f6fcc22d6","local_time":"20210130235403","is_ascension_mode":true,"campfire_choices":[{"data":"Wild Strike","floor":7,"key":"SMITH"},{"data":"Heavy Blade","floor":10,"key":"SMITH"},{"data":"Immolate","floor":15,"key":"SMITH"}],"circlet_count":0,"master_deck":["AscendersBane","Strike_R","Strike_R","Strike_R","Strike_R","Strike_R","Defend_R","Defend_R","Defend_R","Defend_R","Bash+1","Shrug It Off","Wild Strike+1","Flame Barrier","Heavy Blade+1","Anger","Immolate+1","Fire Breathing+1","Battle Trance"],"relics":["Burning Blood","Du-Vu Doll","Blood Vial","Frozen Egg 2","Juzu Bracelet"],"acts_visited":["Exordium"],"potions_floor_usage":[6,16],"damage_taken":[{"damage":2,"enemies":"2 Louse","floor":1,"turns":3},{"damage":10,"enemies":"Small Slimes","floor":4,"turns":4},{"damage":1,"enemies":"Cultist","floor":5,"turns":3},{"damage":25,"enemies":"3 Sentries","floor":6,"turns":9},{"damage":32,"enemies":"Gremlin Nob","floor":8,"turns":4},{"damage":3,"enemies":"3 Louse","floor":11,"turns":3},{"damage":1,"enemies":"Looter","floor":12,"turns":3},{"damage":18,"enemies":"3 Sentries","floor":13,"turns":5},{"damage":3,"enemies":"Red Slaver","floor":14,"turns":4},{"damage":55,"enemies":"Hexaghost","floor":16,"turns":9}],"seed_played":"-2014638620118664055","potions_obtained":[{"floor":1,"key":"Explosive Potion"},{"floor":5,"key":"SmokeBomb"},{"floor":8,"key":"BlessingOfTheForge"},{"floor":11,"key":"SpeedPotion"}],"is_trial":false,"path_per_floor":["M","?","?","M","M","E","R","E","T","R","M","M","E","M","R","B"],"character_chosen":"IRONCLAD","items_purchased":[],"campfire_rested":0,"item_purchase_floors":[],"current_hp_per_floor":[84,84,88,84,88,69,69,43,43,43,48,55,45,50,50,0,0],"gold":356,"neow_bonus":"TEN_PERCENT_HP_BONUS","is_daily":false,"chose_seed":false,"campfire_upgraded":3,"win_rate":0.0,"timestamp":1612079643,"path_taken":["M","?","?","M","M","E","R","E","T","R","M","?","E","M","R","BOSS"],"items_purchased_type":[],"build_version":"2020-12-22","purchased_purges":0,"victory":false,"max_hp_per_floor":[88,88,88,88,88,88,88,88,88,88,88,88,88,88,88,88,88],"card_choices":[{"not_picked":["Body Slam","Rupture"],"picked":"Shrug It Off","floor":1},{"not_picked":["Bloodletting","Fire Breathing"],"picked":"Wild Strike","floor":4},{"not_picked":["Shockwave","Body Slam"],"picked":"Flame Barrier","floor":5},{"not_picked":["Thunderclap","Ghostly Armor"],"picked":"Heavy Blade","floor":6},{"not_picked":["Offering","Heavy Blade","Clothesline"],"picked":"SKIP","floor":8},{"not_picked":["Clothesline","Twin Strike"],"picked":"Anger","floor":11},{"not_picked":["Clothesline","Armaments"],"picked":"Immolate","floor":12},{"not_picked":["Corruption+1","Rupture+1"],"picked":"Fire Breathing+1","floor":13},{"not_picked":["True Grit","Heavy Blade"],"picked":"Battle Trance","floor":14}],"player_experience":315325,"relics_obtained":[{"floor":6,"key":"Du-Vu Doll"},{"floor":8,"key":"Blood Vial"},{"floor":9,"key":"Frozen Egg 2"},{"floor":13,"key":"Juzu Bracelet"}],"event_choices":[{"damage_healed":0,"gold_gain":0,"player_choice":"Grow","damage_taken":0,"max_hp_gain":0,"max_hp_loss":0,"event_name":"Living Wall","floor":2,"gold_loss":0,"cards_upgraded":["Bash"]},{"damage_healed":4,"gold_gain":0,"player_choice":"Full Heal","damage_taken":0,"max_hp_gain":0,"max_hp_loss":0,"event_name":"Wheel of Change","floor":3,"gold_loss":0}],"is_beta":false,"boss_relics":[],"items_purged_floors":[],"is_endless":false,"potions_floor_spawned":[1,5,8,11,13],"killed_by":"Hexaghost","ascension_level":10}}