{"host":"facnppb4175fcpe2","time":1612087013,"event":{"mods":["AchievementEnabler","BaseMod","Colored Map","Colored Powertips","Highlight Path","Minty Spire (QoL Compilation)","Quick Restart","Rare Cards Sparkle","Relic Stats","StSLib","SuperFastMode"],"gold_per_floor":[119,294,73,73,23,23,23,41,64,99,116,149,168,193,193,193,193],"floor_reached":16,"language":"ZHS","playtime":324,"items_purged":["Doubt"],"score":136,"play_id":"cea1a5a3-cf01-4dce-8f38-c8d88cd546c2","local_time":"20210131175653","is_ascension_mode":true,"campfire_choices":[{"data":"Neutralize","floor":7,"key":"SMITH"},{"data":"Noxious Fumes","floor":15,"key":"SMITH"}],"circlet_count":0,"master_deck":["Strike_G","Strike_G","Strike_G+1","Strike_G+1","Defend_G","Defend_G","Defend_G","Defend_G","Survivor","Neutralize+1","Noxious Fumes+1","Adrenaline","Escape Plan","Noxious Fumes"],"relics":["Sozu","Bag of Preparation","Regal Pillow","Whetstone","Dream Catcher","Orichalcum"],"acts_visited":["Exordium"],"potions_floor_usage":[],"damage_taken":[{"damage":0,"enemies":"2 Louse","floor":1,"turns":3},{"damage":0,"enemies":"Small Slimes","floor":8,"turns":3},{"damage":42,"enemies":"3 Sentries","floor":10,"turns":9},{"damage":0,"enemies":"Jaw Worm","floor":11,"turns":2},{"damage":5,"enemies":"Gremlin Nob","floor":12,"turns":4},{"damage":0,"enemies":"Red Slaver","floor":13,"turns":4},{"damage":11,"enemies":"Lagavulin","floor":14,"turns":6},{"damage":7,"enemies":"Hexaghost","floor":16,"turns":8}],"seed_played":"-4952004915862572254","potions_obtained":[],"is_trial":false,"path_per_floor":["M","?","$","?","?","$","R","M","T","E","M","E","M","E","R","B"],"character_chosen":"THE_SILENT","items_purchased":["Bag of Preparation"],"campfire_rested":0,"item_purchase_floors":[3],"current_hp_per_floor":[70,70,70,63,63,63,63,63,63,21,21,16,16,5,5,0,0],"gold":193,"neow_bonus":"BOSS_RELIC","is_daily":false,"chose_seed":false,"campfire_upgraded":2,"win_rate":0.0,"timestamp":1612087013,"path_taken":["M","?","$","?","?","?","R","M","T","E","?","E","M","E","R","BOSS"],"items_purchased_type":["Relic"],"build_version":"2020-12-22","purchased_purges":1,"victory":false,"max_hp_per_floor":[70,70,70,70,70,70,70,70,70,70,70,70,70,70,70,70,70],"relic_stats":{"Sozu":3,"Regal Pillow":0,"Dream Catcher":0,"counters":[8,39],"Bag of Preparation":[14],"Whetstone":["Strike_G","Strike_G"],"Orichalcum":[6],"obtain_stats":[{"Sozu":0,"Regal Pillow":9,"Dream Catcher":12,"Bag of Preparation":3,"Whetstone":10,"Orichalcum":14,"Ring of the Snake":0},{"Sozu":0,"Regal Pillow":2,"Dream Catcher":5,"Bag of Preparation":1,"Whetstone":3,"Orichalcum":7,"Ring of the Snake":0},{"Sozu":0,"Regal Pillow":6,"Dream Catcher":21,"Bag of Preparation":3,"Whetstone":15,"Orichalcum":31,"Ring of the Snake":0}]},"card_choices":[{"not_picked":["Infinite Blades","Distraction","Riddle With Holes"],"picked":"SKIP","floor":1},{"not_picked":["Underhanded Strike","Deflect"],"picked":"Noxious Fumes","floor":8},{"not_picked":["Leg Sweep","Backflip"],"picked":"Adrenaline","floor":10},{"not_picked":["Backflip","Riddle With Holes","Outmaneuver"],"picked":"SKIP","floor":11},{"not_picked":["Blade Dance","Flechettes","Outmaneuver"],"picked":"SKIP","floor":12},{"not_picked":["All Out Attack","Die Die Die"],"picked":"Escape Plan","floor":13},{"not_picked":["Deadly Poison","Terror"],"picked":"Noxious Fumes","floor":14}],"player_experience":96488,"relics_obtained":[{"floor":9,"key":"Regal Pillow"},{"floor":10,"key":"Whetstone"},{"floor":12,"key":"Dream Catcher"},{"floor":14,"key":"Orichalcum"}],"event_choices":[{"damage_healed":0,"gold_gain":175,"player_choice":"AGREE","damage_taken":0,"max_hp_gain":0,"max_hp_loss":0,"event_name":"Liars Game","floor":2,"gold_loss":0,"cards_obtained":["Doubt"]},{"cards_removed":["Strike_G"],"damage_healed":0,"gold_gain":0,"player_choice":"Card Removal","damage_taken":7,"max_hp_gain":0,"max_hp_loss":0,"event_name":"Golden Wing","floor":4,"gold_loss":0},{"cards_removed":["Defend_G"],"damage_healed":0,"gold_gain":0,"player_choice":"Card Removal","damage_taken":0,"max_hp_gain":0,"max_hp_loss":0,"event_name":"The Cleric","floor":5,"gold_loss":50}],"is_beta":false,"boss_relics":[],"items_purged_floors":[3],"is_endless":false,"potions_floor_spawned":[1,11,14],"killed_by":"Hexaghost","ascension_level":3}}