{"host":"8uihyzx2cncbsjod","time":1612052545,"event":{"mods":["BaseMod","Custom Start","Downfall","Hermit","Minty Spire (QoL Compilation)","StSLib","egg"],"gold_per_floor":[99,112,124,124,143,169,193,205,5,0,14,33,33,51,64,64,64,64],"floor_reached":16,"language":"ENG","playtime":726,"items_purged":[],"score":106,"play_id":"0cc003b5-471c-428f-be73-3b9593946deb","local_time":"20210130192225","is_ascension_mode":false,"campfire_choices":[{"floor":1,"key":"RECALL"},{"data":"bronze:Boost","floor":9,"key":"SMITH"}],"circlet_count":0,"master_deck":["bronze:Strike","bronze:Strike","bronze:Strike","bronze:Strike","bronze:Defend","bronze:Defend","bronze:Defend","bronze:Defend","bronze:Replicate+1","bronze:Goto+1","bronze:ChosenStrike+1","bronze:Frontload","bronze:Boost+1","bronze:Flail","bronze:ClassDefault","bronze:ChosenStrike","bronze:SpaghettiCode"],"relics":["bronze:BronzeCore","bronze:SilverBullet","bronze:ProtectiveGoggles","downfall:HeartBlessingRed","downfall:HeartBlessingGreen","Bronze Scales"],"acts_visited":["Exordium"],"potions_floor_usage":[16,16],"damage_taken":[{"damage":5,"enemies":"Jaw Worm","floor":2,"turns":6},{"damage":1,"enemies":"Cultist","floor":3,"turns":3},{"damage":0,"enemies":"Small Slimes","floor":5,"turns":1},{"damage":16,"enemies":"Gremlin Nob","floor":6,"turns":4},{"damage":0,"enemies":"Blue Slaver","floor":8,"turns":2},{"damage":0,"enemies":"downfall:FleeingMerchant","floor":10,"turns":4},{"damage":0,"enemies":"Gremlin Gang","floor":11,"turns":3},{"damage":0,"enemies":"Red Slaver","floor":12,"turns":1},{"damage":4,"enemies":"Exordium Thugs","floor":14,"turns":2},{"damage":0,"enemies":"Exordium Wildlife","floor":15,"turns":2},{"damage":48,"enemies":"DF_ARCHETYPE_STREAMLINE","floor":16,"turns":8}],"seed_played":"-1256396936646583453","potions_obtained":[{"floor":3,"key":"bronze:CleanCodePotion"},{"floor":5,"key":"SpeedPotion"},{"floor":6,"key":"Dexterity Potion"},{"floor":12,"key":"bronze:FreeFunctionsPotion"}],"is_trial":false,"path_per_floor":["R","M","M","?","M","E","T","M","R","$","M","M","?","M","M","B"],"character_chosen":"THE_AUTOMATON","items_purchased":[],"campfire_rested":0,"item_purchase_floors":[],"current_hp_per_floor":[77,72,71,71,71,55,55,55,55,55,55,55,52,48,48,0,0,0],"gold":64,"neow_bonus":"TEN_PERCENT_HP_BONUS","is_daily":false,"chose_seed":false,"campfire_upgraded":1,"win_rate":0.0,"timestamp":1612052545,"path_taken":["R","M","M","?","M","E","T","M","R","$","?","M","?","M","M","BOSS"],"items_purchased_type":[],"build_version":"2020-12-22","purchased_purges":0,"victory":false,"max_hp_per_floor":[77,77,77,77,77,77,77,77,77,77,77,77,77,77,77,77,77,77],"card_choices":[{"not_picked":["bronze:Branch","bronze:DelayedSlice"],"picked":"bronze:ChosenStrike","floor":2},{"not_picked":["bronze:Allocate","bronze:Invalidate"],"picked":"bronze:Frontload","floor":3},{"not_picked":["bronze:BuggyMess","bronze:Deprecate"],"picked":"bronze:Boost","floor":5},{"not_picked":["bronze:Boost","bronze:BuggyMess"],"picked":"bronze:Flail","floor":6},{"not_picked":["bronze:OilSpill","bronze:BugBarrage","bronze:DelayedGuard"],"picked":"SKIP","floor":8},{"not_picked":["bronze:Allocate","bronze:Repair"],"picked":"bronze:ClassDefault","floor":10},{"not_picked":["bronze:Invalidate","bronze:OilSpill"],"picked":"bronze:ChosenStrike","floor":11},{"not_picked":["bronze:BuggyMess","bronze:BronzeArmor","bronze:ForLoop"],"picked":"SKIP","floor":12},{"not_picked":["bronze:BitShift","bronze:Repulsor","bronze:Philosophize"],"picked":"SKIP","floor":14},{"not_picked":["bronze:Turbo","bronze:Invalidate"],"picked":"bronze:SpaghettiCode","floor":15}],"player_experience":634842,"relics_obtained":[{"floor":6,"key":"bronze:SilverBullet"},{"floor":7,"key":"bronze:ProtectiveGoggles"}],"event_choices":[{"damage_healed":0,"gold_gain":0,"player_choice":"Success","damage_taken":3,"relics_obtained":["Bronze Scales"],"max_hp_gain":0,"max_hp_loss":0,"event_name":"Scrap Ooze","floor":13,"gold_loss":0}],"is_beta":false,"boss_relics":[],"items_purged_floors":[],"is_endless":false,"potions_floor_spawned":[3,5,6,12],"killed_by":"DF_ARCHETYPE_STREAMLINE","ascension_level":0}}