{"host":"hbel9g7s7ibv8po6","time":1612105057,"event":{"mods":["Act Like it!","BaseMod","Duelist Mod","Minty Spire (QoL Compilation)","StSLib"],"gold_per_floor":[17,17,37,56,73,100,119,150,150,280,298,314,324,324,324,423,423,410,410,421,841,622,649,574,600,600,600,354,379,379,396,396,501,501,512,525,525,351,351,351],"floor_reached":39,"language":"ENG","playtime":2655,"items_purged":["theDuelist:CastleWalls","theDuelist:Deskbot004","theDuelist:Deskbot004"],"score":856,"play_id":"03923ce9-b603-489b-904c-1d5041546d0f","local_time":"20210131225737","is_ascension_mode":true,"campfire_choices":[{"data":"theDuelist:CyberneticFusion","floor":15.0,"key":"SMITH"},{"data":"theDuelist:GracefulCharity","floor":27.0,"key":"SMITH"},{"data":"theDuelist:Polymerization","floor":32.0,"key":"SMITH"}],"circlet_count":0,"master_deck":["theDuelist:SatelliteCannon","theDuelist:WingedKuriboh","AscendersBane","theDuelist:SolemnWarning","theDuelist:AncientGearGadjiltron","theDuelist:TurretWarrior","theDuelist:Deskbot005","theDuelist:GracefulCharity+1","theDuelist:Polymerization+1","theDuelist:ParallelPortArmor","theDuelist:IronhammerGiant","theDuelist:CyberneticFusion+1","theDuelist:Deskbot005","theDuelist:PotGreed","theDuelist:ChaosAncientGearGiant","theDuelist:JunkKuriboh","theDuelist:GreenGadget","theDuelist:YellowGadget+1","theDuelist:CardsFromTheSky"],"relics":["theDuelist:MillenniumPuzzle","theDuelist:CardPoolRelic","theDuelist:CardPoolBasicRelic","theDuelist:BoosterPackPoolRelic","theDuelist:CardPoolAddRelic","theDuelist:CardPoolMinusRelic","theDuelist:CardPoolSaveRelic","theDuelist:CardPoolOptionsRelic","HornCleat","Anchor","theDuelist:TokenArmor","theDuelist:ZoneToken","SlaversCollar","Enchiridion","theDuelist:DuelistCoin","Orrery","theDuelist:MachineOrb","Paper Crane","InkBottle","Bag of Marbles","Pear","Fusion Hammer"],"acts_visited":["Exordium","TheCity","TheBeyond"],"potions_floor_usage":[],"damage_taken":[{"damage":0.0,"enemies":"Small Slimes","floor":1.0,"turns":2.0},{"damage":0.0,"enemies":"Cultist","floor":3.0,"turns":3.0},{"damage":1.0,"enemies":"2 Louse","floor":4.0,"turns":2.0},{"damage":0.0,"enemies":"Blue Slaver","floor":5.0,"turns":3.0},{"damage":10.0,"enemies":"3 Sentries","floor":6.0,"turns":10.0},{"damage":0.0,"enemies":"Large Slime","floor":7.0,"turns":7.0},{"damage":12.0,"enemies":"Gremlin Nob","floor":8.0,"turns":5.0},{"damage":6.0,"enemies":"3 Sentries","floor":10.0,"turns":9.0},{"damage":0.0,"enemies":"Lots of Slimes","floor":11.0,"turns":5.0},{"damage":0.0,"enemies":"Exordium Thugs","floor":12.0,"turns":4.0},{"damage":0.0,"enemies":"Large Slime","floor":13.0,"turns":6.0},{"damage":7.0,"enemies":"The Guardian","floor":16.0,"turns":6.0},{"damage":5.0,"enemies":"2 Thieves","floor":18.0,"turns":4.0},{"damage":3.0,"enemies":"3 Byrds","floor":20.0,"turns":6.0},{"damage":0.0,"enemies":"Gremlin Leader","floor":23.0,"turns":3.0},{"damage":0.0,"enemies":"theDuelist:KaibaA2","floor":25.0,"turns":2.0},{"damage":23.0,"enemies":"Book of Stabbing","floor":29.0,"turns":3.0},{"damage":0.0,"enemies":"Snecko","floor":31.0,"turns":2.0},{"damage":18.0,"enemies":"Collector","floor":33.0,"turns":4.0},{"damage":0.0,"enemies":"Orb Walker","floor":35.0,"turns":3.0},{"damage":7.0,"enemies":"3 Darklings","floor":36.0,"turns":3.0},{"damage":74,"enemies":"3 Darklings","floor":39,"turns":4}],"seed_played":"-6514599346216909596","potions_obtained":[{"floor":4.0,"key":"theDuelist:SolderPotionB"},{"floor":6.0,"key":"theDuelist:SolderPotion"},{"floor":10.0,"key":"theDuelist:BurningPotion"},{"floor":12.0,"key":"ColorlessPotion"},{"floor":23.0,"key":"Fire Potion"},{"floor":35.0,"key":"FocusPotion"}],"is_trial":false,"path_per_floor":["M","?","M","M","M","E","M","E","T","E","M","M","M","T","R","B",null,"M","?","M","?","$","E","?","E","T","R","$","E","?","M","R","B",null,"M","M","?","$","?"],"character_chosen":"THE_DUELIST","items_purchased":["Orrery","Bag of Marbles","theDuelist:CardsFromTheSky"],"campfire_rested":0,"item_purchase_floors":[22,28,38],"current_hp_per_floor":[72,72,72,71,71,61,61,49,49,43,43,43,43,43,43,36,69,64,48,45,45,45,45,45,45,45,45,45,32,32,32,32,14,71,71,64,64,64,0,0],"gold":351,"neow_bonus":"REMOVE_TWO","is_daily":false,"chose_seed":false,"campfire_upgraded":3,"win_rate":0.0,"timestamp":1612105057,"path_taken":["M","?","?","M","M","E","M","E","T","E","M","M","M","?","R","BOSS","M","?","M","?","$","E","?","E","T","R","$","E","?","?","R","BOSS","M","M","?","$","?"],"items_purchased_type":["Relic","Relic","Card"],"build_version":"2020-12-22","purchased_purges":3,"victory":false,"max_hp_per_floor":[80,80,80,80,80,80,80,80,80,80,80,80,80,80,80,80,80,80,80,80,80,80,80,80,80,80,80,80,90,90,90,90,90,90,90,90,90,90,90,90],"card_choices":[{"not_picked":["theDuelist:Flashbang","theDuelist:Deskbot009","theDuelist:BarrelDragon","theDuelist:PineappleBlast"],"picked":"theDuelist:SatelliteCannon","floor":1.0},{"not_picked":["theDuelist:LightningDarts","theDuelist:LightningVortex","theDuelist:Sangan","theDuelist:SeismicShockwave","theDuelist:PerfectMachineKing"],"picked":"SKIP","floor":3.0},{"not_picked":["theDuelist:Apoqliphort","theDuelist:TurretWarrior","theDuelist:GoldenBlastJuggler","theDuelist:Deskbot007"],"picked":"theDuelist:SolemnWarning","floor":4.0},{"not_picked":["theDuelist:ScrapBeast","theDuelist:Deskbot004","theDuelist:CoreBlaster","theDuelist:AncientGearChimera","theDuelist:SparkBlaster"],"picked":"SKIP","floor":5.0},{"not_picked":["theDuelist:Hinotama","theDuelist:Sangan","theDuelist:WormWarlord","theDuelist:PerfectMachineKing"],"picked":"theDuelist:WingedKuriboh","floor":6.0},{"not_picked":["theDuelist:Hinotama","theDuelist:LightningVortex","theDuelist:JunkSpeeder","theDuelist:WingedKuriboh","theDuelist:Raigeki"],"picked":"SKIP","floor":7.0},{"not_picked":["theDuelist:ZONE+1","theDuelist:ImperialOrder+1","theDuelist:CatapultTurtle+1","theDuelist:Overworked+1","theDuelist:MetalholdMovingBlockade+1"],"picked":"SKIP","floor":8.0},{"not_picked":["theDuelist:GenexAllyBirdman","theDuelist:DoubleTool","theDuelist:CyberArchfiend","theDuelist:CoreBlaster","theDuelist:SparkBlaster"],"picked":"SKIP","floor":10.0},{"not_picked":["theDuelist:CyberneticOverflow","theDuelist:Jinzo","theDuelist:ArtifactSanctum","theDuelist:Deskbot009"],"picked":"theDuelist:ChaosAncientGearGiant","floor":11.0},{"not_picked":["theDuelist:GravityBlaster","theDuelist:BreakDraw","theDuelist:RainbowBridge","theDuelist:LimiterRemoval"],"picked":"theDuelist:CyberneticFusion","floor":12.0},{"not_picked":["theDuelist:Biofalcon","theDuelist:GreenGadget","theDuelist:CoreBlaster","theDuelist:CyberRaider"],"picked":"theDuelist:JunkKuriboh","floor":13.0},{"not_picked":["theDuelist:SolemnStrike","theDuelist:PlatinumGadget","theDuelist:JinzoLord","theDuelist:GravityLash"],"picked":"theDuelist:IronhammerGiant","floor":16.0},{"not_picked":["theDuelist:GenexAllyBirdman","theDuelist:Deskbot001","theDuelist:Tuningware","theDuelist:StimPack","theDuelist:AncientGearWorkshop"],"picked":"SKIP","floor":18.0},{"not_picked":["theDuelist:WingedKuriboh","theDuelist:Linkuriboh","theDuelist:Hinotama","theDuelist:FutureFusion"],"picked":"theDuelist:Polymerization","floor":20.0},{"not_picked":["theDuelist:LightningVortex","theDuelist:WormWarlord+1","theDuelist:LabyrinthWall","theDuelist:Polymerization"],"picked":"theDuelist:PotGreed","floor":22.0},{"not_picked":["theDuelist:WingedKuriboh","theDuelist:WormWarlord","theDuelist:BattleFootballer+1","theDuelist:RedMedicine"],"picked":"theDuelist:GracefulCharity","floor":22.0},{"not_picked":["theDuelist:MetalDragon+1","theDuelist:BarrelDragon+1","theDuelist:AncientGearReactorDragon","theDuelist:MegafleetDragon"],"picked":"theDuelist:AncientGearGadjiltron","floor":22.0},{"not_picked":["theDuelist:Tuningware","theDuelist:IronDraw","theDuelist:ArtifactIgnition+1","theDuelist:AncientGearWorkshop"],"picked":"theDuelist:ParallelPortArmor","floor":22.0},{"not_picked":["theDuelist:Oilman","theDuelist:GenexAllyBirdman","theDuelist:MachineDuplication","theDuelist:DarkFactory","theDuelist:GadgetSoldier"],"picked":"SKIP","floor":23.0},{"not_picked":["theDuelist:DoubleTool","theDuelist:Factory100Machines","theDuelist:CannonSoldier","theDuelist:TokenVacuum"],"picked":"theDuelist:StimPack","floor":25.0},{"not_picked":["theDuelist:TokenVacuum","theDuelist:CardsFromTheSky","theDuelist:JunkKuriboh","theDuelist:AncientGearBox","theDuelist:AncientGearGolem"],"picked":"SKIP","floor":29.0},{"not_picked":["theDuelist:Hinotama","theDuelist:LightningDarts","theDuelist:LightningVortex","theDuelist:Sangan+1","theDuelist:JunkSpeeder"],"picked":"SKIP","floor":31.0},{"not_picked":["theDuelist:Shekhinaga","theDuelist:NightmareWheel","theDuelist:MachineKing","theDuelist:Deskbot009"],"picked":"theDuelist:TurretWarrior","floor":33.0},{"not_picked":["theDuelist:TokenVacuum","theDuelist:CyberArchfiend+1","theDuelist:Tuningware","theDuelist:Factory100Machines","theDuelist:PsychicShockwave"],"picked":"SKIP","floor":35.0},{"not_picked":["theDuelist:GenexAllyBirdman+1","theDuelist:ScrapIronScarecrow","theDuelist:CoreBlaster+1","theDuelist:BlastJuggler+1"],"picked":"theDuelist:YellowGadget+1","floor":36.0}],"player_experience":178143,"relics_obtained":[{"floor":6.0,"key":"HornCleat"},{"floor":8.0,"key":"Anchor"},{"floor":9.0,"key":"theDuelist:TokenArmor"},{"floor":10.0,"key":"theDuelist:MillenniumCoin"},{"floor":14.0,"key":"theDuelist:ZoneToken"},{"floor":19.0,"key":"Enchiridion"},{"floor":23.0,"key":"theDuelist:MachineOrb"},{"floor":25.0,"key":"Paper Crane"},{"floor":26.0,"key":"InkBottle"},{"floor":29.0,"key":"Pear"}],"event_choices":[{"cards_removed":["theDuelist:Sparks"],"damage_healed":0.0,"max_hp_gain":0.0,"max_hp_loss":0.0,"gold_gain":0.0,"event_name":"Bonfire Elementals","player_choice":"Offered Basic","floor":2.0,"gold_loss":0.0,"damage_taken":0.0},{"damage_healed":0.0,"max_hp_gain":0.0,"max_hp_loss":0.0,"gold_gain":0.0,"event_name":"Cursed Tome","player_choice":"Obtained Book","floor":19.0,"gold_loss":0.0,"damage_taken":16.0},{"damage_healed":0.0,"max_hp_gain":0.0,"max_hp_loss":0.0,"gold_gain":0.0,"event_name":"Tomb of the Nameless","player_choice":"Offering - offered Millennium Coin","duelist":true,"floor":21.0,"gold_loss":0.0,"damage_taken":0.0},{"cards_removed":["theDuelist:Biofalcon"],"damage_healed":0.0,"max_hp_gain":0.0,"max_hp_loss":0.0,"gold_gain":0.0,"event_name":"Beggar","player_choice":"Gave Gold","floor":24.0,"gold_loss":75.0,"damage_taken":0.0},{"cards_removed":["theDuelist:StimPack"],"damage_healed":0.0,"max_hp_gain":0.0,"max_hp_loss":0.0,"gold_gain":0.0,"event_name":"Wheel of Change","player_choice":"Card Removal","floor":30.0,"gold_loss":0.0,"damage_taken":0.0},{"damage_healed":0.0,"max_hp_gain":0.0,"max_hp_loss":0.0,"gold_gain":0.0,"event_name":"Egyptian Village","player_choice":"Leave","duelist":true,"floor":37.0,"gold_loss":0.0,"damage_taken":0.0},{"damage_healed":0,"gold_gain":0,"player_choice":"Fight","duelist":true,"damage_taken":0,"max_hp_gain":0,"max_hp_loss":0,"event_name":"Battle City","floor":39,"gold_loss":0}],"is_beta":false,"boss_relics":[{"not_picked":["theDuelist:MillenniumKey","Runic Cube"],"picked":"SlaversCollar"},{"not_picked":["SacredBark","Runic Dome"],"picked":"Fusion Hammer"}],"items_purged_floors":[22,28,38],"is_endless":false,"potions_floor_spawned":[4,6,10,12,18,23,25,35],"killed_by":"3 Darklings","ascension_level":11}}