{"host":"3a1ypf1irl30q4k8","time":1612089578,"event":{"mods":["AchievementEnabler","BaseMod","Bestiary","Colored Map","Minty Spire (QoL Compilation)","Relic Stats"],"gold_per_floor":[112,123,135,210,210,210,227,227,227,261,13,39,50,68,68,164,164,181,195,84,84,15,29,29,42,122,122,132,164,164,196,196,297,297,312,362,381,431,431,431,458,470,482,512,541,587,599,637,649,661,673,685,1,36,36,36],"floor_reached":55,"language":"ENG","playtime":5452,"items_purged":["Strike_P","Defend_P"],"score":980,"play_id":"5538298f-59d9-44f7-8cf0-2fd76e9f6727","local_time":"20210131103938","is_ascension_mode":true,"campfire_choices":[{"data":"Fasting2","floor":6,"key":"SMITH"},{"data":"EmptyBody","floor":8,"key":"SMITH"},{"floor":15,"key":"REST"},{"floor":24,"key":"REST"},{"floor":27,"key":"RECALL"},{"floor":30,"key":"REST"},{"floor":32,"key":"REST"},{"floor":40,"key":"REST"},{"floor":42,"key":"REST"},{"floor":49,"key":"REST"},{"floor":52,"key":"REST"}],"circlet_count":0,"master_deck":["Defend_P","Defend_P","Defend_P","Eruption+1","Vigilance","Fasting2+1","InnerPeace","EmptyBody+1","CutThroughFate","FlurryOfBlows","Adaptation","InnerPeace","FlurryOfBlows","MentalFortress","FearNoEvil","Scrawl","FlyingSleeves","BowlingBash+1","SandsOfTime","Wallop","Crescendo","Indignation","ThirdEye+1","LikeWater+1","Wish","DeceiveReality+1","Halt","Tantrum+1","Wallop+1","Meditate","Evaluate+1","Weave","Omniscience","Nirvana"],"relics":["VioletLotus","White Beast Statue","Boot","Centennial Puzzle","Nunchaku","Fusion Hammer","InkBottle","Dead Branch","Bag of Marbles","Philosopher\u0027s Stone","Turnip","Incense Burner","MawBank","Regal Pillow","Lantern","Shuriken","Bronze Scales"],"acts_visited":["Exordium","TheCity","TheBeyond","TheEnding"],"potions_floor_usage":[10,10,12,13,16,19,28,29,31,31,33,35,36,38,41,41,45,45,46,48,50,55,55],"damage_taken":[{"damage":0,"enemies":"2 Louse","floor":1,"turns":2},{"damage":0,"enemies":"Cultist","floor":2,"turns":2},{"damage":0,"enemies":"Small Slimes","floor":3,"turns":3},{"damage":12,"enemies":"2 Fungi Beasts","floor":7,"turns":4},{"damage":6,"enemies":"Lagavulin","floor":10,"turns":4},{"damage":20,"enemies":"3 Sentries","floor":12,"turns":7},{"damage":0,"enemies":"Lots of Slimes","floor":13,"turns":3},{"damage":16,"enemies":"3 Louse","floor":14,"turns":2},{"damage":18,"enemies":"Slime Boss","floor":16,"turns":6},{"damage":5,"enemies":"Shell Parasite","floor":18,"turns":4},{"damage":0,"enemies":"Spheric Guardian","floor":19,"turns":2},{"damage":12,"enemies":"Chosen and Byrds","floor":23,"turns":4},{"damage":0,"enemies":"Sentry and Sphere","floor":25,"turns":2},{"damage":0,"enemies":"Cultist and Chosen","floor":28,"turns":4},{"damage":3,"enemies":"Gremlin Leader","floor":29,"turns":3},{"damage":12,"enemies":"Slavers","floor":31,"turns":4},{"damage":9,"enemies":"Automaton","floor":33,"turns":6},{"damage":0,"enemies":"3 Darklings","floor":35,"turns":5},{"damage":10,"enemies":"Mind Bloom Boss Battle","floor":36,"turns":5},{"damage":0,"enemies":"Orb Walker","floor":37,"turns":2},{"damage":26,"enemies":"2 Orb Walkers","floor":38,"turns":6},{"damage":0,"enemies":"Nemesis","floor":41,"turns":7},{"damage":0,"enemies":"Writhing Mass","floor":44,"turns":4},{"damage":0,"enemies":"Jaw Worm Horde","floor":45,"turns":3},{"damage":4,"enemies":"Reptomancer","floor":46,"turns":3},{"damage":0,"enemies":"Nemesis","floor":48,"turns":2},{"damage":19,"enemies":"Awakened One","floor":50,"turns":13},{"damage":25,"enemies":"Shield and Spear","floor":54,"turns":5},{"damage":83,"enemies":"The Heart","floor":55,"turns":6}],"seed_played":"-7148603596911927097","potions_obtained":[{"floor":3,"key":"SkillPotion"},{"floor":7,"key":"Strength Potion"},{"floor":10,"key":"Dexterity Potion"},{"floor":12,"key":"SkillPotion"},{"floor":13,"key":"FairyPotion"},{"floor":14,"key":"SpeedPotion"},{"floor":16,"key":"CultistPotion"},{"floor":18,"key":"Swift Potion"},{"floor":19,"key":"SkillPotion"},{"floor":28,"key":"Weak Potion"},{"floor":29,"key":"FearPotion"},{"floor":31,"key":"Block Potion"},{"floor":33,"key":"GamblersBrew"},{"floor":35,"key":"BottledMiracle"},{"floor":36,"key":"Strength Potion"},{"floor":37,"key":"BlessingOfTheForge"},{"floor":38,"key":"Fire Potion"},{"floor":41,"key":"SkillPotion"},{"floor":44,"key":"Weak Potion"},{"floor":45,"key":"Strength Potion"},{"floor":46,"key":"AttackPotion"},{"floor":48,"key":"BottledMiracle"}],"is_trial":false,"path_per_floor":["M","M","M","?","?","R","M","R","T","E","$","E","M","M","R","B",null,"M","M","$","?","$","M","R","M","T","R","M","E","R","E","R","B",null,"M","?","M","?","?","R","E","R","T","M","M","E","?","E","R","B",null,"R","$","E","B"],"character_chosen":"WATCHER","items_purchased":["Adaptation","InnerPeace","Centennial Puzzle","SandsOfTime","Wallop","Shuriken","Omniscience","Nirvana","EssenceOfSteel","Fire Potion"],"campfire_rested":8,"item_purchase_floors":[11,11,11,20,22,53,53,53,53,53],"current_hp_per_floor":[72,72,72,61,61,61,49,49,49,43,43,23,23,7,28,10,72,67,67,67,67,67,55,72,72,72,72,72,69,72,60,72,63,72,72,62,62,36,36,57,57,72,72,72,72,68,68,68,72,53,72,72,72,47,0,0],"gold":36,"neow_bonus":"BOSS_RELIC","is_daily":false,"chose_seed":false,"campfire_upgraded":2,"win_rate":0.0,"timestamp":1612089578,"path_taken":["M","M","M","?","?","R","M","R","T","E","$","E","M","M","R","BOSS","M","M","?","?","$","M","R","M","T","R","?","E","R","E","R","BOSS","M","?","M","?","?","R","E","R","T","M","?","E","?","E","R","BOSS","R","$","E","BOSS"],"items_purchased_type":["Card","Card","Relic","Card","Card","Relic","Card","Card","Potion","Potion"],"build_version":"2020-12-22","purchased_purges":2,"victory":false,"max_hp_per_floor":[72,72,72,72,72,72,72,72,72,72,72,72,72,72,72,72,72,72,72,72,72,72,72,72,72,72,72,72,72,72,72,72,72,72,72,72,72,72,72,72,72,72,72,72,72,72,72,72,72,72,72,72,72,72,72,72],"relic_stats":{"Regal Pillow":0,"counters":[29,123],"Dead Branch":[48],"Boot":[96],"MawBank":144,"Centennial Puzzle":[42],"Nunchaku":[34],"Shuriken":[8],"Bronze Scales":[45],"VioletLotus":[52],"Turnip":[2],"obtain_stats":[{"Regal Pillow":46,"Lantern":48,"Dead Branch":29,"Incense Burner":38,"Boot":10,"MawBank":41,"White Beast Statue":9,"Centennial Puzzle":11,"Nunchaku":12,"Shuriken":53,"Bronze Scales":54,"Philosopher\u0027s Stone":34,"VioletLotus":0,"Fusion Hammer":17,"Turnip":36,"Bag of Marbles":31,"PureWater":0,"InkBottle":26},{"Regal Pillow":25,"Lantern":26,"Dead Branch":15,"Incense Burner":21,"Boot":5,"MawBank":22,"White Beast Statue":4,"Centennial Puzzle":5,"Nunchaku":6,"Shuriken":27,"Bronze Scales":28,"Philosopher\u0027s Stone":17,"VioletLotus":0,"Fusion Hammer":9,"Turnip":19,"Bag of Marbles":16,"PureWater":0,"InkBottle":13},{"Regal Pillow":97,"Lantern":99,"Dead Branch":52,"Incense Burner":80,"Boot":15,"MawBank":87,"White Beast Statue":11,"Centennial Puzzle":15,"Nunchaku":22,"Shuriken":112,"Bronze Scales":117,"Philosopher\u0027s Stone":62,"VioletLotus":0,"Fusion Hammer":33,"Turnip":72,"Bag of Marbles":56,"PureWater":0,"InkBottle":45}],"InkBottle":[44]},"card_choices":[{"not_picked":["Evaluate","PathToVictory"],"picked":"Fasting2","floor":1},{"not_picked":["Perseverance","Protect"],"picked":"InnerPeace","floor":2},{"not_picked":["Halt","Crescendo"],"picked":"EmptyBody","floor":3},{"not_picked":["Weave","EmptyFist"],"picked":"CutThroughFate","floor":7},{"not_picked":["ThirdEye","Protect"],"picked":"FlurryOfBlows","floor":10},{"not_picked":["ClearTheMind","InnerPeace"],"picked":"FlurryOfBlows","floor":12},{"not_picked":["Worship","Weave"],"picked":"MentalFortress","floor":13},{"not_picked":["SashWhip","Wish"],"picked":"FearNoEvil","floor":14},{"not_picked":["Omniscience","DeusExMachina"],"picked":"Scrawl","floor":16},{"not_picked":["Prostrate","FearNoEvil"],"picked":"FlyingSleeves","floor":18},{"not_picked":["EmptyBody+1","Wireheading"],"picked":"BowlingBash+1","floor":19},{"not_picked":["WindmillStrike","CutThroughFate+1"],"picked":"Crescendo","floor":23},{"not_picked":["Halt","Prostrate"],"picked":"Indignation","floor":25},{"not_picked":["SandsOfTime","Protect+1"],"picked":"ThirdEye+1","floor":28},{"not_picked":["FlyingSleeves+1","WindmillStrike+1"],"picked":"LikeWater+1","floor":29},{"not_picked":["Evaluate","Indignation","WreathOfFlame"],"picked":"SKIP","floor":31},{"not_picked":["Devotion","Judgement"],"picked":"Wish","floor":33},{"not_picked":["SashWhip","Sanctity"],"picked":"DeceiveReality+1","floor":35},{"not_picked":["Worship","ReachHeaven+1"],"picked":"Halt","floor":37},{"not_picked":["Wallop+1","ClearTheMind"],"picked":"Tantrum+1","floor":38},{"not_picked":["Perseverance+1","JustLucky"],"picked":"Wallop+1","floor":41},{"not_picked":["Protect","FollowUp"],"picked":"Meditate","floor":44},{"not_picked":["SashWhip+1","FlurryOfBlows+1","Perseverance"],"picked":"SKIP","floor":45},{"not_picked":["PathToVictory+1","JustLucky"],"picked":"Evaluate+1","floor":46},{"not_picked":["EmptyMind","Meditate","Vengeance+1"],"picked":"SKIP","floor":48},{"not_picked":["Perseverance","ForeignInfluence","ReachHeaven+1"],"picked":"SKIP","floor":54}],"player_experience":1257755,"relics_obtained":[{"floor":9,"key":"White Beast Statue"},{"floor":10,"key":"Boot"},{"floor":12,"key":"Nunchaku"},{"floor":26,"key":"InkBottle"},{"floor":29,"key":"Dead Branch"},{"floor":31,"key":"Bag of Marbles"},{"floor":36,"key":"Turnip"},{"floor":38,"key":"Incense Burner"},{"floor":41,"key":"MawBank"},{"floor":46,"key":"Regal Pillow"},{"floor":48,"key":"Lantern"},{"floor":54,"key":"Bronze Scales"}],"event_choices":[{"damage_healed":0,"gold_gain":75,"player_choice":"Gather Gold","damage_taken":11,"max_hp_gain":0,"max_hp_loss":0,"event_name":"World of Goop","floor":4,"gold_loss":0},{"damage_healed":0,"gold_gain":0,"player_choice":"Forge","damage_taken":0,"max_hp_gain":0,"max_hp_loss":0,"event_name":"Accursed Blacksmith","floor":5,"gold_loss":0,"cards_upgraded":["Eruption"]},{"cards_removed":["Strike_P"],"damage_healed":0,"gold_gain":0,"player_choice":"Offered Basic","damage_taken":0,"max_hp_gain":0,"max_hp_loss":0,"event_name":"Bonfire Elementals","floor":21,"gold_loss":0},{"damage_healed":0,"gold_gain":0,"player_choice":"Fight","damage_taken":0,"max_hp_gain":0,"max_hp_loss":0,"event_name":"MindBloom","floor":36,"gold_loss":0},{"damage_healed":0,"gold_gain":0,"player_choice":"Fight","damage_taken":0,"max_hp_gain":0,"max_hp_loss":0,"event_name":"Mysterious Sphere","floor":38,"gold_loss":0},{"cards_removed":["Strike_P"],"damage_healed":0,"gold_gain":0,"player_choice":"Purged","damage_taken":0,"max_hp_gain":0,"max_hp_loss":0,"event_name":"Purifier","floor":39,"gold_loss":0},{"damage_healed":0,"gold_gain":0,"cards_transformed":["Strike_P"],"player_choice":"Transformed","damage_taken":0,"max_hp_gain":0,"max_hp_loss":0,"event_name":"Transmorgrifier","floor":47,"gold_loss":0,"cards_obtained":["Weave"]}],"is_beta":false,"boss_relics":[{"not_picked":["Astrolabe","Busted Crown"],"picked":"Fusion Hammer"},{"not_picked":["Runic Dome","Snecko Eye"],"picked":"Philosopher\u0027s Stone"}],"items_purged_floors":[20,53],"is_endless":false,"potions_floor_spawned":[3,7,10,12,13,14,16,18,19,23,25,28,29,31,33,35,36,37,38,41,44,45,46,48,54],"killed_by":"The Heart","ascension_level":3}}