{"host":"5yjvsohl6z99blyx","time":1612097037,"event":{"mods":["BaseMod","Better Altar","Better Match","Better Note","Better Sensory Stone","Better Skull","Better Third Choice","Better Vampires","BetterRewards","Card Forge","Colored Map","Colored Powertips","Defuse TimeMaze Blight","Downfall","Emptier Cage","Energized Spire","Highlight Path","Hubris","Minty Spire (QoL Compilation)","Permanent Neow","Quick Restart","Relic Filter","Replay The Spire","Shop Mod","StSLib","Synergy Search","Thieving Mod","Transform Curses","Uncapped"],"gold_per_floor":[99,116,127,140,125,25,25,10,37,37,52,63,63,82,101,201,201,1,11,25,25,41,57,57,73,73,58,69,84,84,111,130,225,225,225,253,268,97,97,97,97,121,121,131,162,193,205,245,271,283,295,333,43,43,43,43],"floor_reached":57,"language":"POL","playtime":5560,"items_purged":[],"score":1563,"play_id":"55d80e41-7597-492e-bfb0-9120b351b115","local_time":"20210131134357","is_ascension_mode":false,"campfire_choices":[{"floor":1.0,"key":"RECALL"},{"floor":6.0,"key":"REST"},{"floor":13.0,"key":"REST"},{"floor":18.0,"key":"REST"},{"floor":40,"key":"REST"},{"floor":47,"key":"REST"},{"floor":54,"key":"REST"}],"circlet_count":0,"master_deck":["Seeing Red+1","Barricade+1","Berserk+1","Shrug It Off+1","Demon Form+1","Shockwave+1","Entrench+1","Evolve+1","Exhume+1","Juggernaut+1","Body Slam+1","Impervious+1","Fire Breathing+1","Uppercut+1","Limit Break+1","Double Tap+1","Feed+1","Metallicize+1","Disarm+1","Cleave+1","Inflame+1","Bludgeon+1","Reaper+1","Adrenaline+1","Venomology+1","Caltrops+1","Burst+1","Night Terror+1","Malaise+1","Neutralize+1","Well Laid Plans+1","Leg Sweep+1","Footwork+1","After Image+1","Cloak And Dagger+1","Backflip+1","Dodge and Roll+1","Blade Dance+1","Terror+1","Noxious Fumes+1","A Thousand Cuts+1","Phantasmal Killer+1","Envenom+1","Bullet Time+1","Dash+1","Aggregate+1","Auto Shields+1","Buffer+1","Defragment+1","Echo Form+1","FIFO Queue+1","Chill+1","Glacier+1","Conserve Battery+1","Double Energy+1","Force Field+1","Loop+1","Self Repair+1","Sunder+1","Melter+1","Machine Learning+1","Amplify+1","Reinforced Body+1","Leap+1","Core Surge+1","DevaForm+1","LikeWater+1","Collect+1","Study+1","Establishment+1","Protect+1","Vault+1","Wireheading+1","Fasting2+1","Omniscience+1","ClearTheMind+1","MasterReality+1","ReplayTheSpireMod:Brewmster+1","Omega+1","ReplayTheSpireMod:Private Reserves+1","Enlightenment+1","Panache+1","Sadistic Nature+1","expansioncontent:PrepareCrush+1","Accuracy+1","expansioncontent:AwakenDeath+1","expansioncontent:Chronoboost+1","Replay:SS_hec_1+1","champ:GladiatorStyle+1","Mind Blast+1","Master of Strategy+1","champ:ShieldWall+1","Berserk+1","Demon Form+1","Entrench+1","After Image+1","Footwork+1","Aggregate+1","Echo Form+1","Defragment+1","FIFO Queue","Glacier+1","Double Energy+1","Loop+1","Amplify+1","DevaForm+1","Omniscience+1"],"relics":["Hammer of Thor","Seething Fire","Anvil of the Gods","energizedSpire:MagnifyingGlass","downfall:HeartBlessingRed","Replay:Rubber Ducky","hubris:PeanutButter","Ice Cream","downfall:HeartBlessingGreen","downfall:HeartBlessingBlue","hubris:CrystalStatue","Garlic","Onion Ring","Fusion Hammer","MerchantsRug","Bag of Marbles","Toxic Egg 2","Lantern","hubris:Towel","MawBank","ReplayTheSpireMod:Ninjato","PreservedInsect","Toy Ornithopter","Centennial Puzzle"],"acts_visited":["Exordium","TheCity","TheBeyond","TheEnding"],"potions_floor_usage":[29,31,31,33,38,46,48,48,50,50,50,50,52,52,55,55,56,56,56],"damage_taken":[{"damage":0.0,"enemies":"Cultist","floor":2.0,"turns":2.0},{"damage":6.0,"enemies":"Jaw Worm","floor":3.0,"turns":4.0},{"damage":3.0,"enemies":"2 Louse","floor":4.0,"turns":4.0},{"damage":0.0,"enemies":"downfall:FleeingMerchant","floor":5.0,"turns":4.0},{"damage":0.0,"enemies":"downfall:FleeingMerchant","floor":8.0,"turns":4.0},{"damage":3.0,"enemies":"Gremlin Nob","floor":9.0,"turns":4.0},{"damage":14.0,"enemies":"Exordium Wildlife","floor":11.0,"turns":5.0},{"damage":12.0,"enemies":"Red Slaver","floor":12.0,"turns":3.0},{"damage":16.0,"enemies":"Gremlin Gang","floor":14.0,"turns":4.0},{"damage":5.0,"enemies":"2 Fungi Beasts","floor":15.0,"turns":4.0},{"damage":28.0,"enemies":"DF_ARCHETYPE_STREAMLINE","floor":16.0,"turns":7.0},{"damage":0.0,"enemies":"Shell Parasite","floor":19.0,"turns":5.0},{"damage":0.0,"enemies":"Sentry and Sphere","floor":20.0,"turns":5.0},{"damage":0.0,"enemies":"3 Cultists","floor":22.0,"turns":6.0},{"damage":0.0,"enemies":"Snecko","floor":23.0,"turns":5.0},{"damage":0.0,"enemies":"Snake Plant","floor":25.0,"turns":4.0},{"damage":0,"enemies":"downfall:FleeingMerchant","floor":27,"turns":5},{"damage":0,"enemies":"Shelled Parasite and Fungi","floor":28,"turns":5},{"damage":0,"enemies":"3 Cultists","floor":29,"turns":6},{"damage":0,"enemies":"Slavers","floor":31,"turns":4},{"damage":0,"enemies":"Snake Plant","floor":32,"turns":6},{"damage":0,"enemies":"WA_ARCHETYPE_CALM","floor":33,"turns":5},{"damage":0,"enemies":"downfall:FleeingMerchant","floor":36,"turns":4},{"damage":0,"enemies":"3 Shapes","floor":37,"turns":5},{"damage":0,"enemies":"downfall:FleeingMerchant","floor":38,"turns":4},{"damage":0,"enemies":"Orb Walker","floor":44,"turns":1},{"damage":0,"enemies":"Nemesis","floor":45,"turns":5},{"damage":0,"enemies":"3 Darklings","floor":46,"turns":5},{"damage":0,"enemies":"Giant Head","floor":48,"turns":5},{"damage":0,"enemies":"Sphere and 2 Shapes","floor":49,"turns":3},{"damage":0,"enemies":"IC_BLOCK_ARCHETYPE","floor":50,"turns":8},{"damage":0,"enemies":"downfall:CharBossMerchant","floor":52,"turns":8},{"damage":0,"enemies":"downfall:NeowBoss","floor":55,"turns":11},{"damage":0,"enemies":"downfall:NeowBossFinal","floor":56,"turns":8}],"seed_played":"-2902588130182998849","potions_obtained":[{"floor":2.0,"key":"Energy Potion"},{"floor":3.0,"key":"Weak Potion"},{"floor":9.0,"key":"FearPotion"},{"floor":15.0,"key":"Dexterity Potion"},{"floor":16.0,"key":"Swift Potion"},{"floor":20.0,"key":"Regen Potion"},{"floor":23.0,"key":"Block Potion"},{"floor":28,"key":"Strength Potion"},{"floor":29,"key":"Swift Potion"},{"floor":33,"key":"Dexterity Potion"},{"floor":49,"key":"Dexterity Potion"},{"floor":52,"key":"ColorlessPotion"}],"is_trial":false,"path_per_floor":["R","M","M","M","$","R","T","$","E","?","M","M","R","M","M","B",null,"R","M","M","?","M","M","T","M","?","$","M","M","T","E","M","B",null,"R_BF","$","M","?","?","R","T","T","?","M","E","M","R","E","M","B",null,"E","$","R","B","B",null],"character_chosen":"THE_CHAMP","items_purchased":["MerchantsRug","Bag of Marbles","Toy Ornithopter","Centennial Puzzle"],"campfire_rested":6,"item_purchase_floors":[36,38,53,53],"current_hp_per_floor":[90,90,89,94,94,94,94,94,95,95,91,88,98,92,102,102,102,112,112,112,112,112,112,112,112,112,112,112,112,112,112,112,112,112,112,112,116,116,116,116,116,116,116,116,116,116,116,116,116,116,116,116,116,116,116,116],"gold":43,"neow_bonus":"BOSS_RELIC","is_daily":false,"chose_seed":false,"campfire_upgraded":0,"win_rate":0.0,"timestamp":1612097037,"path_taken":["R","M","M","M","?","R","T","$","E","?","M","M","R","M","M","BOSS","R","M","M","?","M","?","T","M","?","?","M","M","?","E","M","BOSS","R_BF","$","M","?","?","R","T","?","?","?","E","M","R","E","M","BOSS","E","$","R","BOSS","BOSS"],"items_purchased_type":["Relic","Relic","Relic","Relic"],"build_version":"2020-12-22","purchased_purges":0,"victory":true,"max_hp_per_floor":[90,90,90,94,94,94,94,94,98,98,98,98,98,98,102,102,102,112,112,112,112,112,112,112,112,112,112,112,112,112,112,112,112,112,112,112,116,116,116,116,116,116,116,116,116,116,116,116,116,116,116,116,116,116,116,116],"card_choices":[{"not_picked":["champ:HeartStrike","champ:ShieldWall","champ:TornadoPunch"],"picked":"SKIP","floor":2.0},{"not_picked":["champ:GutPunch","champ:Haymaker","champ:CrownThrow"],"picked":"SKIP","floor":3.0},{"not_picked":["champ:FlashCut","champ:DefensiveShout","champ:CrownThrow"],"picked":"SKIP","floor":4.0},{"not_picked":["champ:PerfectedStrike","champ:Shatter","champ:PreemptiveStrike"],"picked":"SKIP","floor":5.0},{"not_picked":["champ:FlashCut","champ:CrownThrow","champ:CheapShot"],"picked":"SKIP","floor":8.0},{"not_picked":["champ:CrookedStrike","champ:CrownThrow","champ:PerfectedStrike"],"picked":"SKIP","floor":9.0},{"not_picked":["champ:PerfectedStrike","champ:BringItOn","champ:FalseCounter"],"picked":"SKIP","floor":11.0},{"not_picked":["champ:DefensiveShout","champ:EnGarde","champ:AdrenalArmor"],"picked":"SKIP","floor":12.0},{"not_picked":["champ:PerfectedStrike","champ:StanceDance","champ:GutPunch"],"picked":"SKIP","floor":14.0},{"not_picked":["champ:BladeFlurry","champ:Lariat","champ:BerserkersShout"],"picked":"SKIP","floor":15.0},{"not_picked":["Overencumbered","Voices"],"picked":"CommonCold","floor":17.0},{"not_picked":["ReplayTheSpireMod:Restless Dread","hubris:Compulsion"],"picked":"Normality","floor":17.0},{"not_picked":["ReplayTheSpireMod:Faulty Equipment","ReplayTheSpireMod:IOU"],"picked":"Sickly","floor":17.0},{"not_picked":["champ:StanceDance+1","champ:CrownThrow+1","champ:RisingSlash+1"],"picked":"SKIP","floor":19.0},{"not_picked":["champ:StanceDance","champ:Duel","champ:Endure"],"picked":"SKIP","floor":20.0},{"not_picked":["champ:PreciseThrust","champ:TripleStrike","champ:FanOfKnives"],"picked":"SKIP","floor":22.0},{"not_picked":["champ:CrownThrow","champ:BringItOn","champ:Haymaker+1"],"picked":"SKIP","floor":23.0},{"not_picked":["champ:EnGarde","champ:PreciseThrust","champ:Lariat"],"picked":"SKIP","floor":25.0},{"not_picked":["champ:Backstep+1","champ:BladeFlurry","champ:AdrenalArmor"],"picked":"SKIP","floor":27},{"not_picked":["champ:Haymaker","champ:Parry+1","champ:StanceDance"],"picked":"SKIP","floor":28},{"not_picked":["champ:HeartStrike","champ:BringItOn","champ:FocusedBerserking"],"picked":"SKIP","floor":29},{"not_picked":["champ:RapidStrikes","champ:DefensiveShout","champ:Parry"],"picked":"SKIP","floor":31},{"not_picked":["champ:PreciseThrust","champ:BladeFlurry","champ:EnGarde"],"picked":"SKIP","floor":32},{"not_picked":["expansioncontent:GuardianWhirl","expansioncontent:HyperBeam"],"picked":"expansioncontent:PrepareCrush","floor":35},{"not_picked":["champ:Lariat","champ:FanOfKnives+1","champ:Duel+1"],"picked":"SKIP","floor":36},{"not_picked":["champ:IronFortress+1","champ:DefensiveShout+1","champ:PreemptiveStrike"],"picked":"SKIP","floor":37},{"not_picked":["champ:Shatter","champ:EndlessRage+1"],"picked":"champ:GladiatorStyle+1","floor":38},{"not_picked":["Secret Technique","Replay:Sssssssssstrike"],"picked":"Mind Blast","floor":39},{"not_picked":["Discovery","Replay:Sssssssssshield"],"picked":"Master of Strategy","floor":39},{"not_picked":["champ:IronFortress+1","champ:Shatter+1"],"picked":"champ:ShieldWall+1","floor":44},{"not_picked":["champ:EnragedBash+1","champ:Backstep+1","champ:DefensiveShout+1"],"picked":"SKIP","floor":45},{"not_picked":["champ:BladeFlurry","champ:FlashCut+1","champ:EnragedBash"],"picked":"SKIP","floor":46},{"not_picked":["champ:TornadoPunch","champ:Haymaker+1","champ:UltimateStance+1"],"picked":"SKIP","floor":48},{"not_picked":["champ:PerfectedStrike+1","champ:CalledShot+1","champ:GladiatorStyle+1"],"picked":"SKIP","floor":49},{"not_picked":["champ:PreemptiveStrike","champ:Parry+1","champ:FaceSlap"],"picked":"SKIP","floor":52}],"player_experience":228584,"relics_obtained":[{"floor":9.0,"key":"Iron Hammer"},{"floor":24.0,"key":"hubris:CrystalStatue"},{"floor":30,"key":"Garlic"},{"floor":31,"key":"Onion Ring"},{"floor":41,"key":"Toxic Egg 2"},{"floor":42,"key":"Lantern"},{"floor":45,"key":"MawBank"},{"floor":48,"key":"ReplayTheSpireMod:Ninjato"},{"floor":52,"key":"PreservedInsect"}],"event_choices":[{"damage_healed":0.0,"max_hp_gain":0.0,"max_hp_loss":0.0,"gold_gain":0.0,"event_name":"betterNote:BetterNote","player_choice":"Ignored","floor":21.0,"gold_loss":0.0,"damage_taken":0.0,"cards_obtained":["Eruption"]},{"damage_healed":0,"gold_gain":3,"player_choice":"1","damage_taken":0,"max_hp_gain":0,"max_hp_loss":0,"event_name":"betterStone:BetterStone","floor":39,"gold_loss":0}],"is_beta":false,"boss_relics":[{"not_picked":["hubris:CrackedHourglass","SacredBark"],"picked":"Replay:Ancient Bell"},{"not_picked":["ReplayTheSpireMod:Lightbulb","Replay:Baseball"],"picked":"Replay:Rubber Ducky"},{"not_picked":["Replay:Bottled Snecko","Snack Pack"],"picked":"hubris:PeanutButter"},{"not_picked":["Durian","Torii"],"picked":"Ice Cream"},{"not_picked":["Empty Cage","bronze:MakeshiftBattery"],"picked":"Fusion Hammer"}],"items_purged_floors":[],"is_endless":false,"potions_floor_spawned":[2,3,9,11,15,16,20,23,28,29,33,44,45,49,52],"ascension_level":0}}