{"host":"6xsbn6ynqlzwllfm","time":1612113541,"event":{"mods":["2.2 Compatiblity","BaseMod","Bestiary","Colored Map","Colored Powertips","Curses Come First","Highlight Path","Keyboard Shortcuts","Minty Spire (QoL Compilation)","Relic Stats","Slay the Relics Exporter","StSLib","SuperFastMode"],"gold_per_floor":[116,128,142,67,67,102,102,116,139,163,163,163,177,215,215,310,310,310,310],"floor_reached":18,"language":"ENG","playtime":520,"items_purged":["Strike_P"],"score":444,"play_id":"e31f2c9f-ed10-4b2d-9cf8-000520c40c3a","local_time":"20210131121901","is_ascension_mode":true,"campfire_choices":[{"data":"EmptyFist","floor":7.0,"key":"SMITH"},{"data":"Conclude","floor":12.0,"key":"SMITH"},{"data":"CrushJoints","floor":15.0,"key":"SMITH"}],"circlet_count":0,"master_deck":["AscendersBane","Defend_P","Defend_P+1","Defend_P+1","Eruption","Vigilance","EmptyFist+1","CrushJoints+1","Protect","FlyingSleeves","FlurryOfBlows","Perseverance","Conclude+1","FollowUp","SandsOfTime","SpiritShield","Wallop+1","Vengeance+1","Sanctity+1"],"relics":["PureWater","War Paint","Golden Idol","Juzu Bracelet","Bag of Preparation","Omamori","Astrolabe"],"acts_visited":["Exordium","TheCity"],"potions_floor_usage":[16,16],"damage_taken":[{"damage":2.0,"enemies":"Small Slimes","floor":1.0,"turns":3.0},{"damage":3.0,"enemies":"2 Louse","floor":2.0,"turns":2.0},{"damage":0.0,"enemies":"Cultist","floor":3.0,"turns":3.0},{"damage":40.0,"enemies":"Gremlin Nob","floor":6.0,"turns":4.0},{"damage":0.0,"enemies":"Exordium Wildlife","floor":8.0,"turns":3.0},{"damage":7.0,"enemies":"Large Slime","floor":10.0,"turns":4.0},{"damage":0.0,"enemies":"3 Louse","floor":13.0,"turns":3.0},{"damage":3.0,"enemies":"3 Sentries","floor":14.0,"turns":8.0},{"damage":0,"enemies":"Slime Boss","floor":16,"turns":4},{"damage":0,"enemies":"3 Byrds","floor":18,"turns":2}],"seed_played":"-3347284716701190477","potions_obtained":[{"floor":6.0,"key":"LiquidMemories"},{"floor":10.0,"key":"BlessingOfTheForge"}],"is_trial":false,"path_per_floor":["M","M","M","$","?","E","R","M","T","M","?","R","M","E","R","B",null,"M"],"character_chosen":"WATCHER","items_purchased":[],"campfire_rested":0,"item_purchase_floors":[],"current_hp_per_floor":[59,56,56,56,56,16,16,16,16,9,9,9,9,6,6,6,48,48,48],"gold":310,"neow_bonus":"RANDOM_COMMON_RELIC","is_daily":false,"chose_seed":false,"campfire_upgraded":3,"win_rate":0.0,"timestamp":1612113541,"path_taken":["M","M","M","$","?","E","R","M","T","M","?","R","M","E","R","BOSS","M"],"items_purchased_type":[],"build_version":"2020-12-22","purchased_purges":1,"victory":false,"max_hp_per_floor":[68,68,68,68,62,62,62,62,62,62,62,62,62,62,62,62,62,62,62],"relic_stats":{"counters":[10,36],"Golden Idol":45,"Astrolabe":["Wallop","Vengeance","Sanctity"],"Juzu Bracelet":0,"Bag of Preparation":[10],"War Paint":["Defend_P","Defend_P"],"obtain_stats":[{"Golden Idol":5,"Astrolabe":17,"Juzu Bracelet":6,"Bag of Preparation":9,"Omamori":14,"PureWater":0,"War Paint":0},{"Golden Idol":3,"Astrolabe":9,"Juzu Bracelet":4,"Bag of Preparation":5,"Omamori":8,"PureWater":0,"War Paint":0},{"Golden Idol":8,"Astrolabe":34,"Juzu Bracelet":12,"Bag of Preparation":15,"Omamori":30,"PureWater":0,"War Paint":0}]},"card_choices":[{"not_picked":["Consecrate","FlurryOfBlows"],"picked":"EmptyFist","floor":1.0},{"not_picked":["JustLucky","Protect"],"picked":"CrushJoints","floor":2.0},{"not_picked":["ClearTheMind","JustLucky"],"picked":"Protect","floor":3.0},{"not_picked":["Evaluate","Fasting2"],"picked":"FlyingSleeves","floor":6.0},{"not_picked":["EmptyFist","PathToVictory"],"picked":"FlurryOfBlows","floor":8.0},{"not_picked":["Alpha","Halt"],"picked":"Perseverance","floor":10.0},{"not_picked":["SignatureMove","ClearTheMind"],"picked":"FollowUp","floor":13.0},{"not_picked":["Alpha","Indignation"],"picked":"SandsOfTime","floor":14.0},{"not_picked":["Devotion","MasterReality"],"picked":"SpiritShield","floor":16}],"player_experience":1359129,"relics_obtained":[{"floor":6.0,"key":"Juzu Bracelet"},{"floor":9.0,"key":"Bag of Preparation"},{"floor":14.0,"key":"Omamori"}],"event_choices":[{"damage_healed":0.0,"max_hp_gain":0.0,"max_hp_loss":6.0,"gold_gain":0.0,"event_name":"Golden Idol","player_choice":"Lose Max HP","floor":5.0,"gold_loss":0.0,"damage_taken":0.0,"relics_obtained":["Golden Idol"]},{"damage_healed":0.0,"max_hp_gain":0.0,"max_hp_loss":0.0,"gold_gain":0.0,"cards_transformed":["Strike_P"],"event_name":"Transmorgrifier","player_choice":"Transformed","floor":11.0,"gold_loss":0.0,"damage_taken":0.0,"cards_obtained":["Conclude"]}],"is_beta":false,"boss_relics":[{"not_picked":["SlaversCollar","Sozu"],"picked":"Astrolabe"}],"items_purged_floors":[4],"is_endless":false,"potions_floor_spawned":[6,10,14],"killed_by":"3 Byrds","ascension_level":20}}