{"host":"AZZAM","time":1612123348,"event":{"mods":["BaseMod","Colored Map","Highlight Path","Minty Spire (QoL Compilation)","Relic Stats","Unceasing Turn Reminder"],"gold_per_floor":[119,119,119,130,143,178,178,197,197,231,231,248,248,282,282,386,386,401,414,434,243,259,259,285,285,330,330,361,361,22,121,121,218,218,228,55,75,124,124,152,152,183,183,183,210,230,241,253,253,253,253,253,9,42,42],"floor_reached":56,"language":"ENG","playtime":2778,"items_purged":["Strike_B","Defend_B","Defend_B","Cold Snap"],"score":1474,"play_id":"93e45a4d-b539-413a-8068-805fddf391d1","local_time":"20210131230228","is_ascension_mode":true,"campfire_choices":[{"data":"Consume","floor":11,"key":"SMITH"},{"floor":13,"key":"REST"},{"data":"Storm","floor":15,"key":"SMITH"},{"data":"Creative AI","floor":23,"key":"SMITH"},{"data":"Fission","floor":25,"key":"SMITH"},{"data":"Static Discharge","floor":29,"key":"SMITH"},{"data":"Capacitor","floor":32,"key":"SMITH"},{"floor":41,"key":"RECALL"},{"floor":49,"key":"DIG"},{"floor":52,"key":"DIG"}],"circlet_count":0,"master_deck":["Zap","Dualcast","Fission+1","Sunder","Coolheaded","Static Discharge+1","Storm+1","Reinforced Body","Consume+1","Cold Snap","Go for the Eyes","Creative AI+1","Coolheaded+1","Multi-Cast+1","Chill+1","Rebound","Glacier","Capacitor+1","Storm","Static Discharge","Compile Driver","Chaos+1","Seek+1","Barrage","Glacier","Turbo+1","Undo+1","Force Field","Coolheaded","Storm+1","Steam Power","Loop","Static Discharge+1"],"relics":["Cracked Core","Oddly Smooth Stone","Ice Cream","Mummified Hand","Toy Ornithopter","CaptainsWheel","Astrolabe","Meat on the Bone","Pantograph","Bottled Tornado","Busted Crown","Shovel","Girya","Pocketwatch","Calipers","Omamori","The Courier","StoneCalendar","Symbiotic Virus","Bronze Scales"],"acts_visited":["Exordium","TheCity","TheBeyond","TheEnding"],"potions_floor_usage":[14,14,28,38,38,48,50,55],"damage_taken":[{"damage":1,"enemies":"Cultist","floor":1,"turns":3},{"damage":0,"enemies":"2 Louse","floor":4,"turns":1},{"damage":2,"enemies":"Jaw Worm","floor":5,"turns":3},{"damage":28,"enemies":"3 Sentries","floor":6,"turns":6},{"damage":6,"enemies":"3 Louse","floor":8,"turns":3},{"damage":14,"enemies":"Gremlin Nob","floor":10,"turns":4},{"damage":10,"enemies":"Gremlin Gang","floor":12,"turns":3},{"damage":6,"enemies":"3 Sentries","floor":14,"turns":11},{"damage":19,"enemies":"Hexaghost","floor":16,"turns":12},{"damage":6,"enemies":"Shell Parasite","floor":18,"turns":6},{"damage":2,"enemies":"3 Byrds","floor":19,"turns":4},{"damage":0,"enemies":"3 Cultists","floor":20,"turns":5},{"damage":14,"enemies":"Snake Plant","floor":22,"turns":3},{"damage":7,"enemies":"Book of Stabbing","floor":24,"turns":5},{"damage":7,"enemies":"Slavers","floor":28,"turns":4},{"damage":0,"enemies":"Collector","floor":33,"turns":6},{"damage":9,"enemies":"Orb Walker","floor":35,"turns":3},{"damage":0,"enemies":"3 Shapes","floor":37,"turns":3},{"damage":13,"enemies":"2 Orb Walkers","floor":38,"turns":3},{"damage":8,"enemies":"Nemesis","floor":40,"turns":5},{"damage":11,"enemies":"Reptomancer","floor":42,"turns":5},{"damage":17,"enemies":"Nemesis","floor":45,"turns":5},{"damage":13,"enemies":"Jaw Worm Horde","floor":46,"turns":3},{"damage":14,"enemies":"Spire Growth","floor":47,"turns":4},{"damage":21,"enemies":"Writhing Mass","floor":48,"turns":3},{"damage":27,"enemies":"Time Eater","floor":50,"turns":6},{"damage":14,"enemies":"Shield and Spear","floor":54,"turns":3},{"damage":17,"enemies":"The Heart","floor":55,"turns":6}],"seed_played":"7636914596434000738","potions_obtained":[{"floor":5,"key":"SpeedPotion"},{"floor":8,"key":"Ancient Potion"},{"floor":16,"key":"GamblersBrew"},{"floor":24,"key":"Strength Potion"},{"floor":33,"key":"Strength Potion"},{"floor":40,"key":"GamblersBrew"},{"floor":47,"key":"PowerPotion"},{"floor":48,"key":"PotionOfCapacity"},{"floor":54,"key":"FearPotion"}],"is_trial":false,"path_per_floor":["M","?","?","M","M","E","?","M","T","E","R","M","R","E","R","B",null,"M","M","M","$","M","R","E","R","T","?","E","R","$","?","R","B",null,"M","$","M","?","T","E","R","E","T","?","E","M","M","M","R","B",null,"R","$","E","B",null],"character_chosen":"DEFECT","items_purchased":["Storm","ColorlessPotion","Bottled Tornado","Barrage","Steam Power","Loop"],"campfire_rested":1,"item_purchase_floors":[21,21,30,36,53,53],"current_hp_per_floor":[53,75,75,75,73,45,45,39,39,25,25,15,37,41,41,22,75,69,67,67,67,53,53,46,46,46,46,44,44,44,44,44,69,75,66,66,66,62,62,54,54,43,43,43,38,37,35,31,31,46,75,75,75,61,62],"gold":42,"neow_bonus":"TRANSFORM_TWO_CARDS","is_daily":false,"chose_seed":false,"campfire_upgraded":6,"win_rate":0.0,"timestamp":1612123348,"path_taken":["M","?","?","M","?","E","?","?","T","E","R","M","R","E","R","BOSS","M","M","M","$","M","R","E","R","T","?","E","R","$","?","R","BOSS","M","$","M","?","?","E","R","E","T","?","E","M","?","M","R","BOSS","R","$","E","BOSS"],"items_purchased_type":["Card","Potion","Relic","Card","Card","Card"],"build_version":"2020-12-18","purchased_purges":4,"victory":true,"max_hp_per_floor":[75,75,75,75,75,75,75,75,75,75,75,75,75,75,75,75,75,75,75,75,75,75,75,75,75,75,75,75,75,75,75,75,75,75,75,75,75,75,75,75,75,75,75,75,75,75,75,75,75,75,75,75,75,75,75],"relic_stats":{"Busted Crown":20,"Shovel":2,"counters":[28,128],"Mummified Hand":[218],"Astrolabe":["Coolheaded","Multi-Cast","Chill"],"Pantograph":64,"Bronze Scales":[42],"StoneCalendar":[0],"obtain_stats":[{"Ice Cream":7,"Girya":39,"Calipers":42,"Astrolabe":17,"Oddly Smooth Stone":6,"StoneCalendar":49,"The Courier":45,"Omamori":43,"Bottled Tornado":30,"CaptainsWheel":14,"Busted Crown":34,"Shovel":38,"Mummified Hand":9,"Pantograph":28,"Bronze Scales":54,"Cracked Core":0,"Symbiotic Virus":52,"Toy Ornithopter":10,"Meat on the Bone":24,"Pocketwatch":40},{"Ice Cream":4,"Girya":19,"Calipers":21,"Astrolabe":9,"Oddly Smooth Stone":4,"StoneCalendar":25,"The Courier":22,"Omamori":21,"Bottled Tornado":15,"CaptainsWheel":8,"Busted Crown":16,"Shovel":19,"Mummified Hand":5,"Pantograph":15,"Bronze Scales":27,"Cracked Core":0,"Symbiotic Virus":26,"Toy Ornithopter":6,"Meat on the Bone":14,"Pocketwatch":20},{"Ice Cream":13,"Girya":88,"Calipers":98,"Astrolabe":46,"Oddly Smooth Stone":13,"StoneCalendar":113,"The Courier":103,"Omamori":98,"Bottled Tornado":73,"CaptainsWheel":34,"Busted Crown":79,"Shovel":88,"Mummified Hand":16,"Pantograph":73,"Bronze Scales":122,"Cracked Core":0,"Symbiotic Virus":119,"Toy Ornithopter":20,"Meat on the Bone":69,"Pocketwatch":93}],"Toy Ornithopter":38,"Meat on the Bone":60,"Pocketwatch":[6]},"card_choices":[{"not_picked":["Storm","Heatsinks"],"picked":"Cold Snap","floor":1},{"not_picked":["Steam","Streamline"],"picked":"Coolheaded","floor":4},{"not_picked":["Coolheaded","Stack"],"picked":"Static Discharge","floor":5},{"not_picked":["Beam Cell","Rebound"],"picked":"Storm","floor":6},{"not_picked":["Leap","Rebound"],"picked":"Reinforced Body","floor":8},{"not_picked":["Hologram","Coolheaded"],"picked":"Consume","floor":10},{"not_picked":["Genetic Algorithm","Conserve Battery"],"picked":"Cold Snap","floor":12},{"not_picked":["Gash","Steam Power"],"picked":"Go for the Eyes","floor":14},{"not_picked":["Machine Learning","Multi-Cast"],"picked":"Creative AI","floor":16},{"not_picked":["Go for the Eyes+1","Beam Cell"],"picked":"Rebound","floor":18},{"not_picked":["Melter","Compile Driver"],"picked":"Glacier","floor":19},{"not_picked":["Gash","Rebound"],"picked":"Capacitor","floor":20},{"not_picked":["Scrape+1","Streamline"],"picked":"Static Discharge","floor":22},{"not_picked":["Conserve Battery","Hyperbeam"],"picked":"Compile Driver","floor":24},{"not_picked":["Beam Cell","Redo"],"picked":"Chaos+1","floor":28},{"not_picked":["Buffer","Fission"],"picked":"Seek","floor":33},{"not_picked":["Redo"],"picked":"SKIP","floor":35},{"not_picked":[],"picked":"Glacier","floor":37},{"not_picked":[],"picked":"Turbo+1","floor":38},{"not_picked":[],"picked":"Undo+1","floor":40},{"not_picked":["Beam Cell"],"picked":"SKIP","floor":42},{"not_picked":["Lockon"],"picked":"SKIP","floor":45},{"not_picked":[],"picked":"Force Field","floor":46},{"not_picked":[],"picked":"Coolheaded","floor":47},{"not_picked":[],"picked":"Storm+1","floor":48},{"not_picked":[],"picked":"Static Discharge+1","floor":54}],"player_experience":73841,"relics_obtained":[{"floor":6,"key":"Oddly Smooth Stone"},{"floor":7,"key":"Ice Cream"},{"floor":9,"key":"Mummified Hand"},{"floor":10,"key":"Toy Ornithopter"},{"floor":14,"key":"CaptainsWheel"},{"floor":24,"key":"Meat on the Bone"},{"floor":28,"key":"Pantograph"},{"floor":38,"key":"Shovel"},{"floor":39,"key":"Girya"},{"floor":40,"key":"Pocketwatch"},{"floor":42,"key":"Calipers"},{"floor":43,"key":"Omamori"},{"floor":45,"key":"The Courier"},{"floor":49,"key":"StoneCalendar"},{"floor":52,"key":"Symbiotic Virus"},{"floor":54,"key":"Bronze Scales"}],"event_choices":[{"damage_healed":25,"gold_gain":0,"player_choice":"Banana","damage_taken":0,"max_hp_gain":0,"max_hp_loss":0,"event_name":"Big Fish","floor":2,"gold_loss":0},{"damage_healed":0,"gold_gain":0,"player_choice":"Ignored","damage_taken":0,"max_hp_gain":0,"max_hp_loss":0,"event_name":"Liars Game","floor":3,"gold_loss":0},{"damage_healed":0,"gold_gain":0,"player_choice":"Relic","damage_taken":0,"max_hp_gain":0,"max_hp_loss":0,"event_name":"Wheel of Change","floor":7,"gold_loss":0},{"damage_healed":0,"gold_gain":0,"player_choice":"Ignored","damage_taken":0,"max_hp_gain":0,"max_hp_loss":0,"event_name":"Ghosts","floor":27,"gold_loss":0},{"damage_healed":0,"gold_gain":99,"player_choice":"Stole From Cult","damage_taken":0,"max_hp_gain":0,"max_hp_loss":0,"event_name":"Nest","floor":31,"gold_loss":0},{"damage_healed":0,"gold_gain":0,"player_choice":"Fight","damage_taken":0,"max_hp_gain":0,"max_hp_loss":0,"event_name":"Mysterious Sphere","floor":38,"gold_loss":0},{"damage_healed":0,"gold_gain":0,"player_choice":"Upgraded","damage_taken":0,"max_hp_gain":0,"max_hp_loss":0,"event_name":"Upgrade Shrine","floor":44,"gold_loss":0,"cards_upgraded":["Seek"]}],"is_beta":true,"boss_relics":[{"not_picked":["SlaversCollar","SacredBark"],"picked":"Astrolabe"},{"not_picked":["Sozu","Velvet Choker"],"picked":"Busted Crown"}],"items_purged_floors":[21,30,36,53],"is_endless":false,"potions_floor_spawned":[5,8,16,24,33,35,40,47,48,54],"ascension_level":3}}