{"host":"ewn058xs2vaj5uc6","time":1612091322,"event":{"mods":["ATMod(??Mod)","BaseMod","BetterRewards","Colored Map","Colored Powertips","Highlight Path","Minty Spire (QoL Compilation)","Quick Restart","Reliquary","Replay The Spire","Shop Mod","StSLib","SuperFastMode","UnlockEverythingMod","??????REMEMod","????"],"gold_per_floor":[113,113,88136,88156,88174,87590,87617,86828,86901,86912,86925,86957,86957,86957,85785,85859,85859,85870,85887,85900,84723,84739,83640,83160,83160,83160,83120,83136,83168,83178,83213,82909,82984,82984,83001,83051,83061,83079,82771,82800,82291,82323,82393,82424,82254,82266,82266,82266,82003,82003,82003,82003,81809,81357,81386,81386,81386],"floor_reached":56,"language":"ZHS","playtime":3162,"items_purged":["Defend_P","Defend_P","Strike_P","Strike_P","Defend_P","Eruption"],"score":2845,"play_id":"d819ae5e-7858-4e16-95b3-9e82335b1110","local_time":"20210131190842","is_ascension_mode":true,"campfire_choices":[{"floor":25.0,"key":"RECALL"}],"circlet_count":0,"master_deck":["AscendersBane","Vigilance+1","WreathOfFlame+1","Adaptation+1","AT_ChampionStep+1","FlurryOfBlows+1","ForeignInfluence+1","Crow Ritual+1","Crow Ritual+1","BowlingBash+1","Finesse+1","Crow Ritual+1","FlurryOfBlows+1","DeceiveReality+1","Consecrate+1","DeusExMachina+1","REME_MusicOfDeath+1","Crescendo+1","Pot Of Greed+1","Pot Of Greed+1","AT_ChampionStep","AT_ChampionStep"],"relics":["PureWater","AT_ATBox","REME_ComplimentaryCards","MerchantsRug","reliquary:Buckler","Bottled Lightning","AT_BladeRuinedKing","REME_HandOfSuture","Sling","AT_EbonyIvory","reliquary:HotPoker","CaptainsWheel","Orrery","Sling","Mango","DollysMirror","reliquary:Aerogel","Coffee Dripper","Replay:Mystery Machine","AT_ImmortalShieldbow","HandDrill","Torii","FossilizedHelix","Frozen Eye","ReplayTheSpireMod:TigerMarble","reliquary:TuningFork","Membership Card","Prayer Wheel","Nunchaku","Letter Opener","AT_BellowingDragoncrestRing","Vajra","OrangePellets","Ring of Chaos","Replay:Bottled Snecko","War Paint","ClockworkSouvenir","AT_ChloranthyRing","Darkstone Periapt","reliquary:JackalopeAntler","Lee\u0027s Waffle","Bag of Marbles","Divine Protection","reliquary:TatteredRug","Bronze Scales","Grinning Jar","Mark of the Bloom","Art of War","reliquary:Stiletto","Melange","reliquary:PartyBalloon","AT_SunfireAegis","TeardropLocket","Calipers","reliquary:Bookmark","AT_DeathDance"],"acts_visited":["Exordium","TheCity","TheBeyond","TheEnding"],"potions_floor_usage":[],"damage_taken":[{"damage":2.0,"enemies":"Jaw Worm","floor":1.0,"turns":3.0},{"damage":0.0,"enemies":"Cultist","floor":4.0,"turns":2.0},{"damage":16.0,"enemies":"2 Louse","floor":5.0,"turns":2.0},{"damage":0.0,"enemies":"Replay:BlueRogue","floor":7.0,"turns":1.0},{"damage":0.0,"enemies":"2 Fungi Beasts","floor":10.0,"turns":3.0},{"damage":0.0,"enemies":"Exordium Wildlife","floor":11.0,"turns":1.0},{"damage":0.0,"enemies":"Gremlin Nob","floor":12.0,"turns":2.0},{"damage":5.0,"enemies":"Hexaghost","floor":16.0,"turns":3.0},{"damage":0.0,"enemies":"Spheric Guardian","floor":18.0,"turns":1.0},{"damage":22.0,"enemies":"2 Thieves","floor":19.0,"turns":2.0},{"damage":2.0,"enemies":"Centurion and Healer","floor":20.0,"turns":3.0},{"damage":0.0,"enemies":"Shelled Parasite and Fungi","floor":22.0,"turns":2.0},{"damage":0.0,"enemies":"Snake Plant","floor":28.0,"turns":3.0},{"damage":0.0,"enemies":"Replay:Snechameleon","floor":29.0,"turns":1.0},{"damage":0.0,"enemies":"Snecko","floor":30.0,"turns":2.0},{"damage":0.0,"enemies":"REME_1_Revenger","floor":31.0,"turns":2.0},{"damage":0.0,"enemies":"Champ","floor":33.0,"turns":3.0},{"damage":0.0,"enemies":"3 Shapes","floor":35.0,"turns":2.0},{"damage":0.0,"enemies":"Orb Walker","floor":37.0,"turns":1.0},{"damage":0.0,"enemies":"Writhing Mass","floor":38.0,"turns":1.0},{"damage":0.0,"enemies":"R_Hoarder","floor":40.0,"turns":3.0},{"damage":0.0,"enemies":"Reptomancer","floor":42.0,"turns":3.0},{"damage":0.0,"enemies":"R_Hoarder","floor":44.0,"turns":3.0},{"damage":0.0,"enemies":"Sphere and 2 Shapes","floor":46.0,"turns":3.0},{"damage":0.0,"enemies":"Awakened One","floor":50.0,"turns":2.0},{"damage":0.0,"enemies":"Donu and Deca","floor":51.0,"turns":2.0},{"damage":20.0,"enemies":"Shield and Spear","floor":55.0,"turns":3.0},{"damage":101,"enemies":"The Heart","floor":56,"turns":3}],"seed_played":"2600657771312911891","potions_obtained":[{"floor":1.0,"key":"Reflective Coating"},{"floor":5.0,"key":"AttackPotion"},{"floor":10.0,"key":"LiquidMemories"},{"floor":11.0,"key":"Doom Potion"},{"floor":16.0,"key":"Dexterity Potion"},{"floor":19.0,"key":"Regen Potion"},{"floor":20.0,"key":"BlessingOfTheForge"},{"floor":38.0,"key":"Swift Potion"},{"floor":40.0,"key":"REME_GoldPotion"},{"floor":44.0,"key":"LiquidMemories"}],"is_trial":false,"path_per_floor":["M","?","$","M","M","R","E","R","T","M","M","E","?","?","R","B",null,"M","M","M","$","M","R","$","R","T","?","M","E","M","E","R","B",null,"M","?","M","M","$","E","R","E","T","E","R","M","?","?","R","B","B",null,"R","$","E","B"],"character_chosen":"WATCHER","items_purchased":["MerchantsRug","reliquary:Buckler","Adaptation","Bottled Lightning","Explosive Potion","AT_BladeRuinedKing","REME_HandOfSuture","Sling","reliquary:HotPoker","CaptainsWheel","Orrery","Mango","Crow Ritual","DollysMirror","reliquary:Aerogel","Languid Potion","AttackPotion","Replay:Mystery Machine","AT_ImmortalShieldbow","HandDrill","Toxic Potion","BowlingBash","Finesse","Crow Ritual","Torii","FossilizedHelix","Frozen Eye","DeceiveReality","ReplayTheSpireMod:TigerMarble","reliquary:TuningFork","Membership Card","AT_BellowingDragoncrestRing","Vajra","OrangePellets","Replay:Bottled Snecko","War Paint","ClockworkSouvenir","Darkstone Periapt","reliquary:JackalopeAntler","Lee\u0027s Waffle","Crescendo","Swift Potion","Bronze Scales","Grinning Jar","Art of War","reliquary:Stiletto","Melange","Toxic Potion","reliquary:PartyBalloon","AT_SunfireAegis","AT_ChampionStep","TeardropLocket","Calipers","reliquary:Bookmark","DistilledChaos","FearPotion"],"campfire_rested":0,"item_purchase_floors":[3,3,3,3,3,6,6,6,8,8,8,15,15,15,15,15,15,21,21,21,21,21,21,21,23,23,23,23,24,24,24,32,32,32,39,39,39,41,41,41,41,41,45,45,49,49,49,49,53,53,53,54,54,54,54,54],"current_hp_per_floor":[59,59,59,59,43,43,43,43,43,43,43,43,43,36,50,45,73,73,51,58,58,58,58,58,58,58,58,58,58,58,58,58,58,76,76,76,76,76,76,76,89,89,89,89,89,89,89,89,89,89,89,89,89,89,69,0,0],"gold":81386,"neow_bonus":"TRANSFORM_CARD","is_daily":false,"chose_seed":false,"campfire_upgraded":0,"win_rate":0.0,"timestamp":1612091322,"path_taken":["M","?","$","?","M","R","E","R","T","M","M","E","?","?","R","BOSS","M","M","M","$","M","R","$","R","T","?","?","E","M","E","R","BOSS","M","?","M","?","?","E","R","E","T","E","R","M","?","?","R","BOSS","BOSS","R","$","E","BOSS"],"items_purchased_type":["Relic","Relic","Card","Relic","Potion","Relic","Relic","Relic","Relic","Relic","Relic","Relic","Card","Relic","Relic","Potion","Potion","Relic","Relic","Relic","Potion","Card","Card","Card","Relic","Relic","Relic","Card","Relic","Relic","Relic","Relic","Relic","Relic","Relic","Relic","Relic","Relic","Relic","Relic","Card","Potion","Relic","Relic","Relic","Relic","Relic","Potion","Relic","Relic","Card","Relic","Relic","Relic","Potion","Potion"],"build_version":"2020-12-22","purchased_purges":6,"victory":false,"max_hp_per_floor":[68,68,68,68,68,68,68,68,68,68,68,68,68,68,82,82,82,82,82,82,82,82,82,82,82,82,82,82,82,82,82,82,82,82,82,82,82,82,82,82,89,89,89,89,89,89,89,89,89,89,89,89,89,89,89,89,89],"card_choices":[{"not_picked":["LikeWater","CutThroughFate","CrushJoints"],"picked":"SKIP","floor":1.0},{"not_picked":["Wireheading","Halt","BattleHymn"],"picked":"SKIP","floor":4.0},{"not_picked":["EmptyBody","Halt","EmptyFist"],"picked":"SKIP","floor":5.0},{"not_picked":["Crescendo","WaveOfTheHand","REME_MusicOfDeath"],"picked":"SKIP","floor":7.0},{"not_picked":["REME_Repentance","Wireheading"],"picked":"AT_ChampionStep","floor":10.0},{"not_picked":["AT_RealFormLess","REME_MusicOfDeath","Halt"],"picked":"SKIP","floor":11.0},{"not_picked":["Replay:DivineShield","ClearTheMind"],"picked":"FlurryOfBlows","floor":12.0},{"not_picked":["EmptyFist","AT_ChampionStep","Consecrate"],"picked":"SKIP","floor":18.0},{"not_picked":["Fasting2","Crescendo","REME_Repentance"],"picked":"SKIP","floor":19.0},{"not_picked":["CrushJoints","SashWhip","Replay:Cycle"],"picked":"SKIP","floor":20.0},{"not_picked":["MasterReality","EmptyFist"],"picked":"FlurryOfBlows","floor":22.0},{"not_picked":["Fasting2","Replay:BluntJabs"],"picked":"Consecrate+1","floor":28.0},{"not_picked":["Replay:Cycle","Halt","FlurryOfBlows"],"picked":"SKIP","floor":28.0},{"not_picked":["BattleHymn","Prostrate","AT_SoftenMuscles"],"picked":"SKIP","floor":29.0},{"not_picked":["Evaluate","BowlingBash"],"picked":"DeusExMachina","floor":30.0},{"not_picked":["ForeignInfluence","JustLucky","Collect"],"picked":"SKIP","floor":30.0},{"not_picked":["REME_WorshipGod","CutThroughFate","Collect"],"picked":"SKIP","floor":31.0},{"not_picked":["AT_SoftenMuscles","FollowUp","REME_Repentance"],"picked":"SKIP","floor":35.0},{"not_picked":["Replay:ManipulateFuture","REME_Repentance","JustLucky"],"picked":"SKIP","floor":35.0},{"not_picked":["FlurryOfBlows","Consecrate"],"picked":"REME_MusicOfDeath+1","floor":37.0},{"not_picked":["Swivel+1","ThirdEye","PathToVictory"],"picked":"SKIP","floor":37.0},{"not_picked":["JustLucky+1","FollowUp","FlyingSleeves"],"picked":"SKIP","floor":38.0},{"not_picked":["FlurryOfBlows","Collect","Protect"],"picked":"SKIP","floor":38.0},{"not_picked":["ThirdEye","DevaForm","FlurryOfBlows"],"picked":"SKIP","floor":40.0},{"not_picked":["EmptyFist","CrushJoints","ThirdEye"],"picked":"SKIP","floor":42.0},{"not_picked":["MentalFortress","Wireheading","REME_Repentance"],"picked":"SKIP","floor":44.0},{"not_picked":["FollowUp+1","REME_Repentance","CutThroughFate"],"picked":"SKIP","floor":46.0},{"not_picked":["FlyingSleeves","Weave","Halt+1"],"picked":"SKIP","floor":46.0},{"not_picked":["FollowUp","Sanctity","Wireheading"],"picked":"SKIP","floor":55.0}],"player_experience":95026,"relics_obtained":[{"floor":7.0,"key":"AT_EbonyIvory"},{"floor":12.0,"key":"reliquary:SculptingSteel"},{"floor":26.0,"key":"Prayer Wheel"},{"floor":29.0,"key":"Nunchaku"},{"floor":31.0,"key":"Letter Opener"},{"floor":40.0,"key":"AT_ChloranthyRing"},{"floor":42.0,"key":"Bag of Marbles"},{"floor":43.0,"key":"Divine Protection"},{"floor":44.0,"key":"reliquary:TatteredRug"},{"floor":55.0,"key":"AT_DeathDance"}],"event_choices":[{"damage_healed":0.0,"max_hp_gain":0.0,"max_hp_loss":0.0,"gold_gain":0.0,"event_name":"Match and Keep!","player_choice":"0 cards matched","floor":2.0,"gold_loss":0.0,"damage_taken":0.0,"cards_obtained":[]},{"cards_removed":["Steam"],"damage_healed":0.0,"max_hp_gain":0.0,"max_hp_loss":0.0,"gold_gain":0.0,"event_name":"Golden Wing","player_choice":"Card Removal","floor":14.0,"gold_loss":0.0,"damage_taken":7.0},{"damage_healed":0.0,"max_hp_gain":0.0,"max_hp_loss":0.0,"gold_gain":0.0,"event_name":"The Woman in Blue","player_choice":"Bought 3 Potions","floor":27.0,"gold_loss":0.0,"damage_taken":0.0},{"damage_healed":0.0,"max_hp_gain":0.0,"max_hp_loss":0.0,"gold_gain":50.0,"event_name":"Golden Shrine","player_choice":"Pray","floor":36.0,"gold_loss":0.0,"damage_taken":0.0},{"damage_healed":0.0,"max_hp_gain":0.0,"max_hp_loss":0.0,"gold_gain":0.0,"event_name":"Tomb of Lord Red Mask","player_choice":"Ignored","floor":47.0,"gold_loss":0.0,"damage_taken":0.0},{"damage_healed":0.0,"max_hp_gain":0.0,"max_hp_loss":0.0,"gold_gain":0.0,"event_name":"MindBloom","player_choice":"Upgrade","floor":48.0,"gold_loss":0.0,"damage_taken":0.0,"cards_upgraded":["Vigilance","Adaptation","AT_ChampionStep","FlurryOfBlows","Crow Ritual","Crow Ritual","BowlingBash","Finesse","Crow Ritual","FlurryOfBlows","DeceiveReality","Crescendo","Pot Of Greed","Pot Of Greed"],"relics_obtained":["Mark of the Bloom"]}],"is_beta":false,"boss_relics":[{"not_picked":["Replay:Drink Me","Tiny House"],"picked":"Coffee Dripper"},{"not_picked":["ReplayTheSpireMod:DimensionalGlitch","reliquary:RedPaperclip"],"picked":"Ring of Chaos"}],"items_purged_floors":[3,6,15,21,23,41],"is_endless":false,"potions_floor_spawned":[1,5,10,11,16,19,20,29,31,33,38,40,44],"killed_by":"The Heart","ascension_level":20}}