{"host":"gyzmxzq2gvvih6do","time":1612095529,"event":{"mods":["BaseMod","BetterRewards","Colored Map","Colored Powertips","Duelist Mod","GifTheSpireLib","Googly Eyes","Hermit","Marisa????????","Minty Spire (QoL Compilation)","Quick Restart","StSLib","SuperFastMode","The Cursed","The Necromancer","The Servant 0.9.4","slay the spire mod where everything is the same but ironclad has a cowboy hat"],"gold_per_floor":[109,109,109,184,4,4,15,27,27,44,44,83,83,126,126,255,255,255],"floor_reached":17,"language":"ENG","playtime":1347,"items_purged":[],"score":147,"play_id":"978705d8-1838-4248-ae57-57c361bf591c","local_time":"20210131051849","is_ascension_mode":false,"campfire_choices":[{"floor":6,"key":"RECALL"},{"data":"ManaRampage","floor":11,"key":"SMITH"},{"floor":15,"key":"REST"}],"circlet_count":0,"master_deck":["Strike_MRS","Strike_MRS","Strike_MRS","Strike_MRS","Defend_MRS","Defend_MRS","Defend_MRS","Defend_MRS","MasterSpark","UpSweep","WitchOfGreed+1","ManaRampage+1","MilkyWay","DC","IllusionStar","GrandCross","FairyDestructionRay+1","Singularity","RefractionSpark","CasketOfStar"],"relics":["MiniHakkero","NeowsBlessing"],"acts_visited":["Exordium","TheCity"],"potions_floor_usage":[14,14,16],"damage_taken":[{"damage":0,"enemies":"Small Slimes","floor":1,"turns":1},{"damage":0,"enemies":"Jaw Worm","floor":7,"turns":1},{"damage":0,"enemies":"2 Louse","floor":8,"turns":1},{"damage":0,"enemies":"Looter","floor":10,"turns":2},{"damage":13,"enemies":"Blue Slaver","floor":12,"turns":3},{"damage":3,"enemies":"Exordium Thugs","floor":14,"turns":3},{"damage":63,"enemies":"The Guardian","floor":16,"turns":8}],"seed_played":"-733893493958041926","potions_obtained":[{"floor":1,"key":"FearPotion"},{"floor":10,"key":"Block Potion"},{"floor":12,"key":"Ancient Potion"},{"floor":12,"key":"Energy Potion"},{"floor":14,"key":"DuplicationPotion"},{"floor":14,"key":"Swift Potion"},{"floor":16,"key":"ColorlessPotion"}],"is_trial":false,"path_per_floor":["M","?","?","?","$","R","M","M","T","M","R","M","?","M","R","B",null],"character_chosen":"MARISA","items_purchased":["ManaRampage","MilkyWay","DC"],"campfire_rested":1,"item_purchase_floors":[5,5,5],"current_hp_per_floor":[75,75,75,64,64,64,64,64,64,64,64,51,51,48,70,7,75,75],"gold":255,"neow_bonus":"THREE_ENEMY_KILL","is_daily":false,"chose_seed":false,"campfire_upgraded":1,"win_rate":0.0,"timestamp":1612095529,"path_taken":["M","?","?","?","?","R","?","M","T","M","R","M","?","?","R","BOSS"],"items_purchased_type":["Card","Card","Card"],"build_version":"2020-12-22","purchased_purges":0,"victory":false,"max_hp_per_floor":[75,75,75,75,75,75,75,75,75,75,75,75,75,75,75,75,75,75],"card_choices":[{"not_picked":["PulseMagic","ShootingEcho"],"picked":"WitchOfGreed","floor":1},{"not_picked":["ShootingEcho","Acceleration"],"picked":"IllusionStar","floor":7},{"not_picked":["UnstableBomb","Robbery"],"picked":"GrandCross","floor":8},{"not_picked":["StarlightTyphoon","DragonMeteor"],"picked":"FairyDestructionRay","floor":10},{"not_picked":["IllusionStar","NonDirectionalLaser"],"picked":"Singularity","floor":12},{"not_picked":["StarBarrage","PowerUp"],"picked":"RefractionSpark","floor":14},{"not_picked":["CollectingQuirk","UltimateShortwave"],"picked":"CasketOfStar","floor":16}],"player_experience":89128,"relics_obtained":[],"event_choices":[{"damage_healed":0,"gold_gain":0,"player_choice":"Ignored","damage_taken":0,"max_hp_gain":0,"max_hp_loss":0,"event_name":"Golden Wing","floor":2,"gold_loss":0},{"damage_healed":0,"gold_gain":0,"player_choice":"Grow","damage_taken":0,"max_hp_gain":0,"max_hp_loss":0,"event_name":"Living Wall","floor":3,"gold_loss":0,"cards_upgraded":["WitchOfGreed"]},{"damage_healed":0,"gold_gain":75,"player_choice":"Gather Gold","damage_taken":11,"max_hp_gain":0,"max_hp_loss":0,"event_name":"World of Goop","floor":4,"gold_loss":0},{"damage_healed":0,"gold_gain":0,"player_choice":"Upgraded","damage_taken":0,"max_hp_gain":0,"max_hp_loss":0,"event_name":"Upgrade Shrine","floor":13,"gold_loss":0,"cards_upgraded":["FairyDestructionRay"]}],"is_beta":false,"boss_relics":[{"not_picked":[]}],"items_purged_floors":[],"is_endless":false,"potions_floor_spawned":[1,10,12,14],"ascension_level":0}}