{"host":"tzwuiju9jhaz8xpk","time":1612063360,"event":{"mods":["AchievementEnabler","Act Like it!","Ascension Unlocker","BaseMod","Better Altar","Better Match","Better Sensory Stone","Displayed Cursed Tome","Duelist Mod","Evolution","GungeonMod","Highlight Path","Infinite Spire","Minty Spire (QoL Compilation)","Permanent Neow","RNG Fix","Reliquary","Replay The Spire","Spicy Shops","StSLib","The Animator","The Death Knight","Uncapped"],"gold_per_floor":[241,119,130,130,149,184,196,196,196,196,221,233,279,292,292,390,390,404,414,19,34,54,54,79,92,115,148,158,169,169,169,169,265,265,298,298,337,80,101,101,127,163,163,200,232,276,276,331,331,331,331,331,19,51,51],"floor_reached":56,"language":"ENG","playtime":4477,"items_purged":["theDuelist:NaturiaBeast","theDuelist:CastleWalls","theDuelist:NaturiaCliff","theDuelist:Sparks"],"score":1346,"play_id":"e3ec04c8-8360-49ab-b2c8-4d1415e74ec6","local_time":"20210130222240","is_ascension_mode":false,"campfire_choices":[{"data":"theDuelist:NaturiaRosewhip","floor":8,"key":"SMITH"},{"floor":15,"key":"REST"},{"data":"theDuelist:GoldenApples","floor":23,"key":"SMITH"},{"floor":32,"key":"RECALL"},{"data":"theDuelist:ConvulsionNature","floor":40,"key":"SMITH"},{"floor":49,"key":"REST"},{"data":"theDuelist:HuntingInstinct","floor":52,"key":"SMITH"}],"circlet_count":0,"master_deck":["theDuelist:NaturiaCliff","theDuelist:NaturiaRock","theDuelist:Sparks","theDuelist:Sparks","theDuelist:NaturiaMantis","theDuelist:NaturiaEggplant","theDuelist:NaturiaEggplant","theDuelist:BrainCrusher","theDuelist:HeavyStorm","theDuelist:NaturiaBeans","theDuelist:NaturiaRosewhip+1","theDuelist:Spore","theDuelist:NaturiaDragonfly","theDuelist:NaturiaRosewhip","theDuelist:NaturiaGaiastrio+1","theDuelist:HammerShot","theDuelist:NaturiaMarron","theDuelist:MillenniumShield","theDuelist:ConvulsionNature+1","theDuelist:HuntingInstinct+1","theDuelist:NaturalDisaster","theDuelist:GoldenApples","theDuelist:NaturalDisaster+1"],"relics":["theDuelist:MillenniumPuzzle","theDuelist:CardPoolRelic","theDuelist:CardPoolBasicRelic","theDuelist:BoosterPackPoolRelic","theDuelist:CardPoolAddRelic","theDuelist:CardPoolMinusRelic","theDuelist:CardPoolSaveRelic","theDuelist:CardPoolOptionsRelic","EVO:Axolotl","Lizard Tail","Iron Hammer","Garlic","theDuelist:WhiteBowlRelic","Replay:Towering Pillar of Hats","infinitespire:Golems Mask","Sozu","Replay:Baseball","Orichalcum","Red Mask","theDuelist:ArmorPlateD","infinitespire:EvilPickle","Black Star","theDuelist:TrapVortex","theDuelist:NaturiaRelic","Tingsha","PreservedInsect","Centennial Puzzle","Replay:PocketPolymizer","Blue Candle","infinitespire:FocusingShard","theDuelist:ElectricBurst","theDuelist:DuelistUrn","Gremlin Food"],"acts_visited":["Exordium","TheCity","TheBeyond","TheEnding"],"potions_floor_usage":[12,13,13,13],"damage_taken":[{"damage":0,"enemies":"Cultist","floor":1,"turns":5},{"damage":0,"enemies":"2 Louse","floor":3,"turns":2},{"damage":5,"enemies":"Small Slimes","floor":5,"turns":3},{"damage":0,"enemies":"Replay:BlueRogue","floor":6,"turns":8},{"damage":12,"enemies":"Exordium Wildlife","floor":7,"turns":5},{"damage":2,"enemies":"3 Sentries","floor":11,"turns":5},{"damage":0,"enemies":"Exordium Thugs","floor":12,"turns":4},{"damage":32,"enemies":"Exordium Thugs","floor":13,"turns":11},{"damage":0,"enemies":"2 Fungi Beasts","floor":14,"turns":3},{"damage":20,"enemies":"The Guardian","floor":16,"turns":11},{"damage":0,"enemies":"Chosen","floor":18,"turns":5},{"damage":0,"enemies":"Shell Parasite","floor":19,"turns":5},{"damage":10,"enemies":"3 Cultists","floor":21,"turns":4},{"damage":0,"enemies":"Snake Plant","floor":22,"turns":4},{"damage":3,"enemies":"Slavers","floor":24,"turns":3},{"damage":0,"enemies":"Chosen and Byrds","floor":25,"turns":4},{"damage":3,"enemies":"Masked Bandits","floor":27,"turns":4},{"damage":6,"enemies":"Centurion and Healer","floor":28,"turns":4},{"damage":1,"enemies":"Cultist and Chosen","floor":29,"turns":6},{"damage":5,"enemies":"Pondfish","floor":33,"turns":8},{"damage":8,"enemies":"Orb Walker","floor":35,"turns":3},{"damage":14,"enemies":"3 Darklings","floor":37,"turns":3},{"damage":4,"enemies":"Writhing Mass","floor":39,"turns":5},{"damage":6,"enemies":"Spire Growth","floor":41,"turns":5},{"damage":0,"enemies":"R_Hoarder","floor":42,"turns":6},{"damage":22,"enemies":"Nemesis","floor":44,"turns":5},{"damage":0,"enemies":"3 Darklings","floor":45,"turns":2},{"damage":0,"enemies":"Reptomancer","floor":46,"turns":4},{"damage":0,"enemies":"2 Orb Walkers","floor":48,"turns":4},{"damage":0,"enemies":"Replay:Hell Engine","floor":50,"turns":7},{"damage":29,"enemies":"Shield and Spear","floor":54,"turns":4},{"damage":49,"enemies":"The Heart","floor":55,"turns":9}],"seed_played":"-952296510041976318","potions_obtained":[{"floor":3,"key":"theDuelist:SolderPotionB"},{"floor":5,"key":"Milkshake"},{"floor":6,"key":"Explosive Potion"},{"floor":12,"key":"SpeedPotion"}],"is_trial":false,"path_per_floor":["M","$","M","?","M","E","M","R","T","?","E","M","?","M","R","B",null,"M","M","$","M","M","R","E","M","T","?","M","M","?","AVR","R","B",null,"M","?","M","$","M","R","M","E","T","E","M","E","AVR","?","R","B",null,"R","$","E","B",null],"character_chosen":"THE_DUELIST","items_purchased":["theDuelist:NaturiaEggplant","theDuelist:BrainCrusher","theDuelist:NaturalDisaster+1","theDuelist:NaturiaRosewhip","theDuelist:NaturiaCliff","Replay:Baseball","theDuelist:MillenniumShield","theDuelist:TrapVortex","theDuelist:NaturalDisaster","theDuelist:GoldenApples"],"campfire_rested":2,"item_purchase_floors":[2,2,20,20,20,20,38,38,53,53],"current_hp_per_floor":[80,80,80,80,75,75,63,63,63,63,61,61,29,29,53,33,80,80,80,80,70,70,70,67,67,67,64,58,57,80,80,80,75,80,72,72,58,58,54,54,48,48,48,26,26,26,26,26,50,52,80,80,80,53,8],"gold":51,"neow_bonus":"HUNDRED_GOLD","is_daily":false,"chose_seed":false,"campfire_upgraded":4,"win_rate":0.0,"timestamp":1612063360,"path_taken":["M","?","M","?","M","E","?","R","T","?","E","M","?","M","R","BOSS","M","?","$","M","M","R","E","?","T","?","M","M","?","AVR","R","BOSS","M","?","?","$","M","R","M","E","T","E","M","E","AVR","?","R","BOSS","R","$","E","BOSS"],"items_purchased_type":["Card","Card","Card","Card","Card","Relic","Card","Relic","Card","Card"],"build_version":"2020-12-22","purchased_purges":4,"victory":true,"max_hp_per_floor":[80,80,80,80,80,80,80,80,80,80,80,80,80,80,80,80,80,80,80,80,80,80,80,80,80,80,80,80,80,80,80,80,80,80,80,80,80,80,80,80,80,80,80,80,80,80,80,80,80,80,80,80,80,80,80],"card_choices":[{"not_picked":["theDuelist:NaturiaDragonfly","theDuelist:NaturiaRosewhip","theDuelist:Spore","theDuelist:FuryFire"],"picked":"theDuelist:NaturiaMantis","floor":1},{"not_picked":["theDuelist:WingedKuriboh","theDuelist:DummyGolem","theDuelist:ForbiddenChalice","theDuelist:ReleaseFromStone"],"picked":"theDuelist:HeavyStorm","floor":3},{"not_picked":["theDuelist:NaturiaStagBeetle","theDuelist:NaturiaCherries","theDuelist:FossilDig","theDuelist:Wiretap"],"picked":"theDuelist:NaturiaBeans","floor":5},{"not_picked":["theDuelist:AttackTheMoon","theDuelist:HammerShot","theDuelist:Wiseman","theDuelist:BlockGolem"],"picked":"theDuelist:GoldenApples","floor":6},{"not_picked":["theDuelist:NaturiaEggplant","theDuelist:NaturiaMarron","theDuelist:NaturiaStinkbug","theDuelist:SummoningSwarm"],"picked":"theDuelist:NaturiaRosewhip","floor":7},{"not_picked":["theDuelist:NaturiaEggplant","theDuelist:NaturiaDragonfly","theDuelist:LonefireBlossom","theDuelist:NaturiaHydrangea"],"picked":"theDuelist:Spore","floor":11},{"not_picked":["theDuelist:NaturiaHydrangea","theDuelist:NaturiaEggplant","theDuelist:NaturiaDragonfly","theDuelist:NaturiaCliff","theDuelist:NaturiaStrawberry"],"picked":"SKIP","floor":12},{"not_picked":["theDuelist:DemiseLand","theDuelist:NaturiaExterio","theDuelist:NaturiaBarkion"],"picked":"SKIP","floor":14},{"not_picked":["theDuelist:ClosedForest","theDuelist:Canyon","theDuelist:MultiplicationOfAnts","theDuelist:HeartUnderdog"],"picked":"theDuelist:HuntingInstinct","floor":16},{"not_picked":["theDuelist:NaturiaEggplant","theDuelist:SummoningSwarm+1","theDuelist:FossilDig","theDuelist:NaturiaMantis+1"],"picked":"theDuelist:NaturiaDragonfly","floor":18},{"not_picked":["theDuelist:BottomlessTrapHole","theDuelist:PotDuality","theDuelist:NaturiaAntjaw","theDuelist:GracefulCharity","theDuelist:BrainCrusher+1"],"picked":"SKIP","floor":19},{"not_picked":["theDuelist:BrainCrusher","theDuelist:NaturiaButterfly","theDuelist:NaturiaRosewhip","theDuelist:FrozenRose"],"picked":"theDuelist:NaturiaGaiastrio+1","floor":21},{"not_picked":["theDuelist:NaturiaDragonfly+1","theDuelist:LonefireBlossom","theDuelist:NaturiaCliff+1","theDuelist:NaturiaRosewhip","theDuelist:AfterGenocide"],"picked":"SKIP","floor":22},{"not_picked":["theDuelist:NaturiaDragonfly","theDuelist:LonefireBlossom","theDuelist:NaturiaRosewhip","theDuelist:NaturiaSunflower","theDuelist:NaturiaStrawberry"],"picked":"SKIP","floor":24},{"not_picked":["theDuelist:NaturiaHydrangea","theDuelist:NaturiaEggplant","theDuelist:SummoningSwarm","theDuelist:NaturiaMantis","theDuelist:NaturiaParadizo"],"picked":"SKIP","floor":25},{"not_picked":["theDuelist:NaturiaSpiderfang","theDuelist:GracefulCharity+1","theDuelist:MillenniumScorpion+1","theDuelist:NatureReflection","theDuelist:NaturiaParadizo"],"picked":"SKIP","floor":28},{"not_picked":["theDuelist:DestroyerGolem+1","theDuelist:Fissure","theDuelist:MillenniumGolem","theDuelist:WingedKuriboh"],"picked":"theDuelist:HammerShot","floor":29},{"not_picked":["theDuelist:SeismicShockwave","theDuelist:NaturiaBarkion","theDuelist:Canyon","theDuelist:HeartUnderdog"],"picked":"theDuelist:HuntingInstinct","floor":33},{"not_picked":["theDuelist:NaturiaDragonfly","theDuelist:NaturiaCliff+1","theDuelist:SummoningSwarm+1","theDuelist:LonefireBlossom","theDuelist:NaturiaPumpkin+1"],"picked":"SKIP","floor":35},{"not_picked":["theDuelist:NaturiaBrambi","theDuelist:NaturiaDragonfly","theDuelist:NaturiaTulip","theDuelist:NaturiaRagweed+1"],"picked":"theDuelist:NaturiaMarron","floor":37},{"not_picked":["theDuelist:NaturiaLeodrake","theDuelist:LeodrakeMane","theDuelist:NaturiaSacredTree","theDuelist:NaturiaForest"],"picked":"theDuelist:ConvulsionNature","floor":39},{"not_picked":["theDuelist:NaturiaRock+1","theDuelist:NaturiaGaiastrio+1","theDuelist:NaturiaLandoise+1","theDuelist:NaturiaCliff","theDuelist:PotForbidden+1"],"picked":"SKIP","floor":41},{"not_picked":["theDuelist:LuminousMoss+1","theDuelist:Wiretap","theDuelist:Wildfire+2","theDuelist:VenomShot+1","theDuelist:FuryFire+1"],"picked":"SKIP","floor":42},{"not_picked":["theDuelist:NaturiaHydrangea+1","theDuelist:NaturiaCliff+1","theDuelist:NaturiaAntjaw+1","theDuelist:NaturiaMantis+1","theDuelist:NaturiaPumpkin+1"],"picked":"SKIP","floor":44},{"not_picked":["theDuelist:NaturiaForest","theDuelist:NaturiaVein+1","theDuelist:MultiplicationOfAnts+1","theDuelist:HeartUnderdog+1","theDuelist:NaturiaHorneedle+1"],"picked":"SKIP","floor":45},{"not_picked":["theDuelist:WildNatureRelease+1","theDuelist:VenomShot","theDuelist:LuminousMoss+1","theDuelist:AfterGenocide","theDuelist:SeedSacredTree"],"picked":"SKIP","floor":46},{"not_picked":["theDuelist:NaturiaDragonfly+1","theDuelist:NaturiaRock+1","theDuelist:NaturiaRagweed+1","theDuelist:Spore+1"],"picked":"theDuelist:NaturalDisaster+1","floor":54}],"player_experience":68429,"relics_obtained":[{"floor":6,"key":"Lizard Tail"},{"floor":9,"key":"Iron Hammer"},{"floor":11,"key":"Garlic"},{"floor":13,"key":"theDuelist:WhiteBowlRelic"},{"floor":13,"key":"Replay:Towering Pillar of Hats"},{"floor":13,"key":"infinitespire:Golems Mask"},{"floor":24,"key":"Orichalcum"},{"floor":27,"key":"Red Mask"},{"floor":42,"key":"theDuelist:NaturiaRelic"},{"floor":42,"key":"Tingsha"},{"floor":43,"key":"PreservedInsect"},{"floor":44,"key":"Centennial Puzzle"},{"floor":44,"key":"Replay:PocketPolymizer"},{"floor":46,"key":"Blue Candle"},{"floor":46,"key":"infinitespire:FocusingShard"},{"floor":48,"key":"theDuelist:DuelistUrn"},{"floor":54,"key":"Gremlin Food"}],"event_choices":[{"damage_healed":0,"gold_gain":0,"player_choice":"Leave","duelist":true,"damage_taken":0,"max_hp_gain":0,"max_hp_loss":0,"event_name":"Aknamkanon\u0027s Tomb","floor":10,"gold_loss":0},{"damage_healed":0,"gold_gain":0,"player_choice":"Fight","duelist":true,"damage_taken":0,"max_hp_gain":0,"max_hp_loss":0,"event_name":"Battle City","floor":13,"gold_loss":0},{"damage_healed":0,"gold_gain":0,"player_choice":"Fought Bandits","damage_taken":0,"max_hp_gain":0,"max_hp_loss":0,"event_name":"Masked Bandits","floor":27,"gold_loss":0},{"damage_healed":26,"gold_gain":0,"player_choice":"Heal","damage_taken":0,"max_hp_gain":0,"max_hp_loss":0,"event_name":"The Library","floor":30,"gold_loss":0},{"damage_healed":0,"gold_gain":0,"player_choice":"Copied","damage_taken":0,"max_hp_gain":0,"max_hp_loss":0,"event_name":"Duplicator","floor":36,"gold_loss":0,"cards_obtained":["theDuelist:GoldenApples"]},{"damage_healed":0,"gold_gain":0,"player_choice":"Fight","damage_taken":0,"max_hp_gain":0,"max_hp_loss":0,"event_name":"Mysterious Sphere","floor":48,"gold_loss":0}],"is_beta":false,"boss_relics":[{"not_picked":["Empty Cage","Replay:Ancient Bell"],"picked":"Sozu"},{"not_picked":["Pandora\u0027s Box","Painkiller Herb"],"picked":"Black Star"}],"items_purged_floors":[20,31,47,53],"is_endless":false,"potions_floor_spawned":[3,5,6,12,25,28,29,33,37,41,42,45,46],"ascension_level":0}}