{"host":"6p0attdrtjqaih7v","time":1612076474,"event":{"mods":["2.2 Compatiblity","AchievementEnabler","Bard","BaseMod","Better Skull","Better Third Choice","Colored Powertips","Downfall","Hermit","Highlight Path","Key Reminder","Minty Spire (QoL Compilation)","Permanent Neow","Quick Restart","Random Character Button","Relic Stats","Replay The Spire","Robot Space Explorer","StSLib","The Witch"],"gold_per_floor":[109,109,126,140,153,188,188,207,207,236,248,248,248,323,323,423,423,440,453,473,205,205,232,232,259,259,75,90,178,197,208,208,310,310,325,340,63,77,127,127,162,162,186,186,196,196,215,227,227,227],"floor_reached":51,"language":"ENG","playtime":3640,"items_purged":["Strike_Witch","BleedOut","SummonOwlFamiliar"],"score":927,"play_id":"24ff4a9e-4f82-49c3-b4c0-5c5b2304bc8b","local_time":"20210131020114","is_ascension_mode":true,"campfire_choices":[{"data":"MagicFang","floor":7,"key":"SMITH"},{"data":"Schadenfreude","floor":13,"key":"SMITH"},{"data":"Intelligence","floor":15,"key":"SMITH"},{"data":"Boline","floor":24,"key":"SMITH"},{"data":"Deep Breath","floor":32,"key":"SMITH"},{"data":"BoneCarving","floor":40,"key":"SMITH"},{"data":"StrangeBrew","floor":44,"key":"SMITH"},{"data":"BoneCarving","floor":46,"key":"SMITH"},{"data":"Malady","floor":49,"key":"SMITH"}],"circlet_count":0,"master_deck":["Defend_Witch","Defend_Witch","Defend_Witch","Defend_Witch","Hexguard","ZombieSpit","MagicFang+1","BoneCarving+1","BoneCarving+1","Intelligence+1","KarmaDrain+1","Schadenfreude+1","Malady+1","Boline+1","SoulBarrier+1","VileEgg+1","PainBolt+1","Bewitch+1","MagicFang+1","Broomstick","WretchedNails","Deep Breath+1","WickedThoughts+1","SummonRavenFamiliar","SoulBarrier+1","NighInvulnerability","StrangeBrew+1","Parasite","Bewitch+1","Shrooms"],"relics":["BlackCat","Regal Pillow","keyreminder:keyreminder","Kunai","Astrolabe","Potion Belt","Happy Flower","Garlic","Eternal Feather","OrangePellets","FossilizedHelix","Blood Vial","Lantern"],"acts_visited":["Exordium","TheCity","TheBeyond"],"potions_floor_usage":[6,10,19,23,25,30,31,33,50,50,50,50,50],"damage_taken":[{"damage":6,"enemies":"Cultist","floor":1,"turns":4},{"damage":3,"enemies":"Jaw Worm","floor":3,"turns":5},{"damage":0,"enemies":"Small Slimes","floor":4,"turns":2},{"damage":0,"enemies":"Blue Slaver","floor":5,"turns":3},{"damage":20,"enemies":"Gremlin Nob","floor":6,"turns":4},{"damage":7,"enemies":"Large Slime","floor":8,"turns":5},{"damage":0,"enemies":"Lagavulin","floor":10,"turns":7},{"damage":3,"enemies":"Looter","floor":11,"turns":3},{"damage":6,"enemies":"Hexaghost","floor":16,"turns":9},{"damage":0,"enemies":"Shell Parasite","floor":18,"turns":5},{"damage":1,"enemies":"3 Byrds","floor":19,"turns":6},{"damage":7,"enemies":"Sentry and Sphere","floor":20,"turns":10},{"damage":19,"enemies":"Gremlin Leader","floor":23,"turns":5},{"damage":0,"enemies":"Book of Stabbing","floor":25,"turns":6},{"damage":0,"enemies":"Snake Plant","floor":28,"turns":3},{"damage":15,"enemies":"3 Cultists","floor":30,"turns":6},{"damage":0,"enemies":"Cultist and Chosen","floor":31,"turns":5},{"damage":0,"enemies":"Champ","floor":33,"turns":9},{"damage":0,"enemies":"3 Shapes","floor":35,"turns":7},{"damage":2,"enemies":"Orb Walker","floor":36,"turns":3},{"damage":13,"enemies":"Sphere and 2 Shapes","floor":38,"turns":7},{"damage":0,"enemies":"Mind Bloom Boss Battle","floor":39,"turns":7},{"damage":0,"enemies":"Giant Head","floor":41,"turns":9},{"damage":0,"enemies":"Writhing Mass","floor":45,"turns":7},{"damage":0,"enemies":"Maw","floor":47,"turns":9},{"damage":0,"enemies":"3 Darklings","floor":48,"turns":6},{"damage":8,"enemies":"Time Eater","floor":50,"turns":8}],"seed_played":"-2228248437856150889","potions_obtained":[{"floor":1,"key":"SpeedPotion"},{"floor":5,"key":"LifebloodPotion"},{"floor":8,"key":"Explosive Potion"},{"floor":10,"key":"Explosive Potion"},{"floor":19,"key":"BlessingOfTheForge"},{"floor":20,"key":"Weak Potion"},{"floor":25,"key":"GamblersBrew"},{"floor":28,"key":"Languid Potion"},{"floor":31,"key":"Fire Potion"},{"floor":36,"key":"SteroidPotion"}],"is_trial":false,"path_per_floor":["M","?","M","M","M","E","R","M","T","E","M","?","R","?","R","B",null,"M","M","M","$","?","E","R","E","T","$","M","?","M","M","R","B",null,"M","M","$","M","?","R","E","?","T","R","M","R","M","M","R","B",null],"character_chosen":"WITCH","items_purchased":["Potion Belt","Broomstick","Deep Breath","OrangePellets"],"campfire_rested":0,"item_purchase_floors":[21,21,27,37],"current_hp_per_floor":[61,65,62,62,62,42,42,35,35,35,32,32,32,21,21,15,67,67,67,60,60,60,46,46,51,51,51,56,40,30,35,47,52,67,67,65,65,55,60,67,67,67,67,67,67,67,67,67,67,64],"gold":227,"neow_bonus":"THREE_CARDS","is_daily":false,"chose_seed":false,"campfire_upgraded":9,"win_rate":0.0,"timestamp":1612076474,"path_taken":["M","?","M","M","?","E","R","M","T","E","M","?","R","?","R","BOSS","M","M","M","$","?","E","R","E","T","$","M","?","M","M","R","BOSS","M","M","$","M","?","R","E","?","T","R","?","R","?","M","R","BOSS"],"items_purchased_type":["Relic","Card","Card","Relic"],"build_version":"2020-12-22","purchased_purges":3,"victory":true,"max_hp_per_floor":[67,67,67,67,67,67,67,67,67,67,67,67,67,67,67,67,67,67,67,67,67,67,67,67,67,67,67,67,67,67,67,67,67,67,67,67,67,67,67,67,67,67,67,67,67,67,67,67,67,67],"relic_stats":{"Blood Vial":0,"OrangePellets":[6],"Regal Pillow":0,"Happy Flower":[30],"counters":[27,160],"Astrolabe":["SoulBarrier","VileEgg","PainBolt"],"Eternal Feather":19,"Kunai":[49],"obtain_stats":[{"Potion Belt":21,"Regal Pillow":6,"Lantern":43,"Happy Flower":23,"Astrolabe":17,"Eternal Feather":26,"BlackCat":0,"keyreminder:keyreminder":9,"Blood Vial":41,"OrangePellets":37,"Garlic":25,"Kunai":10,"FossilizedHelix":39},{"Potion Belt":12,"Regal Pillow":5,"Lantern":23,"Happy Flower":13,"Astrolabe":9,"Eternal Feather":14,"BlackCat":0,"keyreminder:keyreminder":6,"Blood Vial":23,"OrangePellets":20,"Garlic":14,"Kunai":7,"FossilizedHelix":22},{"Potion Belt":63,"Regal Pillow":18,"Lantern":130,"Happy Flower":68,"Astrolabe":42,"Eternal Feather":74,"BlackCat":0,"keyreminder:keyreminder":23,"Blood Vial":130,"OrangePellets":107,"Garlic":74,"Kunai":30,"FossilizedHelix":121}]},"card_choices":[{"not_picked":["GrimVengeance","Foresight"],"picked":"BleedOut","floor":0},{"not_picked":["MementoMori","IllOmen","Broomstick"],"picked":"SKIP","floor":1},{"not_picked":["Shrooms","BleedOut"],"picked":"MagicFang","floor":3},{"not_picked":["MementoMori","Schadenfreude"],"picked":"BoneCarving","floor":4},{"not_picked":["Foresight","SummonRatFamiliar"],"picked":"BoneCarving","floor":5},{"not_picked":["BlackShield","DoomBlade"],"picked":"Intelligence","floor":6},{"not_picked":["NighInvulnerability","Bewitch"],"picked":"KarmaDrain","floor":8},{"not_picked":["Broomstick","SummonRatFamiliar"],"picked":"Schadenfreude","floor":10},{"not_picked":["RoilingBarrier","Bewitch"],"picked":"Malady","floor":11},{"not_picked":["VileEgg","ChosenOfTheMoon"],"picked":"Boline","floor":16},{"not_picked":["SoulBarrier","SummonRatFamiliar"],"picked":"Bewitch+1","floor":18},{"not_picked":["SaltCircle","Thundercloud","PainBolt"],"picked":"SKIP","floor":19},{"not_picked":["SummonCatFamiliar","Thundercloud"],"picked":"MagicFang+1","floor":20},{"not_picked":["BlackShield","Bewitch","CursedBlade"],"picked":"SKIP","floor":23},{"not_picked":["MementoMori","Puncture"],"picked":"WretchedNails","floor":25},{"not_picked":["RiteOfAutumn","SummonRatFamiliar"],"picked":"WickedThoughts+1","floor":28},{"not_picked":["WretchedNails","RiteOfWinter"],"picked":"SummonOwlFamiliar","floor":29},{"not_picked":["WretchedNails","SoulBarrier","SummonRatFamiliar"],"picked":"SKIP","floor":30},{"not_picked":["WretchedNails","MercuryWand","SoulBarrier"],"picked":"SKIP","floor":31},{"not_picked":["ChosenOfTheMoon","UnnaturalEnergy"],"picked":"SummonRavenFamiliar","floor":33},{"not_picked":["BleedOut+1","Athame"],"picked":"SoulBarrier+1","floor":35},{"not_picked":["Atonement+1","RiteOfWinter","SummonBatFamiliar+1"],"picked":"SKIP","floor":36},{"not_picked":["BlackBolt","BlackShield+1","RiteOfAutumn+1"],"picked":"SKIP","floor":38},{"not_picked":["Atonement+1","Decrepify"],"picked":"NighInvulnerability","floor":39},{"not_picked":["Schadenfreude+1","RiteOfSpring"],"picked":"StrangeBrew","floor":41},{"not_picked":["LivingBomb+1","RiteOfSummer+1","BleedOut"],"picked":"SKIP","floor":45},{"not_picked":["LivingBomb+1","RiteOfSummer+1","BleedOut"],"picked":"SKIP","floor":45},{"not_picked":["PainBolt","SkullFlask+1"],"picked":"Bewitch+1","floor":47},{"not_picked":["SaltCircle","MercuryWand+1"],"picked":"Shrooms","floor":48}],"player_experience":994497,"relics_obtained":[{"floor":6,"key":"Regal Pillow"},{"floor":10,"key":"Kunai"},{"floor":23,"key":"Happy Flower"},{"floor":25,"key":"Garlic"},{"floor":26,"key":"Eternal Feather"},{"floor":39,"key":"FossilizedHelix"},{"floor":41,"key":"Blood Vial"},{"floor":43,"key":"Lantern"}],"event_choices":[{"damage_healed":4,"gold_gain":0,"player_choice":"LEAVE ","damage_taken":0,"relics_obtained":[],"max_hp_gain":0,"max_hp_loss":0,"event_name":"betterSkull:BetterSkull","floor":2,"gold_loss":0,"cards_upgraded":[]},{"damage_healed":0,"gold_gain":75,"player_choice":"Gather Gold","damage_taken":11,"max_hp_gain":0,"max_hp_loss":0,"event_name":"World of Goop","floor":14,"gold_loss":0},{"damage_healed":0,"gold_gain":0,"player_choice":"Ignored","damage_taken":0,"max_hp_gain":0,"max_hp_loss":0,"event_name":"Ghosts","floor":22,"gold_loss":0},{"damage_healed":0,"gold_gain":0,"player_choice":"Fight","damage_taken":0,"max_hp_gain":0,"max_hp_loss":0,"event_name":"MindBloom","floor":39,"gold_loss":0},{"damage_healed":4,"gold_gain":0,"player_choice":"LEAVE ","damage_taken":0,"relics_obtained":[],"max_hp_gain":0,"max_hp_loss":0,"event_name":"betterSkull:BetterSkull","floor":42,"gold_loss":0,"cards_upgraded":[]}],"is_beta":false,"boss_relics":[{"not_picked":["Kintsugi","Sozu"],"picked":"Astrolabe"},{"not_picked":["Ring of Chaos","Snecko Heart","Velvet Choker"]}],"items_purged_floors":[21,27,37],"is_endless":false,"potions_floor_spawned":[1,5,8,10,19,20,25,28,31,36,41,48],"ascension_level":3}}