{"host":"a7kzx4u255enh074","time":1612089213,"event":{"mods":["BaseMod","Better Match","Hubris","Infinite Spire","Marked Mod","Minty Spire (QoL Compilation)","Replay The Spire","Shop Mod","StSLib","The Servant 0.9.4"],"gold_per_floor":[114,114,128,59,89,116,116,116,167,181,200,53,53,5,92,197,197,214,231,242,258,258,258,258,39,39,39,74,74,104,119,119,220,220,239,239,251,351,351,386,36,36,63,73,73,85,117,117,117,117],"floor_reached":51,"language":"ENG","playtime":2109,"items_purged":["Strike_G","Strike_G"],"score":1312,"play_id":"c847807c-ab39-4a45-8526-a62178ec6eb9","local_time":"20210131113333","is_ascension_mode":true,"campfire_choices":[{"data":"Apotheosis","floor":13.0,"key":"SMITH"},{"data":"hubris:Rewind","floor":23.0,"key":"SMITH"},{"data":"Noxious Fumes","floor":32.0,"key":"SMITH"},{"floor":42,"key":"RECALL"},{"data":"Survivor","floor":45,"key":"PURGE"},{"data":"Dagger Spray","floor":49,"key":"PURGE"}],"circlet_count":0,"master_deck":["AscendersBane","infinitespire:Neurotoxin","Defend_G","Defend_G","Defend_G","Defend_G","Defend_G","Apotheosis+1","Blur","ReplayTheSpireMod:Faulty Equipment","Pot Of Greed","Pot Of Greed","Deadly Poison","ReplayTheSpireMod:Faulty Equipment","ReplayTheSpireMod:Faulty Equipment","hubris:Rewind+1","Malaise","Deadly Poison","Pot Of Greed","Night Terror","Footwork","Noxious Fumes+1","Poison Darts","Leg Sweep","Bouncing Flask+1","ReplayTheSpireMod:Black Plague","ReplayTheSpireMod:Black Plague","Blur+1","Footwork+1","Fluid Movement+1"],"relics":["Ring of the Snake","ReplayTheSpireMod:CursedCoin","Grinning Jar","Prayer Wheel","Dream Catcher","MealTicket","Lee\u0027s Waffle","Coffee Dripper","hubris:Icosahedron","Replay:Mystery Machine","Lantern","hubris:Metronome","Fusion Hammer","Peace Pipe","Replay:Rubber Ducky","infinitespire:Broken Mirror","Art of War","Bag of Marbles"],"acts_visited":["Exordium","TheCity","TheBeyond"],"potions_floor_usage":[40],"damage_taken":[{"damage":10.0,"enemies":"Small Slimes","floor":1.0,"turns":2.0},{"damage":0.0,"enemies":"Cultist","floor":3.0,"turns":3.0},{"damage":28.0,"enemies":"3 Sentries","floor":6.0,"turns":7.0},{"damage":0.0,"enemies":"2 Louse","floor":10.0,"turns":3.0},{"damage":0.0,"enemies":"Large Slime","floor":11.0,"turns":5.0},{"damage":17.0,"enemies":"The Guardian","floor":16.0,"turns":8.0},{"damage":0.0,"enemies":"Spheric Guardian","floor":18.0,"turns":3.0},{"damage":6.0,"enemies":"Shell Parasite","floor":19.0,"turns":5.0},{"damage":18.0,"enemies":"Centurion and Healer","floor":20.0,"turns":5.0},{"damage":6.0,"enemies":"Snake Plant","floor":21.0,"turns":3.0},{"damage":15.0,"enemies":"Book of Stabbing","floor":28.0,"turns":5.0},{"damage":15.0,"enemies":"Nightmare","floor":30.0,"turns":3.0},{"damage":0.0,"enemies":"3 Cultists","floor":31.0,"turns":2.0},{"damage":11.0,"enemies":"Automaton","floor":33.0,"turns":7.0},{"damage":0.0,"enemies":"3 Shapes","floor":35.0,"turns":5.0},{"damage":0.0,"enemies":"Orb Walker","floor":37.0,"turns":2.0},{"damage":0.0,"enemies":"infinitespire:Three Voidlings","floor":38.0,"turns":2.0},{"damage":28.0,"enemies":"Nightmare_Alpha","floor":38.0,"turns":7.0},{"damage":0,"enemies":"Nightmare","floor":40,"turns":2},{"damage":0,"enemies":"Maw","floor":44,"turns":2},{"damage":0,"enemies":"Spire Growth","floor":46,"turns":2},{"damage":0,"enemies":"Nemesis","floor":47,"turns":3},{"damage":63,"enemies":"hubris:GrandSnecko","floor":50,"turns":5}],"seed_played":"-1024725553855195250","potions_obtained":[{"floor":3.0,"key":"Poison Potion"},{"floor":11.0,"key":"CunningPotion"},{"floor":16.0,"key":"SpeedPotion"},{"floor":19.0,"key":"Poison Potion"},{"floor":28.0,"key":"Fire Potion"},{"floor":33.0,"key":"SpeedPotion"},{"floor":39,"key":"Fruit Juice"},{"floor":39,"key":"Elixir"},{"floor":44,"key":"SteroidPotion"},{"floor":47,"key":"Venom Potion"}],"is_trial":false,"path_per_floor":["M","?","M","$","?","E","?","?","T","M","M","$","R","$","R","B",null,"M","M","M","M","?","R","?","$","T","?","E","$","NM","M","R","B",null,"M","?","M","?","?","NM","$","R","T","M","R","M","E","?","R","B",null],"character_chosen":"THE_SILENT","items_purchased":["ReplayTheSpireMod:CursedCoin","Draining Mist","Grinning Jar","Lee\u0027s Waffle","Deadly Poison","Replay:Mystery Machine","infinitespire:Broken Mirror"],"campfire_rested":0,"item_purchase_floors":[4,4,4,12,14,25,41],"current_hp_per_floor":[35,35,35,35,35,7,7,7,7,7,7,77,77,77,77,60,73,73,67,49,43,46,46,46,61,61,61,46,61,46,46,46,35,69,69,69,69,41,41,46,61,61,61,61,61,61,61,85,85,22],"gold":117,"neow_bonus":"RANDOM_COLORLESS_2","is_daily":false,"chose_seed":false,"campfire_upgraded":3,"win_rate":0.0,"timestamp":1612089213,"path_taken":["M","?","?","$","?","E","?","?","T","M","M","$","R","?","R","BOSS","M","M","?","M","?","R","?","$","T","?","E","?","NM","M","R","BOSS","M","?","M","?","?","NM","$","R","T","?","R","M","E","?","R","BOSS"],"items_purchased_type":["Relic","Card","Relic","Relic","Card","Relic","Relic"],"build_version":"2020-12-22","purchased_purges":2,"victory":true,"max_hp_per_floor":[70,70,70,70,70,70,70,70,70,70,70,77,77,77,77,77,77,77,77,77,77,80,80,80,80,80,80,80,80,80,80,80,80,80,80,80,80,80,80,85,85,85,85,85,85,85,85,85,85,85],"card_choices":[{"not_picked":["Mayhem","The Bomb"],"picked":"Apotheosis","floor":0.0},{"not_picked":["hubris:TrickCloak","Tactician"],"picked":"Blur","floor":1.0},{"not_picked":["Sucker Punch","hubris:SlightOfHand","Dagger Spray"],"picked":"SKIP","floor":3.0},{"not_picked":["Sucker Punch","hubris:SlightOfHand"],"picked":"Dagger Spray","floor":3.0},{"not_picked":["Prepared","Well Laid Plans"],"picked":"Deadly Poison","floor":5.0},{"not_picked":["A Thousand Cuts","Outmaneuver","Sucker Punch"],"picked":"SKIP","floor":6.0},{"not_picked":["infinitespire:DeathsTouch","infinitespire:TheBestDefense"],"picked":"hubris:Rewind","floor":7.0},{"not_picked":["Quick Slash","Terror"],"picked":"Malaise","floor":10.0},{"not_picked":["Deflect","Finisher","Bane"],"picked":"SKIP","floor":10.0},{"not_picked":["Accuracy","ReplayTheSpireMod:Shiv Toss","Terror"],"picked":"SKIP","floor":11.0},{"not_picked":["Dash","Dagger Throw","Backflip"],"picked":"SKIP","floor":11.0},{"not_picked":["Corpse Explosion","Unload"],"picked":"Night Terror","floor":16.0},{"not_picked":["Slice","Hidden Blade","Riddle With Holes"],"picked":"SKIP","floor":18.0},{"not_picked":["Poisoned Stab+1","Setup","Masterful Stab"],"picked":"SKIP","floor":18.0},{"not_picked":["Deadly Poison+1","Distraction","Dagger Throw"],"picked":"SKIP","floor":19.0},{"not_picked":["Underhanded Strike","PiercingWail","Dash"],"picked":"SKIP","floor":19.0},{"not_picked":["Tactician","Setup","Slice"],"picked":"SKIP","floor":20.0},{"not_picked":["All Out Attack","Acrobatics+1","Riddle With Holes"],"picked":"SKIP","floor":20.0},{"not_picked":["Flechettes","Phantasmal Killer","Dagger Throw+1"],"picked":"SKIP","floor":21.0},{"not_picked":["Backflip+1","Flying Knee","Poisoned Stab"],"picked":"SKIP","floor":21.0},{"not_picked":["PiercingWail+1","Distraction"],"picked":"Footwork","floor":28.0},{"not_picked":["Deadly Poison","hubris:TrickCloak","Dagger Throw"],"picked":"SKIP","floor":30.0},{"not_picked":["Flying Knee+1","Slice"],"picked":"Noxious Fumes","floor":31.0},{"not_picked":["PiercingWail+1","Sneak Up+1","hubris:Sniper"],"picked":"SKIP","floor":31.0},{"not_picked":["ReplayTheSpireMod:Necrosis","Storm of Steel"],"picked":"Poison Darts","floor":33.0},{"not_picked":["Prepared+1","Dagger Throw+1"],"picked":"Leg Sweep","floor":35.0},{"not_picked":["Sucker Punch","Prepared+1","Dash"],"picked":"SKIP","floor":35.0},{"not_picked":["hubris:SlightOfHand","ReplayTheSpireMod:Exploit Weakness+1"],"picked":"Bouncing Flask+1","floor":37.0},{"not_picked":["Distraction","Sneak Up","ReplayTheSpireMod:The Works+1"],"picked":"SKIP","floor":37.0},{"not_picked":["ReplayTheSpireMod:??????????????????????","ReplayTheSpireMod:Chaos Vortex"],"picked":"ReplayTheSpireMod:Black Plague","floor":38},{"not_picked":["infinitespire:FinalStrike","hubris:InfiniteBlow+3"],"picked":"ReplayTheSpireMod:Black Plague","floor":40},{"not_picked":["Sucker Punch","Deflect"],"picked":"Blur+1","floor":40},{"not_picked":["Slice+1","Backstab+1","Backflip"],"picked":"SKIP","floor":44},{"not_picked":["Prepared","Acrobatics","Backstab"],"picked":"SKIP","floor":44},{"not_picked":["Bane+1","Poisoned Stab"],"picked":"Footwork+1","floor":46},{"not_picked":["Night Terror","Dagger Spray"],"picked":"Fluid Movement+1","floor":46},{"not_picked":["Distraction+1","Acrobatics","Bane+1"],"picked":"SKIP","floor":47}],"player_experience":361046,"relics_obtained":[{"floor":5.0,"key":"Prayer Wheel"},{"floor":6.0,"key":"Dream Catcher"},{"floor":9.0,"key":"MealTicket"},{"floor":28.0,"key":"Lantern"},{"floor":30.0,"key":"hubris:Metronome"},{"floor":38,"key":"Peace Pipe"},{"floor":40,"key":"Replay:Rubber Ducky"},{"floor":43,"key":"Art of War"},{"floor":47,"key":"Bag of Marbles"}],"event_choices":[{"cards_removed":["Strike_G"],"damage_healed":0.0,"max_hp_gain":0.0,"max_hp_loss":0.0,"gold_gain":0.0,"event_name":"Wheel of Change","player_choice":"Card Removal","floor":2.0,"gold_loss":0.0,"damage_taken":0.0},{"damage_healed":0.0,"max_hp_gain":0.0,"max_hp_loss":0.0,"gold_gain":0.0,"event_name":"Vampires","player_choice":"Ignored","floor":27.0,"gold_loss":0.0,"damage_taken":0.0},{"cards_removed":["Neutralize"],"damage_healed":0.0,"max_hp_gain":0.0,"max_hp_loss":0.0,"gold_gain":0.0,"event_name":"Falling","player_choice":"Removed Attack","floor":36.0,"gold_loss":0.0,"damage_taken":0.0},{"cards_removed":["Strike_G"],"damage_healed":0,"gold_gain":0,"player_choice":"Removed Attack","damage_taken":0,"max_hp_gain":0,"max_hp_loss":0,"event_name":"Falling","floor":38,"gold_loss":0},{"damage_healed":0,"gold_gain":0,"player_choice":"Got Potions","damage_taken":0,"max_hp_gain":0,"max_hp_loss":0,"event_name":"Lab","floor":39,"gold_loss":0},{"cards_removed":["Draining Mist"],"damage_healed":24,"gold_gain":0,"player_choice":"Offered Uncommon","damage_taken":0,"max_hp_gain":0,"max_hp_loss":0,"event_name":"Bonfire Elementals","floor":48,"gold_loss":0}],"is_beta":false,"boss_relics":[{"not_picked":["Black Star","hubris:ScarierMask"],"picked":"Coffee Dripper"},{"not_picked":["Ring of the Serpent","infinitespire:Cupcake"],"picked":"Fusion Hammer"}],"items_purged_floors":[25,41],"is_endless":false,"potions_floor_spawned":[3,11,16,19,28,30,33,35,44,47],"ascension_level":10}}