{"host":"xbdmg2vm5yvm04q9","time":1612070747,"event":{"mods":["Act Like it!","BaseMod","Colored Map","Colored Powertips","Conspire","Downfall","Gensokyo","Marisa（F雨　魔理沙）","Minty Spire (QoL Compilation)","Remilia（蕾米莉亚）","Replay The Spire","RumiaBox-露米娅的神秘盒子","StSLib","The Servant 0.9.4","UnlockEverythingMod","Waifu the Spire","【功能Mod】聪明的最终Boss"],"gold_per_floor":[109,128,146,164,96,96,1,32,59,12,12,43,43,56,56,56,56],"floor_reached":16,"language":"ZHS","playtime":1197,"items_purged":[],"score":135,"play_id":"31b2f05d-0188-4d1d-b2e2-c4255019419d","local_time":"20210131132547","is_ascension_mode":false,"campfire_choices":[{"data":"ManaRampage","floor":6.0,"key":"SMITH"},{"data":"UnstableBomb","floor":11,"key":"SMITH"},{"data":"PropBag","floor":15,"key":"SMITH"}],"circlet_count":0,"master_deck":["Strike_MRS","Strike_MRS","Strike_MRS","Defend_MRS","Defend_MRS","Defend_MRS","Defend_MRS","MasterSpark","UpSweep","UnstableBomb+1","GrandCross","ChargeUpSpray","GasGiant","ManaRampage+1","Gensokyo:RustyChest","GalacticHalo","SporeBomb","PropBag+1","SuperPerseids"],"relics":["MiniHakkero","Mango","SSSystem","Meat on the Bone","AmplifyWand","FossilizedHelix"],"acts_visited":["Gensokyo:Gensokyo"],"potions_floor_usage":[12,16,16,16],"damage_taken":[{"damage":1.0,"enemies":"Gensokyo:2_Kodama","floor":1.0,"turns":3.0},{"damage":10.0,"enemies":"Gensokyo:Gryphon","floor":2.0,"turns":3.0},{"damage":0.0,"enemies":"Gensokyo:3_Fairies","floor":3.0,"turns":4.0},{"damage":2.0,"enemies":"Gensokyo:Kitsune","floor":4.0,"turns":3.0},{"damage":37,"enemies":"Gensokyo:Cirno","floor":8,"turns":7},{"damage":6,"enemies":"Gensokyo:Aya","floor":12,"turns":3},{"damage":5,"enemies":"Gensokyo:3_Kodama","floor":14,"turns":3},{"damage":48,"enemies":"Gensokyo:Reimu","floor":16,"turns":13}],"seed_played":"7437551366731763443","potions_obtained":[{"floor":2.0,"key":"Swift Potion"},{"floor":3.0,"key":"Reflective Coating"},{"floor":8,"key":"champ:CounterPotion"},{"floor":12,"key":"SpeedPotion"},{"floor":14,"key":"Weak Potion"}],"is_trial":false,"path_per_floor":["M","M","M","M","$","R","COS","E","T","$","R","E","?","M","R","B"],"character_chosen":"MARISA","items_purchased":["ManaRampage","SporeBomb"],"campfire_rested":0,"item_purchase_floors":[5,10],"current_hp_per_floor":[81,71,71,69,69,69,69,46,46,46,46,40,40,47,47,0,0],"gold":56,"neow_bonus":"TEN_PERCENT_HP_BONUS","is_daily":false,"chose_seed":false,"campfire_upgraded":3,"win_rate":0.0,"timestamp":1612070747,"path_taken":["M","M","M","M","$","R","COS","E","T","$","R","E","?","M","R","BOSS"],"items_purchased_type":["Card","Card"],"build_version":"2020-12-22","purchased_purges":0,"victory":false,"max_hp_per_floor":[82,82,82,82,82,82,82,96,96,96,96,96,96,96,96,96,96],"card_choices":[{"not_picked":["ShootingEcho","ManaConvection"],"picked":"UnstableBomb","floor":1.0},{"not_picked":["PropBag","PowerUp"],"picked":"GrandCross","floor":2.0},{"not_picked":["UnstableBomb","AlicesGift"],"picked":"ChargeUpSpray","floor":3.0},{"not_picked":["WitchLeyline","LuminesStrike"],"picked":"GasGiant","floor":4.0},{"not_picked":["NonDirectionalLaser","Acceleration"],"picked":"GalacticHalo","floor":8},{"not_picked":["DarkSpark","WitchLeyline"],"picked":"PropBag","floor":12},{"not_picked":["MilkyWay","IllusionStar"],"picked":"SuperPerseids","floor":14}],"player_experience":85395,"relics_obtained":[{"floor":8,"key":"Mango"},{"floor":9,"key":"SSSystem"},{"floor":12,"key":"Meat on the Bone"}],"event_choices":[],"is_beta":false,"boss_relics":[],"items_purged_floors":[],"is_endless":false,"potions_floor_spawned":[2,3,8,12,14],"killed_by":"Gensokyo:Reimu","ascension_level":0}}