{"host":"08umfpj02pt2ygc3","time":1612113615,"event":{"mods":["2.2 Compatiblity","BaseMod","DeckTracker","Highlight Path","Keyboard Shortcuts","Minty Spire (QoL Compilation)","Quick Restart","Random Character Button","StSLib","SuperFastMode","everything is the same but u backflip on backflip"],"gold_per_floor":[119,137,212,223,223,223,240,269,292,302,302,302],"floor_reached":11,"language":"KOR","playtime":2169,"items_purged":[],"score":113,"play_id":"697a79a0-8dfc-4090-8e7a-a44057319295","local_time":"20210201022015","is_ascension_mode":true,"campfire_choices":[{"data":"Perfected Strike","floor":6.0,"key":"SMITH"}],"circlet_count":0,"master_deck":["AscendersBane","Strike_R","Strike_R","Strike_R","Strike_R","Strike_R","Defend_R","Defend_R","Defend_R","Defend_R","Bash","Purity","Twin Strike","Perfected Strike+1","Twin Strike","Rage","Perfected Strike"],"relics":["Burning Blood","Boot","MealTicket"],"acts_visited":["Exordium"],"potions_floor_usage":[],"damage_taken":[{"damage":17.0,"enemies":"Small Slimes","floor":1.0,"turns":3.0},{"damage":6.0,"enemies":"Cultist","floor":2.0,"turns":4.0},{"damage":7.0,"enemies":"Jaw Worm","floor":4.0,"turns":3.0},{"damage":22.0,"enemies":"Exordium Thugs","floor":7.0,"turns":3.0},{"damage":29.0,"enemies":"Lagavulin","floor":8.0,"turns":5.0},{"damage":2.0,"enemies":"Large Slime","floor":10.0,"turns":2.0},{"damage":19,"enemies":"3 Sentries","floor":11,"turns":2}],"seed_played":"-3252963377889339445","potions_obtained":[{"floor":1.0,"key":"BlessingOfTheForge"},{"floor":4.0,"key":"FearPotion"},{"floor":7.0,"key":"Swift Potion"},{"floor":8.0,"key":"EntropicBrew"}],"is_trial":false,"path_per_floor":["M","M","?","M","?","R","M","E","T","M","E"],"character_chosen":"IRONCLAD","items_purchased":[],"campfire_rested":0,"item_purchase_floors":[],"current_hp_per_floor":[61,61,50,49,49,49,33,10,10,14,0,0],"gold":302,"neow_bonus":"RANDOM_COLORLESS","is_daily":false,"chose_seed":false,"campfire_upgraded":1,"win_rate":0.0,"timestamp":1612113615,"path_taken":["M","M","?","M","?","R","M","E","T","M","E"],"items_purchased_type":[],"build_version":"2020-12-22","purchased_purges":0,"victory":false,"max_hp_per_floor":[80,80,80,80,80,80,80,80,80,80,80,80],"card_choices":[{"not_picked":["Bandage Up","Jack Of All Trades"],"picked":"Purity","floor":0.0},{"not_picked":["Ghostly Armor","Feel No Pain"],"picked":"Twin Strike","floor":1.0},{"not_picked":["Iron Wave","Body Slam"],"picked":"Perfected Strike","floor":2.0},{"not_picked":["Headbutt","Iron Wave"],"picked":"Twin Strike","floor":4.0},{"not_picked":["Flex","Hemokinesis"],"picked":"Rage","floor":7.0},{"not_picked":["Flame Barrier","Corruption"],"picked":"Perfected Strike","floor":8.0},{"not_picked":["Cleave","Anger","Sword Boomerang"],"picked":"SKIP","floor":10.0}],"player_experience":357125,"relics_obtained":[{"floor":8.0,"key":"Boot"},{"floor":9.0,"key":"MealTicket"}],"event_choices":[{"damage_healed":0.0,"max_hp_gain":0.0,"max_hp_loss":0.0,"gold_gain":75.0,"event_name":"World of Goop","player_choice":"Gather Gold","floor":3.0,"gold_loss":0.0,"damage_taken":11.0},{"damage_healed":0.0,"max_hp_gain":0.0,"max_hp_loss":0.0,"gold_gain":0.0,"event_name":"Match and Keep!","player_choice":"0 cards matched","floor":5.0,"gold_loss":0.0,"damage_taken":0.0,"cards_obtained":[]}],"is_beta":false,"boss_relics":[],"items_purged_floors":[],"is_endless":false,"potions_floor_spawned":[1,4,7,8],"killed_by":"3 Sentries","ascension_level":10}}