{"host":"49pjgf1q9ev52n8z","time":1612084216,"event":{"mods":["BaseMod","Bestiary","Colored Map","Minty Spire (QoL Compilation)","Relic Stats","StSLib"],"gold_per_floor":[110,130,149,166,185,185,185,185,185],"floor_reached":8,"language":"ENG","playtime":481,"items_purged":[],"score":98,"play_id":"5f5aaf34-19c1-4e6f-849f-920a386c41dc","local_time":"20210131011016","is_ascension_mode":true,"campfire_choices":[{"data":"Neutralize","floor":6,"key":"SMITH"}],"circlet_count":0,"master_deck":["AscendersBane","Strike_G","Strike_G","Strike_G","Strike_G","Strike_G","Defend_G","Defend_G","Defend_G","Defend_G","Defend_G","Survivor","Neutralize+1","Footwork","Dagger Throw","Endless Agony","Quick Slash","Poisoned Stab"],"relics":["Ring of the Snake","NeowsBlessing","Question Card"],"acts_visited":["Exordium"],"potions_floor_usage":[4],"damage_taken":[{"damage":0,"enemies":"Cultist","floor":1,"turns":1},{"damage":0,"enemies":"2 Louse","floor":2,"turns":1},{"damage":0,"enemies":"Jaw Worm","floor":3,"turns":1},{"damage":2,"enemies":"Exordium Wildlife","floor":4,"turns":4},{"damage":1,"enemies":"Red Slaver","floor":5,"turns":5},{"damage":50,"enemies":"Gremlin Nob","floor":8,"turns":4}],"seed_played":"2637258597463507131","potions_obtained":[{"floor":1,"key":"Ancient Potion"},{"floor":3,"key":"Block Potion"}],"is_trial":false,"path_per_floor":["M","M","M","M","M","R","?","E"],"character_chosen":"THE_SILENT","items_purchased":[],"campfire_rested":0,"item_purchase_floors":[],"current_hp_per_floor":[59,59,59,57,56,56,45,0,0],"gold":185,"neow_bonus":"THREE_ENEMY_KILL","is_daily":false,"chose_seed":false,"campfire_upgraded":1,"win_rate":0.0,"timestamp":1612084216,"path_taken":["M","M","M","M","M","R","?","E"],"items_purchased_type":[],"build_version":"2020-12-22","purchased_purges":0,"victory":false,"max_hp_per_floor":[66,66,66,66,66,66,66,66,66],"relic_stats":{"counters":[6,16],"Question Card":0,"obtain_stats":[{"NeowsBlessing":0,"Question Card":7,"Ring of the Snake":0},{"NeowsBlessing":0,"Question Card":5,"Ring of the Snake":0},{"NeowsBlessing":0,"Question Card":12,"Ring of the Snake":0}],"Ring of the Snake":[13]},"card_choices":[{"not_picked":["Slice","Calculated Gamble"],"picked":"Footwork","floor":1},{"not_picked":["Outmaneuver","Blade Dance"],"picked":"Dagger Throw","floor":2},{"not_picked":["Finisher","Quick Slash"],"picked":"Endless Agony","floor":3},{"not_picked":["Infinite Blades","PiercingWail"],"picked":"Quick Slash","floor":4},{"not_picked":["Concentrate","PiercingWail"],"picked":"Poisoned Stab","floor":5}],"player_experience":675095,"relics_obtained":[],"event_choices":[{"damage_healed":0,"gold_gain":0,"player_choice":"Success","damage_taken":11,"relics_obtained":["Question Card"],"max_hp_gain":0,"max_hp_loss":0,"event_name":"Scrap Ooze","floor":7,"gold_loss":0}],"is_beta":false,"boss_relics":[],"items_purged_floors":[],"is_endless":false,"potions_floor_spawned":[1,3],"killed_by":"Gremlin Nob","ascension_level":19}}