{"host":"dowi7cgbhepuzvpj","time":1612101640,"event":{"mods":["AchievementEnabler","BaseMod","Keyboard Shortcuts","Minty Spire (QoL Compilation)","Permanent Neow","Quick Restart","StSLib","SuperFastMode"],"gold_per_floor":[119,138,63,74,86,86,151,176,176,195,213,213,229,229,229,229,229],"floor_reached":16,"language":"KOR","playtime":535,"items_purged":[],"score":208,"play_id":"517419d1-6d62-4863-b652-e368538413b8","local_time":"20210131230040","is_ascension_mode":true,"campfire_choices":[{"data":"Footwork","floor":6,"key":"SMITH"},{"floor":12,"key":"REST"},{"floor":15,"key":"REST"}],"circlet_count":0,"master_deck":["AscendersBane","Strike_G","Strike_G","Strike_G","Strike_G","Defend_G","Defend_G","Defend_G+1","Defend_G","Defend_G","Survivor","Neutralize+1","Noxious Fumes","Footwork+1","Footwork+1","Dash","Bouncing Flask","Crippling Poison","Dodge and Roll"],"relics":["Ring of the Snake","Calipers","Mummified Hand","Regal Pillow","Anchor"],"acts_visited":["Exordium"],"potions_floor_usage":[8],"damage_taken":[{"damage":10,"enemies":"Small Slimes","floor":1,"turns":4},{"damage":2,"enemies":"2 Louse","floor":2,"turns":4},{"damage":12,"enemies":"Jaw Worm","floor":4,"turns":7},{"damage":0,"enemies":"Red Slaver","floor":5,"turns":6},{"damage":19,"enemies":"Lagavulin","floor":8,"turns":9},{"damage":8,"enemies":"Looter","floor":10,"turns":4},{"damage":0,"enemies":"Large Slime","floor":11,"turns":7},{"damage":3,"enemies":"Exordium Thugs","floor":13,"turns":6},{"damage":0,"enemies":"Slime Boss","floor":16,"turns":2}],"seed_played":"4129037362908117638","potions_obtained":[{"floor":1,"key":"CunningPotion"},{"floor":5,"key":"GamblersBrew"}],"is_trial":false,"path_per_floor":["M","M","?","M","M","R","?","E","T","M","M","R","M","?","R","B"],"character_chosen":"THE_SILENT","items_purchased":[],"campfire_rested":2,"item_purchase_floors":[],"current_hp_per_floor":[49,47,47,35,35,35,35,16,16,8,8,42,39,19,53,53,53],"gold":229,"neow_bonus":"THREE_CARDS","is_daily":false,"chose_seed":false,"campfire_upgraded":1,"win_rate":0.0,"timestamp":1612101640,"path_taken":["M","M","?","M","M","R","?","E","T","M","M","R","M","?","R","BOSS"],"items_purchased_type":[],"build_version":"2020-12-22","purchased_purges":0,"victory":false,"max_hp_per_floor":[66,66,66,66,66,66,66,66,66,66,66,66,66,66,66,66,66],"card_choices":[{"not_picked":["Underhanded Strike","Quick Slash"],"picked":"Noxious Fumes","floor":0},{"not_picked":["Endless Agony","Slice","Outmaneuver"],"picked":"SKIP","floor":1},{"not_picked":["Underhanded Strike","Outmaneuver","Sucker Punch"],"picked":"SKIP","floor":2},{"not_picked":["Quick Slash","Acrobatics"],"picked":"Dash","floor":4},{"not_picked":["Quick Slash","Dagger Throw","Prepared"],"picked":"SKIP","floor":5},{"not_picked":["Doppelganger","Finisher"],"picked":"Bouncing Flask","floor":8},{"not_picked":["Acrobatics","Sucker Punch"],"picked":"Crippling Poison","floor":10},{"not_picked":["Blade Dance","Choke"],"picked":"Dodge and Roll","floor":11},{"not_picked":["Slice","Endless Agony","Backstab"],"picked":"SKIP","floor":13}],"player_experience":863234,"relics_obtained":[{"floor":8,"key":"Regal Pillow"},{"floor":9,"key":"Anchor"}],"event_choices":[{"cards_removed":["Strike_G"],"damage_healed":0,"gold_gain":0,"player_choice":"Card Removal","damage_taken":0,"max_hp_gain":0,"max_hp_loss":0,"event_name":"The Cleric","floor":3,"gold_loss":75},{"damage_healed":0,"gold_gain":65,"player_choice":"Gained Gold","damage_taken":0,"max_hp_gain":0,"max_hp_loss":0,"event_name":"Golden Wing","floor":7,"gold_loss":0},{"damage_healed":0,"gold_gain":0,"player_choice":"Entered Light","damage_taken":20,"max_hp_gain":0,"max_hp_loss":0,"event_name":"Shining Light","floor":14,"gold_loss":0,"cards_upgraded":["Neutralize","Defend_G"]}],"is_beta":false,"boss_relics":[],"items_purged_floors":[],"is_endless":false,"potions_floor_spawned":[1,5],"killed_by":"Slime Boss","ascension_level":20}}