{"host":"ed3mvzyt8tykicbm","time":1612127695,"event":{"mods":["AchievementEnabler","BaseMod","Colored Map","Colored Powertips","Googly Eyes","Minty Spire (QoL Compilation)","Quick Restart","Replay The Spire","StSLib","The Blackbeard"],"gold_per_floor":[114,162,214,314,332,332,41,55,78,153,153,179,191,65,65,170,170,183,195,195,211,211,236,255,255,255,288,288,388,388,402,402,498,498,513,369,369,147,159,200,200,226,226,254,263,279,294,314,314,314],"floor_reached":51,"language":"ENG","playtime":3111,"items_purged":["Defend_R"],"score":902,"play_id":"f1b27ed6-f078-4032-afcf-99b6f9c7f587","local_time":"20210131161455","is_ascension_mode":true,"campfire_choices":[{"data":"Perfected Strike","floor":6.0,"key":"SMITH"},{"data":"Cleave","floor":11.0,"key":"SMITH"},{"data":"Double Tap","floor":15.0,"key":"SMITH"},{"floor":25.0,"key":"REST"}],"circlet_count":0,"master_deck":["Strike_R","Strike_R","Strike_R","Strike_R","Strike_R","Defend_R","Defend_R","Bash","Iron Wave","Uppercut","Iron Wave","Cleave+1","Perfected Strike+1","Rage+1","Pot Of Greed","Pot Of Greed+1","Double Tap+1","Iron Wave","Feed","Warcry","Body Slam","Flex","Iron Wave","Thunderclap","Flame Barrier","Perfected Strike+1","Cleave+1","Perfected Strike","Defy Death"],"relics":["Black Blood","HornCleat","King of Hearts","Replay:Bottled Flurry","Anchor","Grinning Jar","Replay:Grab Bag","Busted Crown","Fusion Hammer","ReplayFunnel","Lantern","Chameleon Ring","Orichalcum","MutagenicStrength","Champion Belt","Replay:Bottled Snecko","Black Star","Vajra","DollysMirror","Bag of Preparation","CeramicFish","The Courier","Meat on the Bone","Onion Ring"],"acts_visited":["TheCity","TheBeyond"],"potions_floor_usage":[50,50,50],"damage_taken":[{"damage":4.0,"enemies":"2 Louse","floor":1.0,"turns":4.0},{"damage":0.0,"enemies":"Jaw Worm","floor":5.0,"turns":3.0},{"damage":0.0,"enemies":"Cultist","floor":8.0,"turns":2.0},{"damage":0.0,"enemies":"Gremlin Nob","floor":12.0,"turns":3.0},{"damage":0.0,"enemies":"2 Fungi Beasts","floor":13.0,"turns":3.0},{"damage":55.0,"enemies":"The Guardian","floor":16.0,"turns":12.0},{"damage":0.0,"enemies":"3 Byrds","floor":18.0,"turns":4.0},{"damage":0.0,"enemies":"Spheric Guardian","floor":19.0,"turns":3.0},{"damage":9.0,"enemies":"3 Cultists","floor":21.0,"turns":5.0},{"damage":51.0,"enemies":"Book of Stabbing","floor":23.0,"turns":6.0},{"damage":0.0,"enemies":"Snecko","floor":24.0,"turns":4.0},{"damage":15.0,"enemies":"Slavers","floor":27.0,"turns":6.0},{"damage":0.0,"enemies":"Colosseum Slavers","floor":29.0,"turns":2.0},{"damage":0.0,"enemies":"Colosseum Nobs","floor":29.0,"turns":3.0},{"damage":0.0,"enemies":"Shelled Parasite and Fungi","floor":31.0,"turns":2.0},{"damage":127.0,"enemies":"Champ","floor":33.0,"turns":15.0},{"damage":13.0,"enemies":"3 Shapes","floor":35.0,"turns":6.0},{"damage":0.0,"enemies":"Orb Walker","floor":39.0,"turns":2.0},{"damage":21.0,"enemies":"R_Hoarder","floor":40.0,"turns":7.0},{"damage":2.0,"enemies":"Sphere and 2 Shapes","floor":42.0,"turns":2.0},{"damage":9.0,"enemies":"Nemesis","floor":44.0,"turns":5.0},{"damage":0.0,"enemies":"Jaw Worm Horde","floor":46.0,"turns":3.0},{"damage":6.0,"enemies":"Maw","floor":47.0,"turns":5.0},{"damage":6.0,"enemies":"4 Shapes","floor":48.0,"turns":1.0},{"damage":88,"enemies":"Replay:Hell Engine","floor":50,"turns":11}],"seed_played":"-1246234676405806484","potions_obtained":[{"floor":1.0,"key":"LiquidMemories"},{"floor":5.0,"key":"Fire Potion"},{"floor":12.0,"key":"Languid Potion"},{"floor":18.0,"key":"PowerPotion"},{"floor":19.0,"key":"FearPotion"},{"floor":23.0,"key":"FearPotion"},{"floor":27.0,"key":"Swift Potion"},{"floor":32.0,"key":"Strength Potion"},{"floor":33.0,"key":"Adrenaline Potion"},{"floor":41.0,"key":"Ancient Potion"},{"floor":47.0,"key":"Death Potion"}],"is_trial":false,"path_per_floor":["M","?","T","?","M","R","$","M","T","?","R","E","M","$","R_BF","B",null,"M","M","?","M","T","E","M","R","T","E","?","?","$","M","R_BF","B",null,"M","$","?","$","M","E","R","M","T","E","?","M","M","M","R_BF","B",null],"character_chosen":"IRONCLAD","items_purchased":["Rage+1","Replay:Bottled Flurry","FairyPotion","Iron Wave","Vajra","DollysMirror"],"campfire_rested":1,"item_purchase_floors":[7,7,14,14,36,38],"current_hp_per_floor":[74,74,74,74,80,80,80,80,80,69,69,75,80,80,80,31,68,83,86,86,86,86,47,59,84,84,81,81,86,86,89,89,35,76,78,78,83,83,92,86,86,98,98,101,101,104,104,104,104,40],"gold":314,"neow_bonus":"THREE_CARDS","is_daily":false,"chose_seed":false,"campfire_upgraded":3,"win_rate":0.0,"timestamp":1612127695,"path_taken":["M","?","?","?","?","R","$","M","T","?","R","E","M","$","R_BF","BOSS","M","M","?","M","?","E","?","R","T","E","?","?","$","M","R_BF","BOSS","M","$","?","$","?","E","R","M","T","E","?","M","?","M","R_BF","BOSS"],"items_purchased_type":["Card","Relic","Potion","Card","Relic","Relic"],"build_version":"2020-12-22","purchased_purges":1,"victory":true,"max_hp_per_floor":[80,80,80,80,80,80,80,80,80,80,80,80,80,80,80,80,80,83,86,86,86,86,86,86,86,86,86,86,86,86,89,89,89,89,92,92,92,92,92,95,95,98,98,101,101,104,104,104,104,104],"card_choices":[{"not_picked":["Anger","Metallicize"],"picked":"Iron Wave","floor":0.0},{"not_picked":["Bloodletting","Replay:Undeath\u0027s Touch"],"picked":"Uppercut","floor":1.0},{"not_picked":["Replay:Undeath\u0027s Touch","Dark Embrace"],"picked":"Iron Wave","floor":2.0},{"not_picked":["ReplayTheSpireMod:Strike From Hell","Replay:Undeath\u0027s Touch"],"picked":"Cleave","floor":2.0},{"not_picked":["Cleave","Infernal Blade"],"picked":"Perfected Strike","floor":5.0},{"not_picked":["Whirlwind","Disarm","Second Wind"],"picked":"SKIP","floor":8.0},{"not_picked":["Searing Blow","Combust"],"picked":"Double Tap","floor":12.0},{"not_picked":["Havoc","Seeing Red","Warcry"],"picked":"SKIP","floor":13.0},{"not_picked":["Brutality","Impervious"],"picked":"Feed","floor":16.0},{"not_picked":[],"picked":"Warcry","floor":18.0},{"not_picked":[],"picked":"Body Slam","floor":19.0},{"not_picked":[],"picked":"Iron Wave","floor":21.0},{"not_picked":[],"picked":"Thunderclap","floor":23.0},{"not_picked":["ReplayTheSpireMod:Limb From Limb"],"picked":"SKIP","floor":24.0},{"not_picked":["Replay:Undeath\u0027s Touch"],"picked":"SKIP","floor":27.0},{"not_picked":["Blood for Blood+1"],"picked":"SKIP","floor":31.0},{"not_picked":[],"picked":"Flame Barrier","floor":35.0},{"not_picked":["ReplayTheSpireMod:Strike From Hell+1"],"picked":"SKIP","floor":39.0},{"not_picked":[],"picked":"Cleave+1","floor":40.0},{"not_picked":[],"picked":"Perfected Strike","floor":42.0},{"not_picked":["Feel No Pain+1"],"picked":"SKIP","floor":44.0},{"not_picked":["ReplayTheSpireMod:Strike From Hell"],"picked":"SKIP","floor":46.0},{"not_picked":["Cleave+1"],"picked":"SKIP","floor":47.0},{"not_picked":["Second Wind"],"picked":"SKIP","floor":48.0}],"player_experience":1022130,"relics_obtained":[{"floor":2.0,"key":"HornCleat"},{"floor":3.0,"key":"King of Hearts"},{"floor":9.0,"key":"Anchor"},{"floor":12.0,"key":"Grinning Jar"},{"floor":22.0,"key":"ReplayFunnel"},{"floor":23.0,"key":"Lantern"},{"floor":26.0,"key":"Chameleon Ring"},{"floor":27.0,"key":"Orichalcum"},{"floor":29.0,"key":"Champion Belt"},{"floor":29.0,"key":"Replay:Bottled Snecko"},{"floor":40.0,"key":"Bag of Preparation"},{"floor":40.0,"key":"CeramicFish"},{"floor":43.0,"key":"The Courier"},{"floor":44.0,"key":"Meat on the Bone"},{"floor":44.0,"key":"Onion Ring"}],"event_choices":[{"damage_healed":0.0,"max_hp_gain":0.0,"max_hp_loss":0.0,"gold_gain":100.0,"event_name":"Wheel of Change","player_choice":"Gold","floor":4.0,"gold_loss":0.0,"damage_taken":0.0},{"damage_healed":0.0,"max_hp_gain":0.0,"max_hp_loss":0.0,"gold_gain":75.0,"event_name":"World of Goop","player_choice":"Gather Gold","floor":10.0,"gold_loss":0.0,"damage_taken":11.0},{"damage_healed":0.0,"max_hp_gain":0.0,"max_hp_loss":0.0,"gold_gain":0.0,"event_name":"The Library","player_choice":"Read","floor":20.0,"gold_loss":0.0,"damage_taken":0.0,"cards_obtained":["Flex"]},{"damage_healed":0.0,"max_hp_gain":0.0,"max_hp_loss":0.0,"gold_gain":0.0,"event_name":"Drug Dealer","player_choice":"Inject Mutagens","floor":28.0,"gold_loss":0.0,"damage_taken":0.0,"relics_obtained":["MutagenicStrength"]},{"damage_healed":0.0,"max_hp_gain":0.0,"max_hp_loss":0.0,"gold_gain":0.0,"event_name":"Colosseum","player_choice":"Fight","floor":29.0,"gold_loss":0.0,"damage_taken":0.0},{"damage_healed":0.0,"max_hp_gain":0.0,"max_hp_loss":0.0,"gold_gain":0.0,"event_name":"Colosseum","player_choice":"Fought Nobs","floor":29.0,"gold_loss":0.0,"damage_taken":0.0},{"cards_removed":["Pot Of Greed"],"damage_healed":5.0,"max_hp_gain":0.0,"max_hp_loss":0.0,"gold_gain":0.0,"event_name":"Bonfire Elementals","player_choice":"Offered Special","floor":37.0,"gold_loss":0.0,"damage_taken":0.0},{"damage_healed":0.0,"max_hp_gain":0.0,"max_hp_loss":0.0,"gold_gain":0.0,"cards_transformed":["Defend_R"],"event_name":"Transmorgrifier","player_choice":"Transformed","floor":45.0,"gold_loss":0.0,"damage_taken":0.0,"cards_obtained":["Defy Death"]}],"is_beta":false,"boss_relics":[{"not_picked":["Ectoplasm","Sozu"],"picked":"Replay:Grab Bag"},{"not_picked":["Velvet Choker","Ooze Armor"],"picked":"Busted Crown"},{"not_picked":["Philosopher\u0027s Stone","ReplayTheSpireMod:Onyx Gauntlets"],"picked":"Fusion Hammer"},{"not_picked":["Calling Bell","Astrolabe"],"picked":"Black Blood"},{"not_picked":["Pandora\u0027s Box","Runic Pyramid"],"picked":"Black Star"}],"items_purged_floors":[38],"is_endless":false,"potions_floor_spawned":[1,5,12,18,19,23,27,33,42,47,48],"ascension_level":9}}