{"host":"syozzdlzcqop4jia","time":1612121677,"event":{"mods":["BaseMod","Colored Map","Colored Powertips","Minty Spire (QoL Compilation)","Quick Restart"],"gold_per_floor":[112,126,139,149,224,224,240,240,266,286,286,286],"floor_reached":11,"language":"ENG","playtime":686,"items_purged":[],"score":78,"play_id":"a45e0f9c-eced-419b-aaa9-6f7136ccaf2c","local_time":"20210131203437","is_ascension_mode":true,"campfire_choices":[{"data":"Anger","floor":6,"key":"SMITH"},{"floor":8,"key":"REST"}],"circlet_count":0,"master_deck":["Strike_R","Strike_R","Strike_R","Strike_R","Strike_R","Defend_R","Defend_R","Defend_R","Bash","Perfected Strike","Perfected Strike","Dropkick","Anger+1","Flex","Cleave"],"relics":["Burning Blood","Ancient Tea Set","Odd Mushroom"],"acts_visited":["Exordium"],"potions_floor_usage":[],"damage_taken":[{"damage":21,"enemies":"Small Slimes","floor":1,"turns":4},{"damage":4,"enemies":"Jaw Worm","floor":2,"turns":4},{"damage":1,"enemies":"Cultist","floor":3,"turns":3},{"damage":11,"enemies":"Blue Slaver","floor":4,"turns":3},{"damage":24,"enemies":"Large Slime","floor":7,"turns":6},{"damage":41,"enemies":"The Mushroom Lair","floor":10,"turns":5},{"damage":30,"enemies":"3 Sentries","floor":11,"turns":4}],"seed_played":"-4790156035645676188","potions_obtained":[{"floor":2,"key":"GamblersBrew"},{"floor":4,"key":"BlessingOfTheForge"},{"floor":10,"key":"SneckoOil"}],"is_trial":false,"path_per_floor":["M","M","M","M","?","R","M","R","T","?","E"],"character_chosen":"IRONCLAD","items_purchased":[],"campfire_rested":1,"item_purchase_floors":[],"current_hp_per_floor":[65,67,72,67,56,56,38,62,62,27,0,0],"gold":286,"neow_bonus":"REMOVE_CARD","is_daily":false,"chose_seed":false,"campfire_upgraded":1,"win_rate":0.0,"timestamp":1612121677,"path_taken":["M","M","M","M","?","R","M","R","T","?","E"],"items_purchased_type":[],"build_version":"2020-12-22","purchased_purges":0,"victory":false,"max_hp_per_floor":[80,80,80,80,80,80,80,80,80,80,80,80],"card_choices":[{"not_picked":["Warcry","Heavy Blade"],"picked":"Perfected Strike","floor":1},{"not_picked":["Sever Soul","Thunderclap"],"picked":"Perfected Strike","floor":2},{"not_picked":["Thunderclap","Second Wind"],"picked":"Dropkick","floor":3},{"not_picked":["Pommel Strike","Juggernaut"],"picked":"Anger","floor":4},{"not_picked":["Clash","Anger"],"picked":"Flex","floor":7},{"not_picked":["Rupture","Dark Embrace"],"picked":"Cleave","floor":10}],"player_experience":483150,"relics_obtained":[{"floor":9,"key":"Ancient Tea Set"},{"floor":10,"key":"Odd Mushroom"}],"event_choices":[{"damage_healed":0,"gold_gain":75,"player_choice":"Gather Gold","damage_taken":11,"max_hp_gain":0,"max_hp_loss":0,"event_name":"World of Goop","floor":5,"gold_loss":0},{"damage_healed":0,"gold_gain":0,"player_choice":"Fought Mushrooms","damage_taken":0,"max_hp_gain":0,"max_hp_loss":0,"event_name":"Mushrooms","floor":10,"gold_loss":0}],"is_beta":false,"boss_relics":[],"items_purged_floors":[],"is_endless":false,"potions_floor_spawned":[2,4,10],"killed_by":"3 Sentries","ascension_level":4}}