{"host":"qm4rv4rkpk76sbxu","time":1612110036,"event":{"mods":["BaseMod","Bestiary","Block Reminder","DeckTracker","Filter the Spire","Keyboard Shortcuts","Minty Spire (QoL Compilation)","MonsterHotkey","Quick Restart","Random Character Button","Relic Stats","Slay-I","StSLib","Unceasing Turn Reminder","ojb\u0027s Better Paths Mod","ojb\u0027s Info Mod"],"gold_per_floor":[112,112,112,37,37,37,50,66,66,101,101,101,101],"floor_reached":12,"language":"ENG","playtime":475,"items_purged":["Defend_G"],"score":152,"play_id":"188ca868-b665-40c9-8c05-8050f4c1172b","local_time":"20210131172036","is_ascension_mode":true,"campfire_choices":[{"data":"Crippling Poison","floor":6.0,"key":"SMITH"},{"data":"Dash","floor":11.0,"key":"SMITH"}],"circlet_count":0,"master_deck":["AscendersBane","Strike_G","Strike_G","Strike_G","Strike_G","Defend_G","Defend_G","Defend_G","Defend_G","Survivor","Neutralize","Crippling Poison+1","Setup","Regret","Dash+1","Dash","All Out Attack"],"relics":["Ring of the Snake","NeowsBlessing","Golden Idol","Ginger","Frozen Egg 2","Unceasing Top"],"acts_visited":["Exordium"],"potions_floor_usage":[],"damage_taken":[{"damage":0.0,"enemies":"Small Slimes","floor":1.0,"turns":1.0},{"damage":0.0,"enemies":"Jaw Worm","floor":7.0,"turns":1.0},{"damage":0.0,"enemies":"2 Louse","floor":8.0,"turns":1.0},{"damage":33.0,"enemies":"3 Sentries","floor":10.0,"turns":15.0},{"damage":26,"enemies":"Lagavulin","floor":12,"turns":7}],"seed_played":"-2164283380033143671","potions_obtained":[{"floor":1.0,"key":"SmokeBomb"}],"is_trial":false,"path_per_floor":["M","?","?","$","?","R","M","M","T","E","R","E"],"character_chosen":"THE_SILENT","items_purchased":[],"campfire_rested":0,"item_purchase_floors":[],"current_hp_per_floor":[59,59,59,59,59,59,59,59,59,26,26,0,0],"gold":101,"neow_bonus":"THREE_ENEMY_KILL","is_daily":false,"chose_seed":false,"campfire_upgraded":2,"win_rate":0.0,"timestamp":1612110036,"path_taken":["M","?","?","$","?","R","M","?","T","E","R","E"],"items_purchased_type":[],"build_version":"2020-12-22","purchased_purges":1,"victory":false,"max_hp_per_floor":[66,60,60,60,60,60,60,60,60,60,60,60,60],"relic_stats":{"counters":[5,25],"Golden Idol":13,"Ginger":[0],"obtain_stats":[{"NeowsBlessing":0,"Golden Idol":2,"Ginger":5,"Frozen Egg 2":9,"Unceasing Top":10,"Ring of the Snake":0},{"NeowsBlessing":0,"Golden Idol":1,"Ginger":1,"Frozen Egg 2":3,"Unceasing Top":4,"Ring of the Snake":0},{"NeowsBlessing":0,"Golden Idol":1,"Ginger":1,"Frozen Egg 2":3,"Unceasing Top":18,"Ring of the Snake":0}],"Unceasing Top":[2],"Ring of the Snake":[10]},"card_choices":[{"not_picked":["Reflex","Prepared"],"picked":"Crippling Poison","floor":1.0},{"not_picked":["Caltrops","Quick Slash"],"picked":"Dash","floor":7.0},{"not_picked":["Sucker Punch","Dodge and Roll"],"picked":"Dash","floor":8.0},{"not_picked":["Eviscerate","Acrobatics"],"picked":"All Out Attack","floor":10.0}],"player_experience":1454899,"relics_obtained":[{"floor":9.0,"key":"Frozen Egg 2"},{"floor":10.0,"key":"Unceasing Top"}],"event_choices":[{"damage_healed":0.0,"max_hp_gain":0.0,"max_hp_loss":6.0,"gold_gain":0.0,"event_name":"Golden Idol","player_choice":"Lose Max HP","floor":2.0,"gold_loss":0.0,"damage_taken":0.0,"relics_obtained":["Golden Idol"]},{"damage_healed":0.0,"max_hp_gain":0.0,"max_hp_loss":0.0,"gold_gain":0.0,"cards_transformed":["Strike_G"],"event_name":"Living Wall","player_choice":"Change","floor":3.0,"gold_loss":0.0,"damage_taken":0.0,"cards_obtained":["Setup"]},{"damage_healed":0.0,"max_hp_gain":0.0,"max_hp_loss":0.0,"gold_gain":0.0,"event_name":"Big Fish","player_choice":"Box","floor":5.0,"gold_loss":0.0,"damage_taken":0.0,"relics_obtained":["Ginger"],"cards_obtained":["Regret"]}],"is_beta":false,"boss_relics":[],"items_purged_floors":[4],"is_endless":false,"potions_floor_spawned":[1],"killed_by":"Lagavulin","ascension_level":20}}