{"host":"dh4nu8nelr2izibb","time":1612053673,"event":{"mods":["100% Spire Juice","BaseMod","Card Forge","Displayed Cursed Tome","HololiveMod","Marisa????????","Minty Spire (QoL Compilation)","Poor People Problems","Puzzle Mod","Quick Restart","Relic Filter","StSLib","The Marked","The Servant 0.9.4","WarShipGirlsR/????R mod","Yakumo Yukari mod"],"gold_per_floor":[77,77,89,106,119,119,135,155,155,155,171,209,245,269,269,399,399,414,438,438,438,471,471,471,504,531,379,390,406,118,138,138,249,249,262,262,262],"floor_reached":36,"language":"ENG","playtime":1244,"items_purged":[],"score":513,"play_id":"4726c021-d809-45ec-9460-86dc98f01ae1","local_time":"20210130194113","is_ascension_mode":false,"campfire_choices":[{"data":"Hololive_CallHoshimachiSuisei","floor":6,"key":"SMITH"},{"data":"Hololive_CallTsunomakiWatame","floor":15,"key":"SMITH"},{"data":"Hololive_CallHoshimachiSuisei","floor":23,"key":"SMITH"},{"data":"Hololive_Rebirth","floor":32,"key":"SMITH"}],"circlet_count":0,"master_deck":["Hololive_Strike","Hololive_Strike","Hololive_Defend","Hololive_Defend","Hololive_RevenueBasedLive","Hololive_CallHoshimachiSuisei+1","Hololive_CallTokinoSora","Hololive_CallHoshimachiSuisei+1","Hololive_CallFriendA","Hololive_CallNekomataOkayu","Hololive_CallMoonaHoshinova","Hololive_Rebound","Hololive_CallYukihanaLamy","Hololive_Psychosis","Hololive_CallTsunomakiWatame+1","Hololive_StrengthChampion","Hololive_FlyingPonyTail","Hololive_CocoNews","Hololive_Rebirth+1","Hololive_CallHoshimachiSuisei+1","Hololive_Rebound","Hololive_StarCraft","Hololive_ILoveYou","Hololive_CallYuzukiChoco+1","Hololive_Thief"],"relics":["Hololive_TheStar","Hammer of Thor","Seething Fire","Anvil of the Gods","Bloody Idol","Odd Mushroom","Pear","Coffee Dripper","MutagenicStrength","Red Mask","Frozen Egg 2","Omamori","Oddly Smooth Stone","Lizard Tail","Black Star"],"acts_visited":["Exordium","TheCity","TheBeyond"],"potions_floor_usage":[7,33],"damage_taken":[{"damage":0,"enemies":"2 Louse","floor":1,"turns":3},{"damage":0,"enemies":"Small Slimes","floor":3,"turns":3},{"damage":0,"enemies":"Jaw Worm","floor":4,"turns":3},{"damage":0,"enemies":"Exordium Wildlife","floor":5,"turns":2},{"damage":2,"enemies":"Large Slime","floor":7,"turns":4},{"damage":0,"enemies":"Blue Slaver","floor":8,"turns":3},{"damage":8,"enemies":"Lots of Slimes","floor":11,"turns":3},{"damage":0,"enemies":"The Mushroom Lair","floor":12,"turns":4},{"damage":0,"enemies":"Lagavulin","floor":13,"turns":5},{"damage":0,"enemies":"Looter","floor":14,"turns":3},{"damage":0,"enemies":"Hexaghost","floor":16,"turns":6},{"damage":0,"enemies":"3 Byrds","floor":18,"turns":3},{"damage":0,"enemies":"Chosen","floor":19,"turns":3},{"damage":3,"enemies":"Masked Bandits","floor":22,"turns":4},{"damage":15,"enemies":"Gremlin Leader","floor":25,"turns":5},{"damage":0,"enemies":"Snecko","floor":28,"turns":3},{"damage":0,"enemies":"Chosen and Byrds","floor":29,"turns":4},{"damage":0,"enemies":"Snake Plant","floor":31,"turns":2},{"damage":0,"enemies":"Collector","floor":33,"turns":6},{"damage":0,"enemies":"Orb Walker","floor":35,"turns":3},{"damage":0,"enemies":"3 Darklings","floor":36,"turns":2}],"seed_played":"5424636720052256946","potions_obtained":[{"floor":3,"key":"ColorlessPotion"},{"floor":5,"key":"BlessingOfTheForge"},{"floor":11,"key":"PowerPotion"},{"floor":12,"key":"SpeedPotion"},{"floor":22,"key":"Dexterity Potion"},{"floor":29,"key":"Fire Potion"}],"is_trial":false,"path_per_floor":["M","?","M","M","M","R","M","M","T","?","M","?","E","M","R","B",null,"M","M","?","?","?","R","$","E","T","$","M","M","$","M","R","B",null,"M","M"],"character_chosen":"Hololive_HololiveCharacter","items_purchased":["Oddly Smooth Stone","Lizard Tail"],"campfire_rested":0,"item_purchase_floors":[27,30],"current_hp_per_floor":[35,35,35,35,35,35,33,33,33,25,17,17,27,27,27,27,45,45,45,45,45,45,45,45,35,40,40,45,45,45,45,45,45,45,45,45,45],"gold":262,"neow_bonus":"UPGRADE_CARD","is_daily":false,"chose_seed":false,"campfire_upgraded":4,"win_rate":0.0,"timestamp":1612053673,"path_taken":["M","?","M","M","M","R","M","M","T","?","M","?","E","M","R","BOSS","M","M","?","?","?","R","$","E","T","?","?","M","$","M","R","BOSS","M","M"],"items_purchased_type":["Relic","Relic"],"build_version":"2020-12-22","purchased_purges":0,"victory":false,"max_hp_per_floor":[35,35,35,35,35,35,35,35,35,35,35,35,45,45,45,45,45,45,45,45,45,45,45,45,45,45,45,45,45,45,45,45,45,45,45,45,45],"card_choices":[{"not_picked":["Hololive_OvertimeWork","Hololive_Drill","Hololive_SoulCatcher"],"picked":"Hololive_CallMoonaHoshinova","floor":1},{"not_picked":["Hololive_CallAkaiHaato","Hololive_HuntDinosaur","Hololive_CallAiraniIofifteen"],"picked":"Hololive_Rebound","floor":3},{"not_picked":["Hololive_CallAiraniIofifteen","Hololive_CallTsunomakiWatame","Hololive_CallSakuraMiko"],"picked":"Hololive_CallYukihanaLamy","floor":4},{"not_picked":["Hololive_CallKiryuuCoco","Hololive_LuckPotion","Hololive_CallMurasakiShion"],"picked":"Hololive_Psychosis","floor":5},{"not_picked":["Hololive_LuckPotion","Hololive_CallNekomataOkayu","Hololive_StrengthChampion"],"picked":"Hololive_CallTsunomakiWatame","floor":7},{"not_picked":["Hololive_Sequa","Hololive_CallYogiri","Hololive_BeCareful"],"picked":"Hololive_StrengthChampion","floor":8},{"not_picked":["Hololive_Rebound","Hololive_Breathe","Hololive_SoulCatcher"],"picked":"Hololive_FlyingPonyTail","floor":11},{"not_picked":["Hololive_DiamondStrike","Hololive_StrengthChampion","Hololive_Drill"],"picked":"Hololive_CocoNews","floor":13},{"not_picked":["Hololive_HuntDinosaur","Hololive_ManjiGathering","Hololive_Psychosis","Hololive_RevenueBasedLive"],"picked":"SKIP","floor":14},{"not_picked":["Hololive_StarCraft","Hololive_FlareMind","Hololive_ASMR"],"picked":"Hololive_Rebirth","floor":16},{"not_picked":["Hololive_HuntDinosaur","Hololive_CallShiranuiFlare+1","Hololive_Breathe"],"picked":"Hololive_CallHoshimachiSuisei","floor":18},{"not_picked":["Hololive_CallNatsuiroMatsuri+1","Hololive_CallManoAloe","Hololive_LuckPotion"],"picked":"Hololive_Rebound","floor":19},{"not_picked":["Hololive_OvertimeWork","Hololive_Sequa+1","Hololive_Drill"],"picked":"Hololive_StarCraft","floor":25},{"not_picked":["Hololive_CallNatsuiroMatsuri+1","Hololive_ILoveYou","Hololive_RevenueBasedLive","Hololive_FlyingPonyTail"],"picked":"SKIP","floor":28},{"not_picked":["Hololive_CallNatsuiroMatsuri+1","Hololive_RevenueBasedLive","Hololive_FlyingPonyTail"],"picked":"Hololive_ILoveYou","floor":28},{"not_picked":["Hololive_Trident","Hololive_CallHoushouMarine+1","Hololive_LuckPotion"],"picked":"Hololive_CallYuzukiChoco+1","floor":29},{"not_picked":["Hololive_ASMR","Hololive_RevenueBasedLive+1","Hololive_Breathe","Hololive_Drill"],"picked":"SKIP","floor":31},{"not_picked":["Hololive_FlareMind","Hololive_StarCraft","Hololive_DurableLive"],"picked":"Hololive_Thief","floor":33},{"not_picked":["Hololive_CallShiranuiFlare+1","Hololive_Psychosis","Hololive_Sequa+1","Hololive_OvertimeWork"],"picked":"SKIP","floor":35}],"player_experience":1143094,"relics_obtained":[{"floor":12,"key":"Odd Mushroom"},{"floor":13,"key":"Pear"},{"floor":22,"key":"Red Mask"},{"floor":25,"key":"Frozen Egg 2"},{"floor":26,"key":"Omamori"}],"event_choices":[{"damage_healed":0,"gold_gain":0,"player_choice":"Ignored","damage_taken":0,"max_hp_gain":0,"max_hp_loss":0,"event_name":"Golden Wing","floor":2,"gold_loss":0},{"damage_healed":0,"gold_gain":0,"player_choice":"Take Damage","damage_taken":8,"relics_obtained":["Golden Idol"],"max_hp_gain":0,"max_hp_loss":0,"event_name":"Golden Idol","floor":10,"gold_loss":0},{"damage_healed":0,"gold_gain":0,"player_choice":"Fought Mushrooms","damage_taken":0,"max_hp_gain":0,"max_hp_loss":0,"event_name":"Mushrooms","floor":12,"gold_loss":0},{"damage_healed":0,"gold_gain":0,"player_choice":"Gave Idol","damage_taken":0,"relics_obtained":["Bloody Idol"],"max_hp_gain":0,"max_hp_loss":0,"event_name":"Forgotten Altar","floor":20,"relics_lost":["Golden Idol"],"gold_loss":0},{"damage_healed":0,"gold_gain":0,"player_choice":"Inject Mutagens","damage_taken":0,"relics_obtained":["MutagenicStrength"],"max_hp_gain":0,"max_hp_loss":0,"event_name":"Drug Dealer","floor":21,"gold_loss":0},{"damage_healed":0,"gold_gain":0,"player_choice":"Fought Bandits","damage_taken":0,"max_hp_gain":0,"max_hp_loss":0,"event_name":"Masked Bandits","floor":22,"gold_loss":0}],"is_beta":false,"boss_relics":[{"not_picked":["Hololive_TopUpMoneyS","SacredBark"],"picked":"Coffee Dripper"},{"not_picked":["SlaversCollar","Runic Pyramid"],"picked":"Black Star"}],"items_purged_floors":[],"is_endless":false,"potions_floor_spawned":[3,5,11,12,22,28,29,31],"killed_by":"3 Darklings","ascension_level":0}}