{"host":"Oniwa","time":1612079803,"event":{"mods":["BaseMod","Colored Map","Colored Powertips","Minty Spire (QoL Compilation)","Relic Stats","Slay the Relics Exporter","SpireBot","StSLib","ojb\u0027s Better Paths Mod","ojb\u0027s Info Mod"],"gold_per_floor":[362,362,161,181,197,197,229,229,279,279,299,334,350,350,350,423,423,435,453,29,29,29,29,54,54,54,80,80,100,114,133,133,212,212,230,243,243,261,67,67,79,111,136,147,147,161,161,181,181,181,181,181,181,34,69,69,69],"floor_reached":56,"language":"JPN","playtime":5534,"items_purged":["Strike_P","Strike_P+1"],"score":2158,"play_id":"103da322-f508-427d-9f5c-ba035bd7e55b","local_time":"20210131165643","is_ascension_mode":true,"campfire_choices":[{"data":"Eruption","floor":6,"key":"SMITH"},{"data":"TalkToTheHand","floor":8,"key":"SMITH"},{"floor":10,"key":"REST"},{"data":"TalkToTheHand","floor":15,"key":"SMITH"},{"data":"RitualDagger","floor":23,"key":"SMITH"},{"data":"Blasphemy","floor":25,"key":"SMITH"},{"floor":32,"key":"REST"},{"floor":40,"key":"RECALL"},{"floor":45,"key":"REST"},{"data":"Strike_P+1","floor":49,"key":"PURGE"},{"data":"Strike_P+1","floor":53,"key":"PURGE"}],"circlet_count":0,"master_deck":["AscendersBane","Defend_P+1","Defend_P+1","Defend_P+1","Eruption+1","Vigilance+1","TalkToTheHand+1","Meditate+1","FollowUp+1","Adaptation+1","EmptyBody+1","LessonLearned","BowlingBash+1","WaveOfTheHand+1","TalkToTheHand+1","Scrawl+1","Wireheading+1","WheelKick+1","Collect+1","RitualDagger+1","Blasphemy+1","EmptyFist+1","Vengeance+1","Meditate+1","Scrawl+1","FlurryOfBlows+1","InnerPeace+1","MentalFortress+1","Dark Shackles+1","Panache+1","InnerPeace+1","Protect+1"],"relics":["PureWater","Omamori","Orichalcum","Torii","Calling Bell","Anchor","TeardropLocket","Unceasing Top","Membership Card","Happy Flower","Peace Pipe","Toxic Egg 2","War Paint","Runic Dome","Shuriken","Bag of Preparation","GoldenEye"],"acts_visited":["Exordium","TheCity","TheBeyond","TheEnding"],"potions_floor_usage":[7,16,18,24,24,33,41,51,55,56],"damage_taken":[{"damage":4,"enemies":"Jaw Worm","floor":1,"turns":6},{"damage":7,"enemies":"2 Louse","floor":4,"turns":3},{"damage":2,"enemies":"Small Slimes","floor":5,"turns":4},{"damage":15,"enemies":"3 Sentries","floor":7,"turns":10},{"damage":7,"enemies":"Blue Slaver","floor":11,"turns":6},{"damage":0,"enemies":"Lagavulin","floor":12,"turns":6},{"damage":0,"enemies":"3 Louse","floor":13,"turns":3},{"damage":23,"enemies":"Hexaghost","floor":16,"turns":12},{"damage":10,"enemies":"Spheric Guardian","floor":18,"turns":7},{"damage":2,"enemies":"Shell Parasite","floor":19,"turns":12},{"damage":9,"enemies":"Book of Stabbing","floor":24,"turns":4},{"damage":9,"enemies":"Gremlin Leader","floor":27,"turns":4},{"damage":6,"enemies":"3 Cultists","floor":29,"turns":3},{"damage":0,"enemies":"Cultist and Chosen","floor":30,"turns":4},{"damage":0,"enemies":"Snake Plant","floor":31,"turns":1},{"damage":0,"enemies":"Champ","floor":33,"turns":7},{"damage":1,"enemies":"3 Shapes","floor":35,"turns":6},{"damage":0,"enemies":"Orb Walker","floor":36,"turns":1},{"damage":1,"enemies":"Sphere and 2 Shapes","floor":38,"turns":3},{"damage":1,"enemies":"Jaw Worm Horde","floor":41,"turns":4},{"damage":0,"enemies":"Nemesis","floor":42,"turns":3},{"damage":35,"enemies":"3 Darklings","floor":44,"turns":4},{"damage":0,"enemies":"Transient","floor":46,"turns":6},{"damage":1,"enemies":"Maw","floor":48,"turns":3},{"damage":23,"enemies":"Donu and Deca","floor":50,"turns":6},{"damage":0,"enemies":"Time Eater","floor":51,"turns":7},{"damage":32,"enemies":"Shield and Spear","floor":55,"turns":6},{"damage":39,"enemies":"The Heart","floor":56,"turns":2}],"seed_played":"1211230351027832753","potions_obtained":[{"floor":1,"key":"GamblersBrew"},{"floor":4,"key":"SneckoOil"},{"floor":16,"key":"FearPotion"},{"floor":18,"key":"BlessingOfTheForge"},{"floor":24,"key":"PowerPotion"},{"floor":30,"key":"FearPotion"},{"floor":33,"key":"Energy Potion"},{"floor":38,"key":"Block Potion"},{"floor":42,"key":"BottledMiracle"}],"is_trial":false,"path_per_floor":["M","?","$","M","M","R","E","R","T","R","M","E","M","?","R","B",null,"M","M","$","?","?","R","E","R","T","E","?","M","M","M","R","B",null,"M","M","?","M","$","R","M","E","T","M","R","M","?","M","R","B","B",null,"R","$","E","B"],"character_chosen":"WATCHER","items_purchased":["Meditate","FollowUp","Adaptation","Membership Card","Happy Flower","WheelKick","Collect","LiquidMemories","Energy Potion","Dark Shackles+1","Panache","Bag of Preparation","SteroidPotion","InnerPeace+1"],"campfire_rested":3,"item_purchase_floors":[3,3,3,20,20,20,20,20,20,39,39,54,54,54],"current_hp_per_floor":[57,50,50,43,41,41,26,26,26,44,37,37,37,42,42,19,55,45,43,43,37,37,37,28,28,28,19,19,13,13,13,33,33,59,58,58,58,57,57,57,56,56,56,21,41,41,54,53,53,30,30,58,58,58,26,0,0],"gold":69,"neow_bonus":"TWO_FIFTY_GOLD","is_daily":false,"chose_seed":false,"campfire_upgraded":5,"win_rate":0.0,"timestamp":1612079803,"path_taken":["M","?","$","M","M","R","E","R","T","R","M","E","M","?","R","BOSS","M","M","$","?","?","R","E","R","T","E","?","M","?","M","R","BOSS","M","M","?","M","$","R","M","E","T","M","R","M","?","M","R","BOSS","BOSS","R","$","E","BOSS"],"items_purchased_type":["Card","Card","Card","Relic","Relic","Card","Card","Potion","Potion","Card","Card","Relic","Potion","Card"],"build_version":"2020-12-18","purchased_purges":2,"victory":false,"max_hp_per_floor":[62,62,62,62,62,62,62,62,62,62,62,62,62,67,67,67,67,67,67,67,67,67,67,67,67,67,67,67,67,67,67,67,67,67,67,67,67,67,67,67,67,67,67,67,67,67,67,67,67,67,67,67,67,67,67,67,67],"relic_stats":{"Peace Pipe":5,"Torii":24,"Happy Flower":[24],"counters":[28,143],"Shuriken":[28],"Bag of Preparation":[4],"Orichalcum":[66],"War Paint":["Scrawl","WaveOfTheHand"],"GoldenEye":[2],"obtain_stats":[{"Torii":12,"Happy Flower":20,"Omamori":7,"Bag of Preparation":54,"TeardropLocket":17,"Orichalcum":9,"War Paint":27,"GoldenEye":55,"Calling Bell":17,"Peace Pipe":24,"Runic Dome":34,"Anchor":17,"Shuriken":42,"Membership Card":20,"PureWater":0,"Toxic Egg 2":26,"Unceasing Top":17},{"Torii":6,"Happy Flower":10,"Omamori":4,"Bag of Preparation":26,"TeardropLocket":8,"Orichalcum":4,"War Paint":12,"GoldenEye":27,"Calling Bell":8,"Peace Pipe":11,"Runic Dome":16,"Anchor":8,"Shuriken":21,"Membership Card":10,"PureWater":0,"Toxic Egg 2":11,"Unceasing Top":8},{"Torii":35,"Happy Flower":69,"Omamori":23,"Bag of Preparation":135,"TeardropLocket":50,"Orichalcum":23,"War Paint":77,"GoldenEye":141,"Calling Bell":50,"Peace Pipe":73,"Runic Dome":92,"Anchor":50,"Shuriken":109,"Membership Card":69,"PureWater":0,"Toxic Egg 2":73,"Unceasing Top":50}],"Unceasing Top":[2]},"card_choices":[{"not_picked":["EmptyFist","EmptyBody"],"picked":"TalkToTheHand","floor":1},{"not_picked":["ThirdEye","Evaluate"],"picked":"EmptyBody","floor":4},{"not_picked":["PathToVictory","EmptyFist"],"picked":"LessonLearned","floor":5},{"not_picked":["ClearTheMind","Evaluate","Nirvana"],"picked":"SKIP","floor":7},{"not_picked":["ClearTheMind","Evaluate","Nirvana"],"picked":"SKIP","floor":7},{"not_picked":["ClearTheMind","Evaluate","Nirvana"],"picked":"SKIP","floor":7},{"not_picked":["ClearTheMind","Evaluate","Nirvana"],"picked":"SKIP","floor":7},{"not_picked":["Halt","ClearTheMind"],"picked":"BowlingBash","floor":11},{"not_picked":["Pray","PathToVictory"],"picked":"WaveOfTheHand","floor":12},{"not_picked":["CrushJoints","Vengeance"],"picked":"TalkToTheHand","floor":13},{"not_picked":["Judgement","Wish"],"picked":"Scrawl","floor":16},{"not_picked":["Consecrate","ForeignInfluence"],"picked":"Wireheading","floor":18},{"not_picked":["Halt","Prostrate","Worship"],"picked":"SKIP","floor":19},{"not_picked":["Collect","SashWhip+1"],"picked":"Blasphemy","floor":24},{"not_picked":["Study","Worship+1"],"picked":"EmptyFist","floor":27},{"not_picked":["Consecrate+1","JustLucky"],"picked":"Vengeance+1","floor":29},{"not_picked":["EmptyBody+1","JustLucky"],"picked":"Meditate+1","floor":30},{"not_picked":["Fasting2","PathToVictory+1","Crescendo+1"],"picked":"SKIP","floor":31},{"not_picked":["Establishment","Wish+1"],"picked":"Scrawl+1","floor":33},{"not_picked":["Vengeance+1","ReachHeaven"],"picked":"FlurryOfBlows+1","floor":35},{"not_picked":["CutThroughFate","JustLucky+1"],"picked":"InnerPeace+1","floor":36},{"not_picked":["Collect+1","Conclude"],"picked":"MentalFortress","floor":38},{"not_picked":["Nirvana","FlyingSleeves","Halt+1"],"picked":"SKIP","floor":41},{"not_picked":["SashWhip","Conclude+1","Prostrate+1"],"picked":"SKIP","floor":42},{"not_picked":["SashWhip","Conclude+1","Prostrate+1"],"picked":"SKIP","floor":42},{"not_picked":["Pray+1","Wireheading","ThirdEye+1"],"picked":"SKIP","floor":44},{"not_picked":["Pray+1","Wireheading","ThirdEye+1"],"picked":"SKIP","floor":44},{"not_picked":["ForeignInfluence+1","ClearTheMind+1","CrushJoints"],"picked":"SKIP","floor":46},{"not_picked":["ForeignInfluence+1","ClearTheMind+1","CrushJoints"],"picked":"SKIP","floor":46},{"not_picked":["Evaluate+1","Crescendo+1","SandsOfTime+1"],"picked":"SKIP","floor":48},{"not_picked":["Evaluate+1","Crescendo+1","SandsOfTime+1"],"picked":"SKIP","floor":48},{"not_picked":["SignatureMove","Collect+1"],"picked":"Protect+1","floor":55}],"player_experience":2630792,"relics_obtained":[{"floor":7,"key":"Omamori"},{"floor":9,"key":"Orichalcum"},{"floor":12,"key":"Torii"},{"floor":17,"key":"Anchor"},{"floor":17,"key":"TeardropLocket"},{"floor":17,"key":"Unceasing Top"},{"floor":24,"key":"Peace Pipe"},{"floor":26,"key":"Toxic Egg 2"},{"floor":27,"key":"War Paint"},{"floor":42,"key":"Shuriken"},{"floor":55,"key":"GoldenEye"}],"event_choices":[{"cards_removed":["Defend_P"],"damage_healed":0,"gold_gain":0,"player_choice":"Card Removal","damage_taken":7,"max_hp_gain":0,"max_hp_loss":0,"event_name":"Golden Wing","floor":2,"gold_loss":0},{"damage_healed":0,"gold_gain":0,"player_choice":"Donut","damage_taken":0,"max_hp_gain":5,"max_hp_loss":0,"event_name":"Big Fish","floor":14,"gold_loss":0},{"damage_healed":0,"gold_gain":0,"player_choice":"Joined the Cult","damage_taken":6,"max_hp_gain":0,"max_hp_loss":0,"event_name":"Nest","floor":21,"gold_loss":0,"cards_obtained":["RitualDagger"]},{"damage_healed":0,"gold_gain":0,"player_choice":"Simplicity","damage_taken":0,"max_hp_gain":0,"max_hp_loss":0,"event_name":"Back to Basics","floor":22,"gold_loss":0,"cards_upgraded":["Strike_P","Strike_P","Defend_P","Defend_P"]},{"damage_healed":0,"gold_gain":0,"player_choice":"Ignored","damage_taken":0,"max_hp_gain":0,"max_hp_loss":0,"event_name":"N\u0027loth","floor":28,"gold_loss":0},{"damage_healed":0,"gold_gain":0,"player_choice":"Ignored","damage_taken":0,"max_hp_gain":0,"max_hp_loss":0,"event_name":"Tomb of Lord Red Mask","floor":37,"gold_loss":0},{"damage_healed":13,"gold_gain":0,"player_choice":"Writhe","damage_taken":0,"max_hp_gain":0,"max_hp_loss":0,"event_name":"Winding Halls","floor":47,"gold_loss":0,"cards_obtained":["Writhe"]}],"is_beta":true,"boss_relics":[{"not_picked":["Tiny House","Sozu"],"picked":"Calling Bell"},{"not_picked":["Pandora\u0027s Box","Empty Cage"],"picked":"Runic Dome"}],"items_purged_floors":[20,39],"is_endless":false,"potions_floor_spawned":[1,4,16,18,24,30,33,36,38,42,44,48],"killed_by":"The Heart","ascension_level":20}}