{"host":"1qqxmg542u37e44m","time":1612127042,"event":{"mods":["BaseMod","Colored Map","Minty Spire (QoL Compilation)","Quick Restart","Relic Sorter","StSLib","SuperFastMode"],"gold_per_floor":[113,113,3,18,36,64,64,89,116,133,167,231,231,248,248,348,348,366,377,73,85,104,132,57,92,170,188,188,287,297,327,327,424,424,436,9,9,23,37,37,87,87,87,107,127,146,12,12,12,12,12,12,12,12,12],"floor_reached":54,"language":"ENG","playtime":2878,"items_purged":["Strike_G","Strike_G"],"score":849,"play_id":"c275b4be-9780-4581-aea0-caf6d688f199","local_time":"20210131220402","is_ascension_mode":true,"campfire_choices":[{"data":"Footwork","floor":13.0,"key":"SMITH"},{"data":"Neutralize","floor":15.0,"key":"SMITH"},{"data":"Footwork","floor":32,"key":"SMITH"},{"floor":40,"key":"RECALL"},{"data":"Footwork","floor":49,"key":"SMITH"},{"data":"After Image","floor":52,"key":"SMITH"}],"circlet_count":0,"master_deck":["Strike_G","Strike_G","Defend_G","Defend_G","Defend_G","Defend_G","Defend_G","Survivor","Neutralize+1","Dagger Spray","Footwork+1","Bouncing Flask","Poisoned Stab","Blur","After Image+1","Adrenaline","Backflip","Footwork+1","Prepared","PiercingWail","Blur","Adrenaline","Bouncing Flask","Catalyst","Footwork+1","Flash of Steel","Tactician","Escape Plan"],"relics":["Ring of the Snake","NeowsBlessing","Art of War","Centennial Puzzle","Ninja Scroll","Lantern","Strawberry","Ornamental Fan","WristBlade","Anchor","Blue Candle","Thread and Needle","Kunai","MutagenicStrength","Shuriken","Busted Crown","Paper Crane","Lizard Tail"],"acts_visited":["Exordium","TheCity","TheBeyond","TheEnding"],"potions_floor_usage":[33,33,35,39,41,42,46],"damage_taken":[{"damage":0.0,"enemies":"Small Slimes","floor":1.0,"turns":1.0},{"damage":0.0,"enemies":"Cultist","floor":4.0,"turns":1.0},{"damage":0.0,"enemies":"Jaw Worm","floor":5.0,"turns":1.0},{"damage":17.0,"enemies":"3 Sentries","floor":6.0,"turns":9.0},{"damage":5.0,"enemies":"Lagavulin","floor":8.0,"turns":6.0},{"damage":0.0,"enemies":"2 Fungi Beasts","floor":10.0,"turns":3.0},{"damage":2.0,"enemies":"3 Sentries","floor":11.0,"turns":6.0},{"damage":14.0,"enemies":"Lagavulin Event","floor":12.0,"turns":5.0},{"damage":1.0,"enemies":"3 Louse","floor":14.0,"turns":3.0},{"damage":6.0,"enemies":"Hexaghost","floor":16.0,"turns":8.0},{"damage":20.0,"enemies":"2 Thieves","floor":18.0,"turns":4.0},{"damage":9.0,"enemies":"3 Byrds","floor":19.0,"turns":5.0},{"damage":10.0,"enemies":"Snake Plant","floor":21.0,"turns":4.0},{"damage":6.0,"enemies":"Cultist and Chosen","floor":22.0,"turns":9.0},{"damage":0.0,"enemies":"Book of Stabbing","floor":23.0,"turns":8.0},{"damage":3,"enemies":"Slavers","floor":25,"turns":8},{"damage":0,"enemies":"Chosen and Byrds","floor":27,"turns":9},{"damage":0,"enemies":"Centurion and Healer","floor":30,"turns":8},{"damage":1,"enemies":"Book of Stabbing","floor":31,"turns":6},{"damage":1,"enemies":"Champ","floor":33,"turns":17},{"damage":0,"enemies":"3 Darklings","floor":35,"turns":14},{"damage":4,"enemies":"3 Shapes","floor":38,"turns":5},{"damage":6,"enemies":"Transient","floor":39,"turns":5},{"damage":0,"enemies":"Mind Bloom Boss Battle","floor":41,"turns":9},{"damage":0,"enemies":"Reptomancer","floor":42,"turns":2},{"damage":0,"enemies":"Spire Growth","floor":44,"turns":5},{"damage":0,"enemies":"4 Shapes","floor":45,"turns":6},{"damage":0,"enemies":"Transient","floor":46,"turns":5},{"damage":5,"enemies":"Awakened One","floor":50,"turns":25},{"damage":115,"enemies":"Shield and Spear","floor":54,"turns":12}],"seed_played":"-1566291582260925061","potions_obtained":[{"floor":1.0,"key":"Poison Potion"},{"floor":5.0,"key":"Block Potion"},{"floor":10.0,"key":"Strength Potion"},{"floor":12.0,"key":"Dexterity Potion"},{"floor":14.0,"key":"Swift Potion"},{"floor":22.0,"key":"Fire Potion"},{"floor":25,"key":"SmokeBomb"},{"floor":27,"key":"BlessingOfTheForge"},{"floor":30,"key":"PowerPotion"},{"floor":33,"key":"CunningPotion"},{"floor":35,"key":"GamblersBrew"},{"floor":39,"key":"DistilledChaos"}],"is_trial":false,"path_per_floor":["M","?","$","M","M","E","?","E","T","M","E","?","R","M","R","B",null,"M","M","$","M","M","E","?","E","T","M","?","?","M","E","R","B",null,"M","$","?","M","M","R","?","E","T","M","M","M","$","?","R","B",null,"R","$","E"],"character_chosen":"THE_SILENT","items_purchased":["Footwork","Bouncing Flask","Prepared","Anchor","PiercingWail","Paper Crane","Flash of Steel","CunningPotion","Escape Plan"],"campfire_rested":0,"item_purchase_floors":[3,3,20,20,20,36,36,36,47],"current_hp_per_floor":[70,70,70,70,70,53,70,65,65,65,70,56,56,55,55,49,77,57,48,48,38,32,32,32,29,29,29,29,29,29,28,28,27,77,77,77,77,73,67,67,67,67,67,67,67,67,67,67,67,62,73,73,73,0,0],"gold":12,"neow_bonus":"THREE_ENEMY_KILL","is_daily":false,"chose_seed":false,"campfire_upgraded":5,"win_rate":0.0,"timestamp":1612127042,"path_taken":["M","?","$","M","?","E","?","E","T","M","E","?","R","M","R","BOSS","M","M","$","M","M","E","?","E","T","M","?","?","M","E","R","BOSS","M","$","?","M","M","R","?","E","T","M","M","M","$","?","R","BOSS","R","$","E"],"items_purchased_type":["Card","Card","Card","Relic","Card","Relic","Card","Potion","Card"],"build_version":"2020-12-22","purchased_purges":2,"victory":false,"max_hp_per_floor":[70,70,70,70,70,70,70,70,70,70,77,77,77,77,77,77,77,77,77,77,77,77,77,77,77,77,77,77,77,77,77,77,77,77,77,77,77,77,77,77,77,77,77,77,77,77,77,73,73,73,73,73,73,73,73],"card_choices":[{"not_picked":["Masterful Stab","Deflect"],"picked":"Dagger Spray","floor":1.0},{"not_picked":["Deadly Poison","Sucker Punch","Envenom"],"picked":"SKIP","floor":4.0},{"not_picked":["Underhanded Strike","Acrobatics"],"picked":"Poisoned Stab","floor":5.0},{"not_picked":["Finisher","PiercingWail","Bane"],"picked":"SKIP","floor":6.0},{"not_picked":["Sucker Punch","Backflip"],"picked":"Blur","floor":8.0},{"not_picked":["Masterful Stab","Deadly Poison","Phantasmal Killer"],"picked":"SKIP","floor":10.0},{"not_picked":["Venomology","Masterful Stab"],"picked":"After Image","floor":11.0},{"not_picked":["Deadly Poison","Dagger Spray","Backstab"],"picked":"SKIP","floor":14.0},{"not_picked":["A Thousand Cuts","Unload"],"picked":"Adrenaline","floor":16.0},{"not_picked":["Accuracy","Dodge and Roll+1"],"picked":"Backflip","floor":18.0},{"not_picked":["Underhanded Strike","Outmaneuver"],"picked":"Footwork","floor":19.0},{"not_picked":["Underhanded Strike","Cloak And Dagger"],"picked":"Blur","floor":21.0},{"not_picked":["Poisoned Stab","Setup","Flying Knee"],"picked":"SKIP","floor":22.0},{"not_picked":["Dodge and Roll","Predator","Outmaneuver"],"picked":"SKIP","floor":23.0},{"not_picked":["Distraction+1","Prepared"],"picked":"Adrenaline","floor":25},{"not_picked":["Slice+1","Distraction"],"picked":"Bouncing Flask","floor":27},{"not_picked":["Heel Hook","Backstab"],"picked":"Catalyst","floor":30},{"not_picked":["Escape Plan+1","Burst"],"picked":"Footwork","floor":31},{"not_picked":["Distraction+1"],"picked":"SKIP","floor":35},{"not_picked":["Poisoned Stab+1"],"picked":"SKIP","floor":38},{"not_picked":[],"picked":"Tactician","floor":39},{"not_picked":["Masterful Stab"],"picked":"SKIP","floor":44},{"not_picked":["Finisher"],"picked":"SKIP","floor":45},{"not_picked":["PiercingWail+1"],"picked":"SKIP","floor":46}],"player_experience":208164,"relics_obtained":[{"floor":6.0,"key":"Centennial Puzzle"},{"floor":8.0,"key":"Ninja Scroll"},{"floor":9.0,"key":"Lantern"},{"floor":11.0,"key":"Strawberry"},{"floor":12.0,"key":"Ornamental Fan"},{"floor":23.0,"key":"Blue Candle"},{"floor":25,"key":"Thread and Needle"},{"floor":26,"key":"Kunai"},{"floor":31,"key":"Shuriken"},{"floor":41,"key":"Lizard Tail"}],"event_choices":[{"damage_healed":0.0,"max_hp_gain":0.0,"max_hp_loss":0.0,"gold_gain":0.0,"event_name":"WeMeetAgain","player_choice":"Gave Potion","floor":2.0,"gold_loss":0.0,"damage_taken":0.0,"relics_obtained":["Art of War"]},{"damage_healed":23.0,"max_hp_gain":0.0,"max_hp_loss":0.0,"gold_gain":0.0,"event_name":"Big Fish","player_choice":"Banana","floor":7.0,"gold_loss":0.0,"damage_taken":0.0},{"damage_healed":0.0,"max_hp_gain":0.0,"max_hp_loss":0.0,"gold_gain":30.0,"event_name":"Dead Adventurer","player_choice":"Searched \u00272\u0027 times","floor":12.0,"gold_loss":0.0,"damage_taken":0.0},{"cards_removed":["Strike_G"],"damage_healed":0.0,"max_hp_gain":0.0,"max_hp_loss":0.0,"gold_gain":0.0,"event_name":"Beggar","player_choice":"Gave Gold","floor":24.0,"gold_loss":75.0,"damage_taken":0.0},{"damage_healed":0,"gold_gain":0,"player_choice":"Inject Mutagens","damage_taken":0,"relics_obtained":["MutagenicStrength"],"max_hp_gain":0,"max_hp_loss":0,"event_name":"Drug Dealer","floor":28,"gold_loss":0},{"damage_healed":0,"gold_gain":99,"player_choice":"Stole From Cult","damage_taken":0,"max_hp_gain":0,"max_hp_loss":0,"event_name":"Nest","floor":29,"gold_loss":0},{"damage_healed":0,"gold_gain":0,"player_choice":"Memory 1","damage_taken":0,"max_hp_gain":0,"max_hp_loss":0,"event_name":"SensoryStone","floor":37,"gold_loss":0},{"damage_healed":0,"gold_gain":0,"player_choice":"Fight","damage_taken":0,"max_hp_gain":0,"max_hp_loss":0,"event_name":"MindBloom","floor":41,"gold_loss":0},{"damage_healed":0,"gold_gain":0,"player_choice":"Max HP","damage_taken":0,"max_hp_gain":0,"max_hp_loss":4,"event_name":"Winding Halls","floor":48,"gold_loss":0}],"is_beta":false,"boss_relics":[{"not_picked":["Runic Pyramid","Astrolabe"],"picked":"WristBlade"},{"not_picked":["Snecko Eye","Sozu"],"picked":"Busted Crown"}],"items_purged_floors":[20,47],"is_endless":false,"potions_floor_spawned":[1,5,10,12,14,22,25,27,30,33,35,38,39],"killed_by":"Shield and Spear","ascension_level":2}}