{"host":"sc0o2qwpf9j16a4i","time":1612103262,"event":{"mods":["AchievementEnabler","BaseMod","BetterRewards","Block Reminder","Colored Map","Colored Powertips","Custom Start","Highlight Path","Minty Spire (QoL Compilation)","Relic Stats"],"gold_per_floor":[112,112,132,102,116,143,158,176,176,204,237,255,255,268,268,373,373,393,393,318,332,28,58,83,83,83,101,200,200,228,32,32,131,131,143,243,48,68,8,39,58,87,87,104,104,133,29,40,40,40],"floor_reached":51,"language":"ENG","playtime":1498,"items_purged":["Finisher"],"score":1190,"play_id":"d6dbe58b-5888-41d8-91dd-4cf70601bfcf","local_time":"20210131162742","daily_mods":["SealedDeck","Time Dilation","DeadlyEvents"],"is_ascension_mode":false,"campfire_choices":[{"data":"Concentrate","floor":15,"key":"SMITH"},{"data":"Prepared","floor":25,"key":"SMITH"},{"data":"Acrobatics","floor":29,"key":"SMITH"},{"data":"Acrobatics","floor":32,"key":"SMITH"},{"data":"Calculated Gamble","floor":45,"key":"SMITH"},{"data":"Tactician","floor":49,"key":"SMITH"}],"circlet_count":0,"master_deck":["Concentrate+1","Underhanded Strike","Underhanded Strike","Dagger Throw","Tactician","Dagger Throw","Escape Plan+1","Acrobatics+1","Prepared+1","Calculated Gamble+1","Masterful Stab","Tactician+1","Acrobatics+1","Reflex+1","After Image","Calculated Gamble+1"],"relics":["Ring of the Snake","Ice Cream","Darkstone Periapt","Ornamental Fan","HornCleat","Runic Pyramid","DollysMirror","Blood Vial","Mercury Hourglass","Pear","The Courier","War Paint","Shuriken","SacredBark","Matryoshka","Kunai","Snake Skull","Akabeko","Ancient Tea Set"],"acts_visited":["Exordium","TheCity","TheBeyond"],"potions_floor_usage":[10,11,16,23,23,50,50],"damage_taken":[{"damage":0,"enemies":"Cultist","floor":1,"turns":1},{"damage":0,"enemies":"Jaw Worm","floor":3,"turns":1},{"damage":0,"enemies":"2 Louse","floor":5,"turns":1},{"damage":0,"enemies":"Lagavulin","floor":6,"turns":2},{"damage":0,"enemies":"2 Fungi Beasts","floor":7,"turns":1},{"damage":0,"enemies":"Exordium Thugs","floor":8,"turns":1},{"damage":6,"enemies":"3 Sentries","floor":10,"turns":2},{"damage":0,"enemies":"Gremlin Nob","floor":11,"turns":2},{"damage":0,"enemies":"Blue Slaver","floor":12,"turns":1},{"damage":0,"enemies":"Exordium Wildlife","floor":14,"turns":1},{"damage":0,"enemies":"Slime Boss","floor":16,"turns":2},{"damage":3,"enemies":"Shell Parasite","floor":18,"turns":2},{"damage":0,"enemies":"Chosen","floor":21,"turns":1},{"damage":8,"enemies":"Book of Stabbing","floor":23,"turns":3},{"damage":11,"enemies":"Slavers","floor":24,"turns":2},{"damage":0,"enemies":"Centurion and Healer","floor":27,"turns":1},{"damage":0,"enemies":"Book of Stabbing","floor":30,"turns":1},{"damage":0,"enemies":"Champ","floor":33,"turns":1},{"damage":0,"enemies":"3 Shapes","floor":35,"turns":1},{"damage":0,"enemies":"Orb Walker","floor":38,"turns":1},{"damage":0,"enemies":"Nemesis","floor":40,"turns":1},{"damage":0,"enemies":"3 Darklings","floor":41,"turns":1},{"damage":0,"enemies":"Reptomancer","floor":42,"turns":1},{"damage":0,"enemies":"Maw","floor":44,"turns":1},{"damage":0,"enemies":"Nemesis","floor":46,"turns":1},{"damage":0,"enemies":"Transient","floor":48,"turns":5},{"damage":0,"enemies":"Donu and Deca","floor":50,"turns":1}],"seed_played":"-4071876521890182381","potions_obtained":[{"floor":1,"key":"ColorlessPotion"},{"floor":4,"key":"CultistPotion"},{"floor":4,"key":"Strength Potion"},{"floor":10,"key":"ColorlessPotion"},{"floor":11,"key":"AttackPotion"},{"floor":12,"key":"PowerPotion"},{"floor":21,"key":"EssenceOfSteel"},{"floor":27,"key":"Fire Potion"},{"floor":30,"key":"LiquidBronze"}],"is_trial":true,"path_per_floor":["M","?","M","?","M","E","M","M","T","E","E","M","?","M","R","B",null,"M","?","?","M","$","E","E","R","T","M","?","R","E","$","R","B",null,"M","?","$","M","$","E","M","E","T","M","R","E","$","M","R","B",null],"character_chosen":"THE_SILENT","items_purchased":["DollysMirror","Blood Vial","Shuriken","Matryoshka","LiquidMemories","Strength Potion"],"campfire_rested":0,"item_purchase_floors":[22,22,31,37,47,47],"current_hp_per_floor":[70,63,63,63,63,63,63,63,63,57,57,57,57,57,57,57,70,67,67,67,67,67,61,62,62,62,64,64,64,66,66,66,68,80,80,80,80,80,80,80,80,80,80,80,80,80,80,80,80,80],"gold":40,"neow_bonus":"","is_daily":false,"chose_seed":false,"campfire_upgraded":6,"win_rate":0.0,"timestamp":1612103262,"path_taken":["M","?","M","?","M","E","M","M","T","?","E","M","?","M","R","BOSS","M","?","?","M","$","E","?","R","T","M","?","R","E","$","R","BOSS","M","?","$","M","$","E","?","E","T","M","R","?","?","?","R","BOSS"],"items_purchased_type":["Relic","Relic","Relic","Relic","Potion","Potion"],"build_version":"2020-12-22","purchased_purges":1,"victory":true,"max_hp_per_floor":[70,70,70,70,70,70,70,70,70,70,70,70,70,70,70,70,70,70,70,70,70,70,70,80,80,80,80,80,80,80,80,80,80,80,80,80,80,80,80,80,80,80,80,80,80,80,80,80,80,80],"relic_stats":{"Darkstone Periapt":0,"Blood Vial":10,"counters":[27,39],"Ornamental Fan":[212],"Shuriken":[34],"Snake Skull":[0],"Kunai":[25],"War Paint":["Calculated Gamble","Escape Plan"],"obtain_stats":[{"Ice Cream":6,"Darkstone Periapt":9,"Pear":24,"SacredBark":34,"The Courier":26,"Snake Skull":42,"War Paint":30,"Ancient Tea Set":46,"Akabeko":43,"Mercury Hourglass":23,"Blood Vial":22,"HornCleat":11,"Matryoshka":37,"Ornamental Fan":10,"DollysMirror":22,"Shuriken":31,"Kunai":40,"Ring of the Snake":0,"Runic Pyramid":17},{"Ice Cream":4,"Darkstone Periapt":6,"Pear":15,"SacredBark":18,"The Courier":15,"Snake Skull":23,"War Paint":17,"Ancient Tea Set":25,"Akabeko":23,"Mercury Hourglass":14,"Blood Vial":13,"HornCleat":8,"Matryoshka":19,"Ornamental Fan":7,"DollysMirror":13,"Shuriken":17,"Kunai":21,"Ring of the Snake":0,"Runic Pyramid":11},{"Ice Cream":5,"Darkstone Periapt":7,"Pear":23,"SacredBark":26,"The Courier":23,"Snake Skull":31,"War Paint":25,"Ancient Tea Set":33,"Akabeko":31,"Mercury Hourglass":21,"Blood Vial":18,"HornCleat":11,"Matryoshka":27,"Ornamental Fan":9,"DollysMirror":18,"Shuriken":25,"Kunai":29,"Ring of the Snake":0,"Runic Pyramid":15}],"Ring of the Snake":[54],"Mercury Hourglass":[87]},"card_choices":[{"not_picked":["Backflip","Quick Slash","Flechettes"],"picked":"SKIP","floor":1},{"not_picked":["Flechettes","All Out Attack"],"picked":"Prepared","floor":3},{"not_picked":["Choke","Deadly Poison"],"picked":"Prepared","floor":5},{"not_picked":["Dagger Spray","Corpse Explosion","Flying Knee"],"picked":"SKIP","floor":6},{"not_picked":["Poisoned Stab","Dash"],"picked":"Calculated Gamble","floor":7},{"not_picked":["Underhanded Strike","Dagger Spray","Blur"],"picked":"SKIP","floor":8},{"not_picked":["Underhanded Strike","Bane","Doppelganger"],"picked":"SKIP","floor":10},{"not_picked":["Backflip","Dash","Expertise"],"picked":"SKIP","floor":11},{"not_picked":["Underhanded Strike","Outmaneuver","Endless Agony"],"picked":"SKIP","floor":12},{"not_picked":["Bane","Dagger Spray","Quick Slash"],"picked":"SKIP","floor":14},{"not_picked":["Sucker Punch","Bane","Heel Hook"],"picked":"SKIP","floor":18},{"not_picked":["Underhanded Strike+1","Well Laid Plans","Backflip"],"picked":"SKIP","floor":21},{"not_picked":["Prepared","Skewer"],"picked":"Acrobatics","floor":23},{"not_picked":["Flying Knee+1","Deadly Poison","Tools of the Trade"],"picked":"SKIP","floor":24},{"not_picked":["Underhanded Strike","Flying Knee"],"picked":"Reflex+1","floor":27},{"not_picked":["Deflect","Dagger Spray+1","Acrobatics"],"picked":"SKIP","floor":30},{"not_picked":["Venomology","Bullet Time"],"picked":"After Image","floor":33},{"not_picked":["Dagger Throw+1","Underhanded Strike","Infinite Blades+1"],"picked":"SKIP","floor":35},{"not_picked":["Terror","Quick Slash","Cloak And Dagger"],"picked":"SKIP","floor":38},{"not_picked":["Doppelganger","Dagger Throw","Blade Dance"],"picked":"SKIP","floor":40},{"not_picked":["Slice","Crippling Poison+1"],"picked":"Calculated Gamble","floor":41},{"not_picked":["Blade Dance","Expertise+1","Poisoned Stab"],"picked":"SKIP","floor":42},{"not_picked":["PiercingWail+1","Die Die Die","Backflip+1"],"picked":"SKIP","floor":44},{"not_picked":["Acrobatics+1","All Out Attack+1","Sucker Punch"],"picked":"SKIP","floor":46},{"not_picked":["Escape Plan","Poisoned Stab+1","Caltrops"],"picked":"SKIP","floor":48}],"player_experience":1120617,"relics_obtained":[{"floor":6,"key":"Ice Cream"},{"floor":9,"key":"Darkstone Periapt"},{"floor":10,"key":"Ornamental Fan"},{"floor":11,"key":"HornCleat"},{"floor":23,"key":"Mercury Hourglass"},{"floor":24,"key":"Pear"},{"floor":26,"key":"The Courier"},{"floor":30,"key":"War Paint"},{"floor":40,"key":"Kunai"},{"floor":42,"key":"Snake Skull"},{"floor":43,"key":"Akabeko"},{"floor":46,"key":"Ancient Tea Set"}],"event_choices":[{"cards_removed":["Infinite Blades"],"damage_healed":0,"gold_gain":0,"player_choice":"Card Removal","damage_taken":7,"max_hp_gain":0,"max_hp_loss":0,"event_name":"Golden Wing","floor":2,"gold_loss":0},{"damage_healed":0,"gold_gain":0,"player_choice":"Bought 2 Potions","damage_taken":0,"max_hp_gain":0,"max_hp_loss":0,"event_name":"The Woman in Blue","floor":4,"gold_loss":0},{"damage_healed":0,"gold_gain":0,"player_choice":"Leave","damage_taken":0,"max_hp_gain":0,"max_hp_loss":0,"event_name":"The Cleric","floor":13,"gold_loss":0},{"damage_healed":0,"gold_gain":0,"player_choice":"Read","damage_taken":0,"max_hp_gain":0,"max_hp_loss":0,"event_name":"The Library","floor":19,"gold_loss":0,"cards_obtained":["Masterful Stab"]},{"cards_removed":["Prepared"],"damage_healed":0,"gold_gain":0,"player_choice":"Gave Gold","damage_taken":0,"max_hp_gain":0,"max_hp_loss":0,"event_name":"Beggar","floor":20,"gold_loss":75},{"damage_healed":0,"gold_gain":99,"player_choice":"Stole From Cult","damage_taken":0,"max_hp_gain":0,"max_hp_loss":0,"event_name":"Nest","floor":28,"gold_loss":0},{"damage_healed":0,"gold_gain":100,"player_choice":"Pray","damage_taken":0,"max_hp_gain":0,"max_hp_loss":0,"event_name":"Golden Shrine","floor":36,"gold_loss":0}],"is_beta":false,"boss_relics":[{"not_picked":["Astrolabe","Cursed Key"],"picked":"Runic Pyramid"},{"not_picked":["Sozu","Coffee Dripper"],"picked":"SacredBark"}],"items_purged_floors":[39],"is_endless":false,"potions_floor_spawned":[1,10,11,12,21,27,30,38,40,44,48],"ascension_level":0}}