{"host":"jr2x0nrtqyfsvje3","time":1612097089,"event":{"mods":["AchievementEnabler","BaseMod","Colored Map","DeckTracker","Keyboard Shortcuts","Minty Spire (QoL Compilation)","Permanent Neow","Quick Restart","Random Character Button","Rare Cards Sparkle","SuperFastMode","everything is the same but u backflip on backflip"],"gold_per_floor":[116,135,152,170,186,186,206,237,262,262,278,294,309,309,309,432,432,447,547,570,583,601,601,601,601],"floor_reached":24,"language":"KOR","playtime":841,"items_purged":[],"score":316,"play_id":"63162cbb-d8cc-4895-8a65-c9dae272347c","local_time":"20210131214449","is_ascension_mode":true,"campfire_choices":[{"data":"Whirlwind","floor":6.0,"key":"SMITH"},{"floor":15.0,"key":"REST"},{"floor":23.0,"key":"REST"}],"circlet_count":0,"master_deck":["AscendersBane","Strike_R","Strike_R","Strike_R","Strike_R","Strike_R","Defend_R","Defend_R","Defend_R","Defend_R","Bash","Armaments+1","Battle Trance","Whirlwind+1","Inflame","Reaper","Shrug It Off"],"relics":["Burning Blood","NeowsBlessing","Lantern","Tiny Chest","Golden Idol","Busted Crown","Centennial Puzzle"],"acts_visited":["Exordium","TheCity"],"potions_floor_usage":[],"damage_taken":[{"damage":0.0,"enemies":"2 Louse","floor":1.0,"turns":1.0},{"damage":0.0,"enemies":"Small Slimes","floor":2.0,"turns":1.0},{"damage":0.0,"enemies":"Cultist","floor":3.0,"turns":1.0},{"damage":0.0,"enemies":"Lots of Slimes","floor":4.0,"turns":1.0},{"damage":7.0,"enemies":"2 Fungi Beasts","floor":5.0,"turns":4.0},{"damage":14.0,"enemies":"Blue Slaver","floor":7.0,"turns":4.0},{"damage":24.0,"enemies":"Gremlin Nob","floor":8.0,"turns":4.0},{"damage":13.0,"enemies":"Exordium Thugs","floor":11.0,"turns":4.0},{"damage":11.0,"enemies":"Looter","floor":12.0,"turns":2.0},{"damage":0.0,"enemies":"Gremlin Gang","floor":13.0,"turns":1.0},{"damage":47.0,"enemies":"Hexaghost","floor":16.0,"turns":9.0},{"damage":30.0,"enemies":"Shell Parasite","floor":18.0,"turns":4.0},{"damage":0.0,"enemies":"3 Byrds","floor":21.0,"turns":3.0},{"damage":59.0,"enemies":"Sentry and Sphere","floor":22.0,"turns":10.0},{"damage":76,"enemies":"Slavers","floor":24,"turns":5}],"seed_played":"8750363739692303940","potions_obtained":[{"floor":2.0,"key":"LiquidMemories"},{"floor":5.0,"key":"Fire Potion"},{"floor":8.0,"key":"GamblersBrew"},{"floor":12.0,"key":"Fire Potion"},{"floor":16.0,"key":"FairyPotion"},{"floor":21.0,"key":"PowerPotion"}],"is_trial":false,"path_per_floor":["M","M","M","M","M","R","M","E","T","?","M","M","M","?","R","B",null,"M","?","T","M","M","R","E"],"character_chosen":"IRONCLAD","items_purchased":[],"campfire_rested":2,"item_purchase_floors":[],"current_hp_per_floor":[78,80,80,80,79,79,71,53,53,53,46,41,47,47,69,28,63,39,39,39,57,28,50,0,0],"gold":601,"neow_bonus":"THREE_ENEMY_KILL","is_daily":false,"chose_seed":false,"campfire_upgraded":1,"win_rate":0.0,"timestamp":1612097089,"path_taken":["M","M","M","M","M","R","M","E","T","?","M","M","M","?","R","BOSS","M","?","?","?","M","R","E"],"items_purchased_type":[],"build_version":"2020-12-22","purchased_purges":0,"victory":false,"max_hp_per_floor":[80,80,80,80,80,80,80,80,80,80,80,80,80,74,74,74,74,74,74,74,74,74,74,74,74],"card_choices":[{"not_picked":["Warcry","Feel No Pain"],"picked":"Armaments","floor":1.0},{"not_picked":["Rage","Sword Boomerang"],"picked":"Battle Trance","floor":2.0},{"not_picked":["Havoc","Inflame"],"picked":"Whirlwind","floor":3.0},{"not_picked":["Cleave","Perfected Strike","Blood for Blood"],"picked":"SKIP","floor":4.0},{"not_picked":["Anger","Warcry","Twin Strike"],"picked":"SKIP","floor":5.0},{"not_picked":["Headbutt","Armaments","Sever Soul"],"picked":"SKIP","floor":7.0},{"not_picked":["Hemokinesis","Intimidate","Double Tap"],"picked":"SKIP","floor":8.0},{"not_picked":["Rampage","Intimidate"],"picked":"Inflame","floor":11.0},{"not_picked":["Sword Boomerang","Wild Strike","Body Slam"],"picked":"SKIP","floor":12.0},{"not_picked":["Rampage","Body Slam","Clothesline"],"picked":"SKIP","floor":13.0},{"not_picked":["Brutality","Limit Break"],"picked":"Reaper","floor":16.0},{"not_picked":["Burning Pact+1"],"picked":"SKIP","floor":18.0},{"not_picked":[],"picked":"Shrug It Off","floor":21.0},{"not_picked":["Whirlwind"],"picked":"SKIP","floor":22.0}],"player_experience":160226,"relics_obtained":[{"floor":8.0,"key":"Lantern"},{"floor":9.0,"key":"Tiny Chest"},{"floor":20.0,"key":"Centennial Puzzle"}],"event_choices":[{"damage_healed":0.0,"max_hp_gain":0.0,"max_hp_loss":0.0,"gold_gain":0.0,"event_name":"Living Wall","player_choice":"Grow","floor":10.0,"gold_loss":0.0,"damage_taken":0.0,"cards_upgraded":["Armaments"]},{"damage_healed":0.0,"max_hp_gain":0.0,"max_hp_loss":6.0,"gold_gain":0.0,"event_name":"Golden Idol","player_choice":"Lose Max HP","floor":14.0,"gold_loss":0.0,"damage_taken":0.0,"relics_obtained":["Golden Idol"]},{"damage_healed":0.0,"max_hp_gain":0.0,"max_hp_loss":0.0,"gold_gain":100.0,"event_name":"Golden Shrine","player_choice":"Pray","floor":19.0,"gold_loss":0.0,"damage_taken":0.0}],"is_beta":false,"boss_relics":[{"not_picked":["Runic Dome","Calling Bell"],"picked":"Busted Crown"}],"items_purged_floors":[],"is_endless":false,"potions_floor_spawned":[2,5,7,8,12,16,21],"killed_by":"Slavers","ascension_level":11}}