{"host":"6xsbn6ynqlzwllfm","time":1612082878,"event":{"mods":["2.2 Compatiblity","BaseMod","Bestiary","Colored Map","Colored Powertips","Curses Come First","Highlight Path","Keyboard Shortcuts","Minty Spire (QoL Compilation)","Relic Stats","Slay the Relics Exporter","StSLib","SuperFastMode"],"gold_per_floor":[117,133,133,146,161,161,161],"floor_reached":6,"language":"ENG","playtime":149,"items_purged":[],"score":76,"play_id":"73822cc8-bb97-4840-ac1c-897077417455","local_time":"20210131034758","is_ascension_mode":true,"campfire_choices":[],"circlet_count":0,"master_deck":["AscendersBane","Strike_P","Strike_P","Strike_P","Defend_P","Defend_P","Defend_P","Defend_P","Eruption","Vigilance","BowlingBash","FlurryOfBlows","FearNoEvil","WaveOfTheHand"],"relics":["SlaversCollar"],"acts_visited":["Exordium"],"potions_floor_usage":[6],"damage_taken":[{"damage":17,"enemies":"Small Slimes","floor":1,"turns":3},{"damage":1,"enemies":"Cultist","floor":2,"turns":4},{"damage":0,"enemies":"2 Louse","floor":4,"turns":2},{"damage":14,"enemies":"Large Slime","floor":5,"turns":7},{"damage":60,"enemies":"Gremlin Nob","floor":6,"turns":3}],"seed_played":"-4624072034853239085","potions_obtained":[{"floor":4,"key":"Regen Potion"}],"is_trial":false,"path_per_floor":["M","M","?","M","M","E"],"character_chosen":"WATCHER","items_purchased":[],"campfire_rested":0,"item_purchase_floors":[],"current_hp_per_floor":[44,43,36,36,22,0,0],"gold":161,"neow_bonus":"BOSS_RELIC","is_daily":false,"chose_seed":false,"campfire_upgraded":0,"win_rate":0.0,"timestamp":1612082878,"path_taken":["M","M","?","M","M","E"],"items_purchased_type":[],"build_version":"2020-12-22","purchased_purges":0,"victory":false,"max_hp_per_floor":[68,68,68,68,68,68,68],"relic_stats":{"counters":[5,19],"obtain_stats":[{"SlaversCollar":0,"PureWater":0},{"SlaversCollar":0,"PureWater":0},{"SlaversCollar":0,"PureWater":0}]},"card_choices":[{"not_picked":["PathToVictory","Nirvana"],"picked":"BowlingBash","floor":1},{"not_picked":["ClearTheMind","Judgement"],"picked":"FlurryOfBlows","floor":2},{"not_picked":["Wireheading","Consecrate"],"picked":"FearNoEvil","floor":4},{"not_picked":["Swivel","Protect"],"picked":"WaveOfTheHand","floor":5}],"player_experience":1334997,"relics_obtained":[],"event_choices":[{"cards_removed":["Strike_P"],"damage_healed":0,"gold_gain":0,"player_choice":"Card Removal","damage_taken":7,"max_hp_gain":0,"max_hp_loss":0,"event_name":"Golden Wing","floor":3,"gold_loss":0}],"is_beta":false,"boss_relics":[],"items_purged_floors":[],"is_endless":false,"potions_floor_spawned":[4],"killed_by":"Gremlin Nob","ascension_level":20}}