{"host":"4qkvkh7pd9qr2mca","time":1612107503,"event":{"mods":["AchievementEnabler","Act Like it!","BaseMod","Colored Map","Colored Powertips","Highlight Path","Minty Spire (QoL Compilation)","Pale of the Ancients","Permanent Neow","Quick Restart","Relic Stats","StSLib","SuperFastMode"],"gold_per_floor":[109,109,79,96,109,141,141,141,141],"floor_reached":8,"language":"ENG","playtime":270,"items_purged":[],"score":112,"play_id":"9016d622-8ca8-4f4c-871a-967786267dc8","local_time":"20210131163823","is_ascension_mode":true,"campfire_choices":[{"floor":7,"key":"REST"}],"circlet_count":0,"master_deck":["AscendersBane","Strike_G","Strike_G","Strike_G","Strike_G","Strike_G","Defend_G","Defend_G","Defend_G","Defend_G","Defend_G","Survivor","Neutralize+1","Dagger Throw","Blur","Dash","Blur"],"relics":["Ring of the Snake","Torii","Ancient Tea Set"],"acts_visited":["Exordium"],"potions_floor_usage":[6,8],"damage_taken":[{"damage":0,"enemies":"2 Louse","floor":1,"turns":2},{"damage":0,"enemies":"Small Slimes","floor":4,"turns":5},{"damage":0,"enemies":"Cultist","floor":5,"turns":4},{"damage":25,"enemies":"Gremlin Nob","floor":6,"turns":6},{"damage":45,"enemies":"Lagavulin","floor":8,"turns":9}],"seed_played":"-713073934131586141","potions_obtained":[{"floor":3,"key":"Fire Potion"},{"floor":3,"key":"Block Potion"},{"floor":6,"key":"Swift Potion"}],"is_trial":false,"path_per_floor":["M","?","?","M","M","E","R","E"],"character_chosen":"THE_SILENT","items_purchased":[],"campfire_rested":1,"item_purchase_floors":[],"current_hp_per_floor":[44,44,44,44,44,19,38,0,0],"gold":141,"neow_bonus":"ONE_RARE_RELIC","is_daily":false,"chose_seed":false,"campfire_upgraded":0,"win_rate":0.0,"timestamp":1612107503,"path_taken":["M","?","?","M","M","E","R","E"],"items_purchased_type":[],"build_version":"2020-12-22","purchased_purges":0,"victory":false,"max_hp_per_floor":[66,66,66,66,66,66,66,66,66],"relic_stats":{"Torii":0,"counters":[5,26],"obtain_stats":[{"Torii":0,"Ancient Tea Set":6,"Ring of the Snake":0},{"Torii":0,"Ancient Tea Set":4,"Ring of the Snake":0},{"Torii":0,"Ancient Tea Set":17,"Ring of the Snake":0}],"Ring of the Snake":[10]},"card_choices":[{"not_picked":["Quick Slash","Dodge and Roll"],"picked":"Dagger Throw","floor":1},{"not_picked":["Infinite Blades","Prepared"],"picked":"Blur","floor":4},{"not_picked":["Skewer","Blade Dance"],"picked":"Dash","floor":5},{"not_picked":["PiercingWail","Flying Knee"],"picked":"Blur","floor":6}],"player_experience":592324,"relics_obtained":[{"floor":6,"key":"Ancient Tea Set"}],"event_choices":[{"damage_healed":0,"gold_gain":0,"player_choice":"Grow","damage_taken":0,"max_hp_gain":0,"max_hp_loss":0,"event_name":"Living Wall","floor":2,"gold_loss":0,"cards_upgraded":["Neutralize"]},{"damage_healed":0,"gold_gain":0,"player_choice":"Bought 2 Potions","damage_taken":0,"max_hp_gain":0,"max_hp_loss":0,"event_name":"The Woman in Blue","floor":3,"gold_loss":0}],"is_beta":false,"boss_relics":[],"items_purged_floors":[],"is_endless":false,"potions_floor_spawned":[6],"killed_by":"Lagavulin","ascension_level":20}}