{"host":"5kirneupyg4uzd3w","time":1612109144,"event":{"mods":["BaseMod","Colored Map","Custom Start","Minty Spire (QoL Compilation)","StSLib","SuperFastMode"],"gold_per_floor":[119,119,119,129,148,175,185,185,185,204,216,235,250,282,282,361,361,373,387,228,228,68,100,118,118,118,118,118,118,138,138,138,138,138],"floor_reached":33,"language":"KOR","playtime":2556,"items_purged":["Strike_R"],"score":558,"play_id":"fbf806b6-2aa3-4e2e-a1c4-88a6965285d6","local_time":"20210201010544","is_ascension_mode":true,"campfire_choices":[{"data":"Shrug It Off","floor":8.0,"key":"SMITH"},{"data":"Inflame","floor":15.0,"key":"SMITH"},{"floor":25,"key":"REST"},{"floor":28,"key":"REST"},{"data":"Limit Break","floor":32,"key":"SMITH"}],"circlet_count":0,"master_deck":["AscendersBane","Strike_R","Strike_R","Defend_R","Defend_R","Defend_R","Bash+1","Shrug It Off+1","Inflame+1","Battle Trance","Pummel","Disarm","Rage","Pommel Strike","Brutality","Twin Strike","Heavy Blade+1","Limit Break+1","Demon Form","Ghostly","Ghostly","Ghostly"],"relics":["Burning Blood","Art of War","Shuriken","Bottled Tornado","Runic Pyramid","Toy Ornithopter","The Courier","Oddly Smooth Stone"],"acts_visited":["Exordium","TheCity"],"potions_floor_usage":[19,23,23,33],"damage_taken":[{"damage":11.0,"enemies":"Small Slimes","floor":1.0,"turns":3.0},{"damage":0.0,"enemies":"2 Louse","floor":4.0,"turns":3.0},{"damage":1.0,"enemies":"Cultist","floor":5.0,"turns":4.0},{"damage":32.0,"enemies":"Lagavulin","floor":6.0,"turns":7.0},{"damage":5.0,"enemies":"Looter","floor":7.0,"turns":5.0},{"damage":3.0,"enemies":"Exordium Wildlife","floor":10.0,"turns":5.0},{"damage":7.0,"enemies":"2 Fungi Beasts","floor":11.0,"turns":4.0},{"damage":2.0,"enemies":"Looter","floor":12.0,"turns":5.0},{"damage":5.0,"enemies":"3 Louse","floor":13.0,"turns":4.0},{"damage":8.0,"enemies":"Gremlin Nob","floor":14.0,"turns":3.0},{"damage":59.0,"enemies":"Hexaghost","floor":16.0,"turns":11.0},{"damage":22.0,"enemies":"3 Byrds","floor":18.0,"turns":6.0},{"damage":7,"enemies":"Chosen","floor":19,"turns":3},{"damage":23,"enemies":"Gremlin Leader","floor":23,"turns":7},{"damage":26,"enemies":"Snake Plant","floor":24,"turns":4},{"damage":25,"enemies":"Chosen and Byrds","floor":30,"turns":6},{"damage":19,"enemies":"Collector","floor":33,"turns":2}],"seed_played":"7765734714053477608","potions_obtained":[{"floor":6.0,"key":"DuplicationPotion"},{"floor":12.0,"key":"Regen Potion"},{"floor":13.0,"key":"BlessingOfTheForge"},{"floor":14.0,"key":"Regen Potion"},{"floor":16.0,"key":"Energy Potion"},{"floor":19,"key":"Weak Potion"},{"floor":24,"key":"ElixirPotion"},{"floor":30,"key":"Strength Potion"}],"is_trial":false,"path_per_floor":["M","?","?","M","M","E","M","R","T","M","M","M","M","E","R","B",null,"M","M","$","?","$","E","M","R","T","?","R","T","M","?","R","B"],"character_chosen":"IRONCLAD","items_purchased":["Limit Break","Toy Ornithopter"],"campfire_rested":2,"item_purchase_floors":[20,22],"current_hp_per_floor":[45,38,38,44,49,23,24,24,24,27,26,30,31,29,29,28,63,47,46,46,34,34,27,7,29,29,8,32,32,13,13,13,0,0],"gold":138,"neow_bonus":"REMOVE_TWO","is_daily":false,"chose_seed":true,"campfire_upgraded":3,"win_rate":0.0,"timestamp":1612109144,"path_taken":["M","?","?","M","M","E","M","R","T","M","M","M","M","E","R","BOSS","M","M","$","?","$","E","?","R","T","?","R","?","M","?","R","BOSS"],"items_purchased_type":["Card","Relic"],"build_version":"2020-12-22","purchased_purges":1,"victory":false,"max_hp_per_floor":[75,75,75,75,75,75,75,75,75,75,75,75,75,75,75,75,75,75,75,75,75,75,75,75,75,75,80,80,80,80,40,40,40,40],"card_choices":[{"not_picked":["Wild Strike","Armaments"],"picked":"Shrug It Off","floor":1.0},{"not_picked":["True Grit","Clothesline","Cleave"],"picked":"SKIP","floor":4.0},{"not_picked":["Feel No Pain","Clothesline"],"picked":"Inflame","floor":5.0},{"not_picked":["Headbutt","Seeing Red"],"picked":"Battle Trance","floor":6.0},{"not_picked":["Combust","Wild Strike"],"picked":"Pummel","floor":7.0},{"not_picked":["Clothesline","Fire Breathing","Warcry"],"picked":"SKIP","floor":10.0},{"not_picked":["Reckless Charge","Cleave"],"picked":"Disarm","floor":11.0},{"not_picked":["Infernal Blade","Bludgeon"],"picked":"Rage","floor":12.0},{"not_picked":["Cleave","Ghostly Armor"],"picked":"Pommel Strike","floor":13.0},{"not_picked":["Disarm","True Grit","Fiend Fire"],"picked":"SKIP","floor":14.0},{"not_picked":["Berserk","Demon Form"],"picked":"Brutality","floor":16.0},{"not_picked":["Heavy Blade","Anger"],"picked":"Twin Strike","floor":18.0},{"not_picked":["Anger","Pommel Strike"],"picked":"Heavy Blade+1","floor":19},{"not_picked":["Havoc","Pummel","Cleave"],"picked":"SKIP","floor":23},{"not_picked":["Pommel Strike","Clothesline","Warcry"],"picked":"SKIP","floor":24},{"not_picked":["Body Slam+1","Cleave"],"picked":"Demon Form","floor":30}],"player_experience":298402,"relics_obtained":[{"floor":6.0,"key":"Art of War"},{"floor":9.0,"key":"Shuriken"},{"floor":14.0,"key":"Bottled Tornado"},{"floor":23,"key":"The Courier"},{"floor":26,"key":"Oddly Smooth Stone"}],"event_choices":[{"cards_removed":["Strike_R"],"damage_healed":0.0,"max_hp_gain":0.0,"max_hp_loss":0.0,"gold_gain":0.0,"event_name":"Golden Wing","player_choice":"Card Removal","floor":2.0,"gold_loss":0.0,"damage_taken":7.0},{"damage_healed":0.0,"max_hp_gain":0.0,"max_hp_loss":0.0,"gold_gain":0.0,"event_name":"Living Wall","player_choice":"Grow","floor":3.0,"gold_loss":0.0,"damage_taken":0.0,"cards_upgraded":["Bash"]},{"damage_healed":0,"gold_gain":0,"player_choice":"POTION ","damage_taken":12,"max_hp_gain":0,"max_hp_loss":0,"event_name":"Knowing Skull","floor":21,"potions_obtained":["EssenceOfSteel"],"gold_loss":0,"cards_obtained":[]},{"damage_healed":0,"gold_gain":0,"player_choice":"Shed Blood","damage_taken":26,"max_hp_gain":5,"max_hp_loss":0,"event_name":"Forgotten Altar","floor":27,"gold_loss":0},{"damage_healed":0,"gold_gain":0,"player_choice":"Became a Ghost","damage_taken":0,"max_hp_gain":0,"max_hp_loss":40,"event_name":"Ghosts","floor":31,"gold_loss":0,"cards_obtained":["Ghostly","Ghostly","Ghostly"]}],"is_beta":false,"boss_relics":[{"not_picked":["Calling Bell","Mark of Pain"],"picked":"Runic Pyramid"}],"items_purged_floors":[20],"is_endless":false,"potions_floor_spawned":[6,12,13,14,16,19,24,30],"killed_by":"Collector","ascension_level":20}}