{"host":"4qkvkh7pd9qr2mca","time":1612115532,"event":{"mods":["AchievementEnabler","Act Like it!","BaseMod","Colored Map","Colored Powertips","Highlight Path","Minty Spire (QoL Compilation)","Pale of the Ancients","Permanent Neow","Quick Restart","Relic Stats","StSLib","SuperFastMode"],"gold_per_floor":[110,120,131,146,61,61,79,106,133,159,159,173,189,189,189,261,261,278,304,304,304,304],"floor_reached":21,"language":"ENG","playtime":1113,"items_purged":[],"score":382,"play_id":"45012f44-c74d-430b-aad8-438ea484002a","local_time":"20210131185212","is_ascension_mode":true,"campfire_choices":[{"data":"Blood for Blood","floor":6,"key":"SMITH"},{"data":"Spot Weakness","floor":15,"key":"SMITH"}],"circlet_count":0,"master_deck":["AscendersBane","Strike_R+1","Strike_R","Strike_R","Strike_R","Strike_R","Defend_R","Defend_R","Defend_R","Defend_R","Bash","Infernal Blade","Combust","Uppercut+1","Blood for Blood+1","Evolve","Fire Breathing","Metallicize","Spot Weakness+1","Wild Strike","Burning Pact","Sword Boomerang","Limit Break","J.A.X."],"relics":["Burning Blood","Magic Flower","Bottled Lightning","Tiny Chest","Whetstone","Mark of Pain","Potion Belt"],"acts_visited":["Exordium","TheCity"],"potions_floor_usage":[16],"damage_taken":[{"damage":9,"enemies":"2 Louse","floor":1,"turns":4},{"damage":6,"enemies":"Cultist","floor":2,"turns":4},{"damage":6,"enemies":"Small Slimes","floor":3,"turns":3},{"damage":15,"enemies":"2 Fungi Beasts","floor":4,"turns":3},{"damage":14,"enemies":"Looter","floor":7,"turns":3},{"damage":10,"enemies":"Gremlin Nob","floor":8,"turns":3},{"damage":32,"enemies":"Lagavulin","floor":10,"turns":5},{"damage":6,"enemies":"Lots of Slimes","floor":12,"turns":4},{"damage":8,"enemies":"3 Louse","floor":13,"turns":3},{"damage":3,"enemies":"Hexaghost","floor":16,"turns":9},{"damage":8,"enemies":"Chosen","floor":18,"turns":4},{"damage":63,"enemies":"3 Byrds","floor":21,"turns":3}],"seed_played":"-6838119724438048273","potions_obtained":[{"floor":1,"key":"ElixirPotion"},{"floor":3,"key":"ColorlessPotion"},{"floor":7,"key":"Weak Potion"},{"floor":13,"key":"Dexterity Potion"},{"floor":14,"key":"HeartOfIron"}],"is_trial":false,"path_per_floor":["M","M","M","M","$","R","M","E","T","E","?","M","M","?","R","B",null,"M","T","?","M"],"character_chosen":"IRONCLAD","items_purchased":["Evolve"],"campfire_rested":0,"item_purchase_floors":[5],"current_hp_per_floor":[68,68,68,62,62,62,57,56,56,33,33,36,37,37,37,43,62,63,63,63,0,0],"gold":304,"neow_bonus":"ONE_RARE_RELIC","is_daily":false,"chose_seed":false,"campfire_upgraded":2,"win_rate":0.0,"timestamp":1612115532,"path_taken":["M","M","M","M","$","R","M","E","T","E","?","?","M","?","R","BOSS","M","?","?","M"],"items_purchased_type":["Card"],"build_version":"2020-12-22","purchased_purges":0,"victory":false,"max_hp_per_floor":[68,68,68,68,68,68,68,68,68,68,68,68,68,68,68,68,68,68,68,68,68,68],"relic_stats":{"counters":[12,48],"Magic Flower":[27],"Tiny Chest":1,"Whetstone":["Strike_R","Uppercut"],"obtain_stats":[{"Potion Belt":19,"Magic Flower":0,"Tiny Chest":9,"Mark of Pain":17,"Bottled Lightning":8,"Whetstone":10,"Burning Blood":0},{"Potion Belt":11,"Magic Flower":0,"Tiny Chest":6,"Mark of Pain":10,"Bottled Lightning":6,"Whetstone":7,"Burning Blood":0},{"Potion Belt":45,"Magic Flower":0,"Tiny Chest":20,"Mark of Pain":41,"Bottled Lightning":20,"Whetstone":25,"Burning Blood":0}],"Burning Blood":93},"card_choices":[{"not_picked":["Rupture","Perfected Strike"],"picked":"Infernal Blade","floor":1},{"not_picked":["Armaments","Shockwave"],"picked":"Combust","floor":2},{"not_picked":["Intimidate","Dual Wield"],"picked":"Uppercut","floor":3},{"not_picked":["Headbutt","Anger"],"picked":"Blood for Blood","floor":4},{"not_picked":["Armaments","Twin Strike"],"picked":"Fire Breathing","floor":7},{"not_picked":["Twin Strike","Sentinel"],"picked":"Metallicize","floor":8},{"not_picked":["Iron Wave","Seeing Red"],"picked":"Spot Weakness","floor":10},{"not_picked":["Double Tap","Clash"],"picked":"Burning Pact","floor":12},{"not_picked":["Cleave","Heavy Blade"],"picked":"Sword Boomerang","floor":13},{"not_picked":["Demon Form","Fiend Fire"],"picked":"Limit Break","floor":16},{"not_picked":["Perfected Strike","Flex","Headbutt"],"picked":"SKIP","floor":18}],"player_experience":597517,"relics_obtained":[{"floor":8,"key":"Bottled Lightning"},{"floor":9,"key":"Tiny Chest"},{"floor":10,"key":"Whetstone"},{"floor":19,"key":"Potion Belt"}],"event_choices":[{"damage_healed":0,"gold_gain":0,"player_choice":"1 cards matched","damage_taken":0,"max_hp_gain":0,"max_hp_loss":0,"event_name":"Match and Keep!","floor":11,"gold_loss":0,"cards_obtained":["Wild Strike"]},{"damage_healed":0,"gold_gain":0,"player_choice":"Got Potions","damage_taken":0,"max_hp_gain":0,"max_hp_loss":0,"event_name":"Lab","floor":14,"gold_loss":0},{"damage_healed":0,"gold_gain":0,"player_choice":"Obtain J.A.X.","damage_taken":0,"max_hp_gain":0,"max_hp_loss":0,"event_name":"Drug Dealer","floor":20,"gold_loss":0,"cards_obtained":["J.A.X."]}],"is_beta":false,"boss_relics":[{"not_picked":["Runic Cube","Ectoplasm"],"picked":"Mark of Pain"}],"items_purged_floors":[],"is_endless":false,"potions_floor_spawned":[1,3,7,8,12,13],"killed_by":"3 Byrds","ascension_level":20}}