{"host":"a1eatafr7pisesky","time":1612095150,"event":{"mods":["AchievementEnabler","BaseMod","Colored Map","Keyboard Shortcuts","Minty Spire (QoL Compilation)","Say the Spire","StSLib","SuperFastMode","everything is the same but u backflip on backflip"],"gold_per_floor":[111,111,127,52,63,94,94,136,160,160,206,249,282,282,282,417,417,461,212,268,143,143,177,177,207,258,289,301,313,365,227,227,324,324,338,419,244,286,286,347,347,410,410,508,69,69,142,142,142,202,202,202,48,83,83],"floor_reached":56,"language":"KOR","playtime":1264,"items_purged":["Defend_P","Defend_P","Strike_P","Strike_P","CutThroughFate+1","Meditate"],"score":1967,"play_id":"ac0a7ad7-c204-4198-8118-7f6f55e9b17b","local_time":"20210131211230","is_ascension_mode":true,"campfire_choices":[{"floor":7.0,"key":"REST"},{"data":"Wish","floor":10.0,"key":"SMITH"},{"data":"EmptyFist","floor":15.0,"key":"SMITH"},{"data":"Ragnarok","floor":24.0,"key":"SMITH"},{"data":"Swivel","floor":28.0,"key":"SMITH"},{"data":"BowlingBash","floor":32.0,"key":"SMITH"},{"data":"WheelKick","floor":41.0,"key":"SMITH"},{"floor":46.0,"key":"RECALL"},{"data":"DevaForm","floor":49.0,"key":"SMITH"},{"data":"Wish","floor":52.0,"key":"SMITH"}],"circlet_count":0,"master_deck":["AscendersBane","Eruption","Vigilance","BowlingBash+1","WheelKick","Wish+1","Swivel+1","EmptyFist+1","Ragnarok+1","Worship","Vault","Worship","WheelKick+1","Scrawl","CarveReality+1","Wallop+1","Wish+1","Wish+1","MentalFortress","DevaForm+1","TalkToTheHand"],"relics":["Snecko Eye","Art of War","Happy Flower","Vajra","Coffee Dripper","Red Mask","Blood Vial","Bag of Preparation","MawBank","Astrolabe","Lizard Tail","MealTicket","Centennial Puzzle","Membership Card","Calipers","OrangePellets","Bag of Marbles","Orichalcum"],"acts_visited":["Exordium","TheCity","TheBeyond","TheEnding"],"potions_floor_usage":[55],"damage_taken":[{"damage":1.0,"enemies":"Small Slimes","floor":1.0,"turns":3.0},{"damage":0.0,"enemies":"Cultist","floor":3.0,"turns":3.0},{"damage":4.0,"enemies":"Jaw Worm","floor":5.0,"turns":3.0},{"damage":25.0,"enemies":"3 Sentries","floor":6.0,"turns":5.0},{"damage":0.0,"enemies":"2 Fungi Beasts","floor":8.0,"turns":2.0},{"damage":0.0,"enemies":"3 Louse","floor":11.0,"turns":2.0},{"damage":17.0,"enemies":"Large Slime","floor":12.0,"turns":6.0},{"damage":0.0,"enemies":"Lagavulin","floor":13.0,"turns":4.0},{"damage":43.0,"enemies":"Hexaghost","floor":16.0,"turns":8.0},{"damage":0.0,"enemies":"Shell Parasite","floor":18.0,"turns":2.0},{"damage":30.0,"enemies":"Masked Bandits","floor":20.0,"turns":3.0},{"damage":0.0,"enemies":"Gremlin Leader","floor":23.0,"turns":2.0},{"damage":1.0,"enemies":"Slavers","floor":25.0,"turns":3.0},{"damage":0.0,"enemies":"3 Byrds","floor":27.0,"turns":2.0},{"damage":0.0,"enemies":"3 Cultists","floor":30.0,"turns":3.0},{"damage":3.0,"enemies":"Champ","floor":33.0,"turns":3.0},{"damage":0.0,"enemies":"3 Darklings","floor":35.0,"turns":2.0},{"damage":0.0,"enemies":"2 Orb Walkers","floor":36.0,"turns":1.0},{"damage":0.0,"enemies":"Orb Walker","floor":38.0,"turns":1.0},{"damage":0.0,"enemies":"Giant Head","floor":40.0,"turns":3.0},{"damage":0.0,"enemies":"Nemesis","floor":42.0,"turns":3.0},{"damage":10.0,"enemies":"Writhing Mass","floor":44.0,"turns":3.0},{"damage":0.0,"enemies":"Spire Growth","floor":47.0,"turns":1.0},{"damage":8.0,"enemies":"Awakened One","floor":50.0,"turns":5.0},{"damage":2,"enemies":"Shield and Spear","floor":54,"turns":3},{"damage":5,"enemies":"The Heart","floor":55,"turns":4}],"seed_played":"-8888094169370360880","potions_obtained":[{"floor":5.0,"key":"Ancient Potion"},{"floor":11.0,"key":"ColorlessPotion"},{"floor":13.0,"key":"LiquidMemories"},{"floor":30.0,"key":"StancePotion"},{"floor":35.0,"key":"PowerPotion"},{"floor":40.0,"key":"FairyPotion"},{"floor":54,"key":"DuplicationPotion"}],"is_trial":false,"path_per_floor":["M","?","M","$","M","E","R","M","T","R","M","M","E","?","R","B",null,"M","$","?","$","?","E","R","E","T","M","R","?","M","$","R","B",null,"M","?","$","M","?","E","R","E","T","M","$","R","M","?","R","B",null,"R","$","E","B",null],"character_chosen":"WATCHER","items_purchased":["Vault","Membership Card","Calipers","MentalFortress","OrangePellets","Bag of Marbles"],"campfire_rested":1,"item_purchase_floors":[19,45,45,45,53,53],"current_hp_per_floor":[64,64,64,64,60,35,56,56,56,56,56,39,39,44,44,1,58,58,58,28,28,28,28,28,29,29,31,31,17,19,19,19,18,66,68,70,70,72,72,74,74,76,76,68,82,82,82,82,82,74,80,80,82,80,77],"gold":83,"neow_bonus":"BOSS_RELIC","is_daily":false,"chose_seed":false,"campfire_upgraded":8,"win_rate":0.0,"timestamp":1612095150,"path_taken":["M","?","?","$","M","E","R","M","T","R","?","M","E","?","R","BOSS","M","$","?","$","?","E","R","E","T","M","R","?","?","$","R","BOSS","M","?","$","M","?","E","R","E","T","?","$","R","M","?","R","BOSS","R","$","E","BOSS"],"items_purchased_type":["Card","Relic","Relic","Card","Relic","Relic"],"build_version":"2020-12-22","purchased_purges":6,"victory":true,"max_hp_per_floor":[72,72,72,72,72,72,72,72,72,72,72,72,72,77,77,77,77,77,77,77,77,77,77,77,77,77,77,77,82,82,82,82,82,82,82,82,82,82,82,82,82,82,82,82,82,82,82,82,82,82,82,82,82,82,82],"card_choices":[{"not_picked":["EmptyBody","Halt"],"picked":"BowlingBash","floor":1.0},{"not_picked":["DeceiveReality","FollowUp"],"picked":"WheelKick","floor":3.0},{"not_picked":["FlurryOfBlows","CutThroughFate","CrushJoints"],"picked":"SKIP","floor":5.0},{"not_picked":["FearNoEvil","Crescendo"],"picked":"Wish","floor":6.0},{"not_picked":["JustLucky","ThirdEye","BowlingBash"],"picked":"SKIP","floor":8.0},{"not_picked":["BattleHymn","EmptyFist"],"picked":"Swivel","floor":11.0},{"not_picked":["Conclude","EmptyBody"],"picked":"EmptyFist","floor":12.0},{"not_picked":["EmptyBody","CutThroughFate","Halt"],"picked":"SKIP","floor":13.0},{"not_picked":["SpiritShield","DeusExMachina"],"picked":"Ragnarok","floor":16.0},{"not_picked":["PathToVictory","FollowUp"],"picked":"Worship","floor":18.0},{"not_picked":["ClearTheMind+1","Tantrum"],"picked":"Worship","floor":20.0},{"not_picked":["FollowUp","ThirdEye"],"picked":"WheelKick","floor":23.0},{"not_picked":["Perseverance","Weave+1","JustLucky"],"picked":"SKIP","floor":25.0},{"not_picked":["Halt","EmptyBody","Worship"],"picked":"SKIP","floor":27.0},{"not_picked":["FearNoEvil","FlyingSleeves+1"],"picked":"Meditate","floor":30.0},{"not_picked":["Brilliance","LessonLearned"],"picked":"Scrawl","floor":33.0},{"not_picked":["Protect","EmptyBody","CrushJoints"],"picked":"SKIP","floor":35.0},{"not_picked":["EmptyMind","Conclude","WaveOfTheHand"],"picked":"SKIP","floor":38.0},{"not_picked":["Protect","ClearTheMind","Wireheading"],"picked":"SKIP","floor":40.0},{"not_picked":["EmptyFist","Protect"],"picked":"Wish","floor":42.0},{"not_picked":["Perseverance+1","SandsOfTime","LikeWater"],"picked":"SKIP","floor":44.0},{"not_picked":["FollowUp","FlurryOfBlows","CrushJoints"],"picked":"SKIP","floor":47.0},{"not_picked":["FlurryOfBlows","ThirdEye"],"picked":"TalkToTheHand","floor":54}],"player_experience":387973,"relics_obtained":[{"floor":6.0,"key":"Art of War"},{"floor":9.0,"key":"Happy Flower"},{"floor":13.0,"key":"Vajra"},{"floor":20.0,"key":"Red Mask"},{"floor":23.0,"key":"Blood Vial"},{"floor":25.0,"key":"Bag of Preparation"},{"floor":26.0,"key":"MawBank"},{"floor":36.0,"key":"Lizard Tail"},{"floor":40.0,"key":"MealTicket"},{"floor":42.0,"key":"Centennial Puzzle"},{"floor":54,"key":"Orichalcum"}],"event_choices":[{"cards_removed":["Defend_P"],"damage_healed":0.0,"max_hp_gain":0.0,"max_hp_loss":0.0,"gold_gain":0.0,"event_name":"Bonfire Elementals","player_choice":"Offered Basic","floor":2.0,"gold_loss":0.0,"damage_taken":0.0},{"damage_healed":0.0,"max_hp_gain":5.0,"max_hp_loss":0.0,"gold_gain":0.0,"event_name":"Big Fish","player_choice":"Donut","floor":14.0,"gold_loss":0.0,"damage_taken":0.0},{"damage_healed":0.0,"max_hp_gain":0.0,"max_hp_loss":0.0,"gold_gain":0.0,"event_name":"Masked Bandits","player_choice":"Fought Bandits","floor":20.0,"gold_loss":0.0,"damage_taken":0.0},{"damage_healed":0.0,"max_hp_gain":0.0,"max_hp_loss":0.0,"gold_gain":0.0,"event_name":"Ghosts","player_choice":"Ignored","floor":22.0,"gold_loss":0.0,"damage_taken":0.0},{"damage_healed":0.0,"max_hp_gain":5.0,"max_hp_loss":0.0,"gold_gain":0.0,"event_name":"Forgotten Altar","player_choice":"Shed Blood","floor":29.0,"gold_loss":0.0,"damage_taken":19.0},{"damage_healed":0.0,"max_hp_gain":0.0,"max_hp_loss":0.0,"gold_gain":0.0,"event_name":"Mysterious Sphere","player_choice":"Fight","floor":36.0,"gold_loss":0.0,"damage_taken":0.0},{"damage_healed":0.0,"max_hp_gain":0.0,"max_hp_loss":0.0,"gold_gain":0.0,"event_name":"Duplicator","player_choice":"Copied","floor":39.0,"gold_loss":0.0,"damage_taken":0.0,"cards_obtained":["Wish"]},{"damage_healed":0.0,"max_hp_gain":0.0,"max_hp_loss":0.0,"gold_gain":0.0,"event_name":"Match and Keep!","player_choice":"1 cards matched","floor":48.0,"gold_loss":0.0,"damage_taken":0.0,"cards_obtained":["DevaForm"]}],"is_beta":false,"boss_relics":[{"not_picked":["Velvet Choker","Calling Bell"],"picked":"Coffee Dripper"},{"not_picked":["VioletLotus","Cursed Key"],"picked":"Astrolabe"}],"items_purged_floors":[4,19,21,31,37,45],"is_endless":false,"potions_floor_spawned":[5,11,13,16,20,27,30,35,36,40,47,54],"ascension_level":12}}