{"host":"49pjgf1q9ev52n8z","time":1612071785,"event":{"mods":["BaseMod","Bestiary","Colored Map","Minty Spire (QoL Compilation)","Relic Stats","StSLib"],"gold_per_floor":[109,109,127,144,164,164,198,212,263,263,263,263],"floor_reached":11,"language":"ENG","playtime":638,"items_purged":[],"score":146,"play_id":"3cc6c77f-9ac7-4513-a705-6b9cfb2dd70e","local_time":"20210130214305","is_ascension_mode":true,"campfire_choices":[{"data":"Neutralize","floor":6,"key":"SMITH"}],"circlet_count":0,"master_deck":["AscendersBane","Strike_G","Strike_G","Strike_G","Strike_G","Strike_G","Defend_G","Defend_G","Defend_G","Defend_G","Defend_G","Survivor","Neutralize+1","Poisoned Stab","Quick Slash","Cloak And Dagger","Slice"],"relics":["Ring of the Snake","Bird Faced Urn","Singing Bowl","Anchor","White Beast Statue"],"acts_visited":["Exordium"],"potions_floor_usage":[7,11],"damage_taken":[{"damage":6,"enemies":"Small Slimes","floor":1,"turns":5},{"damage":4,"enemies":"Jaw Worm","floor":3,"turns":4},{"damage":1,"enemies":"Cultist","floor":4,"turns":3},{"damage":0,"enemies":"3 Louse","floor":5,"turns":5},{"damage":26,"enemies":"Gremlin Nob","floor":7,"turns":4},{"damage":9,"enemies":"Blue Slaver","floor":8,"turns":4},{"damage":20,"enemies":"Lagavulin","floor":11,"turns":5}],"seed_played":"827194362495671320","potions_obtained":[{"floor":1,"key":"Swift Potion"},{"floor":5,"key":"PowerPotion"}],"is_trial":false,"path_per_floor":["M","?","M","M","M","R","E","M","T","T","E"],"character_chosen":"THE_SILENT","items_purchased":[],"campfire_rested":0,"item_purchase_floors":[],"current_hp_per_floor":[53,53,49,48,48,48,26,19,19,19,0,0],"gold":263,"neow_bonus":"ONE_RARE_RELIC","is_daily":false,"chose_seed":false,"campfire_upgraded":1,"win_rate":0.0,"timestamp":1612071785,"path_taken":["M","?","M","M","M","R","E","M","T","?","E"],"items_purchased_type":[],"build_version":"2020-12-22","purchased_purges":0,"victory":false,"max_hp_per_floor":[60,60,60,60,60,60,62,64,64,64,64,64],"relic_stats":{"Singing Bowl":4,"counters":[7,30],"Bird Faced Urn":[2],"obtain_stats":[{"Anchor":9,"Singing Bowl":7,"Bird Faced Urn":0,"White Beast Statue":10,"Ring of the Snake":0},{"Anchor":6,"Singing Bowl":5,"Bird Faced Urn":0,"White Beast Statue":6,"Ring of the Snake":0},{"Anchor":25,"Singing Bowl":21,"Bird Faced Urn":0,"White Beast Statue":25,"Ring of the Snake":0}],"Ring of the Snake":[14]},"card_choices":[{"not_picked":["Setup","Dodge and Roll"],"picked":"Poisoned Stab","floor":1},{"not_picked":["Finisher","Concentrate"],"picked":"Quick Slash","floor":3},{"not_picked":["Deflect","Outmaneuver"],"picked":"Cloak And Dagger","floor":4},{"not_picked":["Blade Dance","Eviscerate"],"picked":"Slice","floor":5},{"not_picked":["Catalyst","Quick Slash","Storm of Steel"],"picked":"Singing Bowl","floor":7},{"not_picked":["Terror","Dodge and Roll","Dagger Throw"],"picked":"Singing Bowl","floor":8}],"player_experience":662632,"relics_obtained":[{"floor":7,"key":"Singing Bowl"},{"floor":9,"key":"Anchor"},{"floor":10,"key":"White Beast Statue"}],"event_choices":[{"damage_healed":0,"gold_gain":0,"player_choice":"Ignored","damage_taken":0,"max_hp_gain":0,"max_hp_loss":0,"event_name":"Liars Game","floor":2,"gold_loss":0}],"is_beta":false,"boss_relics":[],"items_purged_floors":[],"is_endless":false,"potions_floor_spawned":[1,5],"killed_by":"Lagavulin","ascension_level":19}}