{"host":"vr9me2kif8p2xyyc","time":1612129021,"event":{"mods":["2.2 Compatiblity","A Magickal Journey","AchievementEnabler","Act Like it!","Arknights","Aspiration","Astrologer","Bard","Bartender","BaseMod","Beaked The Cultist","Better Match","Better Note","Better Skull","Better Third Choice","BetterRewards","Block Reminder","Booster Modes","CapriCore","Challenge The Spire","ChefMod","Clawfect","Colored Map","Colored Powertips","Conjunction","Conspire","Downfall","Elementarium","Energized Spire","Friendly Minions","GifTheSpireLib","Glutton Mod","Halation","Hallownest","Hermit","Hubris","Jorbs\u0027s Wanderer Trilogy","Kratos Character Expansion","Mad Scientist","Marisa????????","Minty Spire (QoL Compilation)","Pale of the Ancients","Permanent Neow","Potionbrewer","QueenMod","Quick Restart","Random Character Button","Rare Cards Sparkle","Relic Stats","Reliquary","Remilia??????","Replay The Spire","Reworked Bosses","Robot Space Explorer","SCP261 Mod","SIMod","Shade Mod","Shop Mod","Slumbering Mod","Spicy Shops","Spikes Relics","Spire Arcade","StSLib","Stuff the Spire","SuperFastMode","Td1madao Mod","The Alterego","The Animator","The Blackbeard","The Bladedancer","The Blue Laboratory","The Bug Knight","The Caster","The Clintock","The Construct","The Cursed","The Death Knight","The Disciple","The Dragon Tamer","The Druid","The Elementalist","The Exalted","The Extravagant","The Fake Hero","The Florist","The Forsaken","The Gatherer","The Hayseed","The Hierophant","The Immortal","The Judge","The Jungle","The Kombatant","The Marked","The Mystic","The Necromancer","The Poker Player","The Problem Sleuth","The Runesmith","The Sage","The Servant 0.9.4","The Spell Scribe","The Valiant","TheBandit","TheFirefly","TheVacant","TheWitcher","Treasure Hunter","Wandering Minibosses","Weighted Paths","Yohane!","thorton"],"gold_per_floor":[113,129,0,15,27,27,39,70,71,91,92,93,110,125,127,224,228,250,255,271,276,291,296,328,334,390,352,289,311,352,370,377,384,384],"floor_reached":33,"language":"ENG","playtime":2469,"items_purged":["Languid"],"score":416,"play_id":"afa9b085-e19c-4638-911c-8f6e60b4ce4c","local_time":"20210131153701","is_ascension_mode":false,"campfire_choices":[{"data":"Vampiric_Strike","floor":6,"key":"SMITH"},{"data":"TH:CursedSword","floor":12,"key":"SMITH"},{"floor":15,"key":"REST"},{"floor":23,"key":"REST"},{"floor":25,"key":"REST"},{"floor":32,"key":"REST"}],"circlet_count":0,"master_deck":["Strike_W","Strike_W","Strike_W+1","Strike_W","Defend_W","Defend_W","Defend_W","Defend_W","Negative_Energy_Arrows","Bone_Wall","Summon_Lich","Corrupt","Siphon_Strength","Summon_Undead","Vampiric_Strike+1","Bones_to_Steel","TH:CursedSword+1","Stop_Heart","Cloudkill","TH:ElvenBoots","Hellfire","ReplayTheSpireMod:IOU","luka_mod:Surrender","Blood_for_Blood+1","Bone_Prison","Grasp_Heart+1","Spectral_Armor","Bone_Armory","Negative_Energy_Javelin","Negative_Energy_Shield"],"relics":["Vampire_Amulet","MerchantsRug","thethorton:BankDeed","Hallownest:BankAccountRelic","Dead Branch","Mirror","halation:PinkSoulGem","Runesmith:AutoHammer","conspire:Dentures","hubris:64BitClover","Ring of Searing","ReplayTheSpireMod:Ring of Exchange","Whetstone","Replay:Baseball","Pet Ghost","Singing Bowl"],"acts_visited":["Exordium","Hallownest:Greenpath"],"potions_floor_usage":[7,10,13,16,33],"damage_taken":[{"damage":12,"enemies":"Hallownest:monsterHuskGuard","floor":1,"turns":5},{"damage":6,"enemies":"2_ Uuma","floor":2,"turns":4},{"damage":11,"enemies":"Hallownest:2_Baldur","floor":4,"turns":5},{"damage":12,"enemies":"Hallownest:MossCreep_and_Mosskin","floor":5,"turns":6},{"damage":4,"enemies":"Hallownest:Guard_and_Warrior","floor":7,"turns":5},{"damage":35,"enemies":"Hallownest:eliteCrystalGuardian","floor":8,"turns":6},{"damage":3,"enemies":"Hallownest:monsterMossCharger","floor":10,"turns":6},{"damage":24,"enemies":"Hallownest:2_Tiktiks_1_Baldur_1_Crawlid","floor":13,"turns":4},{"damage":1,"enemies":"Hallownest:monsterAspidMother","floor":14,"turns":4},{"damage":55,"enemies":"Hallownest:BossHornet","floor":16,"turns":10},{"damage":27,"enemies":"Hallownest:Flukemon_and_Top","floor":18,"turns":6},{"damage":25,"enemies":"Hallownest:2_Mistakes","floor":20,"turns":5},{"damage":25,"enemies":"Hallownest:Warrior_and_Youth","floor":22,"turns":6},{"damage":54,"enemies":"Hallownest:eliteWatcherKnight","floor":24,"turns":14},{"damage":14,"enemies":"Hallownest:2_Husk_Sentries","floor":29,"turns":7},{"damage":8,"enemies":"Hallownest:eliteSoulWarrior","floor":30,"turns":3},{"damage":3,"enemies":"Hallownest:Master_and_Novice","floor":31,"turns":4},{"damage":49,"enemies":"Hallownest:BossMantisLord","floor":33,"turns":7}],"seed_played":"6512315908921400126","potions_obtained":[{"floor":1,"key":"blueLaboratory:FrostheartPotion"},{"floor":2,"key":"potionbrewer:BarricadePotion"},{"floor":4,"key":"potionbrewer:AcidPotion"},{"floor":8,"key":"Elixir"},{"floor":29,"key":"LiquidMemories"}],"is_trial":false,"path_per_floor":["M","M","?","M","M","R","M","E","T","M","?","R","M","M","R","B",null,"M","?","M","?","M","R","E","R","T","?","$","M","E","M","R","B"],"character_chosen":"NECROMANCER","items_purchased":["MerchantsRug","thethorton:BankDeed","Summon_Lich","Pet Ghost","Bone_Armory"],"campfire_rested":4,"item_purchase_floors":[0,0,0,28,28],"current_hp_per_floor":[65,63,63,56,48,48,49,28,28,28,28,28,21,24,46,25,75,53,61,43,43,25,47,3,25,25,25,25,17,13,19,42,0,0],"gold":384,"neow_bonus":"","is_daily":false,"chose_seed":false,"campfire_upgraded":2,"win_rate":0.0,"timestamp":1612129021,"path_taken":["M","M","?","M","M","R","M","E","T","M","?","R","M","M","R","BOSS","M","?","?","?","M","R","E","R","T","?","$","M","E","M","R","BOSS"],"items_purchased_type":["Relic","Relic","Card","Relic","Card"],"build_version":"2020-12-22","purchased_purges":1,"victory":false,"max_hp_per_floor":[75,75,75,75,75,75,75,75,75,75,75,75,75,75,75,75,75,75,75,75,75,75,75,75,75,75,75,75,75,77,79,79,79,79],"relic_stats":{"Singing Bowl":4,"counters":[140,771],"Dead Branch":[84],"Whetstone":["Strike_W","Grasp_Heart"],"obtain_stats":[{"Bromod:AscarisDevice":5,"StuffTheSpire:Barrel":6,"StuffTheSpire:BottledEssence":8,"aspiration:PoetsPen_weak":34,"Whetstone":24,"hubris:MysteriousPyramids":9,"Boot":13,"halation:HeavySnake":17,"Ring of Searing":21,"theForsaken:HumbleEgg":10,"Replay:Bottled Flurry":5,"thethorton:BankDeed":25,"hubris:TinFlute":21,"MerchantsRug":14,"Pear":36,"theSlumbering:GlassShield":39,"StuffTheSpire:Wildfire":0,"Replay:Ancient Bell":17,"potionbrewer:Torch":3,"Hallownest:BankAccountRelic":3,"Bird Faced Urn":39,"DeathKnight:PutricidesVial":26,"hubris:TenFootPole":6,"hubris:Reverence":6,"theVacant:BrassGoblet":0,"Singing Bowl":30,"Bromod:ArcaneVictory":10,"Rawhide":9,"Blue Doll":9,"Bromod:ArcanePistoleer":41,"StuffTheSpire:EmeraldSignet":26,"Replay:Multitool":0,"HeavenlyBonsai":25,"hubris:EmptyBottle":28,"Smiling Mask":9,"Pet Ghost":7,"hubris:EvacipatedBox":11,"StuffTheSpire:OccultApparatus":3,"aspiration:AnachronicSnailShell":3,"StuffTheSpire:RedRose":2,"Ring of Panic":3,"DeathKnight:BrokenRuneblade":0,"Replay:Fungal Core":17,"hubris:64BitClover":17,"StuffTheSpire:Saxophone":14,"Protect_Vest":2,"hubris:Towel":2,"MawBank":33,"StuffTheSpire:Mouthbags":6,"hubris:Spice":0,"Ornamental Fan":43,"chefmod:RollingPin":2,"Durian":0,"Bottled Lightning":2,"Runesmith:AutoHammer":17,"halation:PinkSoulGem":11,"Toy Ornithopter":9,"halation:PeacePiece":0,"hubris:BottledRain":5,"sagemod:Red_Beast_Statue":41,"hubris:CrystalStatue":9,"Gremlin Horn":9,"sagemod:Falmels_Amulet":33,"CeramicFish":20,"potionbrewer:AlchemistFlask":27,"halation:Prosthetics":17,"thethorton:BrokenCalculator":44,"halation:PrussianBluePaint":12,"Vampire_Amulet":28,"conspire:Dentures":17,"Girya":35,"wanderingMiniBosses:ThiefScarf":18,"StuffTheSpire:ForceGauntlet":23,"Dead Branch":8,"Oddly Smooth Stone":6,"potionbrewer:MortarAndPestle":21,"Pyrelight":14,"potionbrewer:ToyAutogyro":10,"Replay:Baseball":26,"Bronze Scales":44,"Black Star":17,"ReplayTheSpireMod:TigerMarble":38,"Grinning Jar":4,"Mirror":9,"Pocketwatch":25,"Meat on the Bone":40,"construct:BoolHorns":9,"ReplayTheSpireMod:Ring of Exchange":21,"Hallownest:StagBellRelic1":12,"Replay:Mystery Machine":31,"theForsaken:Gavel":26,"ClockworkSouvenir":28,"Chameleon Ring":25,"Mummified Hand":4,"halation:LettersToHer":4,"Runic Pyramid":21,"hubris:DisguiseKit":4,"Bromod:ArcaneGrace":34,"HollowMod:LifeEnderRelic":35,"Guide Book":22,"aspiration:HummingbirdHeart":9,"aspiration:SecretTechniqueScroll":17,"Orichalcum":6,"Sandwich":17,"Anchor":8,"StuffTheSpire:HistoryBook":8,"CaptainsWheel":31,"halation:EternalFortune":22,"Ring of Fury":3,"Membership Card":0,"hubris:OldNail":40},{"Bromod:AscarisDevice":39,"StuffTheSpire:Barrel":74,"StuffTheSpire:BottledEssence":18,"aspiration:PoetsPen_weak":104,"Whetstone":136,"hubris:MysteriousPyramids":60,"Boot":8,"halation:HeavySnake":44,"Ring of Searing":134,"theForsaken:HumbleEgg":113,"Replay:Bottled Flurry":39,"thethorton:BankDeed":100,"hubris:TinFlute":99,"MerchantsRug":8,"Pear":105,"theSlumbering:GlassShield":105,"StuffTheSpire:Wildfire":109,"Replay:Ancient Bell":132,"potionbrewer:Torch":56,"Hallownest:BankAccountRelic":124,"Bird Faced Urn":105,"DeathKnight:PutricidesVial":48,"hubris:TenFootPole":4,"hubris:Reverence":18,"theVacant:BrassGoblet":0,"Singing Bowl":138,"Bromod:ArcaneVictory":19,"Rawhide":18,"Blue Doll":80,"Bromod:ArcanePistoleer":107,"StuffTheSpire:EmeraldSignet":88,"Replay:Multitool":32,"HeavenlyBonsai":48,"hubris:EmptyBottle":101,"Smiling Mask":6,"Pet Ghost":40,"hubris:EvacipatedBox":75,"StuffTheSpire:OccultApparatus":116,"aspiration:AnachronicSnailShell":78,"StuffTheSpire:RedRose":33,"Ring of Panic":68,"DeathKnight:BrokenRuneblade":0,"Replay:Fungal Core":98,"hubris:64BitClover":132,"StuffTheSpire:Saxophone":8,"Protect_Vest":121,"hubris:Towel":71,"MawBank":103,"StuffTheSpire:Mouthbags":30,"hubris:Spice":26,"Ornamental Fan":108,"chefmod:RollingPin":121,"Durian":120,"Bottled Lightning":56,"Runesmith:AutoHammer":132,"halation:PinkSoulGem":129,"Toy Ornithopter":75,"halation:PeacePiece":77,"hubris:BottledRain":69,"sagemod:Red_Beast_Statue":107,"hubris:CrystalStatue":122,"Gremlin Horn":119,"sagemod:Falmels_Amulet":103,"CeramicFish":64,"potionbrewer:AlchemistFlask":101,"halation:Prosthetics":23,"thethorton:BrokenCalculator":108,"halation:PrussianBluePaint":76,"Vampire_Amulet":136,"conspire:Dentures":132,"Girya":104,"wanderingMiniBosses:ThiefScarf":99,"StuffTheSpire:ForceGauntlet":48,"Dead Branch":128,"Oddly Smooth Stone":59,"potionbrewer:MortarAndPestle":25,"Pyrelight":62,"potionbrewer:ToyAutogyro":81,"Replay:Baseball":136,"Bronze Scales":108,"Black Star":9,"ReplayTheSpireMod:TigerMarble":105,"Grinning Jar":68,"Mirror":112,"Pocketwatch":100,"Meat on the Bone":107,"construct:BoolHorns":95,"ReplayTheSpireMod:Ring of Exchange":134,"Hallownest:StagBellRelic1":113,"Replay:Mystery Machine":102,"theForsaken:Gavel":101,"ClockworkSouvenir":101,"Chameleon Ring":101,"Mummified Hand":34,"halation:LettersToHer":122,"Runic Pyramid":99,"hubris:DisguiseKit":116,"Bromod:ArcaneGrace":51,"HollowMod:LifeEnderRelic":104,"Guide Book":100,"aspiration:HummingbirdHeart":40,"aspiration:SecretTechniqueScroll":63,"Orichalcum":94,"Sandwich":84,"Anchor":6,"StuffTheSpire:HistoryBook":40,"CaptainsWheel":102,"halation:EternalFortune":86,"Ring of Fury":68,"Membership Card":67,"hubris:OldNail":106},{"Bromod:AscarisDevice":193,"StuffTheSpire:Barrel":399,"StuffTheSpire:BottledEssence":83,"aspiration:PoetsPen_weak":566,"Whetstone":750,"hubris:MysteriousPyramids":305,"Boot":31,"halation:HeavySnake":219,"Ring of Searing":730,"theForsaken:HumbleEgg":621,"Replay:Bottled Flurry":193,"thethorton:BankDeed":543,"hubris:TinFlute":539,"MerchantsRug":31,"Pear":570,"theSlumbering:GlassShield":570,"StuffTheSpire:Wildfire":592,"Replay:Ancient Bell":719,"potionbrewer:Torch":285,"Hallownest:BankAccountRelic":673,"Bird Faced Urn":570,"DeathKnight:PutricidesVial":241,"hubris:TenFootPole":15,"hubris:Reverence":83,"theVacant:BrassGoblet":0,"Singing Bowl":760,"Bromod:ArcaneVictory":90,"Rawhide":83,"Blue Doll":433,"Bromod:ArcanePistoleer":583,"StuffTheSpire:EmeraldSignet":476,"Replay:Multitool":165,"HeavenlyBonsai":241,"hubris:EmptyBottle":548,"Smiling Mask":21,"Pet Ghost":196,"hubris:EvacipatedBox":404,"StuffTheSpire:OccultApparatus":632,"aspiration:AnachronicSnailShell":423,"StuffTheSpire:RedRose":168,"Ring of Panic":358,"DeathKnight:BrokenRuneblade":0,"Replay:Fungal Core":533,"hubris:64BitClover":719,"StuffTheSpire:Saxophone":31,"Protect_Vest":659,"hubris:Towel":380,"MawBank":557,"StuffTheSpire:Mouthbags":156,"hubris:Spice":126,"Ornamental Fan":588,"chefmod:RollingPin":659,"Durian":646,"Bottled Lightning":285,"Runesmith:AutoHammer":719,"halation:PinkSoulGem":701,"Toy Ornithopter":404,"halation:PeacePiece":419,"hubris:BottledRain":367,"sagemod:Red_Beast_Statue":583,"hubris:CrystalStatue":664,"Gremlin Horn":643,"sagemod:Falmels_Amulet":557,"CeramicFish":331,"potionbrewer:AlchemistFlask":548,"halation:Prosthetics":108,"thethorton:BrokenCalculator":588,"halation:PrussianBluePaint":412,"Vampire_Amulet":750,"conspire:Dentures":719,"Girya":566,"wanderingMiniBosses:ThiefScarf":539,"StuffTheSpire:ForceGauntlet":241,"Dead Branch":695,"Oddly Smooth Stone":299,"potionbrewer:MortarAndPestle":123,"Pyrelight":317,"potionbrewer:ToyAutogyro":438,"Replay:Baseball":750,"Bronze Scales":588,"Black Star":39,"ReplayTheSpireMod:TigerMarble":570,"Grinning Jar":358,"Mirror":608,"Pocketwatch":543,"Meat on the Bone":583,"construct:BoolHorns":515,"ReplayTheSpireMod:Ring of Exchange":730,"Hallownest:StagBellRelic1":621,"Replay:Mystery Machine":552,"theForsaken:Gavel":548,"ClockworkSouvenir":548,"Chameleon Ring":548,"Mummified Hand":172,"halation:LettersToHer":664,"Runic Pyramid":539,"hubris:DisguiseKit":632,"Bromod:ArcaneGrace":260,"HollowMod:LifeEnderRelic":566,"Guide Book":543,"aspiration:HummingbirdHeart":196,"aspiration:SecretTechniqueScroll":326,"Orichalcum":507,"Sandwich":456,"Anchor":21,"StuffTheSpire:HistoryBook":196,"CaptainsWheel":552,"halation:EternalFortune":464,"Ring of Fury":358,"Membership Card":352,"hubris:OldNail":577}]},"card_choices":[{"not_picked":["Bone_Spikes","Death_Coil"],"picked":"Corrupt","floor":1},{"not_picked":["Epidemic","Whirlwind_of_Bones"],"picked":"Siphon_Strength","floor":2},{"not_picked":["Finger_Of_Death","Negative_Energy_Javelin"],"picked":"Summon_Undead","floor":4},{"not_picked":["Shade_Step","Negative_Energy_Sphere"],"picked":"Vampiric_Strike","floor":5},{"not_picked":["Death_Coil","Bone_Bullets","Bone_Spikes"],"picked":"SKIP","floor":7},{"not_picked":["Negative_Energy_Bomb","Life_Drain"],"picked":"Bones_to_Steel","floor":8},{"not_picked":["TH:TreasureMap","TH:PixieDust"],"picked":"SKIP","floor":8},{"not_picked":["TH:Mimic"],"picked":"TH:CursedSword","floor":9},{"not_picked":["Whirlwind_of_Bones","Bone_Spikes"],"picked":"Stop_Heart","floor":10},{"not_picked":["Epidemic","Death_Knell"],"picked":"Cloudkill","floor":13},{"not_picked":["Deaths_Shadow","Spectral_Walk","Scare"],"picked":"SKIP","floor":14},{"not_picked":["TH:EnergyPotion"],"picked":"TH:ElvenBoots","floor":16},{"not_picked":["Summon_Death_Knight","Requiem"],"picked":"Hellfire","floor":16},{"not_picked":["TheSimpletonMod:Frostbite","SnafuTest:CurseRiot"],"picked":"Languid","floor":17},{"not_picked":["Pain","stsjorbsmod:Amnesia"],"picked":"ReplayTheSpireMod:IOU","floor":17},{"not_picked":["downfall:Icky","TheCursedMod:Dregs"],"picked":"luka_mod:Surrender","floor":17},{"not_picked":["Bone_Armor","Whirlwind_of_Bones"],"picked":"Blood_for_Blood+1","floor":18},{"not_picked":["Bone_Shift+1","Scare+1"],"picked":"Bone_Prison","floor":20},{"not_picked":["Bone_Shift","Blood_Whip"],"picked":"Grasp_Heart","floor":22},{"not_picked":["Blood_Is_Power","Toxic_Smoke_Screen"],"picked":"Spectral_Armor","floor":24},{"not_picked":["TH:CursedSword","TH:TreasureMap"],"picked":"SKIP","floor":24},{"not_picked":["TH:PixieDust","TH:CursedSword"],"picked":"SKIP","floor":26},{"not_picked":["Bones_to_Steel","Shackles_Of_Pain"],"picked":"Negative_Energy_Javelin","floor":29},{"not_picked":["TH:TreasureMap","TH:PixieDust"],"picked":"Singing Bowl","floor":30},{"not_picked":["Spectral_Walk","Blood_Magic"],"picked":"Negative_Energy_Shield","floor":30},{"not_picked":["Blood_Is_Power","Scare+1","Bone_Bullets"],"picked":"Singing Bowl","floor":31}],"player_experience":1189687,"relics_obtained":[{"floor":8,"key":"Dead Branch"},{"floor":9,"key":"Mirror"},{"floor":21,"key":"Ring of Searing"},{"floor":21,"key":"ReplayTheSpireMod:Ring of Exchange"},{"floor":24,"key":"Whetstone"},{"floor":26,"key":"Replay:Baseball"},{"floor":30,"key":"Singing Bowl"}],"event_choices":[],"is_beta":false,"boss_relics":[{"not_picked":["reliquary:Craggleroot","halation:HeavySnake"],"picked":"Replay:Ancient Bell"},{"not_picked":["StuffTheSpire:Barrel","Nunchaku"],"picked":"Runesmith:AutoHammer"},{"not_picked":["RoseTintedShades","conspire:Flyswatter"],"picked":"conspire:Dentures"},{"not_picked":["Mango","conspire:GiftBox"],"picked":"hubris:64BitClover"}],"items_purged_floors":[28],"is_endless":false,"potions_floor_spawned":[1,2,4,8,29],"killed_by":"Hallownest:BossMantisLord","ascension_level":0}}