{"host":"9slw7l0ws16384qq","time":1612130874,"event":{"mods":["A Penny For Your Troubles","BaseMod","Colored Map","Downfall","Evolution","Hubris","Minty Spire (QoL Compilation)","Replay The Spire","StS++","StSLib"],"gold_per_floor":[199,211,229,154,164,114,140,90,106,106,131,155,187,202,217,217,217,217],"floor_reached":16,"language":"FRA","playtime":584,"items_purged":[],"score":151,"play_id":"26c0d459-ed03-41f3-a9ad-a09c349d5ac8","local_time":"20210131230754","is_ascension_mode":true,"campfire_choices":[{"data":"Slimebound:Defend_Slimebound","floor":1.0,"key":"PURGE"},{"data":"Slimebound:CorrosiveSpit","floor":6.0,"key":"SMITH"},{"data":"Slimebound:Split","floor":8.0,"key":"SMITH"}],"circlet_count":0,"master_deck":["Slimebound:Strike_Slimebound","Slimebound:Strike_Slimebound","Slimebound:Strike_Slimebound","Slimebound:Tackle","Slimebound:Defend_Slimebound","Slimebound:Defend_Slimebound","Slimebound:Defend_Slimebound","Slimebound:Split+1","Slimebound:CorrosiveSpit+1","Slimebound:LeechEnergy","Slimebound:LevelUp","Slimebound:LeechEnergy","Slimebound:LevelUp"],"relics":["Slimebound:AbsorbEndCombat","EVO:Axolotl","Slimebound:GreedOozeRelic","ReplayFunnel","Regal Pillow","Replay:Baseball","Happy Flower"],"acts_visited":["Exordium"],"potions_floor_usage":[16,16,16],"damage_taken":[{"damage":1.0,"enemies":"2 Louse","floor":2.0,"turns":4.0},{"damage":8.0,"enemies":"Jaw Worm","floor":3.0,"turns":3.0},{"damage":5.0,"enemies":"Small Slimes","floor":5.0,"turns":3.0},{"damage":1.0,"enemies":"Exordium Wildlife","floor":9.0,"turns":3.0},{"damage":22.0,"enemies":"3 Sentries","floor":11.0,"turns":7.0},{"damage":18.0,"enemies":"Lagavulin","floor":13.0,"turns":6.0},{"damage":16.0,"enemies":"Gremlin Gang","floor":14.0,"turns":4.0},{"damage":0.0,"enemies":"3 Louse","floor":15.0,"turns":2.0},{"damage":49,"enemies":"WA_ARCHETYPE_RETAIN","floor":16,"turns":7}],"seed_played":"3213053912137976615","potions_obtained":[{"floor":5.0,"key":"sneckomod:MuddlingPotion"},{"floor":9.0,"key":"Venom Potion"},{"floor":14.0,"key":"StSpp:ScatteredPotion"},{"floor":15.0,"key":"ColorlessPotion"}],"is_trial":false,"path_per_floor":["R_BF","M","M","?","M","R","T","R","M","?","E","T","E","M","M","B"],"character_chosen":"SLIMEBOUND","items_purchased":[],"campfire_rested":0,"item_purchase_floors":[],"current_hp_per_floor":[59,64,62,62,59,59,59,59,62,62,40,40,30,18,22,0,0,0],"gold":217,"neow_bonus":"HUNDRED_GOLD","is_daily":false,"chose_seed":false,"campfire_upgraded":2,"win_rate":0.0,"timestamp":1612130874,"path_taken":["R_BF","M","M","?","M","R","T","R","M","?","E","?","E","M","M","BOSS"],"items_purchased_type":[],"build_version":"2020-12-22","purchased_purges":0,"victory":false,"max_hp_per_floor":[65,65,65,65,65,65,65,65,65,65,65,65,65,65,65,65,65,65],"card_choices":[{"not_picked":["Slimebound:SamplingLick","Slimebound:Dissolve","Slimebound:ViciousTackle"],"picked":"SKIP","floor":2.0},{"not_picked":["Slimebound:LevelUp","Slimebound:LivingWall"],"picked":"Slimebound:LeechEnergy","floor":3.0},{"not_picked":["Slimebound:SplitAcid","Slimebound:LeadByExample","Slimebound:TongueLash"],"picked":"SKIP","floor":5.0},{"not_picked":["Slimebound:GoopTackle","Slimebound:ComboTackle"],"picked":"Slimebound:LevelUp","floor":9.0},{"not_picked":["Slimebound:PressTheAttack","Slimebound:FinishingTackle"],"picked":"Slimebound:LeechEnergy","floor":11.0},{"not_picked":["Slimebound:SplitMire","Slimebound:LeechEnergy"],"picked":"Slimebound:LevelUp","floor":13.0},{"not_picked":["Slimebound:Replication","Slimebound:HauntingLick","Slimebound:SplitMire"],"picked":"SKIP","floor":14.0},{"not_picked":["Slimebound:Replication","Slimebound:HauntingLick","Slimebound:SplitMire"],"picked":"SKIP","floor":14.0},{"not_picked":["Slimebound:DuplicatedForm","Slimebound:TongueLash","Slimebound:Nibble"],"picked":"SKIP","floor":15.0}],"player_experience":1572810,"relics_obtained":[{"floor":7.0,"key":"ReplayFunnel"},{"floor":11.0,"key":"Regal Pillow"},{"floor":12.0,"key":"Replay:Baseball"},{"floor":13.0,"key":"Happy Flower"}],"event_choices":[],"is_beta":false,"boss_relics":[],"items_purged_floors":[],"is_endless":false,"potions_floor_spawned":[5,9,14,15],"killed_by":"WA_ARCHETYPE_RETAIN","ascension_level":7}}