{"host":"vjkx177ju3wjmzef","time":1612085548,"event":{"mods":["BaseMod","Block Reminder","Colored Map","Colored Powertips","DeckTracker","Googly Eyes","Highlight Path","Minty Spire (QoL Compilation)","Quick Restart","Random Character Button","Relic Stats","Replay The Spire","StSLib"],"gold_per_floor":[114,114,129,144,144,174,174,204,279,279,294,294,309,60,60,160,160,175,190,190,205,220,220,250,250,250,250,265,295,295,220,220,320,320,335,350,350,365,365,365,395,395,395,145,160,70,70,85,85,85],"floor_reached":51,"language":"ENG","playtime":5378,"items_purged":["Strike_R","Strike_R"],"score":575,"play_id":"8a312b5c-aeac-4953-90df-10abab6f0873","local_time":"20210131033228","daily_mods":["Allstar","Diverse","Elite Swarm"],"is_ascension_mode":false,"campfire_choices":[{"data":"Metamorphosis","floor":7,"key":"SMITH"},{"data":"Judgement","floor":10,"key":"SMITH"},{"data":"Replay:Sssssssssshield","floor":12,"key":"SMITH"},{"data":"Footwork","floor":23,"key":"SMITH"},{"data":"Devotion","floor":25,"key":"SMITH"},{"data":"Anger","floor":27,"key":"SMITH"},{"data":"All For One","floor":32,"key":"SMITH"},{"data":"Replay:Sssssssssshield","floor":40,"key":"SMITH"},{"data":"Judgement","floor":42,"key":"SMITH"},{"data":"Defend_R","floor":47,"key":"SMITH"}],"circlet_count":0,"master_deck":["Defend_R+1","Bash","Mind Blast","Replay:Sssssssssshield+1","Metamorphosis+1","Replay:Sssssssssshield+1","Dramatic Entrance+1","Streamline","CarveReality","Footwork+1","Judgement+1","Dagger Spray+1","Gash","Devotion+1","Coolheaded","Sucker Punch","Poisoned Stab+1","Anger+1","Defragment+1","Seek","All For One+1","Amplify","FollowUp","Iron Wave+1","Judgement+1"],"relics":["Burning Blood","Durian","Eternal Feather","Akabeko","Chameleon Ring","Pen Nib","SacredBark","Lantern","Red Skull","Blue Candle","Coffee Dripper","Ginger","Turnip","Brimstone"],"acts_visited":["Exordium","TheCity","TheBeyond"],"potions_floor_usage":[6,16,16,24,33,33,38,38,50,50],"damage_taken":[{"damage":0,"enemies":"Small Slimes","floor":1,"turns":2},{"damage":7,"enemies":"Jaw Worm","floor":3,"turns":3},{"damage":0,"enemies":"Cultist","floor":4,"turns":3},{"damage":34,"enemies":"Lagavulin","floor":6,"turns":6},{"damage":0,"enemies":"3 Sentries","floor":8,"turns":6},{"damage":0,"enemies":"Lots of Slimes","floor":11,"turns":1},{"damage":0,"enemies":"3 Louse","floor":13,"turns":1},{"damage":61,"enemies":"The Guardian","floor":16,"turns":15},{"damage":10,"enemies":"Chosen","floor":18,"turns":4},{"damage":5,"enemies":"Shell Parasite","floor":19,"turns":3},{"damage":7,"enemies":"Centurion and Healer","floor":21,"turns":7},{"damage":28,"enemies":"Shelled Parasite and Fungi","floor":22,"turns":8},{"damage":65,"enemies":"Book of Stabbing","floor":24,"turns":6},{"damage":14,"enemies":"Chosen and Byrds","floor":28,"turns":6},{"damage":33,"enemies":"Slavers","floor":29,"turns":5},{"damage":34,"enemies":"Collector","floor":33,"turns":9},{"damage":34,"enemies":"3 Shapes","floor":35,"turns":4},{"damage":15,"enemies":"Orb Walker","floor":36,"turns":4},{"damage":13,"enemies":"Transient","floor":38,"turns":5},{"damage":0,"enemies":"Reptomancer","floor":41,"turns":6},{"damage":0,"enemies":"Maw","floor":45,"turns":6},{"damage":6,"enemies":"4 Shapes","floor":48,"turns":2},{"damage":20,"enemies":"Replay:Hell Engine","floor":50,"turns":7}],"seed_played":"7510361231737359051","potions_obtained":[{"floor":3,"key":"Explosive Potion"},{"floor":6,"key":"PowerPotion"},{"floor":13,"key":"Energy Potion"},{"floor":16,"key":"Regen Potion"},{"floor":22,"key":"FearPotion"},{"floor":24,"key":"Regen Potion"},{"floor":29,"key":"Reflective Coating"},{"floor":36,"key":"ColorlessPotion"},{"floor":41,"key":"Dexterity Potion"},{"floor":48,"key":"Energy Potion"}],"is_trial":false,"path_per_floor":["M","?","M","M","?","E","R","E","T","R","M","R","M","$","R_BF","B",null,"M","M","?","M","M","R","E","R","T","R","M","E","?","?","R","B",null,"M","M","?","M","?","R","E","R","T","$","M","?","R","M","R_BF","B",null],"character_chosen":"IRONCLAD","items_purchased":["Pen Nib","Gash","Brimstone"],"campfire_rested":0,"item_purchase_floors":[14,14,44],"current_hp_per_floor":[80,67,66,72,65,37,46,52,52,61,67,76,82,82,85,30,85,81,82,82,81,59,71,54,69,69,84,76,49,49,49,61,85,85,57,48,48,41,41,56,62,77,77,77,83,83,85,85,85,71],"gold":85,"neow_bonus":"","is_daily":true,"chose_seed":false,"campfire_upgraded":10,"win_rate":0.0,"timestamp":1612085548,"path_taken":["M","?","M","M","?","E","R","E","T","R","M","R","M","$","R_BF","BOSS","M","M","?","?","?","R","E","R","T","R","M","E","?","?","R","BOSS","M","M","?","M","?","R","E","R","T","$","M","?","R","?","R_BF","BOSS"],"items_purchased_type":["Relic","Card","Relic"],"build_version":"2020-12-22","purchased_purges":2,"victory":true,"max_hp_per_floor":[80,85,85,85,85,85,85,85,85,85,85,85,85,85,85,85,85,85,85,85,85,85,85,85,85,85,85,85,85,85,85,85,85,85,85,85,85,85,85,85,85,85,85,85,85,85,85,85,85,85],"relic_stats":{"counters":[23,119],"Blue Candle":[0],"Eternal Feather":116,"Pen Nib":[21],"Turnip":[3],"Ginger":[5],"obtain_stats":[{"Lantern":24,"SacredBark":17,"Blue Candle":29,"Eternal Feather":6,"Pen Nib":14,"Ginger":41,"Burning Blood":0,"Akabeko":8,"Chameleon Ring":9,"Brimstone":44,"Turnip":43,"Durian":2,"Coffee Dripper":34,"Red Skull":26},{"Lantern":13,"SacredBark":8,"Blue Candle":15,"Eternal Feather":4,"Pen Nib":7,"Ginger":20,"Burning Blood":0,"Akabeko":5,"Chameleon Ring":5,"Brimstone":20,"Turnip":20,"Durian":1,"Coffee Dripper":16,"Red Skull":13},{"Lantern":65,"SacredBark":37,"Blue Candle":76,"Eternal Feather":14,"Pen Nib":22,"Ginger":104,"Burning Blood":0,"Akabeko":20,"Chameleon Ring":20,"Brimstone":104,"Turnip":104,"Durian":2,"Coffee Dripper":85,"Red Skull":65}],"Burning Blood":126},"card_choices":[{"not_picked":["Sucker Punch","Leap"],"picked":"Streamline","floor":1},{"not_picked":["Cloak And Dagger","FearNoEvil"],"picked":"CarveReality","floor":3},{"not_picked":["EmptyFist","Dagger Throw"],"picked":"Footwork","floor":4},{"not_picked":["Hyperbeam","Offering","Replay:AllIn"],"picked":"SKIP","floor":6},{"not_picked":["A Thousand Cuts","Storm of Steel"],"picked":"Judgement","floor":8},{"not_picked":["Feel No Pain","Body Slam","Backflip"],"picked":"SKIP","floor":11},{"not_picked":["FlurryOfBlows","Cleave"],"picked":"Dagger Spray","floor":13},{"not_picked":["Doppelganger","Barricade"],"picked":"Devotion","floor":16},{"not_picked":["Pommel Strike","FlurryOfBlows"],"picked":"Coolheaded","floor":18},{"not_picked":["Hemokinesis","Underhanded Strike+1"],"picked":"Sucker Punch","floor":19},{"not_picked":["Dash+1","Wireheading+1"],"picked":"Anger","floor":21},{"not_picked":["Sweeping Beam","Warcry"],"picked":"Defragment+1","floor":22},{"not_picked":["Wraith Form v2","Storm of Steel"],"picked":"Seek","floor":24},{"not_picked":["Bane","PathToVictory","PiercingWail"],"picked":"SKIP","floor":28},{"not_picked":["Machine Learning","SpiritShield"],"picked":"All For One","floor":29},{"not_picked":["Replay:LoomingThreat","Unload"],"picked":"Amplify","floor":33},{"not_picked":["Bloodletting+1","Replay:DivineShield","Turbo+1"],"picked":"SKIP","floor":35},{"not_picked":["Deflect","Compile Driver"],"picked":"FollowUp","floor":36},{"not_picked":["Replay:Hum","Poisoned Stab+1"],"picked":"Iron Wave+1","floor":38},{"not_picked":["Berserk","Doppelganger"],"picked":"Judgement","floor":41},{"not_picked":["LikeWater","PiercingWail","PathToVictory"],"picked":"SKIP","floor":45},{"not_picked":["Beam Cell+1","Replay:ManipulateFuture","Calculated Gamble+1"],"picked":"SKIP","floor":48}],"player_experience":166321,"relics_obtained":[{"floor":6,"key":"Eternal Feather"},{"floor":8,"key":"Akabeko"},{"floor":9,"key":"Chameleon Ring"},{"floor":24,"key":"Lantern"},{"floor":26,"key":"Red Skull"},{"floor":29,"key":"Blue Candle"},{"floor":41,"key":"Ginger"},{"floor":43,"key":"Turnip"}],"event_choices":[{"damage_healed":0,"gold_gain":0,"player_choice":"Success","damage_taken":18,"relics_obtained":["Durian"],"max_hp_gain":0,"max_hp_loss":0,"event_name":"Scrap Ooze","floor":2,"gold_loss":0},{"cards_removed":["Strike_R"],"damage_healed":0,"gold_gain":0,"player_choice":"Card Removal","damage_taken":7,"max_hp_gain":0,"max_hp_loss":0,"event_name":"Golden Wing","floor":5,"gold_loss":0},{"damage_healed":0,"gold_gain":0,"cards_transformed":["Defend_R"],"player_choice":"Transformed","damage_taken":0,"max_hp_gain":0,"max_hp_loss":0,"event_name":"Transmorgrifier","floor":20,"gold_loss":0,"cards_obtained":["Poisoned Stab"]},{"cards_removed":["Strike_R"],"damage_healed":0,"gold_gain":0,"player_choice":"Elegance","damage_taken":0,"max_hp_gain":0,"max_hp_loss":0,"event_name":"Back to Basics","floor":30,"gold_loss":0},{"cards_removed":["Defend_R"],"damage_healed":0,"gold_gain":0,"player_choice":"Gave Gold","damage_taken":0,"max_hp_gain":0,"max_hp_loss":0,"event_name":"Beggar","floor":31,"gold_loss":75},{"cards_removed":["Defend_R"],"damage_healed":0,"gold_gain":0,"player_choice":"Removed Skill","damage_taken":0,"max_hp_gain":0,"max_hp_loss":0,"event_name":"Falling","floor":37,"gold_loss":0},{"damage_healed":0,"gold_gain":0,"player_choice":"Ignored","damage_taken":0,"max_hp_gain":0,"max_hp_loss":0,"event_name":"The Moai Head","floor":39,"gold_loss":0},{"cards_removed":["Strike_R"],"damage_healed":0,"gold_gain":0,"player_choice":"Upgrade and Remove","damage_taken":0,"max_hp_gain":0,"max_hp_loss":0,"event_name":"Designer","floor":46,"gold_loss":90,"cards_upgraded":["Dramatic Entrance"]}],"is_beta":false,"boss_relics":[{"not_picked":["Honey Jar","Sozu"],"picked":"SacredBark"},{"not_picked":["Pandora\u0027s Box","Astrolabe"],"picked":"Coffee Dripper"}],"items_purged_floors":[14,44],"is_endless":false,"potions_floor_spawned":[3,6,13,16,22,24,29,36,41,48],"ascension_level":0}}