{"host":"yx5rao87132cy5xq","time":1612094758,"event":{"mods":["2.2 Compatiblity","AchievementEnabler","BaseMod","Bestiary","Colored Map","Colored Powertips","Minty Spire (QoL Compilation)","Quick Restart","Relic Stats","Slay-I","SuperFastMode"],"gold_per_floor":[109,109,124,139,149,182,182,215,265,300,325,346,346,375,375,463,490,512,532,23,67,92,101,135,144,144,178,197,53,89,140,149,232,232,249,199,223,55,55,90,90,124,124,124,161,175,38,57,57,57,57],"floor_reached":50,"language":"ENG","playtime":4474,"items_purged":["Pain","Strike_R+1","Defend_R"],"score":1426,"play_id":"ac111fec-0379-47df-acf7-dd711f335aa6","local_time":"20210131130558","is_ascension_mode":true,"campfire_choices":[{"data":"Whirlwind","floor":7.0,"key":"SMITH"},{"data":"Flex","floor":13.0,"key":"SMITH"},{"data":"Bash","floor":15.0,"key":"SMITH"},{"floor":23.0,"key":"REST"},{"floor":32.0,"key":"REST"},{"data":"Heavy Blade","floor":41.0,"key":"SMITH"},{"data":"Defend_R","floor":49.0,"key":"SMITH"}],"circlet_count":0,"master_deck":["AscendersBane","Defend_R+1","Defend_R+1","Defend_R+1","Bash+1","Wild Strike","Flex+1","Sword Boomerang+1","Heavy Blade+1","Whirlwind+1","Battle Trance+1","Disarm+1","Havoc+1","Impervious+1","Impervious+1","Power Through+1","Demon Form+1","Battle Trance+1","Warcry+1","Shrug It Off+1","Impervious+1","Warcry+1","Flex+1","Second Wind+1","Berserk+1","Bloodletting+1","Entrench+1","Warcry+1","Flame Barrier+1","Limit Break+1","Second Wind+1","Intimidate+1","Warcry+1","Entrench+1","Shrug It Off+1"],"relics":["Burning Blood","Tiny Chest","Toxic Egg 2","Matryoshka","Oddly Smooth Stone","CeramicFish","Odd Mushroom","Dream Catcher","Ancient Tea Set","Astrolabe","Bronze Scales","ClockworkSouvenir","Red Mask","War Paint","WarpedTongs","White Beast Statue","Vajra","Eternal Feather","Whetstone","Empty Cage","Nunchaku","Juzu Bracelet","Toy Ornithopter","The Courier","Meat on the Bone"],"acts_visited":["Exordium","TheCity","TheBeyond"],"potions_floor_usage":[50,50],"damage_taken":[{"damage":9.0,"enemies":"2 Louse","floor":1.0,"turns":4.0},{"damage":0.0,"enemies":"Cultist","floor":3.0,"turns":2.0},{"damage":12.0,"enemies":"Small Slimes","floor":4.0,"turns":2.0},{"damage":0.0,"enemies":"3 Louse","floor":5.0,"turns":3.0},{"damage":23.0,"enemies":"Gremlin Nob","floor":6.0,"turns":4.0},{"damage":37.0,"enemies":"Lagavulin","floor":8.0,"turns":5.0},{"damage":9.0,"enemies":"The Mushroom Lair","floor":10.0,"turns":2.0},{"damage":0.0,"enemies":"2 Fungi Beasts","floor":12.0,"turns":1.0},{"damage":0.0,"enemies":"Lots of Slimes","floor":14.0,"turns":1.0},{"damage":25.0,"enemies":"Hexaghost","floor":16.0,"turns":6.0},{"damage":24.0,"enemies":"2 Thieves","floor":18.0,"turns":3.0},{"damage":5.0,"enemies":"3 Byrds","floor":19.0,"turns":3.0},{"damage":13.0,"enemies":"Masked Bandits","floor":21.0,"turns":5.0},{"damage":15.0,"enemies":"Snake Plant","floor":22.0,"turns":5.0},{"damage":16.0,"enemies":"Slavers","floor":24.0,"turns":7.0},{"damage":17.0,"enemies":"Book of Stabbing","floor":27.0,"turns":5.0},{"damage":16.0,"enemies":"Centurion and Healer","floor":28.0,"turns":6.0},{"damage":5.0,"enemies":"Slavers","floor":30.0,"turns":6.0},{"damage":0.0,"enemies":"Automaton","floor":33.0,"turns":7.0},{"damage":7.0,"enemies":"Orb Walker","floor":35.0,"turns":4.0},{"damage":12.0,"enemies":"3 Darklings","floor":37.0,"turns":2.0},{"damage":12.0,"enemies":"Giant Head","floor":40.0,"turns":7.0},{"damage":25.0,"enemies":"Reptomancer","floor":42.0,"turns":7.0},{"damage":0.0,"enemies":"Nemesis","floor":45.0,"turns":10.0},{"damage":3.0,"enemies":"Sphere and 2 Shapes","floor":46.0,"turns":10.0},{"damage":0.0,"enemies":"Writhing Mass","floor":48.0,"turns":7.0},{"damage":84,"enemies":"Donu and Deca","floor":50,"turns":8}],"seed_played":"-6305960881688118580","potions_obtained":[{"floor":1.0,"key":"FearPotion"},{"floor":6.0,"key":"BloodPotion"},{"floor":8.0,"key":"Weak Potion"},{"floor":21.0,"key":"Regen Potion"},{"floor":27.0,"key":"ColorlessPotion"},{"floor":28.0,"key":"Block Potion"},{"floor":30.0,"key":"SkillPotion"},{"floor":33.0,"key":"Explosive Potion"},{"floor":37.0,"key":"DistilledChaos"},{"floor":45.0,"key":"AttackPotion"}],"is_trial":false,"path_per_floor":["M","?","M","M","M","E","R","E","T","?","T","M","R","M","R","B",null,"M","M","$","?","M","R","E","?","T","E","M","$","E","T","R","B",null,"M","?","M","$","?","E","R","E","T","T","E","M","$","M","R","B"],"character_chosen":"IRONCLAD","items_purchased":["Bronze Scales","Shrug It Off+1","FearPotion","ClockworkSouvenir","Impervious+1","Entrench+1","Intimidate+1","Shrug It Off+1"],"campfire_rested":2,"item_purchase_floors":[20,20,20,20,20,29,38,47],"current_hp_per_floor":[65,65,71,65,71,54,54,38,38,35,35,41,41,47,47,28,63,45,46,46,39,30,52,42,42,42,31,36,36,37,37,75,75,75,74,74,68,68,68,62,75,56,56,56,62,65,65,71,75,0,0],"gold":57,"neow_bonus":"RANDOM_COMMON_RELIC","is_daily":false,"chose_seed":false,"campfire_upgraded":5,"win_rate":0.0,"timestamp":1612094758,"path_taken":["M","?","M","M","?","E","R","E","T","?","?","M","R","M","R","BOSS","M","M","$","?","M","R","E","?","T","E","?","$","E","?","R","BOSS","M","?","?","$","?","E","R","E","T","?","E","M","?","M","R","BOSS"],"items_purchased_type":["Relic","Card","Potion","Relic","Card","Card","Card","Card"],"build_version":"2020-12-22","purchased_purges":3,"victory":false,"max_hp_per_floor":[75,75,75,75,75,75,75,75,75,75,75,75,75,75,75,75,75,75,75,75,75,75,75,75,75,75,75,75,75,75,75,75,75,75,75,75,75,75,75,75,75,75,75,75,75,75,75,75,75,75,75],"relic_stats":{"counters":[27,132],"CeramicFish":234,"Astrolabe":["Power Through","Demon Form","Battle Trance"],"Eternal Feather":35,"Juzu Bracelet":0,"Whetstone":["Sword Boomerang","Strike_R"],"War Paint":["Defend_R","Defend_R"],"Burning Blood":150,"WarpedTongs":[31],"Dream Catcher":2,"Nunchaku":[3],"Bronze Scales":[329],"Tiny Chest":3,"obtain_stats":[{"CeramicFish":9,"Vajra":27,"Juzu Bracelet":42,"Whetstone":31,"Ancient Tea Set":11,"Empty Cage":34,"Burning Blood":0,"ClockworkSouvenir":20,"Dream Catcher":11,"Nunchaku":40,"Matryoshka":8,"Tiny Chest":0,"Red Mask":21,"Toxic Egg 2":6,"Astrolabe":17,"Oddly Smooth Stone":9,"Eternal Feather":30,"The Courier":44,"Odd Mushroom":10,"War Paint":24,"White Beast Statue":26,"WarpedTongs":25,"Bronze Scales":20,"Toy Ornithopter":43,"Meat on the Bone":45},{"CeramicFish":6,"Vajra":16,"Juzu Bracelet":23,"Whetstone":18,"Ancient Tea Set":7,"Empty Cage":19,"Burning Blood":0,"ClockworkSouvenir":12,"Dream Catcher":7,"Nunchaku":22,"Matryoshka":6,"Tiny Chest":0,"Red Mask":13,"Toxic Egg 2":5,"Astrolabe":10,"Oddly Smooth Stone":6,"Eternal Feather":18,"The Courier":23,"Odd Mushroom":7,"War Paint":15,"White Beast Statue":15,"WarpedTongs":15,"Bronze Scales":12,"Toy Ornithopter":23,"Meat on the Bone":24},{"CeramicFish":20,"Vajra":58,"Juzu Bracelet":97,"Whetstone":70,"Ancient Tea Set":22,"Empty Cage":77,"Burning Blood":0,"ClockworkSouvenir":36,"Dream Catcher":22,"Nunchaku":90,"Matryoshka":20,"Tiny Chest":0,"Red Mask":41,"Toxic Egg 2":15,"Astrolabe":30,"Oddly Smooth Stone":20,"Eternal Feather":70,"The Courier":97,"Odd Mushroom":22,"War Paint":53,"White Beast Statue":53,"WarpedTongs":53,"Bronze Scales":36,"Toy Ornithopter":97,"Meat on the Bone":107}],"Toy Ornithopter":0,"Meat on the Bone":0},"card_choices":[{"not_picked":["Dropkick","Perfected Strike"],"picked":"Wild Strike","floor":1.0},{"not_picked":["Pommel Strike","Warcry"],"picked":"Sword Boomerang","floor":3.0},{"not_picked":["Searing Blow","Havoc"],"picked":"Heavy Blade","floor":4.0},{"not_picked":["Berserk","Second Wind"],"picked":"Hemokinesis","floor":5.0},{"not_picked":["Sever Soul","Entrench+1"],"picked":"Whirlwind","floor":6.0},{"not_picked":["Clothesline","Pommel Strike"],"picked":"Battle Trance+1","floor":8.0},{"not_picked":["Sever Soul","Twin Strike"],"picked":"Disarm+1","floor":10.0},{"not_picked":["Sword Boomerang","Clash"],"picked":"Havoc+1","floor":12.0},{"not_picked":["Rage+1","Perfected Strike"],"picked":"Impervious+1","floor":14.0},{"not_picked":["Juggernaut","Bludgeon"],"picked":"Impervious+1","floor":16.0},{"not_picked":["Searing Blow","Sword Boomerang"],"picked":"Fire Breathing+1","floor":18.0},{"not_picked":["Body Slam","Cleave"],"picked":"Warcry+1","floor":19.0},{"not_picked":["Feel No Pain","Pommel Strike"],"picked":"Warcry+1","floor":21.0},{"not_picked":["Searing Blow","Pummel"],"picked":"Flex+1","floor":22.0},{"not_picked":["Cleave","Perfected Strike"],"picked":"Second Wind+1","floor":23.0},{"not_picked":["Ghostly Armor+1","Brutality"],"picked":"Berserk","floor":24.0},{"not_picked":["Warcry+1","Thunderclap","Clash"],"picked":"SKIP","floor":27.0},{"not_picked":["Cleave","Body Slam"],"picked":"Bloodletting+1","floor":28.0},{"not_picked":["Armaments+1","Sever Soul+1"],"picked":"Warcry+1","floor":30.0},{"not_picked":["Anger","Thunderclap"],"picked":"Flame Barrier+1","floor":32.0},{"not_picked":["Fiend Fire","Offering+1"],"picked":"Limit Break+1","floor":33.0},{"not_picked":["Twin Strike+1","Armaments+1","Clash"],"picked":"SKIP","floor":35.0},{"not_picked":["Clash","Clothesline+1"],"picked":"Second Wind+1","floor":37.0},{"not_picked":["Pommel Strike","Anger"],"picked":"Warcry+1","floor":40.0},{"not_picked":["Fiend Fire","Heavy Blade+1","Cleave"],"picked":"SKIP","floor":42.0},{"not_picked":["Body Slam","Brutality"],"picked":"Entrench+1","floor":45.0},{"not_picked":["Pommel Strike","Infernal Blade+1","Whirlwind+1"],"picked":"SKIP","floor":46.0},{"not_picked":["Clash","Twin Strike","Wild Strike+1"],"picked":"SKIP","floor":48.0}],"player_experience":926956,"relics_obtained":[{"floor":6.0,"key":"Toxic Egg 2"},{"floor":8.0,"key":"Matryoshka"},{"floor":9.0,"key":"Oddly Smooth Stone"},{"floor":9.0,"key":"CeramicFish"},{"floor":10.0,"key":"Odd Mushroom"},{"floor":11.0,"key":"Dream Catcher"},{"floor":11.0,"key":"Ancient Tea Set"},{"floor":21.0,"key":"Red Mask"},{"floor":24.0,"key":"War Paint"},{"floor":26.0,"key":"White Beast Statue"},{"floor":27.0,"key":"Vajra"},{"floor":30.0,"key":"Eternal Feather"},{"floor":31.0,"key":"Whetstone"},{"floor":40.0,"key":"Nunchaku"},{"floor":42.0,"key":"Juzu Bracelet"},{"floor":43.0,"key":"Toy Ornithopter"},{"floor":44.0,"key":"The Courier"},{"floor":45.0,"key":"Meat on the Bone"}],"event_choices":[{"damage_healed":0.0,"max_hp_gain":0.0,"max_hp_loss":0.0,"gold_gain":0.0,"event_name":"Match and Keep!","player_choice":"1 cards matched","floor":2.0,"gold_loss":0.0,"damage_taken":0.0,"cards_obtained":["Flex"]},{"damage_healed":0.0,"max_hp_gain":0.0,"max_hp_loss":0.0,"gold_gain":0.0,"event_name":"Mushrooms","player_choice":"Fought Mushrooms","floor":10.0,"gold_loss":0.0,"damage_taken":0.0},{"damage_healed":0.0,"max_hp_gain":0.0,"max_hp_loss":0.0,"gold_gain":0.0,"event_name":"Masked Bandits","player_choice":"Fought Bandits","floor":21.0,"gold_loss":0.0,"damage_taken":0.0},{"damage_healed":0.0,"max_hp_gain":0.0,"max_hp_loss":0.0,"gold_gain":0.0,"event_name":"Accursed Blacksmith","player_choice":"Rummage","floor":25.0,"gold_loss":0.0,"damage_taken":0.0,"relics_obtained":["WarpedTongs"],"cards_obtained":["Pain"]},{"damage_healed":0.0,"max_hp_gain":0.0,"max_hp_loss":0.0,"gold_gain":0.0,"event_name":"Designer","player_choice":"Upgrade","floor":36.0,"gold_loss":50.0,"damage_taken":0.0,"cards_upgraded":["Berserk"]},{"cards_removed":["Fire Breathing"],"damage_healed":0.0,"max_hp_gain":0.0,"max_hp_loss":0.0,"gold_gain":0.0,"event_name":"Falling","player_choice":"Removed Power","floor":39.0,"gold_loss":0.0,"damage_taken":0.0}],"is_beta":false,"boss_relics":[{"not_picked":["SlaversCollar","Snecko Eye"],"picked":"Astrolabe"},{"not_picked":["Tiny House","Coffee Dripper"],"picked":"Empty Cage"}],"items_purged_floors":[29,38,47],"is_endless":false,"potions_floor_spawned":[1,6,8,21,27,28,30,33,35,37,40,42,45,46,48],"killed_by":"Donu and Deca","ascension_level":16}}