{"host":"6xsbn6ynqlzwllfm","time":1612123414,"event":{"mods":["2.2 Compatiblity","BaseMod","Bestiary","Colored Map","Colored Powertips","Curses Come First","Highlight Path","Keyboard Shortcuts","Minty Spire (QoL Compilation)","Relic Stats","Slay the Relics Exporter","StSLib","SuperFastMode"],"gold_per_floor":[109,109,109,121,135,135,135,167,167,92,103,3,33,33,33,33,33],"floor_reached":16,"language":"ENG","playtime":301,"items_purged":["Strike_P","Strike_P"],"score":216,"play_id":"a0dd3961-de78-4d96-9b9a-8b6ecc7050d0","local_time":"20210131150334","is_ascension_mode":true,"campfire_choices":[{"data":"Consecrate","floor":6,"key":"SMITH"},{"data":"Tantrum","floor":15,"key":"SMITH"}],"circlet_count":0,"master_deck":["AscendersBane","Defend_P+1","Defend_P+1","Defend_P","Defend_P","Eruption","Vigilance","CutThroughFate","Consecrate+1","Protect","FlyingSleeves","CrushJoints","Tantrum+1"],"relics":["PureWater","NeowsBlessing","StrikeDummy","White Beast Statue"],"acts_visited":["Exordium"],"potions_floor_usage":[8,13],"damage_taken":[{"damage":0,"enemies":"Jaw Worm","floor":1,"turns":1},{"damage":0,"enemies":"2 Louse","floor":4,"turns":1},{"damage":0,"enemies":"Cultist","floor":5,"turns":1},{"damage":16,"enemies":"3 Sentries","floor":8,"turns":10},{"damage":2,"enemies":"Red Slaver","floor":11,"turns":4},{"damage":8,"enemies":"Lagavulin","floor":13,"turns":5},{"damage":8,"enemies":"Slime Boss","floor":16,"turns":7}],"seed_played":"7984913686445882847","potions_obtained":[{"floor":4,"key":"CultistPotion"},{"floor":11,"key":"StancePotion"}],"is_trial":false,"path_per_floor":["M","?","?","M","M","R","?","E","T","$","M","$","E","$","R","B"],"character_chosen":"WATCHER","items_purchased":[],"campfire_rested":0,"item_purchase_floors":[],"current_hp_per_floor":[61,41,34,34,34,34,34,18,18,18,16,16,8,8,8,0,0],"gold":33,"neow_bonus":"THREE_ENEMY_KILL","is_daily":false,"chose_seed":false,"campfire_upgraded":2,"win_rate":0.0,"timestamp":1612123414,"path_taken":["M","?","?","M","M","R","?","E","T","$","?","$","E","?","R","BOSS"],"items_purchased_type":[],"build_version":"2020-12-22","purchased_purges":2,"victory":false,"max_hp_per_floor":[68,68,68,68,68,68,68,68,68,68,68,68,68,68,68,68,68],"relic_stats":{"counters":[7,29],"obtain_stats":[{"NeowsBlessing":0,"PureWater":0,"StrikeDummy":8,"White Beast Statue":13},{"NeowsBlessing":0,"PureWater":0,"StrikeDummy":4,"White Beast Statue":6},{"NeowsBlessing":0,"PureWater":0,"StrikeDummy":13,"White Beast Statue":22}]},"card_choices":[{"not_picked":["ClearTheMind","Vengeance"],"picked":"CutThroughFate","floor":1},{"not_picked":["Pray","ReachHeaven"],"picked":"Consecrate","floor":4},{"not_picked":["Crescendo","ClearTheMind"],"picked":"Protect","floor":5},{"not_picked":["LikeWater","ReachHeaven"],"picked":"FlyingSleeves","floor":8},{"not_picked":["Halt","ClearTheMind"],"picked":"CrushJoints","floor":11},{"not_picked":["CrushJoints","CutThroughFate"],"picked":"Tantrum","floor":13}],"player_experience":1367007,"relics_obtained":[{"floor":8,"key":"StrikeDummy"},{"floor":13,"key":"White Beast Statue"}],"event_choices":[{"damage_healed":0,"gold_gain":0,"player_choice":"Entered Light","damage_taken":20,"max_hp_gain":0,"max_hp_loss":0,"event_name":"Shining Light","floor":2,"gold_loss":0,"cards_upgraded":["Defend_P","Defend_P"]},{"cards_removed":["Strike_P"],"damage_healed":0,"gold_gain":0,"player_choice":"Card Removal","damage_taken":7,"max_hp_gain":0,"max_hp_loss":0,"event_name":"Golden Wing","floor":3,"gold_loss":0},{"cards_removed":["Strike_P"],"damage_healed":0,"gold_gain":0,"player_choice":"Purged","damage_taken":0,"max_hp_gain":0,"max_hp_loss":0,"event_name":"Purifier","floor":7,"gold_loss":0}],"is_beta":false,"boss_relics":[],"items_purged_floors":[10,12],"is_endless":false,"potions_floor_spawned":[4,11],"killed_by":"Slime Boss","ascension_level":20}}