{"host":"v5j5rnxu2olnd6jo","time":1612111692,"event":{"mods":["BaseMod","Custom Start","DeckTracker","Keyboard Shortcuts","KomeijiMod","Minty Spire (QoL Compilation)","Permanent Neow","Quick Restart","StSLib","SuperFastMode"],"gold_per_floor":[115,115,115,133,149,180,180,195,195,195,184,184,184,203,203,203,203],"floor_reached":16,"language":"KOR","playtime":823,"items_purged":[],"score":102,"play_id":"ecb35c9a-a4b0-47a3-8d38-277ffa37d047","local_time":"20210201014812","is_ascension_mode":false,"campfire_choices":[{"data":"MiraiBunraku","floor":7.0,"key":"SMITH"},{"data":"NingyouFukuhei+1","floor":10.0,"key":"SWEEP"},{"data":"KimairaNoYoku","floor":15,"key":"SMITH"}],"circlet_count":0,"master_deck":["Strike_Komeiji","Strike_Komeiji","Strike_Komeiji","Defend_Komeiji","Defend_Komeiji","Defend_Komeiji","Defend_Komeiji","Dash_Komeiji","NingyouFukuhei+1","MiraiBunraku+1","NingyouSP+1","DochyakuKami+1","NingyouFukuhei+1","LittleLegion","KimairaNoYoku+1"],"relics":["KomeijisEye","SpellCardsRule","MusicBox","NeowsBlessing","Vajra"],"acts_visited":[],"potions_floor_usage":[],"damage_taken":[{"damage":0.0,"enemies":"2 Louse","floor":1.0,"turns":1.0},{"damage":0.0,"enemies":"Cultist","floor":4.0,"turns":2.0},{"damage":0.0,"enemies":"Small Slimes","floor":5.0,"turns":6.0},{"damage":28.0,"enemies":"Gremlin Nob","floor":6.0,"turns":6.0},{"damage":9.0,"enemies":"3 Louse","floor":8.0,"turns":5.0},{"damage":2.0,"enemies":"Exordium Thugs","floor":11.0,"turns":4.0},{"damage":4,"enemies":"Lots of Slimes","floor":14,"turns":4},{"damage":14,"enemies":"Hexaghost","floor":16,"turns":7}],"seed_played":"6219710249727481353","potions_obtained":[{"floor":3.0,"key":"JyouchiReiPotion"},{"floor":3.0,"key":"FairyPotion"},{"floor":3.0,"key":"ColorlessPotion"},{"floor":5.0,"key":"DistilledChaos"},{"floor":8.0,"key":"AttackPotion"},{"floor":11.0,"key":"PpointPotion"}],"is_trial":false,"path_per_floor":["M","?","?","M","M","E","R","M","T","R","M","?","?","M","R","B"],"character_chosen":"KomeijiSatori","items_purchased":[],"campfire_rested":0,"item_purchase_floors":[],"current_hp_per_floor":[50,50,50,50,50,22,22,13,13,18,16,16,16,12,12,0,0],"gold":203,"neow_bonus":"THREE_ENEMY_KILL","is_daily":false,"chose_seed":false,"campfire_upgraded":2,"win_rate":0.0,"timestamp":1612111692,"path_taken":["M","?","?","?","M","E","R","?","T","R","M","?","?","M","R","BOSS"],"items_purchased_type":[],"build_version":"2020-12-22","purchased_purges":0,"victory":false,"max_hp_per_floor":[50,50,50,50,50,50,50,50,50,50,50,50,50,50,50,50,50],"card_choices":[{"not_picked":["NingyouShinki+1","DemonLordCradle"],"picked":"NingyouFukuhei+1","floor":1.0},{"not_picked":["SeekerWire+1","FreezeTouchMe"],"picked":"NingyouSousou+1","floor":4.0},{"not_picked":["KeiseiJin+1","JyouchiJin+1","KouPou+1"],"picked":"SKIP","floor":5.0},{"not_picked":["TenguNoTaiko","FreezeTouchMe"],"picked":"NingyouSP+1","floor":6.0},{"not_picked":["AbyssNova","NingyouShinki+1"],"picked":"DochyakuKami+1","floor":8.0},{"not_picked":["RikonNoKama+1","NingyouSP+1"],"picked":"LittleLegion","floor":11.0},{"not_picked":["Agarareta+1","ShyakuBuku"],"picked":"KimairaNoYoku","floor":14}],"player_experience":892725,"relics_obtained":[{"floor":6.0,"key":"Vajra"}],"event_choices":[{"damage_healed":0.0,"max_hp_gain":0.0,"max_hp_loss":0.0,"gold_gain":0.0,"cards_transformed":["Strike_Komeiji"],"event_name":"Living Wall","player_choice":"Change","floor":2.0,"gold_loss":0.0,"damage_taken":0.0,"cards_obtained":["MiraiBunraku"]},{"damage_healed":0.0,"max_hp_gain":0.0,"max_hp_loss":0.0,"gold_gain":0.0,"event_name":"Lab","player_choice":"Got Potions","floor":3.0,"gold_loss":0.0,"damage_taken":0.0},{"damage_healed":0.0,"max_hp_gain":0.0,"max_hp_loss":0.0,"gold_gain":0.0,"event_name":"Golden Wing","player_choice":"Ignored","floor":12.0,"gold_loss":0.0,"damage_taken":0.0}],"is_beta":false,"boss_relics":[],"items_purged_floors":[],"is_endless":false,"potions_floor_spawned":[5,8,11,14],"killed_by":"Hexaghost","ascension_level":0}}