{"host":"49pjgf1q9ev52n8z","time":1612071036,"event":{"mods":["BaseMod","Bestiary","Colored Map","Minty Spire (QoL Compilation)","Relic Stats","StSLib"],"gold_per_floor":[119,138,156,156,171,202,202,202,202,220,54,54,88,98,98,176,176,186,186,18,34,34,34,34,34,79,79,97,116,116,150,150,150,150],"floor_reached":33,"language":"ENG","playtime":5834,"items_purged":[],"score":536,"play_id":"9dbc15d0-3990-4827-9c30-33ff58466290","local_time":"20210130213036","is_ascension_mode":true,"campfire_choices":[{"floor":7,"key":"REST"},{"floor":12,"key":"REST"},{"data":"Skewer","floor":15,"key":"SMITH"},{"data":"Blade Dance","floor":23,"key":"SMITH"},{"floor":25,"key":"REST"},{"data":"Neutralize","floor":27,"key":"SMITH"},{"floor":30,"key":"REST"},{"data":"Envenom","floor":32,"key":"SMITH"}],"circlet_count":0,"master_deck":["AscendersBane","Strike_G+1","Strike_G+1","Strike_G+1","Defend_G+1","Defend_G+1","Defend_G+1","Defend_G+1","Survivor","Neutralize+1","Venomology","Flying Knee","Skewer+1","Blade Dance+1","Blur","PiercingWail","Poisoned Stab","Dagger Spray","Envenom+1","Concentrate+1","A Thousand Cuts+1","Dagger Throw+1","Backflip","Writhe","Flechettes","Caltrops+1"],"relics":["Ring of the Snake","Dead Branch","Pantograph","Blue Candle","Dream Catcher","Paper Crane","Astrolabe","PreservedInsect","Frozen Egg 2","Bag of Preparation","Matryoshka"],"acts_visited":["Exordium","TheCity"],"potions_floor_usage":[1,3,5,5,6,6,13,13,16,16,28,28,29,31,31],"damage_taken":[{"damage":11,"enemies":"Jaw Worm","floor":1,"turns":9},{"damage":4,"enemies":"2 Louse","floor":2,"turns":4},{"damage":8,"enemies":"Small Slimes","floor":3,"turns":4},{"damage":10,"enemies":"Blue Slaver","floor":5,"turns":4},{"damage":8,"enemies":"3 Sentries","floor":6,"turns":13},{"damage":0,"enemies":"3 Louse","floor":10,"turns":2},{"damage":10,"enemies":"Lagavulin","floor":13,"turns":6},{"damage":0,"enemies":"2 Fungi Beasts","floor":14,"turns":4},{"damage":35,"enemies":"Slime Boss","floor":16,"turns":13},{"damage":8,"enemies":"Chosen","floor":18,"turns":4},{"damage":6,"enemies":"3 Byrds","floor":21,"turns":3},{"damage":15,"enemies":"Shelled Parasite and Fungi","floor":28,"turns":5},{"damage":16,"enemies":"Cultist and Chosen","floor":29,"turns":5},{"damage":8,"enemies":"Book of Stabbing","floor":31,"turns":4},{"damage":107,"enemies":"Champ","floor":33,"turns":12}],"seed_played":"6007662398767635113","potions_obtained":[{"floor":1,"key":"EssenceOfSteel"},{"floor":2,"key":"Ancient Potion"},{"floor":5,"key":"EssenceOfSteel"},{"floor":14,"key":"EssenceOfSteel"},{"floor":18,"key":"EntropicBrew"},{"floor":29,"key":"LiquidBronze"}],"is_trial":false,"path_per_floor":["M","M","M","?","M","E","R","T","T","M","$","R","E","M","R","B",null,"M","?","$","M","?","R","?","R","T","R","M","M","R","E","R","B"],"character_chosen":"THE_SILENT","items_purchased":["Dream Catcher","PreservedInsect"],"campfire_rested":4,"item_purchase_floors":[11,20],"current_hp_per_floor":[48,44,36,29,19,11,30,30,30,30,30,49,39,39,39,29,57,49,49,49,43,43,43,25,46,46,46,31,15,36,28,28,0,0],"gold":150,"neow_bonus":"THREE_RARE_CARDS","is_daily":false,"chose_seed":false,"campfire_upgraded":4,"win_rate":0.0,"timestamp":1612071036,"path_taken":["M","M","M","?","M","E","R","?","T","M","$","R","E","M","R","BOSS","M","?","$","M","?","R","?","R","T","R","M","M","R","E","R","BOSS"],"items_purchased_type":["Relic","Relic"],"build_version":"2020-12-22","purchased_purges":0,"victory":false,"max_hp_per_floor":[66,66,66,66,66,66,66,66,66,66,66,66,66,66,66,66,66,66,66,66,66,66,66,71,71,71,71,71,71,71,71,71,71,71],"relic_stats":{"Dream Catcher":3,"counters":[15,92],"Dead Branch":[85],"Pantograph":50,"Blue Candle":[2],"Astrolabe":["Concentrate","A Thousand Cuts","Dagger Throw"],"PreservedInsect":43,"Bag of Preparation":[8],"obtain_stats":[{"Dream Catcher":11,"Matryoshka":31,"Dead Branch":6,"Pantograph":8,"Blue Candle":9,"Astrolabe":17,"PreservedInsect":20,"Bag of Preparation":26,"Paper Crane":13,"Frozen Egg 2":22,"Ring of the Snake":0},{"Dream Catcher":6,"Matryoshka":14,"Dead Branch":5,"Pantograph":5,"Blue Candle":5,"Astrolabe":9,"PreservedInsect":10,"Bag of Preparation":11,"Paper Crane":7,"Frozen Egg 2":11,"Ring of the Snake":0},{"Dream Catcher":36,"Matryoshka":80,"Dead Branch":34,"Pantograph":34,"Blue Candle":34,"Astrolabe":59,"PreservedInsect":63,"Bag of Preparation":66,"Paper Crane":42,"Frozen Egg 2":66,"Ring of the Snake":0}],"Ring of the Snake":[30]},"card_choices":[{"not_picked":["Glass Knife","Burst"],"picked":"Venomology","floor":0},{"not_picked":["Distraction","Sucker Punch"],"picked":"Flying Knee","floor":1},{"not_picked":["Deflect","Cloak And Dagger"],"picked":"Skewer","floor":2},{"not_picked":["Flying Knee","Masterful Stab"],"picked":"Blade Dance","floor":3},{"not_picked":["Dagger Throw","Deflect"],"picked":"Blur","floor":5},{"not_picked":["Acrobatics","Dodge and Roll"],"picked":"PiercingWail","floor":6},{"not_picked":["Flying Knee","Endless Agony"],"picked":"Poisoned Stab","floor":10},{"not_picked":["Blade Dance","Doppelganger"],"picked":"Dagger Spray","floor":12},{"not_picked":["Underhanded Strike","Reflex","Backflip"],"picked":"SKIP","floor":13},{"not_picked":["Outmaneuver","Cloak And Dagger","Bane"],"picked":"SKIP","floor":14},{"not_picked":["After Image","Corpse Explosion"],"picked":"Envenom","floor":16},{"not_picked":["Underhanded Strike","Dash"],"picked":"Backflip","floor":18},{"not_picked":["Bane","Cloak And Dagger","Outmaneuver+1"],"picked":"SKIP","floor":21},{"not_picked":["Slice+1","Deadly Poison","Prepared"],"picked":"SKIP","floor":28},{"not_picked":["Backflip","Blade Dance","Deadly Poison"],"picked":"SKIP","floor":29},{"not_picked":["Poisoned Stab","Flying Knee"],"picked":"Flechettes","floor":30},{"not_picked":["Blur","Deadly Poison"],"picked":"Caltrops+1","floor":31}],"player_experience":656798,"relics_obtained":[{"floor":6,"key":"Dead Branch"},{"floor":8,"key":"Pantograph"},{"floor":9,"key":"Blue Candle"},{"floor":13,"key":"Paper Crane"},{"floor":26,"key":"Bag of Preparation"},{"floor":31,"key":"Matryoshka"}],"event_choices":[{"cards_removed":["Regret"],"damage_healed":0,"gold_gain":0,"player_choice":"Card Removal","damage_taken":7,"max_hp_gain":0,"max_hp_loss":0,"event_name":"Golden Wing","floor":4,"gold_loss":0},{"damage_healed":0,"gold_gain":0,"player_choice":"Simplicity","damage_taken":0,"max_hp_gain":0,"max_hp_loss":0,"event_name":"Back to Basics","floor":19,"gold_loss":0,"cards_upgraded":["Strike_G","Strike_G","Strike_G","Defend_G","Defend_G","Defend_G","Defend_G"]},{"damage_healed":0,"gold_gain":0,"player_choice":"Opened","damage_taken":0,"relics_obtained":["Frozen Egg 2"],"max_hp_gain":0,"max_hp_loss":0,"event_name":"The Mausoleum","floor":22,"gold_loss":0,"cards_obtained":["Writhe"]},{"damage_healed":0,"gold_gain":0,"player_choice":"Shed Blood","damage_taken":23,"max_hp_gain":5,"max_hp_loss":0,"event_name":"Forgotten Altar","floor":24,"gold_loss":0}],"is_beta":false,"boss_relics":[{"not_picked":["Tiny House","HoveringKite"],"picked":"Astrolabe"}],"items_purged_floors":[],"is_endless":false,"potions_floor_spawned":[1,2,5,14,18,28,29],"killed_by":"Champ","ascension_level":19}}