{"host":"2x189hkb4impm2gi","time":1612130870,"event":{"mods":["BaseMod","Colored Map","Colored Powertips","Minty Spire (QoL Compilation)"],"gold_per_floor":[116,135,147,159,178,209,209,223,223,242,253,282,302,313,313,418,418,430,448,448,461,480,508,508,521,521,540,573,583,600,600,600],"floor_reached":31,"language":"ENG","playtime":2399,"items_purged":[],"score":326,"play_id":"5a176a8d-f891-4e5a-bf86-0f7530f97c04","local_time":"20210131170750","is_ascension_mode":false,"campfire_choices":[{"data":"Heavy Blade","floor":7,"key":"SMITH"},{"data":"Spot Weakness","floor":15,"key":"SMITH"},{"data":"Heavy Blade","floor":24,"key":"SMITH"}],"circlet_count":0,"master_deck":["Strike_R","Strike_R","Strike_R","Strike_R","Strike_R","Defend_R","Defend_R","Defend_R","Defend_R","Bash","Heavy Blade","Inflame","Iron Wave","Inflame","Heavy Blade+1","Spot Weakness","Armaments","Bloodletting","Flex","Spot Weakness+1","Flex","Shrug It Off","Double Tap","Thunderclap+1","Inflame","Heavy Blade+1","Fire Breathing","Power Through+1","Heavy Blade+1","Pommel Strike+1","Clothesline","Spot Weakness","Twin Strike","Armaments+1"],"relics":["Burning Blood","Champion Belt","Torii","Charon\u0027s Ashes","Busted Crown","TungstenRod","Sundial","InkBottle"],"acts_visited":["Exordium","TheCity"],"potions_floor_usage":[12,12,12,16,16,27,28,28,31],"damage_taken":[{"damage":1,"enemies":"Cultist","floor":1,"turns":4},{"damage":7,"enemies":"2 Louse","floor":2,"turns":2},{"damage":3,"enemies":"Small Slimes","floor":3,"turns":3},{"damage":14,"enemies":"Blue Slaver","floor":4,"turns":4},{"damage":0,"enemies":"Large Slime","floor":5,"turns":4},{"damage":31,"enemies":"Lagavulin","floor":6,"turns":6},{"damage":17,"enemies":"3 Louse","floor":8,"turns":3},{"damage":5,"enemies":"Lots of Slimes","floor":10,"turns":6},{"damage":0,"enemies":"2 Fungi Beasts","floor":11,"turns":3},{"damage":20,"enemies":"Gremlin Nob","floor":12,"turns":5},{"damage":20,"enemies":"Gremlin Gang","floor":13,"turns":6},{"damage":13,"enemies":"Red Slaver","floor":14,"turns":2},{"damage":17,"enemies":"The Guardian","floor":16,"turns":8},{"damage":1,"enemies":"Shell Parasite","floor":18,"turns":2},{"damage":23,"enemies":"2 Thieves","floor":19,"turns":4},{"damage":17,"enemies":"3 Cultists","floor":21,"turns":5},{"damage":12,"enemies":"Centurion and Healer","floor":22,"turns":3},{"damage":6,"enemies":"Gremlin Leader","floor":23,"turns":4},{"damage":0,"enemies":"Cultist and Chosen","floor":25,"turns":4},{"damage":16,"enemies":"3 Cultists","floor":27,"turns":5},{"damage":38,"enemies":"Slavers","floor":28,"turns":5},{"damage":16,"enemies":"Shelled Parasite and Fungi","floor":29,"turns":3},{"damage":12,"enemies":"Snecko","floor":30,"turns":4},{"damage":14,"enemies":"3 Cultists","floor":31,"turns":3}],"seed_played":"-5300088556492166176","potions_obtained":[{"floor":2,"key":"Swift Potion"},{"floor":8,"key":"ColorlessPotion"},{"floor":11,"key":"PowerPotion"},{"floor":13,"key":"Weak Potion"},{"floor":14,"key":"Explosive Potion"},{"floor":16,"key":"AttackPotion"},{"floor":22,"key":"AttackPotion"},{"floor":23,"key":"LiquidBronze"},{"floor":27,"key":"Regen Potion"},{"floor":28,"key":"DuplicationPotion"},{"floor":29,"key":"GamblersBrew"}],"is_trial":false,"path_per_floor":["M","M","M","M","M","E","R","M","T","M","M","E","M","M","R","B",null,"M","M","?","M","M","E","R","M","T","M","E","M","M","M"],"character_chosen":"IRONCLAD","items_purchased":[],"campfire_rested":0,"item_purchase_floors":[],"current_hp_per_floor":[88,87,88,80,86,61,61,50,50,51,57,43,29,22,22,11,88,88,71,71,60,54,54,54,60,60,50,30,20,14,0,0],"gold":600,"neow_bonus":"TEN_PERCENT_HP_BONUS","is_daily":false,"chose_seed":false,"campfire_upgraded":3,"win_rate":0.0,"timestamp":1612130870,"path_taken":["M","M","M","M","M","E","R","M","T","M","M","E","?","M","R","BOSS","M","M","?","M","?","E","R","M","T","M","E","M","M","M"],"items_purchased_type":[],"build_version":"2020-12-22","purchased_purges":0,"victory":false,"max_hp_per_floor":[88,88,88,88,88,88,88,88,88,88,88,88,88,88,88,88,88,88,88,88,88,88,88,88,88,88,88,88,88,88,88,88],"card_choices":[{"not_picked":["Thunderclap","Perfected Strike"],"picked":"Heavy Blade","floor":1},{"not_picked":["Heavy Blade","Fire Breathing"],"picked":"Inflame","floor":2},{"not_picked":["Bloodletting","Disarm"],"picked":"Iron Wave","floor":3},{"not_picked":["Seeing Red","Ghostly Armor"],"picked":"Inflame","floor":4},{"not_picked":["Dark Embrace","Dropkick"],"picked":"Heavy Blade","floor":5},{"not_picked":["Pommel Strike","Hemokinesis"],"picked":"Spot Weakness","floor":6},{"not_picked":["Warcry","Body Slam"],"picked":"Armaments","floor":8},{"not_picked":["Twin Strike","Hemokinesis"],"picked":"Bloodletting","floor":10},{"not_picked":["Cleave","Juggernaut"],"picked":"Flex","floor":11},{"not_picked":["Heavy Blade","Iron Wave"],"picked":"Spot Weakness","floor":12},{"not_picked":["Clash","Perfected Strike"],"picked":"Flex","floor":13},{"not_picked":["Warcry","Clash"],"picked":"Shrug It Off","floor":14},{"not_picked":["Offering","Berserk"],"picked":"Double Tap","floor":16},{"not_picked":[],"picked":"Thunderclap+1","floor":18},{"not_picked":[],"picked":"Inflame","floor":19},{"not_picked":[],"picked":"Fire Breathing","floor":21},{"not_picked":[],"picked":"Power Through+1","floor":22},{"not_picked":[],"picked":"Heavy Blade","floor":23},{"not_picked":[],"picked":"Pommel Strike+1","floor":25},{"not_picked":[],"picked":"Clothesline","floor":27},{"not_picked":[],"picked":"Spot Weakness","floor":28},{"not_picked":[],"picked":"Twin Strike","floor":29},{"not_picked":[],"picked":"Armaments+1","floor":30}],"player_experience":14858,"relics_obtained":[{"floor":6,"key":"Champion Belt"},{"floor":9,"key":"Torii"},{"floor":12,"key":"Charon\u0027s Ashes"},{"floor":23,"key":"TungstenRod"},{"floor":26,"key":"Sundial"},{"floor":28,"key":"InkBottle"}],"event_choices":[{"damage_healed":0,"gold_gain":0,"player_choice":"Copied","damage_taken":0,"max_hp_gain":0,"max_hp_loss":0,"event_name":"Duplicator","floor":20,"gold_loss":0,"cards_obtained":["Heavy Blade"]}],"is_beta":false,"boss_relics":[{"not_picked":["SacredBark","Runic Pyramid"],"picked":"Busted Crown"}],"items_purged_floors":[],"is_endless":false,"potions_floor_spawned":[2,8,11,13,14,16,22,23,27,28,29],"killed_by":"3 Cultists","ascension_level":0}}