{"host":"99l0i25nwwr6z99u","time":1612123375,"event":{"mods":["Act Like it!","BaseMod","Colored Map","Colored Powertips","Downfall","Googly Eyes","Minty Spire (QoL Compilation)","Quick Restart","StSLib"],"gold_per_floor":[99,118,137,137,155,165,213,213,1,101,118,146,146,179,191,191,191,191],"floor_reached":16,"language":"ENG","playtime":725,"items_purged":[],"score":199,"play_id":"fb47f4a5-8036-4346-9b60-8bf0162987a1","local_time":"20210131150255","is_ascension_mode":true,"campfire_choices":[{"floor":1,"key":"DIG"},{"floor":8,"key":"DIG"},{"floor":13,"key":"REST"}],"circlet_count":0,"master_deck":["sneckomod:Strike","sneckomod:Strike","sneckomod:Strike","sneckomod:Defend","sneckomod:Defend","sneckomod:Defend","sneckomod:TailWhip","sneckomod:SnekBite","sneckomod:Unknown","sneckomod:Unknown","sneckomod:UnknownStrength","sneckomod:RainOfDice","sneckomod:DiceBlock","sneckomod:SoulDraw","sneckomod:Nope","sneckomod:SoulCleanse","sneckomod:SoulExchange","sneckomod:UnendingSupply","sneckomod:MasterEye","Consecrate"],"relics":["sneckomod:SneckoSoul","Shovel","sneckomod:LoadedDie","Potion Belt","Orichalcum","Vajra","downfall:GremlinWheel","sneckomod:ConfusingCodex","Nunchaku","Singing Bowl"],"acts_visited":["Exordium"],"potions_floor_usage":[3,6,12,16],"damage_taken":[{"damage":0,"enemies":"2 Louse","floor":2,"turns":2},{"damage":0,"enemies":"Cultist","floor":3,"turns":4},{"damage":6,"enemies":"Small Slimes","floor":5,"turns":3},{"damage":4,"enemies":"Red Slaver","floor":6,"turns":2},{"damage":3,"enemies":"downfall:FleeingMerchant","floor":9,"turns":4},{"damage":14,"enemies":"downfall:FleeingMerchant","floor":10,"turns":4},{"damage":15,"enemies":"Lots of Slimes","floor":11,"turns":4},{"damage":0,"enemies":"Lagavulin","floor":12,"turns":6},{"damage":19,"enemies":"Gremlin Nob","floor":14,"turns":5},{"damage":7,"enemies":"Exordium Wildlife","floor":15,"turns":2},{"damage":16,"enemies":"SI_SHIV_ARCHETYPE","floor":16,"turns":3}],"seed_played":"-8696042937414480153","potions_obtained":[{"floor":2,"key":"AttackPotion"},{"floor":5,"key":"SkillPotion"},{"floor":10,"key":"BlessingOfTheForge"},{"floor":12,"key":"FearPotion"},{"floor":15,"key":"Slimebound:ThreeZeroPotion"}],"is_trial":false,"path_per_floor":["R","M","M","?","M","M","T","R","$","?","M","E","R","E","M","B"],"character_chosen":"THE_SNECKO","items_purchased":["Vajra","sneckomod:Nope"],"campfire_rested":1,"item_purchase_floors":[9,9],"current_hp_per_floor":[57,57,57,57,51,47,47,47,44,30,15,15,42,23,16,0,0,0],"gold":191,"neow_bonus":"ONE_RARE_RELIC","is_daily":false,"chose_seed":false,"campfire_upgraded":0,"win_rate":0.0,"timestamp":1612123375,"path_taken":["R","M","M","?","?","M","T","R","$","?","M","E","R","E","M","BOSS"],"items_purchased_type":["Relic","Card"],"build_version":"2020-12-22","purchased_purges":0,"victory":false,"max_hp_per_floor":[90,90,90,90,90,90,90,90,90,90,90,90,90,90,90,90,90,90],"card_choices":[{"not_picked":["sneckomod:Nope","sneckomod:SoulRoll"],"picked":"sneckomod:UnknownStrength","floor":2},{"not_picked":["sneckomod:DiceBlock","sneckomod:Memorize"],"picked":"sneckomod:RainOfDice","floor":3},{"not_picked":["sneckomod:UnknownColorless","sneckomod:SoulRoll"],"picked":"sneckomod:UnknownCommonAttack","floor":5},{"not_picked":["sneckomod:UnknownDraw","sneckomod:UnknownCommonSkill"],"picked":"sneckomod:DiceBlock","floor":6},{"not_picked":["sneckomod:Unknown1Cost","sneckomod:SnekBeam"],"picked":"sneckomod:SoulDraw","floor":9},{"not_picked":["sneckomod:SoulRoll","sneckomod:SoulDraw","sneckomod:SoulCleanse"],"picked":"SKIP","floor":11},{"not_picked":["sneckomod:SoulRoll","sneckomod:SoulDraw"],"picked":"sneckomod:SoulCleanse","floor":11},{"not_picked":["sneckomod:UnknownStrike","sneckomod:RainOfDice"],"picked":"sneckomod:SoulExchange","floor":12},{"not_picked":["sneckomod:DefensiveFlair","sneckomod:UnknownUncommonPower"],"picked":"sneckomod:UnendingSupply","floor":14},{"not_picked":["sneckomod:SoulCleanse","sneckomod:Unknown1Cost"],"picked":"sneckomod:MasterEye","floor":15}],"player_experience":966714,"relics_obtained":[{"floor":1,"key":"sneckomod:LoadedDie"},{"floor":7,"key":"Potion Belt"},{"floor":8,"key":"Orichalcum"},{"floor":10,"key":"downfall:GremlinWheel"},{"floor":12,"key":"sneckomod:ConfusingCodex"},{"floor":13,"key":"Nunchaku"},{"floor":14,"key":"Singing Bowl"}],"event_choices":[{"damage_healed":0,"gold_gain":0,"player_choice":"Relic","damage_taken":0,"max_hp_gain":0,"max_hp_loss":0,"event_name":"Wheel of Change","floor":13,"gold_loss":0}],"is_beta":false,"boss_relics":[],"items_purged_floors":[],"is_endless":false,"potions_floor_spawned":[2,5,10,12,15],"killed_by":"SI_SHIV_ARCHETYPE","ascension_level":9}}