{"host":"nwd160me4iqdtr8u","time":1612073173,"event":{"mods":["AchievementEnabler","Act Like it!","BaseMod","Colored Map","DeckTracker","Keyboard Shortcuts","Minty Spire (QoL Compilation)","Quick Restart","Rare Cards Sparkle","StSLib","SuperFastMode","everything is the same but u backflip on backflip"],"gold_per_floor":[20,20,36,49,49,49,72,72,153,191,205,61,105,120,120,239,239,262,286,39,52,52,52,52,52],"floor_reached":24,"language":"KOR","playtime":959,"items_purged":[],"score":260,"play_id":"b8dde31a-0474-4eaa-8930-ecbdb003fc90","local_time":"20210131150613","is_ascension_mode":true,"campfire_choices":[{"data":"Consume","floor":6.0,"key":"SMITH"},{"data":"Defragment","floor":15.0,"key":"SMITH"},{"data":"Defragment","floor":23,"key":"SMITH"}],"circlet_count":0,"master_deck":["Strike_B","Strike_B","Defend_B","Defend_B","Defend_B","Defend_B","Zap","Dualcast","Machine Learning","Core Surge","Doom and Gloom","Consume+1","Glacier","Cold Snap","Defragment+1","Glacier","Reboot","CurseOfTheBell","Go for the Eyes","Defragment+1","Coolheaded","Undo","Scrape+1"],"relics":["Cracked Core","Golden Idol","MealTicket","Bottled Flame","Meat on the Bone","Bag of Marbles","Prayer Wheel","Calling Bell","Toy Ornithopter","StrikeDummy","Bird Faced Urn","White Beast Statue"],"acts_visited":["Exordium","TheCity"],"potions_floor_usage":[18,21,24,24],"damage_taken":[{"damage":2.0,"enemies":"Jaw Worm","floor":1.0,"turns":2.0},{"damage":0.0,"enemies":"2 Louse","floor":3.0,"turns":1.0},{"damage":6.0,"enemies":"Cultist","floor":4.0,"turns":3.0},{"damage":6.0,"enemies":"Blue Slaver","floor":7.0,"turns":3.0},{"damage":11.0,"enemies":"3 Sentries","floor":10.0,"turns":8.0},{"damage":5.0,"enemies":"Looter","floor":11.0,"turns":3.0},{"damage":20.0,"enemies":"Gremlin Nob","floor":13.0,"turns":5.0},{"damage":7.0,"enemies":"Exordium Wildlife","floor":14.0,"turns":4.0},{"damage":33.0,"enemies":"Hexaghost","floor":16.0,"turns":18.0},{"damage":32,"enemies":"3 Byrds","floor":18,"turns":7},{"damage":7,"enemies":"Chosen","floor":19,"turns":6},{"damage":9,"enemies":"Snake Plant","floor":21,"turns":3},{"damage":81,"enemies":"Gremlin Leader","floor":24,"turns":10}],"seed_played":"1516254134279415485","potions_obtained":[{"floor":1.0,"key":"Regen Potion"},{"floor":3.0,"key":"Explosive Potion"},{"floor":4.0,"key":"EssenceOfSteel"},{"floor":10.0,"key":"FocusPotion"},{"floor":18,"key":"DistilledChaos"},{"floor":21,"key":"SteroidPotion"}],"is_trial":false,"path_per_floor":["M","?","M","M","?","R","M","T","T","E","M","$","E","M","R","B",null,"M","M","$","M","?","R","E"],"character_chosen":"DEFECT","items_purchased":["Bag of Marbles","White Beast Statue"],"campfire_rested":0,"item_purchase_floors":[12,20],"current_hp_per_floor":[73,69,69,63,68,68,62,62,62,51,46,61,41,46,46,25,62,39,46,61,63,63,63,0,0],"gold":52,"neow_bonus":"TRANSFORM_TWO_CARDS","is_daily":false,"chose_seed":false,"campfire_upgraded":3,"win_rate":0.0,"timestamp":1612073173,"path_taken":["M","?","M","M","?","R","M","?","T","E","?","$","E","M","R","BOSS","M","M","$","M","?","R","E"],"items_purchased_type":["Relic","Relic"],"build_version":"2020-12-22","purchased_purges":0,"victory":false,"max_hp_per_floor":[75,69,69,69,74,74,74,74,74,74,74,74,74,74,74,74,74,74,74,74,74,74,74,74,74],"card_choices":[{"not_picked":["Lockon","Hello World"],"picked":"Doom and Gloom","floor":1.0},{"not_picked":["Sweeping Beam","Hello World","Turbo"],"picked":"SKIP","floor":3.0},{"not_picked":["Chill","Blizzard"],"picked":"Consume","floor":4.0},{"not_picked":["Heatsinks","Reprogram"],"picked":"Glacier","floor":7.0},{"not_picked":["Gash","Compile Driver"],"picked":"Cold Snap","floor":10.0},{"not_picked":["Gash","Redo"],"picked":"Defragment","floor":11.0},{"not_picked":["Gash","Darkness","Hello World"],"picked":"SKIP","floor":13.0},{"not_picked":["Conserve Battery","Rebound"],"picked":"Glacier","floor":14.0},{"not_picked":["Rebound","Lockon","Beam Cell"],"picked":"SKIP","floor":14.0},{"not_picked":["Creative AI","All For One"],"picked":"Reboot","floor":16.0},{"not_picked":["Barrage","Streamline"],"picked":"Go for the Eyes","floor":18},{"not_picked":["Hologram","Consume","Conserve Battery"],"picked":"SKIP","floor":18},{"not_picked":["Hologram","Conserve Battery+1"],"picked":"Defragment","floor":19},{"not_picked":["Stack","Double Energy"],"picked":"Coolheaded","floor":19},{"not_picked":["Storm","Gash"],"picked":"Undo","floor":21},{"not_picked":["Leap+1","Gash"],"picked":"Scrape+1","floor":21}],"player_experience":333825,"relics_obtained":[{"floor":8.0,"key":"MealTicket"},{"floor":9.0,"key":"Bottled Flame"},{"floor":10.0,"key":"Meat on the Bone"},{"floor":13.0,"key":"Prayer Wheel"},{"floor":17.0,"key":"Toy Ornithopter"},{"floor":17.0,"key":"StrikeDummy"},{"floor":17.0,"key":"Bird Faced Urn"}],"event_choices":[{"damage_healed":0.0,"max_hp_gain":0.0,"max_hp_loss":6.0,"gold_gain":0.0,"event_name":"Golden Idol","player_choice":"Lose Max HP","floor":2.0,"gold_loss":0.0,"damage_taken":0.0,"relics_obtained":["Golden Idol"]},{"damage_healed":0.0,"max_hp_gain":5.0,"max_hp_loss":0.0,"gold_gain":0.0,"event_name":"Big Fish","player_choice":"Donut","floor":5.0,"gold_loss":0.0,"damage_taken":0.0}],"is_beta":false,"boss_relics":[{"not_picked":["Ectoplasm","Velvet Choker"],"picked":"Calling Bell"}],"items_purged_floors":[],"is_endless":false,"potions_floor_spawned":[1,3,4,10,18,21],"killed_by":"Gremlin Leader","ascension_level":5}}