{"host":"yqkaigvm5ejtkgd3","time":1612126323,"event":{"mods":["AlwaysNeverKeys","Aspiration","BaseMod","BetterRewards","Colored Powertips","Conspire","Custom Start","Defuse TimeMaze Blight","Energized Spire","GifTheSpireLib","Minty Spire (QoL Compilation)","Permanent Neow","Reliquary","Replay The Spire","Reworked Bosses","SacredBarkPlus","Shop Mod","StSLib","The Forsaken","The IronCluck","Transform Curses"],"gold_per_floor":[115,169,180,231,243,270,270,286,286,303,319,354,354,381,381,484,484,501,501,501,346,346,371,389,417,417,258,173,173,202,228,228,242,242],"floor_reached":33,"language":"ENG","playtime":2447,"items_purged":[],"score":387,"play_id":"d70f38f3-07ba-471c-bd32-0b66c3c536f4","local_time":"20210131215203","is_ascension_mode":true,"campfire_choices":[{"data":"Body Slam","floor":7.0,"key":"SMITH"},{"data":"Berserk","floor":15.0,"key":"SMITH"},{"data":"Armaments","floor":29,"key":"SMITH"}],"circlet_count":0,"master_deck":["Strike_R","Strike_R","Strike_R","Strike_R+1","Defend_R","Defend_R+1","Defend_R","Defend_R","Bash","Hemokinesis","Body Slam+1","Hemokinesis","Heavy Blade","Rage","Uppercut","Armaments+1","Rampage","Armaments","Berserk+1","Demon Form","Shrug It Off+1","Uppercut","Replay:Undeath\u0027s Touch","Replay:Undeath\u0027s Touch","Sword Boomerang"],"relics":["Burning Blood","Tiny Chest","Replay:Ringing Soul","Simple Rune","aspiration:StickyExplosives_weak","Lizard Tail","reliquary:MedicineBall","conspire:RoyalGoblet","InkBottle","MutagenicStrength","Membership Card","Replay:Baseball","conspire:Boomerang","WingedGreaves","Replay:Wax Seal","reliquary:Aerogel","Chemical X","Paper Frog","Vajra","Replay:Bandana"],"acts_visited":["Exordium","TheCity"],"potions_floor_usage":[30,30],"damage_taken":[{"damage":5.0,"enemies":"Small Slimes","floor":1.0,"turns":4.0},{"damage":8.0,"enemies":"Jaw Worm","floor":3.0,"turns":4.0},{"damage":3.0,"enemies":"2 Louse","floor":5.0,"turns":2.0},{"damage":10.0,"enemies":"Gremlin Nob","floor":6.0,"turns":3.0},{"damage":7.0,"enemies":"Looter","floor":8.0,"turns":3.0},{"damage":4.0,"enemies":"2 Fungi Beasts","floor":10.0,"turns":2.0},{"damage":12.0,"enemies":"Large Slime","floor":11.0,"turns":4.0},{"damage":10.0,"enemies":"3 Sentries","floor":12.0,"turns":7.0},{"damage":27.0,"enemies":"Gremlin Nob","floor":14.0,"turns":4.0},{"damage":51.0,"enemies":"Fading Forest","floor":16.0,"turns":11.0},{"damage":33.0,"enemies":"3 Byrds","floor":18.0,"turns":6.0},{"damage":14.0,"enemies":"conspire:Head Lice","floor":23.0,"turns":8.0},{"damage":15.0,"enemies":"Shell Parasite","floor":24.0,"turns":5.0},{"damage":38,"enemies":"Gremlin Leader","floor":25,"turns":5},{"damage":30,"enemies":"Book of Stabbing","floor":30,"turns":4},{"damage":98,"enemies":"bossMod:newCollector","floor":33,"turns":7}],"seed_played":"3844290889788739606","potions_obtained":[{"floor":1.0,"key":"EssenceOfSteel"},{"floor":2.0,"key":"Languid Potion"},{"floor":8.0,"key":"Toxic Potion"},{"floor":14.0,"key":"SpeedPotion"},{"floor":16.0,"key":"SteroidPotion"},{"floor":18.0,"key":"SteroidPotion"},{"floor":24.0,"key":"ElixirPotion"},{"floor":30,"key":"Strength Potion"}],"is_trial":false,"path_per_floor":["M","?","M","?","M","E","R","M","T","M","M","E","?","E","R","B",null,"M","T","?","$","?","E","M","E","T","$","?","R","E","T","R","B"],"character_chosen":"IRONCLAD","items_purchased":["Membership Card","Replay:Wax Seal","reliquary:Aerogel","Chemical X"],"campfire_rested":0,"item_purchase_floors":[21,27,27,27],"current_hp_per_floor":[80,63,64,64,70,69,69,71,71,76,73,72,72,54,54,12,110,86,86,86,86,86,81,75,46,46,46,46,46,25,25,25,0,0],"gold":242,"neow_bonus":"RANDOM_COMMON_RELIC","is_daily":false,"chose_seed":false,"campfire_upgraded":3,"win_rate":0.0,"timestamp":1612126323,"path_taken":["M","?","M","?","M","E","R","M","T","M","M","E","?","E","R","BOSS","M","?","?","$","?","E","M","E","T","$","?","R","E","?","R","BOSS"],"items_purchased_type":["Relic","Relic","Relic","Relic"],"build_version":"2020-12-22","purchased_purges":0,"victory":false,"max_hp_per_floor":[80,83,86,86,89,92,92,95,95,98,101,104,104,107,107,110,110,113,113,113,113,113,116,119,122,122,122,122,122,125,125,125,125,125],"card_choices":[{"not_picked":["Anger","Run Through"],"picked":"Hemokinesis","floor":1.0},{"not_picked":["Sever Soul","Anger"],"picked":"Body Slam","floor":2.0},{"not_picked":["Heavy Blade","Brutality"],"picked":"Hemokinesis","floor":3.0},{"not_picked":["Clash","Havoc"],"picked":"Heavy Blade","floor":5.0},{"not_picked":["True Grit","ReplayTheSpireMod:Limb From Limb"],"picked":"Rage","floor":6.0},{"not_picked":["Cleave","Shrug It Off"],"picked":"Uppercut","floor":8.0},{"not_picked":["Twin Strike","Perfected Strike"],"picked":"Armaments","floor":10.0},{"not_picked":["Bludgeon","Armaments"],"picked":"Rampage","floor":11.0},{"not_picked":["Replay:Undeath\u0027s Touch","Sword Boomerang"],"picked":"Armaments","floor":12.0},{"not_picked":["Defy Death","Thunderclap"],"picked":"Berserk","floor":14.0},{"not_picked":["Replay:Many Hands","conspire:HitWhereItHurts"],"picked":"Demon Form","floor":16.0},{"not_picked":["Pommel Strike","True Grit"],"picked":"Shrug It Off+1","floor":18.0},{"not_picked":["Wild Strike+1","Replay:Undeath\u0027s Touch"],"picked":"Uppercut","floor":23.0},{"not_picked":["Bludgeon","Wild Strike"],"picked":"Replay:Undeath\u0027s Touch","floor":24.0},{"not_picked":["Bludgeon","Dropkick"],"picked":"Replay:Undeath\u0027s Touch","floor":25},{"not_picked":["Sentinel","Hemokinesis"],"picked":"Sword Boomerang","floor":30}],"player_experience":320393,"relics_obtained":[{"floor":2.0,"key":"Replay:Ringing Soul"},{"floor":6.0,"key":"Simple Rune"},{"floor":9.0,"key":"aspiration:StickyExplosives_weak"},{"floor":12.0,"key":"Lizard Tail"},{"floor":14.0,"key":"reliquary:MedicineBall"},{"floor":19.0,"key":"InkBottle"},{"floor":23.0,"key":"Replay:Baseball"},{"floor":25,"key":"conspire:Boomerang"},{"floor":26,"key":"WingedGreaves"},{"floor":30,"key":"Vajra"},{"floor":31,"key":"Replay:Bandana"}],"event_choices":[{"damage_healed":0.0,"max_hp_gain":0.0,"max_hp_loss":0.0,"gold_gain":51.0,"event_name":"Golden Wing","player_choice":"Gained Gold","floor":4.0,"gold_loss":0.0,"damage_taken":0.0},{"damage_healed":0.0,"max_hp_gain":0.0,"max_hp_loss":0.0,"gold_gain":0.0,"event_name":"Drug Dealer","player_choice":"Inject Mutagens","floor":20.0,"gold_loss":0.0,"damage_taken":0.0,"relics_obtained":["MutagenicStrength"]},{"damage_healed":0,"gold_gain":0,"player_choice":"Obtained Relic","damage_taken":0,"relics_obtained":["Paper Frog"],"max_hp_gain":0,"max_hp_loss":0,"event_name":"Addict","floor":28,"gold_loss":85},{"damage_healed":0,"gold_gain":0,"player_choice":"Leave","damage_taken":0,"max_hp_gain":0,"max_hp_loss":0,"event_name":"conspire:Investor","floor":32,"gold_loss":0}],"is_beta":false,"boss_relics":[{"not_picked":["Sozu","conspire:SpecialSausage"],"picked":"conspire:RoyalGoblet"}],"items_purged_floors":[],"is_endless":false,"potions_floor_spawned":[1,8,14,16,18,24,30],"killed_by":"bossMod:newCollector","ascension_level":1}}