{"host":"qm4rv4rkpk76sbxu","time":1612129053,"event":{"mods":["BaseMod","Bestiary","Block Reminder","DeckTracker","Filter the Spire","Keyboard Shortcuts","Minty Spire (QoL Compilation)","MonsterHotkey","Quick Restart","Random Character Button","Relic Stats","Slay-I","StSLib","Unceasing Turn Reminder","ojb\u0027s Better Paths Mod","ojb\u0027s Info Mod"],"gold_per_floor":[116,126,4,4,14,42,42,74,74,74,74,74],"floor_reached":11,"language":"ENG","playtime":601,"items_purged":[],"score":162,"play_id":"8714dcfe-094b-4085-9a19-f008e407a7c0","local_time":"20210131223733","is_ascension_mode":true,"campfire_choices":[{"data":"Wraith Form v2","floor":10.0,"key":"SMITH"}],"circlet_count":0,"master_deck":["AscendersBane","Strike_G","Strike_G","Strike_G","Strike_G","Defend_G","Defend_G","Defend_G","Defend_G","Defend_G","Survivor","Neutralize","Slice","Dash","Terror","Skewer","Burst","Finisher","Wraith Form v2+1"],"relics":["Ring of the Snake","NeowsBlessing","Omamori","StrikeDummy","Blue Candle"],"acts_visited":["Exordium"],"potions_floor_usage":[11],"damage_taken":[{"damage":0.0,"enemies":"Jaw Worm","floor":1.0,"turns":1.0},{"damage":0.0,"enemies":"Cultist","floor":2.0,"turns":1.0},{"damage":0.0,"enemies":"2 Louse","floor":5.0,"turns":1.0},{"damage":22.0,"enemies":"Gremlin Nob","floor":6.0,"turns":4.0},{"damage":30.0,"enemies":"Lagavulin","floor":8.0,"turns":9.0},{"damage":28,"enemies":"3 Sentries","floor":11,"turns":8}],"seed_played":"7057858934403906837","potions_obtained":[{"floor":6.0,"key":"Dexterity Potion"},{"floor":8.0,"key":"Regen Potion"}],"is_trial":false,"path_per_floor":["M","M","$","?","M","E","?","E","T","R","E"],"character_chosen":"THE_SILENT","items_purchased":["Terror","Skewer"],"campfire_rested":0,"item_purchase_floors":[3,3],"current_hp_per_floor":[59,59,59,59,59,37,37,7,7,7,0,0],"gold":74,"neow_bonus":"THREE_ENEMY_KILL","is_daily":false,"chose_seed":false,"campfire_upgraded":1,"win_rate":0.0,"timestamp":1612129053,"path_taken":["M","M","$","?","?","E","?","E","T","R","E"],"items_purchased_type":["Card","Card"],"build_version":"2020-12-22","purchased_purges":0,"victory":false,"max_hp_per_floor":[66,66,66,66,66,66,66,66,66,66,66,66],"relic_stats":{"counters":[6,24],"Blue Candle":[0],"obtain_stats":[{"NeowsBlessing":0,"Blue Candle":9,"Omamori":6,"StrikeDummy":8,"Ring of the Snake":0},{"NeowsBlessing":0,"Blue Candle":5,"Omamori":4,"StrikeDummy":5,"Ring of the Snake":0},{"NeowsBlessing":0,"Blue Candle":16,"Omamori":7,"StrikeDummy":16,"Ring of the Snake":0}],"Ring of the Snake":[12]},"card_choices":[{"not_picked":["Backflip","Dodge and Roll"],"picked":"Slice","floor":1.0},{"not_picked":["Choke","Deadly Poison"],"picked":"Dash","floor":2.0},{"not_picked":["Bane","Poisoned Stab","Prepared"],"picked":"SKIP","floor":5.0},{"not_picked":["Bane","Acrobatics"],"picked":"Finisher","floor":6.0},{"not_picked":["Dagger Throw","Terror","Finisher"],"picked":"SKIP","floor":8.0}],"player_experience":1460872,"relics_obtained":[{"floor":6.0,"key":"Omamori"},{"floor":8.0,"key":"StrikeDummy"},{"floor":9.0,"key":"Blue Candle"}],"event_choices":[{"damage_healed":0.0,"max_hp_gain":0.0,"max_hp_loss":0.0,"gold_gain":0.0,"event_name":"Match and Keep!","player_choice":"1 cards matched","floor":4.0,"gold_loss":0.0,"damage_taken":0.0,"cards_obtained":["Burst"]},{"damage_healed":0.0,"max_hp_gain":0.0,"max_hp_loss":0.0,"gold_gain":0.0,"cards_transformed":["Strike_G"],"event_name":"Living Wall","player_choice":"Change","floor":7.0,"gold_loss":0.0,"damage_taken":0.0,"cards_obtained":["Wraith Form v2"]}],"is_beta":false,"boss_relics":[],"items_purged_floors":[],"is_endless":false,"potions_floor_spawned":[6,8],"killed_by":"3 Sentries","ascension_level":20}}