{"host":"5n1fl7z5i1vf7jan","time":1612083606,"event":{"mods":["BaseMod","Minty Spire (QoL Compilation)","Quick Restart","Relic Stats"],"gold_per_floor":[215,230,9,9,26,59,59,86,86,117,147,177,30,55,55,126,126,146,156,156,170,186,186,217,217,217,249,260,278,278,304,304,379,379,392,440,458,45,58,58,78,108,108,120,131,131,0,30,30,30],"floor_reached":51,"language":"ENG","playtime":2729,"items_purged":["Strike_P"],"score":1631,"play_id":"392e7c4d-bc99-4cc9-bbce-b0e13ce381c8","local_time":"20210131010006","is_ascension_mode":true,"campfire_choices":[{"data":"Eruption","floor":7.0,"key":"SMITH"},{"data":"Dark Shackles","floor":15.0,"key":"SMITH"},{"data":"Ragnarok","floor":23.0,"key":"SMITH"},{"data":"ForeignInfluence","floor":25.0,"key":"SMITH"},{"data":"Protect","floor":30.0,"key":"SMITH"},{"floor":32.0,"key":"REST"},{"data":"ThirdEye","floor":40.0,"key":"SMITH"},{"data":"Sanctity","floor":46,"key":"SMITH"},{"floor":49,"key":"REST"}],"circlet_count":0,"master_deck":["AscendersBane","Strike_P+1","Defend_P","Defend_P","Defend_P","Defend_P","Eruption+1","Vigilance+1","JustLucky","WheelKick","Dark Shackles+1","CutThroughFate","CutThroughFate","Weave","Protect+1","Weave","Sanctity+1","Ragnarok+1","Consecrate","Wireheading","ForeignInfluence+1","BowlingBash","Weave","ThirdEye+1","CutThroughFate+1","Parasite","CutThroughFate","Tantrum"],"relics":["PureWater","Bag of Preparation","HornCleat","Meat on the Bone","Shuriken","Odd Mushroom","Ancient Tea Set","PreservedInsect","CaptainsWheel","VioletLotus","Bottled Tornado","Ornamental Fan","Mercury Hourglass","Smiling Mask","Cursed Key","Pocketwatch","Yang","Anchor","Bronze Scales","Red Mask","Nunchaku"],"acts_visited":["Exordium","TheCity","TheBeyond"],"potions_floor_usage":[],"damage_taken":[{"damage":2.0,"enemies":"Jaw Worm","floor":1.0,"turns":4.0},{"damage":0.0,"enemies":"Small Slimes","floor":2.0,"turns":2.0},{"damage":0.0,"enemies":"2 Louse","floor":5.0,"turns":2.0},{"damage":0.0,"enemies":"Gremlin Nob","floor":6.0,"turns":2.0},{"damage":13.0,"enemies":"3 Sentries","floor":8.0,"turns":7.0},{"damage":11.0,"enemies":"Gremlin Nob","floor":10.0,"turns":4.0},{"damage":0.0,"enemies":"The Mushroom Lair","floor":11.0,"turns":1.0},{"damage":0.0,"enemies":"3 Sentries","floor":12.0,"turns":5.0},{"damage":2.0,"enemies":"Lagavulin","floor":14.0,"turns":3.0},{"damage":13.0,"enemies":"The Guardian","floor":16.0,"turns":7.0},{"damage":0.0,"enemies":"3 Byrds","floor":18.0,"turns":4.0},{"damage":15.0,"enemies":"2 Thieves","floor":19.0,"turns":4.0},{"damage":0.0,"enemies":"Centurion and Healer","floor":21.0,"turns":3.0},{"damage":0.0,"enemies":"Cultist and Chosen","floor":22.0,"turns":2.0},{"damage":0.0,"enemies":"Gremlin Leader","floor":24.0,"turns":2.0},{"damage":0.0,"enemies":"Book of Stabbing","floor":27.0,"turns":3.0},{"damage":2.0,"enemies":"Snake Plant","floor":28.0,"turns":4.0},{"damage":0.0,"enemies":"Snecko","floor":29.0,"turns":3.0},{"damage":0.0,"enemies":"Slavers","floor":31.0,"turns":3.0},{"damage":8.0,"enemies":"Automaton","floor":33.0,"turns":6.0},{"damage":7.0,"enemies":"3 Shapes","floor":35.0,"turns":4.0},{"damage":7.0,"enemies":"2 Orb Walkers","floor":36.0,"turns":4.0},{"damage":0.0,"enemies":"3 Darklings","floor":37.0,"turns":3.0},{"damage":0.0,"enemies":"Writhing Mass","floor":39.0,"turns":5.0},{"damage":20.0,"enemies":"Jaw Worm Horde","floor":41.0,"turns":2.0},{"damage":0.0,"enemies":"Giant Head","floor":42.0,"turns":5.0},{"damage":0,"enemies":"Maw","floor":44,"turns":5},{"damage":12,"enemies":"4 Shapes","floor":45,"turns":5},{"damage":0,"enemies":"Reptomancer","floor":48,"turns":2},{"damage":21,"enemies":"Time Eater","floor":50,"turns":6}],"seed_played":"5969921505746970859","potions_obtained":[{"floor":1.0,"key":"FairyPotion"},{"floor":2.0,"key":"Energy Potion"},{"floor":14.0,"key":"BottledMiracle"},{"floor":27.0,"key":"SteroidPotion"},{"floor":28.0,"key":"StancePotion"},{"floor":41.0,"key":"Fire Potion"},{"floor":42.0,"key":"DuplicationPotion"}],"is_trial":false,"path_per_floor":["M","M","$","?","M","E","R","E","T","E","?","E","$","E","R","B",null,"M","M","?","M","M","R","E","R","T","E","M","M","R","E","R","B",null,"M","?","M","$","M","R","M","E","T","M","M","R","?","E","R","B",null],"character_chosen":"WATCHER","items_purchased":["Dark Shackles","CutThroughFate","PreservedInsect","Yang","Anchor"],"campfire_rested":2,"item_purchase_floors":[3,3,13,38,38],"current_hp_per_floor":[59,59,59,45,45,45,45,32,32,33,45,45,45,43,43,42,62,62,47,47,47,47,47,47,47,47,47,45,45,45,45,65,57,65,58,51,51,51,51,51,43,43,43,43,43,43,43,43,63,42],"gold":30,"neow_bonus":"HUNDRED_GOLD","is_daily":false,"chose_seed":false,"campfire_upgraded":7,"win_rate":0.0,"timestamp":1612083606,"path_taken":["M","M","$","?","M","E","R","E","T","E","?","E","?","E","R","BOSS","M","M","?","M","M","R","E","R","T","E","M","M","R","E","R","BOSS","M","?","M","$","M","R","M","E","T","M","M","R","?","E","R","BOSS"],"items_purchased_type":["Card","Card","Relic","Relic","Relic"],"build_version":"2020-12-22","purchased_purges":1,"victory":true,"max_hp_per_floor":[68,68,68,68,68,68,68,68,68,68,68,68,68,68,68,68,68,68,68,68,68,68,68,68,68,68,68,68,68,68,68,68,68,68,68,68,68,68,68,68,68,68,68,68,68,68,68,68,68,68],"relic_stats":{"counters":[30,112],"Yang":[171],"PreservedInsect":352,"Bag of Preparation":[52],"Smiling Mask":0,"Cursed Key":0,"Mercury Hourglass":[237],"Nunchaku":[3],"Shuriken":[115],"Ornamental Fan":[320],"Bronze Scales":[63],"VioletLotus":[6],"obtain_stats":[{"Yang":38,"PreservedInsect":13,"Bag of Preparation":6,"Odd Mushroom":11,"Bottled Tornado":24,"Ancient Tea Set":12,"Smiling Mask":31,"Cursed Key":34,"Mercury Hourglass":27,"CaptainsWheel":14,"Anchor":38,"Nunchaku":48,"HornCleat":8,"Shuriken":10,"Ornamental Fan":26,"Bronze Scales":42,"VioletLotus":17,"Red Mask":47,"PureWater":0,"Meat on the Bone":9,"Pocketwatch":36},{"Yang":23,"PreservedInsect":8,"Bag of Preparation":4,"Odd Mushroom":7,"Bottled Tornado":15,"Ancient Tea Set":8,"Smiling Mask":19,"Cursed Key":20,"Mercury Hourglass":16,"CaptainsWheel":9,"Anchor":23,"Nunchaku":29,"HornCleat":5,"Shuriken":6,"Ornamental Fan":15,"Bronze Scales":26,"VioletLotus":10,"Red Mask":28,"PureWater":0,"Meat on the Bone":5,"Pocketwatch":22},{"Yang":82,"PreservedInsect":27,"Bag of Preparation":10,"Odd Mushroom":22,"Bottled Tornado":52,"Ancient Tea Set":27,"Smiling Mask":65,"Cursed Key":71,"Mercury Hourglass":55,"CaptainsWheel":30,"Anchor":82,"Nunchaku":106,"HornCleat":17,"Shuriken":21,"Ornamental Fan":52,"Bronze Scales":94,"VioletLotus":37,"Red Mask":104,"PureWater":0,"Meat on the Bone":17,"Pocketwatch":79}],"Meat on the Bone":60,"Pocketwatch":[0]},"card_choices":[{"not_picked":["SashWhip","SandsOfTime"],"picked":"JustLucky","floor":1.0},{"not_picked":["Evaluate","ClearTheMind"],"picked":"WheelKick","floor":2.0},{"not_picked":["FollowUp","Evaluate"],"picked":"CutThroughFate","floor":5.0},{"not_picked":["Consecrate","WheelKick"],"picked":"Weave","floor":6.0},{"not_picked":["Meditate","EmptyBody"],"picked":"Protect","floor":8.0},{"not_picked":["Perseverance","BowlingBash"],"picked":"Weave","floor":10.0},{"not_picked":["FlurryOfBlows","CrushJoints"],"picked":"Sanctity","floor":11.0},{"not_picked":["WheelKick","MentalFortress","Halt"],"picked":"SKIP","floor":12.0},{"not_picked":["WheelKick","MentalFortress","Halt"],"picked":"SKIP","floor":12.0},{"not_picked":["Sanctity","FlurryOfBlows","Study"],"picked":"SKIP","floor":14.0},{"not_picked":["Wish","Omniscience"],"picked":"Ragnarok","floor":16.0},{"not_picked":["CrushJoints+1","FollowUp"],"picked":"Consecrate","floor":18.0},{"not_picked":["EmptyFist+1","ClearTheMind"],"picked":"Wireheading","floor":19.0},{"not_picked":["PathToVictory","Indignation","MentalFortress"],"picked":"SKIP","floor":21.0},{"not_picked":["Sanctity","EmptyBody","Study"],"picked":"SKIP","floor":22.0},{"not_picked":["EmptyBody+1","FlyingSleeves","Consecrate"],"picked":"SKIP","floor":24.0},{"not_picked":["Vengeance+1","Prostrate","Halt+1"],"picked":"SKIP","floor":27.0},{"not_picked":["PathToVictory","Halt"],"picked":"Weave","floor":28.0},{"not_picked":["CrushJoints","Consecrate","Omniscience"],"picked":"SKIP","floor":29.0},{"not_picked":["Pray","MasterReality","Wallop+1"],"picked":"SKIP","floor":31.0},{"not_picked":["FlurryOfBlows","Crescendo","Wireheading"],"picked":"SKIP","floor":35.0},{"not_picked":["FollowUp","Fasting2"],"picked":"ThirdEye","floor":36.0},{"not_picked":["EmptyBody","Evaluate"],"picked":"CutThroughFate+1","floor":37.0},{"not_picked":["FlyingSleeves","DeceiveReality","Wish"],"picked":"SKIP","floor":39.0},{"not_picked":["Halt","FlyingSleeves+1","Crescendo"],"picked":"SKIP","floor":41.0},{"not_picked":["DeceiveReality","LessonLearned","EmptyFist"],"picked":"SKIP","floor":42.0},{"not_picked":["SashWhip+1","EmptyBody"],"picked":"CutThroughFate","floor":44},{"not_picked":["Worship","FlurryOfBlows","FollowUp+1"],"picked":"SKIP","floor":45},{"not_picked":["EmptyFist+1","DevaForm"],"picked":"Tantrum","floor":48}],"player_experience":286155,"relics_obtained":[{"floor":6.0,"key":"Bag of Preparation"},{"floor":8.0,"key":"HornCleat"},{"floor":9.0,"key":"Meat on the Bone"},{"floor":10.0,"key":"Shuriken"},{"floor":11.0,"key":"Odd Mushroom"},{"floor":12.0,"key":"Ancient Tea Set"},{"floor":14.0,"key":"CaptainsWheel"},{"floor":24.0,"key":"Bottled Tornado"},{"floor":26.0,"key":"Ornamental Fan"},{"floor":27.0,"key":"Mercury Hourglass"},{"floor":31.0,"key":"Smiling Mask"},{"floor":36.0,"key":"Pocketwatch"},{"floor":42.0,"key":"Bronze Scales"},{"floor":48,"key":"Nunchaku"}],"event_choices":[{"damage_healed":0.0,"max_hp_gain":0.0,"max_hp_loss":0.0,"gold_gain":0.0,"event_name":"Shining Light","player_choice":"Entered Light","floor":4.0,"gold_loss":0.0,"damage_taken":14.0,"cards_upgraded":["Strike_P","Vigilance"]},{"damage_healed":0.0,"max_hp_gain":0.0,"max_hp_loss":0.0,"gold_gain":0.0,"event_name":"Mushrooms","player_choice":"Fought Mushrooms","floor":11.0,"gold_loss":0.0,"damage_taken":0.0},{"damage_healed":0.0,"max_hp_gain":0.0,"max_hp_loss":0.0,"gold_gain":0.0,"cards_transformed":["Strike_P","Strike_P"],"event_name":"Drug Dealer","player_choice":"Became Test Subject","floor":20.0,"gold_loss":0.0,"damage_taken":0.0,"cards_obtained":["ForeignInfluence","BowlingBash"]},{"damage_healed":0.0,"max_hp_gain":0.0,"max_hp_loss":0.0,"gold_gain":0.0,"event_name":"Mysterious Sphere","player_choice":"Fight","floor":36.0,"gold_loss":0.0,"damage_taken":0.0},{"damage_healed":0,"gold_gain":0,"player_choice":"Paid","damage_taken":0,"relics_obtained":["Red Mask"],"max_hp_gain":0,"max_hp_loss":0,"event_name":"Tomb of Lord Red Mask","floor":47,"gold_loss":131}],"is_beta":false,"boss_relics":[{"not_picked":["SacredBark","Snecko Eye"],"picked":"VioletLotus"},{"not_picked":["Runic Dome","Empty Cage"],"picked":"Cursed Key"}],"items_purged_floors":[3],"is_endless":false,"potions_floor_spawned":[1,2,5,14,19,24,27,28,31,41,42,45],"ascension_level":14}}