{"host":"0uumfqrc8aynrssa","time":1612120546,"event":{"mods":["AchievementEnabler","Act Like it!","Aspiration","Astrologer","BaseMod","Better Altar","Better Match","Better Note","Better Sensory Stone","Better Skull","Better Third Choice","Better Vampires","CapriCore","Colored Map","Colored Powertips","Conspire","Downfall","Energized Spire","Friendly Minions","Gensokyo","GifTheSpireLib","Hallownest","Hermit","Highlight Path","Hubris","Infinite Spire","Koishi","Marisa????????","Marked Mod","Minty Spire (QoL Compilation)","Pale of the Ancients","Permanent Neow","Potionbrewer","Random Character Button","Rare Cards Sparkle","Reimu??????","Relic Sorter","Reliquary","Remilia??????","Robot Space Explorer","Shop Mod","Somnambulant","Spicy Shops","Spikes Relics","Spire Arcade","StSLib","Stuff the Spire","The Animator","The Awakened One except there are too many feathers","The Bug Knight","The Cursed","The Hierophant","The Immortal","The Marked","The Problem Sleuth","The Runesmith","The Servant 0.9.4","TheBandit","TheFirefly","Trackpad","Wandering Minibosses","everything is the same but u backflip on backflip","slay the spire mod where everything is the same but ironclad has a cowboy hat"],"gold_per_floor":[111,126,5,21,40,40,69,87,111,111,11,11,25,25,25,129,129,145,30,50,50,50,67,67,67,67,67,79,79,79,79,79,175,175,191,191,191,204,219,219,219,239,262,273,68,91,104,123,123,123],"floor_reached":51,"language":"ENG","playtime":3677,"items_purged":["Strike_G","Strike_G","Defend_G","Caltrops"],"score":629,"play_id":"34f4c43b-8292-421e-88ec-dbec9f9998b7","local_time":"20210131141546","is_ascension_mode":true,"campfire_choices":[{"data":"Dagger Spray","floor":6.0,"key":"SMITH"},{"floor":10.0,"key":"REST"},{"data":"Accuracy","floor":12.0,"key":"SMITH"},{"data":"Cloak And Dagger","floor":15.0,"key":"SMITH"},{"floor":24.0,"key":"REST"},{"data":"Bite","floor":27.0,"key":"SMITH"},{"floor":32.0,"key":"REST"},{"data":"infinitespire:SevenWalls","floor":40.0,"key":"SMITH"},{"floor":49,"key":"REST"}],"circlet_count":0,"master_deck":["Defend_G","Defend_G","Defend_G+1","Defend_G+1","Survivor","Neutralize+1","Accuracy+1","Blade Dance","Cloak And Dagger+1","Dagger Spray+1","Caltrops","Tools of the Trade","Dagger Spray","Infinite Blades","hubris:Sniper","Deflect+1","Cloak And Dagger","Footwork","Bite+1","Bite","Bite","infinitespire:Collect","Phantasmal Killer","infinitespire:SevenWalls+1","Backflip","Cloak And Dagger","Accuracy"],"relics":["StuffTheSpire:OccultApparatus"],"acts_visited":["Exordium","TheCity","TheBeyond"],"potions_floor_usage":[],"damage_taken":[{"damage":0.0,"enemies":"2 Louse","floor":1.0,"turns":4.0},{"damage":0.0,"enemies":"Jaw Worm","floor":2.0,"turns":4.0},{"damage":0.0,"enemies":"Small Slimes","floor":4.0,"turns":3.0},{"damage":1.0,"enemies":"Blue Slaver","floor":5.0,"turns":4.0},{"damage":9.0,"enemies":"Lagavulin","floor":7.0,"turns":7.0},{"damage":12.0,"enemies":"Large Slime","floor":8.0,"turns":4.0},{"damage":8.0,"enemies":"2 Fungi Beasts","floor":13.0,"turns":3.0},{"damage":27.0,"enemies":"The Guardian","floor":16.0,"turns":8.0},{"damage":21.0,"enemies":"Spheric Guardian","floor":18.0,"turns":4.0},{"damage":29.0,"enemies":"2 Thieves","floor":20.0,"turns":4.0},{"damage":4.0,"enemies":"Snecko","floor":23.0,"turns":5.0},{"damage":5.0,"enemies":"conspire:HollyBat","floor":28.0,"turns":8.0},{"damage":15.0,"enemies":"Champ","floor":33.0,"turns":10.0},{"damage":26.0,"enemies":"3 Darklings","floor":35.0,"turns":7.0},{"damage":15.0,"enemies":"3 Shapes","floor":38.0,"turns":5.0},{"damage":5.0,"enemies":"Writhing Mass","floor":39.0,"turns":8.0},{"damage":26.0,"enemies":"Jaw Worm Horde","floor":42.0,"turns":5.0},{"damage":5.0,"enemies":"Spire Growth","floor":44.0,"turns":6.0},{"damage":6.0,"enemies":"Sphere and 2 Shapes","floor":47.0,"turns":8.0},{"damage":5,"enemies":"Jaw Worm Horde","floor":48,"turns":4},{"damage":99,"enemies":"Awakened One","floor":50,"turns":17}],"seed_played":"-5938664571580377205","potions_obtained":[{"floor":1.0,"key":"potionbrewer:SplittingPotion"},{"floor":4.0,"key":"Weak Potion"},{"floor":5.0,"key":"Slimebound:ThreeZeroPotion"},{"floor":7.0,"key":"GamblersBrew"},{"floor":13.0,"key":"FearPotion"},{"floor":20.0,"key":"hexamod:SoulburnPotion"},{"floor":23.0,"key":"sneckomod:MuddlingPotion"},{"floor":38.0,"key":"potionbrewer:DiscountPotion"},{"floor":41.0,"key":"EntropicBrew"},{"floor":42.0,"key":"Guardian:BlockOnCardUsePotion"}],"is_trial":false,"path_per_floor":["M","M","$","M","M","R","E","M","T","R","$","R","M","?","R","B",null,"M","$","M","?","?","M","R","?","T","R","M","$","?","?","R","B",null,"M","?","AVR","M","M","R","?","M","T","M","$","T","M","M","R","B",null],"character_chosen":"THE_SILENT","items_purchased":["Blade Dance","Infinite Blades","hubris:Sniper","Accuracy"],"campfire_rested":4,"item_purchase_floors":[3,19,19,45],"current_hp_per_floor":[70,70,70,70,69,69,60,48,48,69,69,69,61,47,47,20,70,49,49,20,20,20,16,37,37,37,37,47,47,33,33,50,48,57,38,38,38,28,32,32,32,11,11,12,12,12,13,12,29,11],"gold":123,"neow_bonus":"UPGRADE_CARD","is_daily":false,"chose_seed":false,"campfire_upgraded":5,"win_rate":0.0,"timestamp":1612120546,"path_taken":["M","M","$","M","M","R","E","M","T","R","$","R","M","?","R","BOSS","M","$","M","?","?","M","R","?","T","R","M","$","?","?","R","BOSS","M","?","AVR","M","M","R","?","M","T","?","$","?","M","M","R","BOSS"],"items_purchased_type":["Card","Card","Card","Card"],"build_version":"2020-12-22","purchased_purges":4,"victory":true,"max_hp_per_floor":[70,70,70,70,70,70,70,70,70,70,70,70,70,70,70,70,70,70,70,70,70,70,70,70,57,57,57,57,57,57,57,57,57,57,57,57,57,57,57,57,57,57,57,57,57,57,57,57,57,57],"card_choices":[{"not_picked":["Prepared","Bane"],"picked":"Accuracy","floor":1.0},{"not_picked":["Dash","Acrobatics"],"picked":"Caltrops","floor":2.0},{"not_picked":["Dagger Spray","Calculated Gamble"],"picked":"Cloak And Dagger","floor":4.0},{"not_picked":["Poisoned Stab","Blur"],"picked":"Dagger Spray","floor":5.0},{"not_picked":["StuffTheSpire:BrimstoneBlast","Bullet Time","Acrobatics"],"picked":"SKIP","floor":7.0},{"not_picked":["StuffTheSpire:BumpUp","Slice"],"picked":"Caltrops","floor":8.0},{"not_picked":["Reflex","Deflect","Flying Knee"],"picked":"SKIP","floor":13.0},{"not_picked":["Doppelganger","Venomology"],"picked":"Tools of the Trade","floor":16.0},{"not_picked":["Dash","StuffTheSpire:BrimstoneBlast"],"picked":"Dagger Spray","floor":18.0},{"not_picked":["Dagger Spray","Expertise+1"],"picked":"Deflect+1","floor":20.0},{"not_picked":["ShadowRift","Cloak And Dagger"],"picked":"Footwork","floor":23.0},{"not_picked":["Quick Slash","Terror","StuffTheSpire:DoubleShiv"],"picked":"SKIP","floor":28.0},{"not_picked":["infinitespire:Menacing","infinitespire:NeuralNetwork"],"picked":"infinitespire:Collect","floor":30.0},{"not_picked":["Malaise","Doppelganger"],"picked":"Phantasmal Killer","floor":33.0},{"not_picked":["InfectiousVector+1","Bane","Outmaneuver"],"picked":"SKIP","floor":35.0},{"not_picked":["Prepared","StuffTheSpire:Python"],"picked":"Backflip","floor":38.0},{"not_picked":["Flying Knee+1","Setup","InfectiousVector+1"],"picked":"SKIP","floor":39.0},{"not_picked":["StuffTheSpire:Python","Crippling Poison+1"],"picked":"Cloak And Dagger","floor":42.0},{"not_picked":["Outmaneuver","Noxious Fumes+1","Slice"],"picked":"SKIP","floor":44.0},{"not_picked":["conspire:PoisonWeapons+1","PiercingWail","Dodge and Roll+1"],"picked":"SKIP","floor":47.0},{"not_picked":["StuffTheSpire:BrimstoneBlast+1","Poisoned Stab+1","StuffTheSpire:Injection"],"picked":"SKIP","floor":48}],"player_experience":952267,"relics_obtained":[],"event_choices":[{"damage_healed":61.0,"max_hp_gain":0.0,"max_hp_loss":70.0,"gold_gain":0.0,"event_name":"betterThird:BetterShining","player_choice":"Upgrade","floor":14.0,"gold_loss":0.0,"damage_taken":14.0,"cards_upgraded":["Defend_G","Defend_G"]},{"cards_removed":["Strike_G"],"damage_healed":0.0,"max_hp_gain":0.0,"max_hp_loss":0.0,"gold_gain":0.0,"event_name":"betterNote:BetterNote","player_choice":"Give","floor":21.0,"gold_loss":0.0,"damage_taken":0.0,"cards_obtained":["Strike_P"]},{"damage_healed":0.0,"max_hp_gain":0.0,"max_hp_loss":0.0,"gold_gain":0.0,"event_name":"The Library","player_choice":"Read","floor":22.0,"gold_loss":0.0,"damage_taken":0.0,"cards_obtained":["Cloak And Dagger"]},{"damage_healed":0.0,"max_hp_gain":0.0,"max_hp_loss":13.0,"gold_gain":0.0,"event_name":"Vampires","player_choice":"Became a vampire","floor":25.0,"gold_loss":0.0,"damage_taken":0.0,"cards_obtained":["Bite","Bite","Bite"]},{"damage_healed":0.0,"max_hp_gain":0.0,"max_hp_loss":0.0,"gold_gain":0.0,"event_name":"Lab","player_choice":"Got Potions","floor":41.0,"gold_loss":0.0,"damage_taken":0.0}],"is_beta":false,"boss_relics":[{"not_picked":[]},{"not_picked":["conspire:RunicOctahedron","Tiny House","energizedSpire:HugeHouse"]}],"items_purged_floors":[3,11,37,45],"is_endless":false,"potions_floor_spawned":[1,4,5,7,13,20,23,33,38,39,42],"ascension_level":1}}