{"host":"zxkjcgzis4pm3za5","time":1612074577,"event":{"mods":["AchievementEnabler","Act Like it!","BaseMod","Colored Map","Colored Powertips","Friendly Minions","GifTheSpireLib","Minty Spire (QoL Compilation)","Quick Restart","RNG Fix","Random Character Button","Relic Filter Mod","Relic Sorter","Relic Stats","StSLib"],"gold_per_floor":[212,212,212,225,225,225,254,254,254,264,274,274,274,304,304,304,304],"floor_reached":16,"language":"ENG","playtime":396,"items_purged":[],"score":230,"play_id":"4c957188-7eb7-421f-ae02-c66090043122","local_time":"20210131115937","is_ascension_mode":true,"campfire_choices":[{"data":"Eruption","floor":6,"key":"SMITH"},{"data":"LikeWater","floor":8,"key":"SMITH"},{"floor":13,"key":"REST"},{"data":"Vengeance","floor":15,"key":"SMITH"}],"circlet_count":0,"master_deck":["AscendersBane","Strike_P","Strike_P","Strike_P","Strike_P","Defend_P","Defend_P","Defend_P","Defend_P","Eruption+1","Vigilance","FlurryOfBlows","InnerPeace","LikeWater+1","Vengeance+1"],"relics":["PureWater","Mango","Singing Bowl","Lizard Tail","Strawberry"],"acts_visited":["Exordium"],"potions_floor_usage":[7],"damage_taken":[{"damage":5,"enemies":"2 Louse","floor":1,"turns":3},{"damage":0,"enemies":"Cultist","floor":4,"turns":2},{"damage":17,"enemies":"Lagavulin","floor":7,"turns":5},{"damage":2,"enemies":"Jaw Worm","floor":10,"turns":3},{"damage":7,"enemies":"3 Louse","floor":11,"turns":3},{"damage":78,"enemies":"Gremlin Nob","floor":14,"turns":4},{"damage":20,"enemies":"Slime Boss","floor":16,"turns":4}],"seed_played":"2454259464331523415","potions_obtained":[{"floor":3,"key":"Explosive Potion"},{"floor":3,"key":"LiquidMemories"},{"floor":14,"key":"Explosive Potion"}],"is_trial":false,"path_per_floor":["M","?","?","M","$","R","E","R","T","M","M","$","R","E","R","B"],"character_chosen":"WATCHER","items_purchased":[],"campfire_rested":1,"item_purchase_floors":[],"current_hp_per_floor":[56,44,44,44,44,44,27,27,27,25,20,20,45,51,51,31,31],"gold":304,"neow_bonus":"HUNDRED_GOLD","is_daily":false,"chose_seed":false,"campfire_upgraded":3,"win_rate":0.0,"timestamp":1612074577,"path_taken":["M","?","?","M","$","R","E","R","T","M","?","$","R","E","R","BOSS"],"items_purchased_type":[],"build_version":"2020-12-22","purchased_purges":0,"victory":false,"max_hp_per_floor":[68,82,82,82,82,82,82,82,82,82,84,84,84,93,93,93,93],"relic_stats":{"Lizard Tail":42,"Singing Bowl":4,"counters":[7,24],"obtain_stats":[{"Lizard Tail":9,"Singing Bowl":7,"Strawberry":14,"Mango":2,"PureWater":0},{"Lizard Tail":3,"Singing Bowl":3,"Strawberry":6,"Mango":1,"PureWater":0},{"Lizard Tail":10,"Singing Bowl":10,"Strawberry":20,"Mango":3,"PureWater":0}]},"card_choices":[{"not_picked":["Evaluate","Swivel"],"picked":"FlurryOfBlows","floor":1},{"not_picked":["Evaluate","Protect"],"picked":"InnerPeace","floor":4},{"not_picked":["SashWhip","EmptyFist"],"picked":"LikeWater","floor":7},{"not_picked":["Halt","FlurryOfBlows"],"picked":"Vengeance","floor":10},{"not_picked":["Crescendo","EmptyBody","DeceiveReality"],"picked":"Singing Bowl","floor":11},{"not_picked":["Nirvana","Pray","Protect"],"picked":"Singing Bowl","floor":14}],"player_experience":299127,"relics_obtained":[{"floor":7,"key":"Singing Bowl"},{"floor":9,"key":"Lizard Tail"},{"floor":14,"key":"Strawberry"}],"event_choices":[{"damage_healed":0,"gold_gain":0,"player_choice":"Success","damage_taken":26,"relics_obtained":["Mango"],"max_hp_gain":0,"max_hp_loss":0,"event_name":"Scrap Ooze","floor":2,"gold_loss":0},{"damage_healed":0,"gold_gain":0,"player_choice":"Got Potions","damage_taken":0,"max_hp_gain":0,"max_hp_loss":0,"event_name":"Lab","floor":3,"gold_loss":0}],"is_beta":false,"boss_relics":[],"items_purged_floors":[],"is_endless":false,"potions_floor_spawned":[4,14],"killed_by":"Slime Boss","ascension_level":18}}