{"host":"d54lcqy5t45er8jx","time":1612103590,"event":{"mods":["2.2 Compatiblity","BaseMod","CapriCore","Defuse TimeMaze Blight","Hermit","Hubris","Infinite Spire","Marisa£¨Ùöéë¡¡Øª×âÞÞ£©","Minty Spire (QoL Compilation)","Rare Cards Sparkle","Relic Stats","StSLib","The Animator","The Cursed","The Immortal","The Servant 0.9.4","WarShipGirlsR/??á´Ò³R mod"],"gold_per_floor":[118,118,268,281,13,41,41,74,100,129,144,157,157,168,168,239,239,253,233,148,168,180,212,212,212,212],"floor_reached":25,"language":"ENG","playtime":853,"items_purged":[],"score":757,"play_id":"6df297ba-0017-4ada-98f3-dc4656e204b0","local_time":"20210131233310","daily_mods":["SealedDeck","Insanity","Heirloom","DeadlyEvents","Elite Swarm","Uncertain Future"],"is_ascension_mode":true,"campfire_choices":[{"data":"FlurryOfBlows","floor":7,"key":"SMITH"},{"data":"Crescendo","floor":13,"key":"SMITH"},{"data":"MentalFortress","floor":15,"key":"SMITH"},{"data":"ClearTheMind","floor":24,"key":"SMITH"}],"circlet_count":0,"master_deck":["AscendersBane","FlurryOfBlows+1","Halt","JustLucky","MentalFortress+1","SignatureMove","ForeignInfluence","CrushJoints","FollowUp","Consecrate","BowlingBash","ClearTheMind","LikeWater","ThirdEye","FollowUp","ClearTheMind","Conclude","SignatureMove","Crescendo+1","Evaluate","CutThroughFate","EmptyMind","SignatureMove","ThirdEye","Crescendo","Protect","Indignation","DeceiveReality","SignatureMove+1","SashWhip","DeceiveReality","CarveReality","BowlingBash","Conclude","FollowUp","FlyingSleeves","WaveOfTheHand","JustLucky","Weave","LikeWater","Crescendo","ClearTheMind+1","Halt","JustLucky","JustLucky","FlurryOfBlows","CrushJoints","Evaluate","CarveReality","Worship","Vengeance","InnerPeace","EmptyFist","ClearTheMind","FearNoEvil","FlurryOfBlows","EmptyFist+1","ClearTheMind","FlurryOfBlows","EmptyBody","Crescendo","Weave","Doubt","EmptyFist","InnerPeace","Crescendo","FlurryOfBlows","FearNoEvil","LessonLearned"],"relics":["PureWater","infinitespire:CursedDice","Shuriken","Mummified Hand","Vajra","infinitespire:EmpoweringShard","Whetstone","Anchor","Black Star","infinitespire:Lucky Rock","Boot","Dream Catcher"],"acts_visited":["Exordium","TheCity"],"potions_floor_usage":[25,25],"damage_taken":[{"damage":13,"enemies":"Small Slimes","floor":1,"turns":4},{"damage":1,"enemies":"2 Louse","floor":4,"turns":2},{"damage":4,"enemies":"3 Sentries","floor":6,"turns":5},{"damage":0,"enemies":"Lagavulin","floor":8,"turns":2},{"damage":6,"enemies":"3 Sentries","floor":10,"turns":3},{"damage":0,"enemies":"Jaw Worm","floor":11,"turns":2},{"damage":0,"enemies":"Looter","floor":12,"turns":1},{"damage":4,"enemies":"3 Louse","floor":14,"turns":2},{"damage":20,"enemies":"Hexaghost","floor":16,"turns":4},{"damage":10,"enemies":"2 Thieves","floor":18,"turns":3},{"damage":12,"enemies":"Chosen","floor":21,"turns":4},{"damage":9,"enemies":"3 Cultists","floor":22,"turns":4},{"damage":27,"enemies":"Nightmare","floor":23,"turns":4},{"damage":25,"enemies":"Slavers","floor":25,"turns":2}],"seed_played":"3225063326055211626","potions_obtained":[{"floor":6,"key":"FearPotion"},{"floor":8,"key":"FearPotion"},{"floor":23,"key":"ColorlessPotion"}],"is_trial":true,"path_per_floor":["M","?","?","M","$","E","R","E","T","E","M","M","R","M","R","B",null,"M","?","?","M","M","NM","R","E"],"character_chosen":"WATCHER","items_purchased":["Mummified Hand"],"campfire_rested":0,"item_purchase_floors":[5],"current_hp_per_floor":[48,48,48,47,47,43,43,43,43,37,37,37,37,33,33,13,54,44,44,44,32,23,24,24,0,0],"gold":212,"neow_bonus":"","is_daily":false,"chose_seed":false,"campfire_upgraded":4,"win_rate":0.0,"timestamp":1612103590,"path_taken":["M","?","?","M","$","E","R","E","T","E","M","M","R","?","R","BOSS","M","?","?","M","M","NM","R","E"],"items_purchased_type":["Relic"],"build_version":"2020-12-22","purchased_purges":0,"victory":false,"max_hp_per_floor":[68,68,68,68,68,68,68,68,68,68,68,68,68,68,68,68,68,68,68,68,68,68,68,68,68,68],"relic_stats":{"Dream Catcher":0,"counters":[14,42],"Shuriken":[26],"Mummified Hand":[9],"Black Star":1,"Whetstone":["EmptyFist","SignatureMove"],"Boot":[0],"obtain_stats":[{"Anchor":10,"Dream Catcher":23,"infinitespire:CursedDice":0,"Shuriken":2,"Mummified Hand":5,"Vajra":6,"infinitespire:EmpoweringShard":8,"Black Star":17,"Whetstone":9,"infinitespire:Lucky Rock":20,"PureWater":0,"Boot":23},{"Anchor":5,"Dream Catcher":13,"infinitespire:CursedDice":0,"Shuriken":1,"Mummified Hand":2,"Vajra":3,"infinitespire:EmpoweringShard":4,"Black Star":9,"Whetstone":4,"infinitespire:Lucky Rock":10,"PureWater":0,"Boot":13},{"Anchor":16,"Dream Catcher":40,"infinitespire:CursedDice":0,"Shuriken":4,"Mummified Hand":6,"Vajra":11,"infinitespire:EmpoweringShard":13,"Black Star":25,"Whetstone":13,"infinitespire:Lucky Rock":28,"PureWater":0,"Boot":40}]},"card_choices":[{"not_picked":["SignatureMove","JustLucky"],"picked":"Weave","floor":1},{"not_picked":["Vengeance","FollowUp","Prostrate"],"picked":"SKIP","floor":4},{"not_picked":["Blasphemy","Brilliance","ConjureBlade"],"picked":"SKIP","floor":6},{"not_picked":["Judgement","Brilliance","Ragnarok"],"picked":"SKIP","floor":8},{"not_picked":["Brilliance","SpiritShield","Devotion"],"picked":"SKIP","floor":10},{"not_picked":["CrushJoints","Consecrate"],"picked":"EmptyFist","floor":11},{"not_picked":["CutThroughFate","FollowUp"],"picked":"InnerPeace","floor":12},{"not_picked":["Halt","Weave","Evaluate"],"picked":"SKIP","floor":14},{"not_picked":["Protect","Fasting2","BowlingBash"],"picked":"SKIP","floor":18},{"not_picked":[],"picked":"Crescendo","floor":19},{"not_picked":["Evaluate","LikeWater+1"],"picked":"FlurryOfBlows","floor":21},{"not_picked":["Crescendo","Consecrate"],"picked":"FearNoEvil","floor":22},{"not_picked":["Vault","Scrawl"],"picked":"LessonLearned","floor":23}],"player_experience":982797,"relics_obtained":[{"floor":2,"key":"Shuriken"},{"floor":6,"key":"Vajra"},{"floor":8,"key":"infinitespire:EmpoweringShard"},{"floor":9,"key":"Whetstone"},{"floor":10,"key":"Anchor"},{"floor":23,"key":"Boot"},{"floor":23,"key":"Dream Catcher"}],"event_choices":[{"damage_healed":0,"gold_gain":150,"player_choice":"AGREE","damage_taken":0,"max_hp_gain":0,"max_hp_loss":0,"event_name":"Liars Game","floor":3,"gold_loss":0,"cards_obtained":["Doubt"]},{"damage_healed":0,"gold_gain":0,"player_choice":"Obtained Relic","damage_taken":0,"relics_obtained":["infinitespire:Lucky Rock"],"max_hp_gain":0,"max_hp_loss":0,"event_name":"Addict","floor":20,"gold_loss":85}],"is_beta":false,"boss_relics":[{"not_picked":["hubris:Stopwatch","hubris:RunicObelisk"],"picked":"Black Star"}],"items_purged_floors":[],"is_endless":true,"potions_floor_spawned":[6,8,10,11,21,22,23],"killed_by":"Slavers","ascension_level":20}}