{"host":"oigynbtg272c19pw","time":1612116277,"event":{"mods":["BaseMod","Colored Map","Minty Spire (QoL Compilation)","Relic Stats","Slay the Relics Exporter","StSLib"],"gold_per_floor":[109,125,125,142,11,46,46,79,79,79,79,96,67,99,99,178,178,192,192,206,223,138,168,168,168,168,168,68,84,84,110,110,110,110],"floor_reached":33,"playtime":1624,"items_purged":["Decay","Strike_P"],"score":602,"play_id":"8848b7a7-8fa6-4945-a427-158b690cd3dc","local_time":"20210131190437","is_ascension_mode":true,"campfire_choices":[{"data":"Wallop","floor":7.0,"key":"SMITH"},{"floor":10.0,"key":"DIG"},{"floor":11.0,"key":"DIG"},{"floor":15.0,"key":"DIG"},{"floor":24,"key":"DIG"},{"floor":27,"key":"REST"},{"floor":30,"key":"DIG"},{"floor":32,"key":"DIG"}],"circlet_count":0,"master_deck":["AscendersBane","Strike_P","Strike_P+1","Defend_P","Defend_P","Defend_P+1","Eruption","Vigilance+1","Worship+1","ForeignInfluence","Wallop+1","Tantrum","WheelKick","EmptyFist+1","ClearTheMind","LessonLearned+1","Indignation","CutThroughFate+1","EmptyBody","SpiritShield","FlurryOfBlows","ThirdEye","Sanctity"],"relics":["PureWater","White Beast Statue","Pocketwatch","Shovel","WingedGreaves","TeardropLocket","Blue Candle","Sundial","Frozen Egg 2","Fusion Hammer","Nilry\u0027s Codex","Akabeko","Lantern","Thread and Needle","Ornamental Fan","Anchor","Tiny Chest","Incense Burner"],"acts_visited":["Exordium","TheCity"],"potions_floor_usage":[18,23,31,33],"damage_taken":[{"damage":0.0,"enemies":"Cultist","floor":1.0,"turns":4.0},{"damage":0.0,"enemies":"2 Louse","floor":2.0,"turns":2.0},{"damage":2.0,"enemies":"Jaw Worm","floor":4.0,"turns":5.0},{"damage":10.0,"enemies":"3 Sentries","floor":6.0,"turns":3.0},{"damage":14.0,"enemies":"Gremlin Nob","floor":8.0,"turns":3.0},{"damage":0.0,"enemies":"Large Slime","floor":12.0,"turns":2.0},{"damage":13.0,"enemies":"Lagavulin","floor":14.0,"turns":5.0},{"damage":2,"enemies":"Hexaghost","floor":16,"turns":7},{"damage":0,"enemies":"2 Thieves","floor":18,"turns":3},{"damage":0,"enemies":"Spheric Guardian","floor":20,"turns":1},{"damage":0,"enemies":"Centurion and Healer","floor":21,"turns":5},{"damage":17,"enemies":"Gremlin Leader","floor":23,"turns":7},{"damage":0,"enemies":"Snecko","floor":29,"turns":3},{"damage":8,"enemies":"Slavers","floor":31,"turns":6},{"damage":98,"enemies":"Collector","floor":33,"turns":9}],"seed_played":"614496161455460872","potions_obtained":[{"floor":2.0,"key":"GamblersBrew"},{"floor":4.0,"key":"Regen Potion"},{"floor":8.0,"key":"Block Potion"},{"floor":12.0,"key":"Swift Potion"},{"floor":14.0,"key":"PowerPotion"},{"floor":18,"key":"Regen Potion"},{"floor":23,"key":"SpeedPotion"},{"floor":31,"key":"LiquidMemories"}],"is_trial":false,"path_per_floor":["M","M","?","M","$","E","R","E","T","R","R","M","$","E","R","B",null,"M","?","M","M","?","E","R","?","T","R","$","M","R","E","R","B"],"character_chosen":"WATCHER","items_purchased":["EmptyFist","CutThroughFate"],"campfire_rested":1,"item_purchase_floors":[5,13],"current_hp_per_floor":[61,61,50,48,48,38,38,33,33,33,33,33,33,20,20,18,56,56,35,35,35,35,32,32,32,32,52,52,52,52,44,44,0,0],"gold":110,"neow_bonus":"TRANSFORM_TWO_CARDS","is_daily":false,"chose_seed":false,"campfire_upgraded":1,"win_rate":0.0,"timestamp":1612116277,"path_taken":["M","?","?","M","$","E","R","E","T","R","R","M","?","E","R","BOSS","M","?","M","M","?","E","R","?","T","R","$","M","R","E","R","BOSS"],"items_purchased_type":["Card","Card"],"build_version":"2020-12-13","purchased_purges":2,"victory":false,"max_hp_per_floor":[68,68,68,68,68,68,68,68,68,68,68,68,68,68,68,68,68,68,68,68,68,68,68,68,68,68,68,68,68,68,68,68,68,68],"relic_stats":{"Shovel":6,"counters":[15,65],"Sundial":[4],"Ornamental Fan":[56],"Blue Candle":[0],"Tiny Chest":0,"obtain_stats":[{"Lantern":23,"Nilry\u0027s Codex":19,"Blue Candle":11,"Thread and Needle":24,"Incense Burner":32,"TeardropLocket":10,"Frozen Egg 2":15,"White Beast Statue":3,"Akabeko":22,"Anchor":30,"Shovel":8,"Sundial":14,"Ornamental Fan":26,"Tiny Chest":31,"WingedGreaves":9,"Fusion Hammer":17,"PureWater":0,"Pocketwatch":6},{"Lantern":12,"Nilry\u0027s Codex":9,"Blue Candle":5,"Thread and Needle":12,"Incense Burner":14,"TeardropLocket":5,"Frozen Egg 2":7,"White Beast Statue":2,"Akabeko":11,"Anchor":13,"Shovel":5,"Sundial":7,"Ornamental Fan":12,"Tiny Chest":14,"WingedGreaves":5,"Fusion Hammer":8,"PureWater":0,"Pocketwatch":4},{"Lantern":47,"Nilry\u0027s Codex":34,"Blue Candle":17,"Thread and Needle":47,"Incense Burner":56,"TeardropLocket":17,"Frozen Egg 2":24,"White Beast Statue":6,"Akabeko":40,"Anchor":50,"Shovel":17,"Sundial":24,"Ornamental Fan":47,"Tiny Chest":56,"WingedGreaves":17,"Fusion Hammer":31,"PureWater":0,"Pocketwatch":14}],"Pocketwatch":[27]},"card_choices":[{"not_picked":["EmptyBody","CutThroughFate"],"picked":"Wallop","floor":1.0},{"not_picked":["EmptyFist","BattleHymn"],"picked":"Tantrum","floor":2.0},{"not_picked":["Pray","ClearTheMind"],"picked":"WheelKick","floor":4.0},{"not_picked":["PathToVictory","Prostrate"],"picked":"ClearTheMind","floor":6.0},{"not_picked":["PathToVictory","WheelKick"],"picked":"LessonLearned","floor":8.0},{"not_picked":["Weave","Halt"],"picked":"Indignation","floor":12.0},{"not_picked":["PathToVictory","Swivel"],"picked":"EmptyBody","floor":14.0},{"not_picked":["Devotion+1","Omniscience"],"picked":"SpiritShield","floor":16},{"not_picked":["Worship","Crescendo+1"],"picked":"FlurryOfBlows","floor":18},{"not_picked":["PathToVictory","EmptyBody","EmptyFist+1"],"picked":"SKIP","floor":20},{"not_picked":["FlyingSleeves","Alpha","InnerPeace"],"picked":"SKIP","floor":21},{"not_picked":["BowlingBash","SandsOfTime"],"picked":"ThirdEye","floor":23},{"not_picked":["JustLucky","FlurryOfBlows"],"picked":"Sanctity","floor":29},{"not_picked":["Pray","EmptyBody","Conclude"],"picked":"SKIP","floor":31}],"player_experience":1522220,"relics_obtained":[{"floor":6.0,"key":"Pocketwatch"},{"floor":8.0,"key":"Shovel"},{"floor":9.0,"key":"WingedGreaves"},{"floor":10.0,"key":"TeardropLocket"},{"floor":11.0,"key":"Blue Candle"},{"floor":14.0,"key":"Sundial"},{"floor":15.0,"key":"Frozen Egg 2"},{"floor":19,"key":"Nilry\u0027s Codex"},{"floor":23,"key":"Lantern"},{"floor":24,"key":"Thread and Needle"},{"floor":26,"key":"Ornamental Fan"},{"floor":30,"key":"Anchor"},{"floor":31,"key":"Tiny Chest"},{"floor":32,"key":"Incense Burner"}],"event_choices":[{"damage_healed":0.0,"max_hp_gain":0.0,"max_hp_loss":0.0,"gold_gain":0.0,"event_name":"Scrap Ooze","player_choice":"Success","floor":3.0,"gold_loss":0.0,"damage_taken":11.0,"relics_obtained":["White Beast Statue"]},{"damage_healed":0,"gold_gain":0,"player_choice":"Obtained Book","damage_taken":21,"max_hp_gain":0,"max_hp_loss":0,"event_name":"Cursed Tome","floor":19,"gold_loss":0},{"damage_healed":0,"gold_gain":0,"player_choice":"Obtained Relic","damage_taken":0,"relics_obtained":["Akabeko"],"max_hp_gain":0,"max_hp_loss":0,"event_name":"Addict","floor":22,"gold_loss":85},{"damage_healed":0,"gold_gain":0,"player_choice":"Ignored","damage_taken":0,"max_hp_gain":0,"max_hp_loss":0,"event_name":"Ghosts","floor":25,"gold_loss":0}],"is_beta":false,"boss_relics":[{"not_picked":["Empty Cage","Pandora\u0027s Box"],"picked":"Fusion Hammer"}],"items_purged_floors":[5,28],"is_endless":false,"potions_floor_spawned":[2,4,6,8,12,14,16,18,20,21,23,29,31],"killed_by":"Collector","ascension_level":20}}