{"host":"zwuytn9vh5b8tdl7","time":1612068742,"event":{"mods":["AchievementEnabler","BaseMod","Colored Powertips","GifTheSpireLib","Minty Spire (QoL Compilation)","Rare Cards Sparkle","StSLib","The Animator"],"gold_per_floor":[231,231,251,269,296,337,337,352,352,427,132,132,132,132],"floor_reached":13,"language":"ENG","playtime":419,"items_purged":[],"score":85,"play_id":"c2df1dc5-1847-4ff7-9b2b-f6923dc7dd82","local_time":"20210130235222","is_ascension_mode":false,"campfire_choices":[{"floor":7,"key":"REST"}],"circlet_count":0,"master_deck":["animator:Strike_Fate","animator:Defend_Fate+1","animator:Strike","animator:Strike","animator:Strike","animator:Defend","animator:Defend","animator:Defend","animator:Alexander","animator:Rider","animator:CowGirl+1","animator:DolaSchwi","animator:LizardPriest","animator:Saber","animator:Shigure","animator:KrulTepes"],"relics":["animator:LivingPicture","animator:TheMissingPiece","War Paint","Paper Crane","Strange Spoon","Ancient Tea Set","Toxic Egg 2"],"acts_visited":["Exordium"],"potions_floor_usage":[6,13],"damage_taken":[{"damage":3,"enemies":"2 Louse","floor":1,"turns":3},{"damage":15,"enemies":"Jaw Worm","floor":3,"turns":7},{"damage":0,"enemies":"Cultist","floor":4,"turns":4},{"damage":0,"enemies":"3 Louse","floor":5,"turns":3},{"damage":48,"enemies":"Gremlin Nob","floor":6,"turns":6},{"damage":7,"enemies":"Looter","floor":8,"turns":4},{"damage":4,"enemies":"Lagavulin","floor":13,"turns":2}],"seed_played":"-5715860617888081861","potions_obtained":[{"floor":1,"key":"ColorlessPotion"},{"floor":4,"key":"SmokeBomb"},{"floor":6,"key":"Energy Potion"}],"is_trial":false,"path_per_floor":["M","?","M","M","M","E","R","M","T","?","$","T","E"],"character_chosen":"THE_ANIMATOR","items_purchased":["Strange Spoon","Ancient Tea Set"],"campfire_rested":1,"item_purchase_floors":[11,11],"current_hp_per_floor":[63,63,48,49,49,1,21,15,15,4,4,4,0,0],"gold":132,"neow_bonus":"HUNDRED_GOLD","is_daily":false,"chose_seed":false,"campfire_upgraded":0,"win_rate":0.0,"timestamp":1612068742,"path_taken":["M","?","M","M","M","E","R","M","T","?","$","?","E"],"items_purchased_type":["Relic","Relic"],"build_version":"2020-12-22","purchased_purges":0,"victory":false,"max_hp_per_floor":[66,66,66,67,67,67,67,68,68,68,68,68,68,68],"card_choices":[{"not_picked":["animator:Benimaru","animator:Geryuganshoop"],"picked":"animator:CowGirl","floor":1},{"not_picked":["animator:Shuna","animator:AcuraAkari"],"picked":"animator:DolaSchwi","floor":3},{"not_picked":["animator:Guy","animator:Shion"],"picked":"animator:LizardPriest","floor":4},{"not_picked":["animator:Berserker","animator:Illya"],"picked":"animator:Saber","floor":5},{"not_picked":["animator:Gillette","animator:FeridBathory"],"picked":"animator:Shigure","floor":6},{"not_picked":["animator:Guy","animator:DolaSchwi"],"picked":"animator:KrulTepes","floor":8}],"player_experience":350667,"relics_obtained":[{"floor":6,"key":"War Paint"},{"floor":9,"key":"Paper Crane"},{"floor":12,"key":"Toxic Egg 2"}],"event_choices":[{"damage_healed":0,"gold_gain":75,"player_choice":"Gather Gold","damage_taken":11,"max_hp_gain":0,"max_hp_loss":0,"event_name":"World of Goop","floor":10,"gold_loss":0}],"is_beta":false,"boss_relics":[],"items_purged_floors":[],"is_endless":false,"potions_floor_spawned":[1,4,6],"killed_by":"Lagavulin","ascension_level":0}}