{"host":"yfdtuf6ojcxn06xg","time":1612071027,"event":{"mods":["2.2 Compatiblity","AchievementEnabler","BaseMod","Colored Map","Colored Powertips","Curses Come First","Hermit","JesterMod","Jorbs\u0027s Wanderer Trilogy","Minty Spire (QoL Compilation)","Quick Restart","Rare Cards Sparkle","Relic Stats","Replay The Spire","StSLib","The Cursed","The Disciple","The Hierophant","The Jungle","The Marked","The Necromancer","The Servant 0.9.4"],"gold_per_floor":[118,118,132,151,7,7,33,33,33,33,33,68,79,90,90,185,185,202,20,72,151,165,165,90,102,102,102,102],"floor_reached":27,"language":"ENG","playtime":944,"items_purged":["Strike_B","Strike_B"],"score":232,"play_id":"fefddc8a-014b-45c0-b599-13698bd01568","local_time":"20210131003027","is_ascension_mode":true,"campfire_choices":[{"data":"Crystallizer","floor":6,"key":"SMITH"},{"floor":8,"key":"REST"},{"floor":10,"key":"REST"},{"floor":15,"key":"REST"},{"floor":23,"key":"REST"}],"circlet_count":0,"master_deck":["Strike_B","Defend_B","Defend_B","Defend_B","Defend_B","Zap+1","Dualcast","ReplayTheSpireMod:Repulse","Capacitor","Barrage","Crystallizer+1","Capacitor","Static Discharge","Crystallizer","Static Discharge","Ball Lightning","Echo Form","AbeCurse","Chill","Chill","Panic Button","Defragment","Conserve Battery+1"],"relics":["Cracked Core","Letter Opener","Pen Nib","Onion Ring","Abe\u0027s Treasure","Omamori","Ornamental Fan","FossilizedHelix"],"acts_visited":["Exordium","TheCity"],"potions_floor_usage":[12,13,18,18,18,25,27,27,27],"damage_taken":[{"damage":1,"enemies":"Jaw Worm","floor":1,"turns":3},{"damage":1,"enemies":"Cultist","floor":3,"turns":3},{"damage":7,"enemies":"2 Louse","floor":4,"turns":2},{"damage":53,"enemies":"Gremlin Nob","floor":7,"turns":5},{"damage":6,"enemies":"Lagavulin","floor":12,"turns":6},{"damage":17,"enemies":"Gremlin Gang","floor":13,"turns":3},{"damage":11,"enemies":"Lots of Slimes","floor":14,"turns":3},{"damage":41,"enemies":"Fading Forest","floor":16,"turns":11},{"damage":8,"enemies":"3 Byrds","floor":18,"turns":4},{"damage":31,"enemies":"Shell Parasite","floor":22,"turns":5},{"damage":32,"enemies":"Snake Plant","floor":25,"turns":3},{"damage":29,"enemies":"Book of Stabbing","floor":27,"turns":5}],"seed_played":"84078915484434993","potions_obtained":[{"floor":4,"key":"SteroidPotion"},{"floor":7,"key":"Weak Potion"},{"floor":12,"key":"DistilledChaos"},{"floor":16,"key":"EntropicBrew"},{"floor":22,"key":"Languid Potion"},{"floor":25,"key":"Languid Potion"}],"is_trial":false,"path_per_floor":["M","?","M","M","$","R","E","R","T","R","?","E","M","M","R","B",null,"M","$","T","T","M","R","$","M","T","E"],"character_chosen":"DEFECT","items_purchased":["Capacitor","Chill","Defragment"],"campfire_rested":4,"item_purchase_floors":[5,19,24],"current_hp_per_floor":[74,74,73,66,66,66,13,35,35,57,57,51,34,23,45,12,75,67,67,67,67,36,58,58,26,26,0,0],"gold":102,"neow_bonus":"THREE_CARDS","is_daily":false,"chose_seed":false,"campfire_upgraded":1,"win_rate":0.0,"timestamp":1612071027,"path_taken":["M","?","M","?","$","R","E","R","T","R","?","E","?","M","R","BOSS","M","$","?","?","M","R","?","?","T","E"],"items_purchased_type":["Card","Card","Card"],"build_version":"2020-12-22","purchased_purges":2,"victory":false,"max_hp_per_floor":[75,75,75,75,75,75,75,75,75,75,75,75,75,75,75,75,75,75,75,75,75,75,75,75,75,75,75,75],"relic_stats":{"counters":[12,53],"Ornamental Fan":[8],"Pen Nib":[3],"Letter Opener":[70],"obtain_stats":[{"Ornamental Fan":21,"Onion Ring":12,"Pen Nib":9,"Omamori":20,"Letter Opener":7,"Cracked Core":0,"Abe\u0027s Treasure":17,"FossilizedHelix":26},{"Ornamental Fan":9,"Onion Ring":5,"Pen Nib":4,"Omamori":9,"Letter Opener":4,"Cracked Core":0,"Abe\u0027s Treasure":8,"FossilizedHelix":11},{"Ornamental Fan":40,"Onion Ring":19,"Pen Nib":13,"Omamori":40,"Letter Opener":13,"Cracked Core":0,"Abe\u0027s Treasure":36,"FossilizedHelix":48}]},"card_choices":[{"not_picked":["Hello World","ReplayTheSpireMod:GoodbyeWorld"],"picked":"ReplayTheSpireMod:Repulse","floor":0},{"not_picked":["Redo","Panic Button"],"picked":"Capacitor","floor":1},{"not_picked":["Stack","Skim"],"picked":"Barrage","floor":3},{"not_picked":["Sweeping Beam","Ball Lightning"],"picked":"Crystallizer","floor":4},{"not_picked":["Cold Snap","Defragment"],"picked":"Static Discharge","floor":7},{"not_picked":["Turbo","Core Surge"],"picked":"Crystallizer","floor":12},{"not_picked":["Panic Button","Steam"],"picked":"Static Discharge","floor":13},{"not_picked":["Reprogram","Go for the Eyes"],"picked":"Ball Lightning","floor":14},{"not_picked":["Core Surge","ReplayTheSpireMod:Omega Cannon"],"picked":"Echo Form","floor":16},{"not_picked":["Sunder+1","Leap"],"picked":"Chill","floor":18},{"not_picked":["Darkness","Turbo+1"],"picked":"Panic Button","floor":22},{"not_picked":["ReplayTheSpireMod:System Scan+1","Ball Lightning"],"picked":"Conserve Battery+1","floor":25}],"player_experience":238077,"relics_obtained":[{"floor":7,"key":"Letter Opener"},{"floor":9,"key":"Pen Nib"},{"floor":12,"key":"Onion Ring"},{"floor":20,"key":"Omamori"},{"floor":21,"key":"Ornamental Fan"},{"floor":26,"key":"FossilizedHelix"}],"event_choices":[{"damage_healed":0,"gold_gain":0,"player_choice":"Forge","damage_taken":0,"max_hp_gain":0,"max_hp_loss":0,"event_name":"Accursed Blacksmith","floor":2,"gold_loss":0,"cards_upgraded":["Zap"]},{"cards_removed":["Strike_B"],"damage_healed":0,"gold_gain":0,"player_choice":"Purged","damage_taken":0,"max_hp_gain":0,"max_hp_loss":0,"event_name":"Purifier","floor":11,"gold_loss":0}],"is_beta":false,"boss_relics":[{"not_picked":["Kintsugi","Replay:Bronze Core"],"picked":"Abe\u0027s Treasure"}],"items_purged_floors":[5,19],"is_endless":false,"potions_floor_spawned":[4,7,12,16,22,25],"killed_by":"Book of Stabbing","ascension_level":1}}