{"host":"i4vlfbz13gs2xtdj","time":1612071739,"event":{"mods":["2.2 Compatiblity","AchievementEnabler","Act Like it!","Aspiration","BaseMod","Better Altar","Better Match","Better Note","Better Sensory Stone","Better Skull","Better Third Choice","BetterRewards","Colored Map","Elementarium","Energized Spire","Fox Events","Friendly Minions","GifTheSpireLib","Halation","Hubris","Infinite Spire","Jedi Mod","Minty Spire (QoL Compilation)","Pale of the Ancients","Potionbrewer","Replay The Spire","Shop Mod","Somnambulant","Spikes Relics","StSLib","Stuff the Spire","The Jungle","The Marked","The Sage","Trackpad"],"gold_per_floor":[115,115,115,131,151,176,274,292,292,292,306,306,335,350,350,452,452,468,468,482,553,553,553,478,478,478,478,324,324,359,359,359,458,558,573,573,137,187,187,187,26,26,54,54,54,70,90,90,107,132,132,132,132,132,27,55,55],"floor_reached":58,"language":"ENG","playtime":6980,"items_purged":["potionbrewer:PotionbrewerDefend","potionbrewer:EquivalentExchange","Decay"],"score":1791,"play_id":"b8b388f4-7b2a-4d0d-9362-1773044c5005","local_time":"20210131004219","is_ascension_mode":false,"campfire_choices":[{"data":"potionbrewer:Experimentation","floor":10,"key":"SMITH"},{"data":"potionbrewer:ChemicalSpill","floor":12,"key":"SMITH"},{"data":"potionbrewer:Refill","floor":15,"key":"SMITH"},{"data":"potionbrewer:TwoForOne","floor":23,"key":"SMITH"},{"data":"ReplayUltimateDefense","floor":25,"key":"SMITH"},{"floor":29,"key":"RECALL"},{"floor":32,"key":"REST"},{"data":"Forethought","floor":42,"key":"SMITH"},{"data":"BlessedFruit","floor":44,"key":"SMITH"},{"data":"BlessedFruit","floor":48,"key":"SMITH"},{"data":"potionbrewer:PortableLab","floor":54,"key":"SMITH"}],"circlet_count":0,"master_deck":["potionbrewer:PotionbrewerStrike","potionbrewer:PotionbrewerStrike","potionbrewer:PotionbrewerDefend","potionbrewer:PotionbrewerDefend","potionbrewer:Collect","potionbrewer:ChemicalSpill+1","potionbrewer:BlindingMist+1","potionbrewer:Shovel","potionbrewer:Experimentation+1","potionbrewer:PortableLab+1","potionbrewer:Refill+1","potionbrewer:EmptyBottle","potionbrewer:PrivateReserves","potionbrewer:DigDeep","potionbrewer:Prototype","potionbrewer:TwoForOne+1","potionbrewer:FuelCell+1","potionbrewer:Backhand","ReplayUltimateDefense+1","potionbrewer:ChoosePotion","potionbrewer:FlareUp","potionbrewer:Prototype","Forethought+1","BlessedFruit+1","BlessedFruit+1","potionbrewer:Contingency+1","potionbrewer:Toxicity+1","potionbrewer:Biohazard","potionbrewer:ChemicalShroud+1"],"relics":["potionbrewer:PotionKit","PreservedInsect","Pondfish Scales","TungstenRod","aspiration:FetidBarrel","Bag of Preparation","StuffTheSpire:RunicHypercube","jedi:archwizardhat","jedi:zontanonomicon","SpikesRelics:DaevaFist","jedi:angrymask","hubris:FruitBowl","potionbrewer:Keyblade","Oddly Smooth Stone","MerchantsRug","HeavenlyBonsai","ReplayTheSpireMod:CursedCoin","Calipers","BrokenLever","trackpad:Compendium","Mango"],"acts_visited":["Exordium","TheCity","TheBeyond","TheEnding"],"potions_floor_usage":[4,5,6,6,6,8,8,13,14,16,16,16,18,20,27,27,30,30,30,33,33,33,33,33,33,33,35,38,38,43,43,47,47,47,49,50,50,52,52,52,52,56,56,56,57,57,57,57,57,57,57],"damage_taken":[{"damage":5,"enemies":"2 Louse","floor":1,"turns":4},{"damage":0,"enemies":"Cultist","floor":4,"turns":5},{"damage":0,"enemies":"Small Slimes","floor":5,"turns":3},{"damage":2,"enemies":"Lagavulin","floor":6,"turns":6},{"damage":1,"enemies":"Exordium Thugs","floor":8,"turns":8},{"damage":0,"enemies":"3 Louse","floor":11,"turns":5},{"damage":15,"enemies":"Replay:BlueRogue","floor":13,"turns":5},{"damage":0,"enemies":"2 Fungi Beasts","floor":14,"turns":3},{"damage":12,"enemies":"Hexaghost","floor":16,"turns":11},{"damage":0,"enemies":"3 Byrds","floor":18,"turns":3},{"damage":0,"enemies":"Shell Parasite","floor":20,"turns":1},{"damage":0,"enemies":"Snake Plant","floor":27,"turns":2},{"damage":0,"enemies":"Nightmare","floor":30,"turns":7},{"damage":0,"enemies":"Champ","floor":33,"turns":16},{"damage":0,"enemies":"3 Shapes","floor":35,"turns":3},{"damage":0,"enemies":"Mind Bloom Boss Battle","floor":38,"turns":3},{"damage":0,"enemies":"Reptomancer","floor":43,"turns":4},{"damage":0,"enemies":"Orb Walker","floor":46,"turns":2},{"damage":0,"enemies":"3 Darklings","floor":47,"turns":3},{"damage":0,"enemies":"Maw","floor":49,"turns":6},{"damage":0,"enemies":"Giant Head","floor":50,"turns":6},{"damage":0,"enemies":"Donu and Deca","floor":52,"turns":7},{"damage":13,"enemies":"Shield and Spear","floor":56,"turns":4},{"damage":0,"enemies":"The Heart","floor":57,"turns":9}],"seed_played":"-1119842696834690999","potions_obtained":[{"floor":1,"key":"potionbrewer:StunPotion"},{"floor":4,"key":"Toxic Potion"},{"floor":8,"key":"potionbrewer:DiscountPotion"},{"floor":13,"key":"Venom Potion"},{"floor":16,"key":"potionbrewer:AcidPotion"},{"floor":18,"key":"jedi:StrikingPotion"},{"floor":20,"key":"SpeedPotion"},{"floor":30,"key":"Adrenaline Potion"},{"floor":38,"key":"jedi:tentaclejuice"},{"floor":43,"key":"potionbrewer:CleansingPotion"},{"floor":46,"key":"Ancient Potion"},{"floor":51,"key":"LiquidBronze"},{"floor":51,"key":"Swift Potion"}],"is_trial":false,"path_per_floor":["M","?","?","M","M","E","?","M","T","R","M","R","E","M","R","B",null,"M","?","M","T","?","R","?","R","T","M","$","R","NM","$","R","B",null,"M","?","$","?","PTL","PTL","$","R","E","R","T","M","M","R","M","E","R_BF","B",null,"R","$","E","B",null],"character_chosen":"POTIONBREWER","items_purchased":["PreservedInsect","SpikesRelics:DaevaFist","hubris:FruitBowl","potionbrewer:Keyblade","Oddly Smooth Stone","Forethought","Dexterity Potion","SteroidPotion","AttackPotion","MerchantsRug","ReplayTheSpireMod:CursedCoin","Calipers","SteroidPotion","potionbrewer:Biohazard"],"campfire_rested":1,"item_purchase_floors":[0,28,31,31,31,37,37,37,37,37,41,41,55,55],"current_hp_per_floor":[50,50,50,50,50,48,48,47,47,47,47,47,32,32,32,20,75,75,75,75,75,63,63,63,63,63,63,63,63,63,24,46,46,75,75,75,75,75,75,75,75,75,76,76,76,79,80,80,86,92,92,98,98,98,98,112,118],"gold":55,"neow_bonus":"","is_daily":false,"chose_seed":false,"campfire_upgraded":9,"win_rate":0.0,"timestamp":1612071739,"path_taken":["M","?","?","?","M","E","?","M","T","R","M","R","E","M","R","BOSS","M","?","?","?","?","R","?","R","T","M","$","R","NM","?","R","BOSS","M","?","$","?","PTL","PTL","$","R","E","R","T","M","M","R","M","E","R_BF","BOSS","R","$","E","BOSS"],"items_purchased_type":["Relic","Relic","Relic","Relic","Relic","Card","Potion","Potion","Potion","Relic","Relic","Relic","Potion","Card"],"build_version":"2020-12-22","purchased_purges":3,"victory":true,"max_hp_per_floor":[75,75,75,75,75,75,75,75,75,75,75,75,75,75,75,75,75,75,75,75,75,75,75,75,75,75,75,75,75,75,75,75,75,75,75,75,75,75,75,75,75,75,76,76,76,79,80,80,86,92,92,98,98,98,98,125,131],"card_choices":[{"not_picked":["potionbrewer:FlashPowder","potionbrewer:TimeBomb"],"picked":"potionbrewer:BlindingMist","floor":1},{"not_picked":["potionbrewer:Smack","potionbrewer:UnstableFormula"],"picked":"potionbrewer:Shovel","floor":4},{"not_picked":["potionbrewer:VolatileSolution","potionbrewer:Contingency"],"picked":"potionbrewer:Experimentation","floor":5},{"not_picked":["potionbrewer:Brandish","potionbrewer:BalancedFormula","potionbrewer:Prototype"],"picked":"potionbrewer:PortableLab","floor":6},{"not_picked":["potionbrewer:ExothermicReaction","potionbrewer:Brandish","potionbrewer:Prototype"],"picked":"potionbrewer:Refill","floor":7},{"not_picked":["potionbrewer:Shovel","potionbrewer:TestFormula","potionbrewer:Prototype"],"picked":"potionbrewer:EmptyBottle","floor":7},{"not_picked":["potionbrewer:QuickStep","potionbrewer:Refill","potionbrewer:LeftoverSpecimen","potionbrewer:Prototype"],"picked":"SKIP","floor":8},{"not_picked":["potionbrewer:Biohazard","potionbrewer:Smokescreen","potionbrewer:Prototype"],"picked":"potionbrewer:PrivateReserves","floor":11},{"not_picked":["potionbrewer:OneTwoPunch","potionbrewer:ChemicalShroud"],"picked":"potionbrewer:DigDeep","floor":13},{"not_picked":["potionbrewer:AcidCloud","potionbrewer:Shovel","potionbrewer:AnotherRound"],"picked":"potionbrewer:Prototype","floor":14},{"not_picked":["potionbrewer:Accelerant","potionbrewer:Bribery","potionbrewer:Prototype"],"picked":"potionbrewer:TwoForOne","floor":16},{"not_picked":["potionbrewer:AnotherRound","potionbrewer:VolatileSolution","potionbrewer:Brandish"],"picked":"SKIP","floor":18},{"not_picked":["potionbrewer:ExothermicReaction","potionbrewer:Contingency"],"picked":"potionbrewer:FuelCell+1","floor":20},{"not_picked":["potionbrewer:Transmute","potionbrewer:EquivalentExchange"],"picked":"potionbrewer:BottomlessFlask","floor":24},{"not_picked":["potionbrewer:FuelCell","potionbrewer:Discombobulate"],"picked":"potionbrewer:Backhand","floor":24},{"not_picked":["Apotheosis","hubris:EnhanceAbility"],"picked":"ReplayUltimateDefense","floor":24},{"not_picked":["potionbrewer:DigDeep","potionbrewer:TimeBomb","potionbrewer:Prototype"],"picked":"potionbrewer:FlareUp","floor":30},{"not_picked":["potionbrewer:TheFinalStraw","potionbrewer:PotentialEnergy","potionbrewer:BeatDown"],"picked":"potionbrewer:Prototype","floor":33},{"not_picked":["potionbrewer:FuelCell+1","potionbrewer:TestFormula+1","potionbrewer:Backhand"],"picked":"SKIP","floor":35},{"not_picked":["potionbrewer:FortifiedSerum+1","potionbrewer:FlashPowder"],"picked":"potionbrewer:Contingency+1","floor":43},{"not_picked":["potionbrewer:FlareUp+1","potionbrewer:BlindingSpray","potionbrewer:LabJournal"],"picked":"SKIP","floor":46},{"not_picked":["potionbrewer:Experimentation","potionbrewer:Shovel"],"picked":"potionbrewer:Toxicity+1","floor":47},{"not_picked":["potionbrewer:FlashPowder","potionbrewer:BalancedFormula","potionbrewer:UnstableFormula","potionbrewer:Prototype"],"picked":"SKIP","floor":49},{"not_picked":["potionbrewer:FlashPowder+1","potionbrewer:ChemicalRage","potionbrewer:PrivateReserves","potionbrewer:Prototype"],"picked":"SKIP","floor":50},{"not_picked":["potionbrewer:UnstableFormula+1","potionbrewer:Biohazard+1","potionbrewer:Prototype"],"picked":"potionbrewer:ChemicalShroud+1","floor":56}],"player_experience":235153,"relics_obtained":[{"floor":6,"key":"TungstenRod"},{"floor":7,"key":"Orichalcum"},{"floor":9,"key":"aspiration:FetidBarrel"},{"floor":13,"key":"Bag of Preparation"},{"floor":21,"key":"jedi:archwizardhat"},{"floor":22,"key":"jedi:zontanonomicon"},{"floor":26,"key":"jedi:cryingmask"},{"floor":30,"key":"jedi:angrymask"},{"floor":38,"key":"HeavenlyBonsai"},{"floor":43,"key":"BrokenLever"},{"floor":50,"key":"trackpad:Compendium"},{"floor":56,"key":"Mango"}],"event_choices":[{"damage_healed":0,"gold_gain":0,"cards_transformed":["potionbrewer:PotionbrewerStrike"],"player_choice":"Transformed","damage_taken":0,"max_hp_gain":0,"max_hp_loss":0,"event_name":"Transmorgrifier","floor":3,"gold_loss":0,"cards_obtained":["potionbrewer:EquivalentExchange"]},{"cards_removed":["potionbrewer:TwoForOne"],"damage_healed":0,"gold_gain":0,"player_choice":"Give","damage_taken":0,"max_hp_gain":0,"max_hp_loss":0,"event_name":"betterNote:BetterNote","floor":19,"gold_loss":0,"cards_obtained":["potionbrewer:Collect"]},{"damage_healed":0,"gold_gain":0,"player_choice":"Obtained Book","damage_taken":16,"max_hp_gain":0,"max_hp_loss":0,"event_name":"Cursed Tome","floor":22,"gold_loss":0},{"damage_healed":0,"gold_gain":0,"player_choice":"1","damage_taken":0,"max_hp_gain":0,"max_hp_loss":0,"event_name":"betterMatch:BetterMatch","floor":24,"gold_loss":0,"cards_obtained":["betterMatch:RareCard","betterMatch:UncommonCard","betterMatch:ColorlessRareCard"]},{"cards_removed":["potionbrewer:PotionbrewerStrike"],"damage_healed":0,"gold_gain":0,"player_choice":"Removed Attack","damage_taken":0,"max_hp_gain":0,"max_hp_loss":0,"event_name":"Falling","floor":36,"gold_loss":0},{"damage_healed":0,"gold_gain":0,"player_choice":"Fight","damage_taken":0,"max_hp_gain":0,"max_hp_loss":0,"event_name":"MindBloom","floor":38,"gold_loss":0}],"is_beta":false,"boss_relics":[{"not_picked":["hubris:BlackHole","halation:MonkeysPaw"],"picked":"StuffTheSpire:RunicHypercube"},{"not_picked":["CosmicIsotope","hubris:CrackedHourglass"],"picked":"Replay:Wanted Poster"}],"items_purged_floors":[37,37,41],"is_endless":false,"potions_floor_spawned":[1,4,8,13,16,18,20,30,38,43,46],"ascension_level":0}}