{"host":"uy3vg6glkp8m6iit","time":1612094993,"event":{"mods":["AchievementEnabler","BaseMod","Colored Map","DeckTracker","Highlight Path","Keyboard Shortcuts","Minty Spire (QoL Compilation)","Quick Restart","Random Character Button","Rare Cards Sparkle","Relic Stats","StSLib","everything is the same but u backflip on backflip"],"gold_per_floor":[110,130,3,53,64,64,78,89,138,169,169,183,183,193,193,266,266,285,300,52,52,72,106,31,31,31,31,31,31,47,79,79,153,153,163,109,126,139,152,152,152,184,184,195,195,31,58,139,139,139,139,139,18,48,48],"floor_reached":56,"language":"KOR","playtime":2355,"items_purged":["Strike_G","Survivor"],"score":2045,"play_id":"7e285c15-11c3-4604-bc92-7e00e6372222","local_time":"20210131210953","is_ascension_mode":true,"campfire_choices":[{"data":"Poisoned Stab","floor":6.0,"key":"SMITH"},{"data":"Crippling Poison","floor":11.0,"key":"SMITH"},{"data":"Malaise","floor":13.0,"key":"SMITH"},{"data":"Bouncing Flask","floor":15.0,"key":"SMITH"},{"floor":25.0,"key":"RECALL"},{"floor":27.0,"key":"REST"},{"floor":32.0,"key":"REST"},{"floor":40,"key":"REST"},{"floor":49,"key":"REST"},{"floor":52,"key":"REST"}],"circlet_count":0,"master_deck":["AscendersBane","Strike_G+1","Strike_G+1","Strike_G+1","Defend_G+1","Defend_G+1","Defend_G+1","Defend_G+1","Defend_G+1","Neutralize","Malaise+1","Poisoned Stab+1","Cloak And Dagger","Dagger Throw","Crippling Poison+1","Bouncing Flask+1","Backflip","PiercingWail","Well Laid Plans+1","Noxious Fumes+1","Burst","Noxious Fumes+1","Caltrops+1","Backflip+1","Footwork+1","Footwork+1","Acrobatics"],"relics":["Ring of the Snake","War Paint","Frozen Egg 2","Fusion Hammer","Paper Crane","The Courier","Bronze Scales","Question Card","Pen Nib","SlaversCollar","Nunchaku","Pantograph","HornCleat","Art of War","Strawberry"],"acts_visited":["Exordium","TheCity","TheBeyond","TheEnding"],"potions_floor_usage":[44,55,55],"damage_taken":[{"damage":6.0,"enemies":"Jaw Worm","floor":1.0,"turns":6.0},{"damage":1.0,"enemies":"Cultist","floor":2.0,"turns":4.0},{"damage":0.0,"enemies":"Small Slimes","floor":5.0,"turns":4.0},{"damage":6.0,"enemies":"Exordium Thugs","floor":7.0,"turns":5.0},{"damage":0.0,"enemies":"3 Louse","floor":8.0,"turns":4.0},{"damage":6.0,"enemies":"Lagavulin","floor":10.0,"turns":6.0},{"damage":0.0,"enemies":"Blue Slaver","floor":12.0,"turns":3.0},{"damage":0.0,"enemies":"2 Fungi Beasts","floor":14.0,"turns":4.0},{"damage":2.0,"enemies":"Hexaghost","floor":16.0,"turns":9.0},{"damage":0.0,"enemies":"3 Byrds","floor":18.0,"turns":5.0},{"damage":0.0,"enemies":"Spheric Guardian","floor":19.0,"turns":4.0},{"damage":9.0,"enemies":"3 Cultists","floor":22.0,"turns":5.0},{"damage":0.0,"enemies":"Gremlin Leader","floor":23.0,"turns":6.0},{"damage":0.0,"enemies":"Sentry and Sphere","floor":30.0,"turns":5.0},{"damage":0.0,"enemies":"Book of Stabbing","floor":31.0,"turns":5.0},{"damage":1.0,"enemies":"Automaton","floor":33.0,"turns":10.0},{"damage":0.0,"enemies":"Orb Walker","floor":35.0,"turns":5.0},{"damage":32.0,"enemies":"3 Darklings","floor":37.0,"turns":5.0},{"damage":2,"enemies":"Writhing Mass","floor":38,"turns":6},{"damage":10,"enemies":"Transient","floor":39,"turns":5},{"damage":0,"enemies":"Nemesis","floor":42,"turns":7},{"damage":5,"enemies":"Jaw Worm Horde","floor":44,"turns":5},{"damage":5,"enemies":"Giant Head","floor":47,"turns":9},{"damage":19,"enemies":"Time Eater","floor":50,"turns":13},{"damage":33,"enemies":"Shield and Spear","floor":54,"turns":7},{"damage":19,"enemies":"The Heart","floor":55,"turns":10}],"seed_played":"3590429966604450133","potions_obtained":[{"floor":2.0,"key":"CultistPotion"},{"floor":14.0,"key":"Fire Potion"},{"floor":44,"key":"Fire Potion"},{"floor":54,"key":"DistilledChaos"}],"is_trial":false,"path_per_floor":["M","M","$","?","M","R","M","M","T","E","R","M","R","M","R","B",null,"M","M","$","T","M","E","?","R","T","R","?","?","M","E","R","B",null,"M","$","M","M","M","R","?","E","T","M","?","$","E","T","R","B",null,"R","$","E","B",null],"character_chosen":"THE_SILENT","items_purchased":["Cloak And Dagger","Paper Crane","Caltrops+1","Footwork+1","Footwork+1","Art of War"],"campfire_rested":5,"item_purchase_floors":[3,20,36,46,46,53],"current_hp_per_floor":[53,52,52,52,52,52,46,46,46,40,40,40,40,40,40,38,55,55,55,55,55,46,46,46,46,46,60,60,60,60,60,60,59,60,60,60,28,26,16,34,34,34,34,29,29,29,24,24,41,38,52,57,57,31,37],"gold":48,"neow_bonus":"THREE_RARE_CARDS","is_daily":false,"chose_seed":false,"campfire_upgraded":4,"win_rate":0.0,"timestamp":1612094993,"path_taken":["M","M","$","?","M","R","M","M","T","E","R","M","R","M","R","BOSS","M","M","$","?","M","E","?","R","T","R","?","?","M","E","R","BOSS","M","$","M","M","M","R","?","E","T","M","?","$","E","?","R","BOSS","R","$","E","BOSS"],"items_purchased_type":["Card","Relic","Card","Card","Card","Relic"],"build_version":"2020-12-22","purchased_purges":2,"victory":true,"max_hp_per_floor":[60,60,60,60,60,60,60,60,60,60,60,60,60,60,60,60,60,60,60,60,60,60,60,60,60,60,60,60,60,60,60,60,60,60,60,60,60,60,60,60,60,60,60,60,57,57,57,57,57,57,57,57,57,64,64],"relic_stats":{"Nunchaku":[4],"counters":[26,157],"Bronze Scales":[408],"Pantograph":41,"Pen Nib":[8],"Art of War":[9],"War Paint":["Defend_G","Defend_G"],"Question Card":11,"obtain_stats":[{"The Courier":21,"Pen Nib":31,"War Paint":9,"Frozen Egg 2":10,"Paper Crane":20,"Question Card":26,"SlaversCollar":34,"Nunchaku":42,"HornCleat":48,"Bronze Scales":23,"Pantograph":47,"Strawberry":54,"Fusion Hammer":17,"Art of War":53,"Ring of the Snake":0},{"The Courier":11,"Pen Nib":15,"War Paint":5,"Frozen Egg 2":6,"Paper Crane":11,"Question Card":13,"SlaversCollar":16,"Nunchaku":21,"HornCleat":23,"Bronze Scales":13,"Pantograph":23,"Strawberry":25,"Fusion Hammer":9,"Art of War":24,"Ring of the Snake":0},{"The Courier":54,"Pen Nib":75,"War Paint":23,"Frozen Egg 2":29,"Paper Crane":54,"Question Card":65,"SlaversCollar":85,"Nunchaku":113,"HornCleat":127,"Bronze Scales":65,"Pantograph":127,"Strawberry":147,"Fusion Hammer":45,"Art of War":140,"Ring of the Snake":0}],"Ring of the Snake":[52]},"card_choices":[{"not_picked":["Bullet Time","Tools of the Trade"],"picked":"Malaise","floor":0.0},{"not_picked":["Outmaneuver","Escape Plan"],"picked":"Poisoned Stab","floor":1.0},{"not_picked":["Sucker Punch","Bane"],"picked":"Masterful Stab","floor":2.0},{"not_picked":["Prepared","Acrobatics"],"picked":"Dagger Throw","floor":5.0},{"not_picked":["Cloak And Dagger","Storm of Steel"],"picked":"Crippling Poison","floor":7.0},{"not_picked":["Heel Hook","Dagger Throw"],"picked":"Bouncing Flask","floor":8.0},{"not_picked":["Quick Slash","Underhanded Strike","Terror"],"picked":"SKIP","floor":10.0},{"not_picked":["Deflect","Masterful Stab"],"picked":"Backflip","floor":12.0},{"not_picked":["Endless Agony","Crippling Poison"],"picked":"PiercingWail","floor":14.0},{"not_picked":["Leg Sweep","Cloak And Dagger"],"picked":"Well Laid Plans+1","floor":18.0},{"not_picked":["Well Laid Plans+1","Dagger Throw"],"picked":"Noxious Fumes+1","floor":19.0},{"not_picked":["Distraction","Expertise","Quick Slash"],"picked":"SKIP","floor":22.0},{"not_picked":["Setup","Poisoned Stab"],"picked":"Escape Plan","floor":23.0},{"not_picked":["Deadly Poison","Flying Knee","PiercingWail","Sucker Punch"],"picked":"SKIP","floor":30.0},{"not_picked":["Heel Hook","Skewer","Quick Slash","Deadly Poison"],"picked":"SKIP","floor":31.0},{"not_picked":["Venomology","Die Die Die","Phantasmal Killer"],"picked":"Burst","floor":33.0},{"not_picked":["Poisoned Stab","Eviscerate","Backflip"],"picked":"Noxious Fumes+1","floor":35.0},{"not_picked":["Poisoned Stab+1","Calculated Gamble+1","Dagger Throw"],"picked":"Backflip+1","floor":37.0},{"not_picked":["Poisoned Stab","Accuracy+1","Flying Knee","Masterful Stab+1"],"picked":"SKIP","floor":38},{"not_picked":["Eviscerate+1","Deflect","Bane+1","Slice"],"picked":"SKIP","floor":39},{"not_picked":["Quick Slash+1","Accuracy+1","Masterful Stab","Tactician"],"picked":"SKIP","floor":42},{"not_picked":["Blade Dance","Backflip","Burst","Dodge and Roll"],"picked":"SKIP","floor":44},{"not_picked":["Masterful Stab","Predator","Prepared","Crippling Poison+1"],"picked":"SKIP","floor":47},{"not_picked":["Flying Knee+1","Deflect","Slice+1"],"picked":"Acrobatics","floor":54}],"player_experience":1499510,"relics_obtained":[{"floor":9.0,"key":"War Paint"},{"floor":10.0,"key":"Frozen Egg 2"},{"floor":21.0,"key":"The Courier"},{"floor":23.0,"key":"Bronze Scales"},{"floor":26.0,"key":"Question Card"},{"floor":31.0,"key":"Pen Nib"},{"floor":42,"key":"Nunchaku"},{"floor":47,"key":"Pantograph"},{"floor":48,"key":"HornCleat"},{"floor":54,"key":"Strawberry"}],"event_choices":[{"damage_healed":0.0,"max_hp_gain":0.0,"max_hp_loss":0.0,"gold_gain":50.0,"event_name":"Golden Shrine","player_choice":"Pray","floor":4.0,"gold_loss":0.0,"damage_taken":0.0},{"cards_removed":["Strike_G"],"damage_healed":0.0,"max_hp_gain":0.0,"max_hp_loss":0.0,"gold_gain":0.0,"event_name":"Beggar","player_choice":"Gave Gold","floor":24.0,"gold_loss":75.0,"damage_taken":0.0},{"damage_healed":0.0,"max_hp_gain":0.0,"max_hp_loss":0.0,"gold_gain":0.0,"event_name":"Back to Basics","player_choice":"Simplicity","floor":28.0,"gold_loss":0.0,"damage_taken":0.0,"cards_upgraded":["Strike_G","Strike_G","Strike_G","Defend_G","Defend_G","Defend_G"]},{"cards_removed":["Masterful Stab"],"damage_healed":0.0,"max_hp_gain":0.0,"max_hp_loss":0.0,"gold_gain":0.0,"event_name":"Purifier","player_choice":"Purged","floor":29.0,"gold_loss":0.0,"damage_taken":0.0},{"cards_removed":["Escape Plan"],"damage_healed":0,"gold_gain":0,"player_choice":"Removed Skill","damage_taken":0,"max_hp_gain":0,"max_hp_loss":0,"event_name":"Falling","floor":41,"gold_loss":0},{"damage_healed":0,"gold_gain":0,"player_choice":"Max HP","damage_taken":0,"max_hp_gain":0,"max_hp_loss":3,"event_name":"Winding Halls","floor":45,"gold_loss":0}],"is_beta":false,"boss_relics":[{"not_picked":["Cursed Key","Astrolabe"],"picked":"Fusion Hammer"},{"not_picked":["Snecko Eye","Coffee Dripper"],"picked":"SlaversCollar"}],"items_purged_floors":[3,46],"is_endless":false,"potions_floor_spawned":[2,14,16,19,23,33,37,42,44,54],"ascension_level":15}}