{"host":"cijhj3091wf4aho3","time":1612071630,"event":{"mods":["BaseMod","Colored Map","Colored Powertips","Downfall","Friendly Minions","GifTheSpireLib","Highlight Path","Minty Spire (QoL Compilation)","Permanent Neow","Random Character Button","Relic Sorter","Relic Stats","StSLib","everything is the same but u backflip on backflip","slay the spire mod where everything is the same but ironclad has a cowboy hat"],"gold_per_floor":[99,114,114,114,114,114,114,141,55,40,40,50,50,50,65,164,164,64,81,96,96,116,16,85,99,128,128,38,138,138,164,181,282,282,282,293,311,315,330,125,125,143,169,198,98,128,143,171,184,184,184,219,21,21,21,21],"floor_reached":57,"language":"ENG","playtime":3576,"items_purged":["Guardian:Strike_Guardian","Guardian:Strike_Guardian","Guardian:Strike_Guardian","Guardian:Defend_Guardian"],"score":2314,"play_id":"7c2bbf87-d8dc-451b-9b59-43b4b8519306","local_time":"20210130214030","is_ascension_mode":true,"campfire_choices":[{"floor":1,"key":"RECALL"},{"data":"Guardian:FloatingOrbs","floor":11,"key":"SMITH"},{"floor":13,"key":"REST"},{"data":"Guardian:StasisEngine","floor":18,"key":"SMITH"},{"data":"Guardian:DecasProtection","floor":23,"key":"SMITH"},{"data":"Guardian:ChargeUp","floor":30,"key":"SMITH"},{"data":"Guardian:FloatingOrbs","floor":35,"key":"SMITH"},{"data":"Guardian:DonusPower","floor":45,"key":"SMITH"},{"data":"Guardian:ChargeUp","floor":54,"key":"SMITH"}],"circlet_count":0,"master_deck":["AscendersBane","Guardian:Defend_Guardian","Guardian:Defend_Guardian","Guardian:Defend_Guardian","Guardian:CurlUp","Guardian:TwinSlam","Guardian:DecasProtection+1","Guardian:VentSteam","Guardian:BaubleBeam+1","Guardian:FloatingOrbs+1","Guardian:SentryBeam+1","Guardian:FloatingOrbs+1","Guardian:StasisEngine+1","Guardian:ChargeUp+1","Guardian:BodySlam+1","Guardian:DonusPower+1","Guardian:WalkerClaw+1","Guardian:Orbwalk+1","Guardian:ChargeUp+1"],"relics":["Guardian:ModeShifterPlus","Guardian:GemstoneGun","Gambling Chip","Guardian:PickAxe","Mummified Hand","Molten Egg 2","downfall:HeartBlessingRed","downfall:HeartBlessingGreen","Bottled Flame","Oddly Smooth Stone","WingedGreaves","Sundial","FossilizedHelix","Philosopher\u0027s Stone","Kunai","Ice Cream","Happy Flower","downfall:HeartBlessingBlue","MealTicket","Mango","Bag of Marbles"],"acts_visited":["Exordium","TheCity","TheBeyond","TheEnding"],"potions_floor_usage":[50,56,56],"damage_taken":[{"damage":7,"enemies":"2 Louse","floor":2,"turns":2},{"damage":5,"enemies":"2 Louse","floor":6,"turns":10},{"damage":40,"enemies":"Lagavulin","floor":8,"turns":10},{"damage":0,"enemies":"downfall:FleeingMerchant","floor":9,"turns":4},{"damage":7,"enemies":"downfall:FleeingMerchant","floor":10,"turns":4},{"damage":0,"enemies":"Small Slimes","floor":12,"turns":1},{"damage":0,"enemies":"Cultist","floor":14,"turns":1},{"damage":0,"enemies":"2 Fungi Beasts","floor":15,"turns":4},{"damage":12,"enemies":"DF_ARCHETYPE_STREAMLINE","floor":16,"turns":12},{"damage":0,"enemies":"Chosen","floor":19,"turns":3},{"damage":0,"enemies":"Shell Parasite","floor":20,"turns":3},{"damage":0,"enemies":"Centurion and Healer","floor":22,"turns":5},{"damage":0,"enemies":"Shelled Parasite and Fungi","floor":25,"turns":4},{"damage":0,"enemies":"Gremlin Leader","floor":26,"turns":6},{"damage":0,"enemies":"downfall:FleeingMerchant","floor":28,"turns":4},{"damage":0,"enemies":"WA_ARCHETYPE_RETAIN","floor":29,"turns":3},{"damage":0,"enemies":"Slavers","floor":31,"turns":3},{"damage":0,"enemies":"Snake Plant","floor":32,"turns":3},{"damage":0,"enemies":"IC_MUSHROOM_ARCHETYPE","floor":33,"turns":4},{"damage":0,"enemies":"Orb Walker","floor":36,"turns":3},{"damage":0,"enemies":"3 Darklings","floor":37,"turns":4},{"damage":0,"enemies":"downfall:FleeingMerchant","floor":38,"turns":3},{"damage":0,"enemies":"Sphere and 2 Shapes","floor":39,"turns":4},{"damage":0,"enemies":"4 Shapes","floor":42,"turns":2},{"damage":0,"enemies":"Giant Head","floor":43,"turns":4},{"damage":0,"enemies":"Reptomancer","floor":44,"turns":4},{"damage":0,"enemies":"Nemesis","floor":46,"turns":3},{"damage":0,"enemies":"3 Darklings","floor":47,"turns":3},{"damage":0,"enemies":"Giant Head","floor":48,"turns":3},{"damage":0,"enemies":"Transient","floor":49,"turns":5},{"damage":0,"enemies":"WA_ARCHETYPE_DIVINITY","floor":50,"turns":5},{"damage":0,"enemies":"downfall:CharBossMerchant","floor":52,"turns":5},{"damage":0,"enemies":"downfall:NeowBoss","floor":55,"turns":9},{"damage":24,"enemies":"downfall:NeowBossFinal","floor":56,"turns":6}],"seed_played":"-1212276869042381505","potions_obtained":[{"floor":2,"key":"Regen Potion"},{"floor":8,"key":"Swift Potion"},{"floor":21,"key":"CultistPotion"},{"floor":46,"key":"EssenceOfSteel"},{"floor":52,"key":"Dexterity Potion"}],"is_trial":false,"path_per_floor":["R","M","?","?","?","?","T","E","$","$","R","M","R","M","M","B",null,"R","M","M","?","M","R","T","M","E","?","$","?","R","E","M","B",null,"R","M","M","$","M","$","T","M","E","E","R","E","M","E","M","B",null,"E","$","R","B","B",null],"character_chosen":"GUARDIAN","items_purchased":["Guardian:FloatingOrbs","Kunai","Guardian:DonusPower","SteroidPotion"],"campfire_rested":1,"item_purchase_floors":[9,38,40,53],"current_hp_per_floor":[72,65,65,65,65,60,60,20,20,13,13,13,34,34,34,22,60,60,60,60,60,60,60,60,60,60,60,60,60,60,60,60,60,69,69,69,69,69,69,69,69,69,69,69,79,79,79,93,93,93,95,95,96,96,96,72],"gold":21,"neow_bonus":"ONE_RARE_RELIC","is_daily":false,"chose_seed":false,"campfire_upgraded":7,"win_rate":0.0,"timestamp":1612071630,"path_taken":["R","M","?","?","?","?","T","E","?","$","R","M","R","?","M","BOSS","R","M","M","?","M","R","T","?","E","?","$","?","R","E","M","BOSS","R","M","M","$","M","$","T","M","E","E","R","E","M","E","M","BOSS","E","$","R","BOSS","BOSS"],"items_purchased_type":["Card","Relic","Card","Potion"],"build_version":"2020-12-22","purchased_purges":4,"victory":true,"max_hp_per_floor":[72,72,72,72,72,72,72,72,72,72,72,72,72,72,72,72,72,72,72,72,72,72,72,72,72,72,72,72,72,72,72,72,72,72,72,72,72,72,72,72,72,72,72,72,82,82,82,96,96,96,96,96,96,96,96,96],"relic_stats":{"Happy Flower":[13],"counters":[34,149],"Mummified Hand":[124],"Sundial":[12],"Gambling Chip":[59],"MealTicket":1,"Kunai":[61],"obtain_stats":[{"Ice Cream":43,"Guardian:ModeShifterPlus":17,"downfall:HeartBlessingRed":18,"Happy Flower":44,"Guardian:GemstoneGun":0,"Guardian:ModeShifter":0,"Oddly Smooth Stone":26,"downfall:HeartBlessingGreen":23,"Mango":48,"Guardian:PickAxe":6,"Bottled Flame":24,"downfall:BrokenWingStatue":3,"Mummified Hand":7,"Sundial":29,"downfall:HeartBlessingBlue":45,"Gambling Chip":4,"Molten Egg 2":8,"Philosopher\u0027s Stone":34,"MealTicket":46,"WingedGreaves":29,"Bag of Marbles":52,"Kunai":38,"FossilizedHelix":31},{"Ice Cream":25,"Guardian:ModeShifterPlus":9,"downfall:HeartBlessingRed":9,"Happy Flower":26,"Guardian:GemstoneGun":0,"Guardian:ModeShifter":0,"Oddly Smooth Stone":14,"downfall:HeartBlessingGreen":12,"Mango":29,"Guardian:PickAxe":2,"Bottled Flame":12,"downfall:BrokenWingStatue":1,"Mummified Hand":2,"Sundial":16,"downfall:HeartBlessingBlue":26,"Gambling Chip":1,"Molten Egg 2":3,"Philosopher\u0027s Stone":19,"MealTicket":27,"WingedGreaves":16,"Bag of Marbles":32,"Kunai":22,"FossilizedHelix":17},{"Ice Cream":106,"Guardian:ModeShifterPlus":48,"downfall:HeartBlessingRed":48,"Happy Flower":110,"Guardian:GemstoneGun":0,"Guardian:ModeShifter":0,"Oddly Smooth Stone":69,"downfall:HeartBlessingGreen":59,"Mango":119,"Guardian:PickAxe":12,"Bottled Flame":59,"downfall:BrokenWingStatue":2,"Mummified Hand":12,"Sundial":76,"downfall:HeartBlessingBlue":110,"Gambling Chip":2,"Molten Egg 2":22,"Philosopher\u0027s Stone":86,"MealTicket":113,"WingedGreaves":76,"Bag of Marbles":134,"Kunai":96,"FossilizedHelix":79}]},"card_choices":[{"not_picked":["Guardian:RollAttack","Guardian:SpikerProtocol"],"picked":"Guardian:DecasProtection","floor":2},{"not_picked":["Guardian:Gem_Fragmented","Guardian:RollAttack+1"],"picked":"Guardian:VentSteam","floor":8},{"not_picked":["Guardian:WalkerClaw+1","Guardian:Gem_Crimson"],"picked":"Guardian:BaubleBeam+1","floor":9},{"not_picked":["Guardian:FuturePlans","Guardian:MultiBeam+1"],"picked":"Guardian:SentryBeam+1","floor":10},{"not_picked":["Guardian:Preprogram","Guardian:MultiBeam+1"],"picked":"Guardian:FloatingOrbs","floor":12},{"not_picked":["Guardian:Incinerate+1","Guardian:ChargeCore+1","Guardian:PrismaticBarrier"],"picked":"SKIP","floor":14},{"not_picked":["Guardian:PiercingHide","Guardian:WalkerClaw+1"],"picked":"Guardian:Gem_Cyan","floor":15},{"not_picked":["Guardian:ExploitGems","Guardian:FastForward"],"picked":"Guardian:StasisEngine","floor":16},{"not_picked":["Guardian:Gem_Fragmented","Guardian:PiercingHide"],"picked":"Guardian:ChargeUp","floor":19},{"not_picked":["Guardian:PiercingHide+1","Guardian:Incinerate+1","Guardian:MultiBeam+1"],"picked":"SKIP","floor":20},{"not_picked":["Guardian:Incinerate+1","Guardian:PiercingHide","Guardian:MultiBeam+1"],"picked":"SKIP","floor":22},{"not_picked":["Guardian:Gem_Yellow","Guardian:TimeBomb","Guardian:Gem_Crimson"],"picked":"SKIP","floor":25},{"not_picked":["Guardian:Gem_Green","Guardian:Gem_Blue","Guardian:Planning"],"picked":"SKIP","floor":26},{"not_picked":["Guardian:TimeBomb","Guardian:Reroute+1"],"picked":"Guardian:BodySlam+1","floor":28},{"not_picked":["Guardian:ArmoredProtocol","Guardian:PrismaticBeam+1"],"picked":"Guardian:Gem_Cyan","floor":29},{"not_picked":["Guardian:PrismaticBeam+1","Guardian:FastForward","Guardian:PiercingHide"],"picked":"SKIP","floor":31},{"not_picked":["Guardian:TimeBomb","Guardian:TimeCapacitor+1","Guardian:Suspension"],"picked":"SKIP","floor":32},{"not_picked":["Guardian:Planning","Guardian:TemporalShield+1","Guardian:FuturePlans+1"],"picked":"SKIP","floor":36},{"not_picked":["Guardian:PrimingBeam+1","Guardian:TemporalShield","Guardian:Gem_Red"],"picked":"SKIP","floor":37},{"not_picked":["Guardian:Recover","Guardian:GemFinder","Guardian:Gem_Green"],"picked":"SKIP","floor":38},{"not_picked":["Guardian:Incinerate+1","Guardian:TemporalShield+1","Guardian:ShieldCharger"],"picked":"SKIP","floor":39},{"not_picked":["Guardian:Reroute+1","Guardian:TemporalStrike+1","Guardian:CrystalBeam+1"],"picked":"SKIP","floor":42},{"not_picked":["Guardian:Gem_Purple","Guardian:PiercingHide+1","Guardian:PrismaticBeam+1"],"picked":"SKIP","floor":43},{"not_picked":["Guardian:EvasiveProtocol","Guardian:ShieldCharger","Guardian:PiercingHide"],"picked":"SKIP","floor":44},{"not_picked":["Guardian:TimeBomb+1","Guardian:RollAttack+1","Guardian:Harden"],"picked":"SKIP","floor":46},{"not_picked":["Guardian:EvasiveProtocol","Guardian:RefractedBeam+1"],"picked":"Guardian:WalkerClaw+1","floor":47},{"not_picked":["Guardian:TemporalStrike+1","Guardian:FierceBash+1"],"picked":"Guardian:Orbwalk+1","floor":48},{"not_picked":["Guardian:Emergency+1","Guardian:Recover+1"],"picked":"Guardian:ChargeUp","floor":49},{"not_picked":["Guardian:SpikerProtocol","Guardian:Gem_Crimson","Guardian:Reroute+1"],"picked":"SKIP","floor":52}],"player_experience":542124,"relics_obtained":[{"floor":7,"key":"Mummified Hand"},{"floor":8,"key":"Molten Egg 2"},{"floor":24,"key":"Bottled Flame"},{"floor":26,"key":"Oddly Smooth Stone"},{"floor":29,"key":"WingedGreaves"},{"floor":29,"key":"Sundial"},{"floor":31,"key":"FossilizedHelix"},{"floor":43,"key":"Ice Cream"},{"floor":44,"key":"Happy Flower"},{"floor":46,"key":"MealTicket"},{"floor":48,"key":"Mango"},{"floor":52,"key":"Bag of Marbles"}],"event_choices":[{"damage_healed":0,"gold_gain":0,"player_choice":"Got Potions","damage_taken":0,"max_hp_gain":0,"max_hp_loss":0,"event_name":"Lab","floor":21,"gold_loss":0}],"is_beta":false,"boss_relics":[{"not_picked":["Empty Cage","Runic Dome"],"picked":"Guardian:ModeShifterPlus"},{"not_picked":["SacredBark","Tiny House"],"picked":"Philosopher\u0027s Stone"}],"items_purged_floors":[28,38,40,53],"is_endless":false,"potions_floor_spawned":[2,8,12,15,16,22,26,29,33,43,44,46,49,52],"ascension_level":11}}