{"host":"vyjryxuuuxkt43k4","time":1612065409,"event":{"mods":["AchievementEnabler","BaseMod","Colored Map","DeckTracker","Keyboard Shortcuts","Minty Spire (QoL Compilation)","Permanent Neow","Quick Restart","Rare Cards Sparkle","StSLib","SuperFastMode","everything is the same but u backflip on backflip"],"gold_per_floor":[113,124,135,147,147,147,167,201,282,323,373,389,389,71,71,222,222,242,261,176,23,67,67,103,103,103,202,233,254,254,285,285,285,285],"floor_reached":33,"language":"KOR","playtime":2318,"items_purged":[],"score":493,"play_id":"43eebac1-3cd2-4626-bd7c-92b0c6dc99bc","local_time":"20210131125649","is_ascension_mode":true,"campfire_choices":[{"data":"Eruption","floor":6.0,"key":"SMITH"},{"data":"Adaptation","floor":13.0,"key":"SMITH"},{"data":"Meditate","floor":15.0,"key":"SMITH"},{"floor":23.0,"key":"REST"},{"floor":25.0,"key":"REST"},{"floor":30.0,"key":"REST"},{"floor":32.0,"key":"REST"}],"circlet_count":0,"master_deck":["Strike_P","Strike_P","Strike_P","Defend_P","Defend_P","Defend_P","Eruption+1","Vigilance","Protect","FearNoEvil","EmptyFist","Vengeance","Adaptation+1","SandsOfTime","Wish","Meditate+1","Ragnarok","Adaptation","MentalFortress","Consecrate+1","Indignation+1","InnerPeace"],"relics":["PureWater","Golden Idol","Bronze Scales","Matryoshka","Mango","Odd Mushroom","Shuriken","Black Star","Centennial Puzzle","Nunchaku","MealTicket","Bottled Flame","Omamori","Bottled Tornado","Akabeko","Smiling Mask","Lantern","TeardropLocket"],"acts_visited":["Exordium","TheCity"],"potions_floor_usage":[33],"damage_taken":[{"damage":0.0,"enemies":"2 Louse","floor":1.0,"turns":3.0},{"damage":0.0,"enemies":"Small Slimes","floor":2.0,"turns":2.0},{"damage":0.0,"enemies":"Cultist","floor":3.0,"turns":3.0},{"damage":0.0,"enemies":"3 Louse","floor":4.0,"turns":3.0},{"damage":0.0,"enemies":"Looter","floor":7.0,"turns":4.0},{"damage":0.0,"enemies":"Gremlin Nob","floor":8.0,"turns":2.0},{"damage":0.0,"enemies":"Lagavulin","floor":10.0,"turns":3.0},{"damage":20.0,"enemies":"The Mushroom Lair","floor":11.0,"turns":3.0},{"damage":1.0,"enemies":"Exordium Wildlife","floor":12.0,"turns":4.0},{"damage":26.0,"enemies":"The Guardian","floor":16.0,"turns":8.0},{"damage":31.0,"enemies":"2 Thieves","floor":18.0,"turns":4.0},{"damage":14.0,"enemies":"Shell Parasite","floor":19.0,"turns":2.0},{"damage":10.0,"enemies":"3 Cultists","floor":22.0,"turns":5.0},{"damage":23.0,"enemies":"Gremlin Leader","floor":24.0,"turns":5.0},{"damage":13.0,"enemies":"Book of Stabbing","floor":28.0,"turns":3.0},{"damage":11.0,"enemies":"Snake Plant","floor":29.0,"turns":3.0},{"damage":40.0,"enemies":"Gremlin Leader","floor":31.0,"turns":5.0},{"damage":32,"enemies":"Champ","floor":33,"turns":1}],"seed_played":"-807912760865195528","potions_obtained":[{"floor":2.0,"key":"Ambrosia"},{"floor":4.0,"key":"EntropicBrew"},{"floor":10.0,"key":"Fruit Juice"},{"floor":11.0,"key":"AttackPotion"},{"floor":12.0,"key":"FearPotion"},{"floor":18.0,"key":"LiquidBronze"},{"floor":24.0,"key":"Block Potion"},{"floor":29.0,"key":"BlessingOfTheForge"},{"floor":31.0,"key":"DuplicationPotion"}],"is_trial":false,"path_per_floor":["M","M","M","M","?","R","M","E","T","E","?","M","R","$","R","B",null,"M","M","?","$","M","R","E","R","T","?","E","M","R","E","R","B"],"character_chosen":"WATCHER","items_purchased":["Shuriken","Meditate","Nunchaku"],"campfire_rested":4,"item_purchase_floors":[14,14,21],"current_hp_per_floor":[65,65,65,65,49,49,49,49,49,63,48,47,47,47,47,26,70,39,25,25,25,15,40,17,42,42,42,29,18,43,3,28,0,0],"gold":285,"neow_bonus":"TRANSFORM_TWO_CARDS","is_daily":false,"chose_seed":false,"campfire_upgraded":3,"win_rate":0.0,"timestamp":1612065409,"path_taken":["M","M","M","M","?","R","M","E","T","E","?","M","R","$","R","BOSS","M","M","?","$","M","R","E","R","T","?","E","M","R","E","R","BOSS"],"items_purchased_type":["Relic","Card","Relic"],"build_version":"2020-12-22","purchased_purges":0,"victory":false,"max_hp_per_floor":[65,65,65,65,65,65,65,65,65,79,79,79,79,79,79,84,84,84,84,84,84,84,84,84,84,84,84,84,84,84,84,84,84,84],"card_choices":[{"not_picked":["EmptyBody","FlyingSleeves"],"picked":"EmptyFist","floor":1.0},{"not_picked":["FlyingSleeves","PathToVictory"],"picked":"Vengeance","floor":2.0},{"not_picked":["Weave","CutThroughFate","Evaluate"],"picked":"SKIP","floor":3.0},{"not_picked":["BattleHymn","CrushJoints"],"picked":"Adaptation","floor":4.0},{"not_picked":["EmptyFist","CutThroughFate"],"picked":"SandsOfTime","floor":7.0},{"not_picked":["Protect","ClearTheMind","SashWhip"],"picked":"SKIP","floor":8.0},{"not_picked":["ForeignInfluence","ClearTheMind"],"picked":"Wish","floor":10.0},{"not_picked":["ThirdEye","Evaluate","Weave"],"picked":"SKIP","floor":12.0},{"not_picked":["ThirdEye","Evaluate","Weave"],"picked":"SKIP","floor":12.0},{"not_picked":["Wish","SpiritShield"],"picked":"Ragnarok","floor":16.0},{"not_picked":["EmptyBody","WaveOfTheHand+1"],"picked":"Adaptation","floor":18.0},{"not_picked":["WreathOfFlame+1","CutThroughFate"],"picked":"MentalFortress","floor":19.0},{"not_picked":["Worship","CrushJoints"],"picked":"Consecrate+1","floor":22.0},{"not_picked":["ConjureBlade","Study","SashWhip"],"picked":"SKIP","floor":24.0},{"not_picked":["CarveReality","Protect"],"picked":"Indignation+1","floor":28.0},{"not_picked":["Nirvana","EmptyFist"],"picked":"InnerPeace","floor":29.0},{"not_picked":["Collect","BowlingBash","SashWhip"],"picked":"SKIP","floor":31.0}],"player_experience":533413,"relics_obtained":[{"floor":8.0,"key":"Bronze Scales"},{"floor":9.0,"key":"Matryoshka"},{"floor":10.0,"key":"Mango"},{"floor":11.0,"key":"Odd Mushroom"},{"floor":24.0,"key":"MealTicket"},{"floor":24.0,"key":"Bottled Flame"},{"floor":26.0,"key":"Omamori"},{"floor":26.0,"key":"Bottled Tornado"},{"floor":28.0,"key":"Akabeko"},{"floor":28.0,"key":"Smiling Mask"},{"floor":31.0,"key":"Lantern"},{"floor":31.0,"key":"TeardropLocket"}],"event_choices":[{"damage_healed":0.0,"max_hp_gain":0.0,"max_hp_loss":0.0,"gold_gain":0.0,"event_name":"Golden Idol","player_choice":"Take Damage","floor":5.0,"gold_loss":0.0,"damage_taken":16.0,"relics_obtained":["Golden Idol"]},{"damage_healed":0.0,"max_hp_gain":0.0,"max_hp_loss":0.0,"gold_gain":0.0,"event_name":"Mushrooms","player_choice":"Fought Mushrooms","floor":11.0,"gold_loss":0.0,"damage_taken":0.0},{"damage_healed":0.0,"max_hp_gain":0.0,"max_hp_loss":0.0,"gold_gain":0.0,"event_name":"Addict","player_choice":"Obtained Relic","floor":20.0,"gold_loss":85.0,"damage_taken":0.0,"relics_obtained":["Centennial Puzzle"]},{"damage_healed":0.0,"max_hp_gain":0.0,"max_hp_loss":0.0,"gold_gain":99.0,"event_name":"Nest","player_choice":"Stole From Cult","floor":27.0,"gold_loss":0.0,"damage_taken":0.0}],"is_beta":false,"boss_relics":[{"not_picked":["Snecko Eye","Runic Dome"],"picked":"Black Star"}],"items_purged_floors":[],"is_endless":false,"potions_floor_spawned":[2,4,10,11,12,18,24,29,31],"killed_by":"Champ","ascension_level":7}}