{"host":"yx5rao87132cy5xq","time":1612089962,"event":{"mods":["2.2 Compatiblity","AchievementEnabler","BaseMod","Bestiary","Colored Map","Colored Powertips","Minty Spire (QoL Compilation)","Quick Restart","Relic Stats","Slay-I","SuperFastMode"],"gold_per_floor":[121,208,275,302,330,342,382,394,406,418,455,467,506,545,557,569,569],"floor_reached":16,"language":"ENG","playtime":685,"items_purged":[],"score":191,"play_id":"49b8a432-007f-4767-a450-258fd5094643","local_time":"20210131114602","is_ascension_mode":true,"campfire_choices":[{"data":"Bash","floor":6,"key":"SMITH"},{"floor":12,"key":"REST"},{"data":"Heavy Blade","floor":15,"key":"SMITH"}],"circlet_count":0,"master_deck":["AscendersBane","Strike_R","Strike_R","Strike_R","Strike_R","Strike_R","Defend_R","Defend_R","Defend_R","Defend_R","Bash+1","Spot Weakness","Spot Weakness","Headbutt","Clash","Heavy Blade+1"],"relics":["Burning Blood","MawBank","Tiny Chest","Kunai","Dead Branch","MealTicket","Odd Mushroom","Pen Nib"],"acts_visited":["Exordium"],"potions_floor_usage":[16],"damage_taken":[{"damage":7,"enemies":"2 Louse","floor":1,"turns":3},{"damage":11,"enemies":"Jaw Worm","floor":4,"turns":6},{"damage":0,"enemies":"Small Slimes","floor":5,"turns":3},{"damage":50,"enemies":"3 Sentries","floor":7,"turns":10},{"damage":25,"enemies":"Lagavulin","floor":11,"turns":5},{"damage":20,"enemies":"The Mushroom Lair","floor":13,"turns":5},{"damage":29,"enemies":"Hexaghost","floor":16,"turns":9}],"seed_played":"7785979420745913459","potions_obtained":[{"floor":1,"key":"Swift Potion"},{"floor":7,"key":"FairyPotion"},{"floor":13,"key":"ElixirPotion"}],"is_trial":false,"path_per_floor":["M","?","T","M","M","R","E","$","T","?","E","R","?","T","R","B"],"character_chosen":"IRONCLAD","items_purchased":[],"campfire_rested":1,"item_purchase_floors":[],"current_hp_per_floor":[67,56,56,51,57,57,13,13,13,13,28,50,36,36,36,7,7],"gold":569,"neow_bonus":"RANDOM_COMMON_RELIC","is_daily":false,"chose_seed":false,"campfire_upgraded":2,"win_rate":0.0,"timestamp":1612089962,"path_taken":["M","?","?","M","M","R","E","$","T","?","E","R","?","?","R","BOSS"],"items_purchased_type":[],"build_version":"2020-12-22","purchased_purges":0,"victory":false,"max_hp_per_floor":[75,75,75,75,75,75,75,75,75,75,75,75,75,75,75,75,75],"relic_stats":{"counters":[7,41],"Dead Branch":[3],"Tiny Chest":0,"MealTicket":0,"Pen Nib":[1],"Kunai":[1],"MawBank":192,"obtain_stats":[{"Dead Branch":9,"Tiny Chest":3,"MealTicket":11,"Pen Nib":14,"Kunai":7,"Odd Mushroom":13,"MawBank":0,"Burning Blood":0},{"Dead Branch":4,"Tiny Chest":1,"MealTicket":5,"Pen Nib":6,"Kunai":4,"Odd Mushroom":6,"MawBank":0,"Burning Blood":0},{"Dead Branch":22,"Tiny Chest":3,"MealTicket":27,"Pen Nib":32,"Kunai":22,"Odd Mushroom":32,"MawBank":0,"Burning Blood":0}],"Burning Blood":36},"card_choices":[{"not_picked":["Metallicize","Headbutt"],"picked":"Spot Weakness","floor":1},{"not_picked":["Rupture","Clash"],"picked":"Spot Weakness","floor":4},{"not_picked":["Shockwave","Feel No Pain"],"picked":"Headbutt","floor":5},{"not_picked":["True Grit","Combust"],"picked":"Clash","floor":7},{"not_picked":["Rampage","Combust"],"picked":"Heavy Blade","floor":11}],"player_experience":926956,"relics_obtained":[{"floor":3,"key":"Tiny Chest"},{"floor":7,"key":"Kunai"},{"floor":9,"key":"Dead Branch"},{"floor":11,"key":"MealTicket"},{"floor":13,"key":"Odd Mushroom"},{"floor":14,"key":"Pen Nib"}],"event_choices":[{"damage_healed":0,"gold_gain":75,"player_choice":"Gather Gold","damage_taken":11,"max_hp_gain":0,"max_hp_loss":0,"event_name":"World of Goop","floor":2,"gold_loss":0},{"damage_healed":0,"gold_gain":0,"player_choice":"Ignored","damage_taken":0,"max_hp_gain":0,"max_hp_loss":0,"event_name":"Shining Light","floor":10,"gold_loss":0},{"damage_healed":0,"gold_gain":0,"player_choice":"Fought Mushrooms","damage_taken":0,"max_hp_gain":0,"max_hp_loss":0,"event_name":"Mushrooms","floor":13,"gold_loss":0}],"is_beta":false,"boss_relics":[],"items_purged_floors":[],"is_endless":false,"potions_floor_spawned":[1,7,13],"killed_by":"Hexaghost","ascension_level":16}}