{"host":"74dg6ta44i9qan6e","time":1612104753,"event":{"mods":["Act Like it!","BaseMod","Downfall","Hubris","Infinite Spire","Lobotomy","LobotomyExtend","Minty Spire (QoL Compilation)","Replay The Spire","StSLib","Waifu the Spire"],"gold_per_floor":[99,99,54,112,112,112,162,162,172,189,203,203,203,231,244,339,339,239,239,255,255,273,173,198,226,31,127,127,141,141,206,222,325,325,225,241,253,303,303,367,419,419,437,515,561,605,605,666,721,823,823,823,842,907,907,1082,1227,1299,1299,1315,1372,1435,1490,1490,1500,1562,1708,1708,1708,1708,1708,1708,1725,1770,1770,1770],"floor_reached":74,"language":"ENG","playtime":5049,"items_purged":["sneckomod:Strike"],"score":1358,"play_id":"91c5cdb9-a2ef-41ae-983b-d5121abbf935","local_time":"20210131095233","is_ascension_mode":false,"campfire_choices":[{"data":"Guardian:HyperBeam_Guardian","floor":6.0,"key":"SMITH"},{"data":"sneckomod:SnekBite","floor":13.0,"key":"SMITH"},{"floor":18.0,"key":"RECALL"},{"data":"sneckomod:UnlimitedRolls","floor":23.0,"key":"SMITH"},{"data":"sneckomod:TrashToTreasure","floor":35,"key":"SMITH"},{"data":"hubris:Rewind","floor":42,"key":"SMITH"},{"data":"infinitespire:UltimateForm","floor":52,"key":"SMITH"},{"data":"infinitespire:Starlight","floor":59,"key":"SMITH"}],"circlet_count":0,"master_deck":["sneckomod:Defend+1","sneckomod:Defend+1","sneckomod:TailWhip","sneckomod:SnekBite+1","sneckomod:Unknown","Guardian:HyperBeam_Guardian+1","sneckomod:UnknownDraw+1","sneckomod:Unknown0Cost","sneckomod:SoulDraw","sneckomod:SlitherStrike","sneckomod:SoulDraw","sneckomod:RainOfDice","sneckomod:UnknownBoss","sneckomod:Unknown1Cost+1","sneckomod:UnknownRarePower","sneckomod:UnknownWeak","sneckomod:UnlimitedRolls+1","sneckomod:UnknownExhaust","sneckomod:Nope+1","sneckomod:UnknownCommonAttack","sneckomod:TrashToTreasure+1","sneckomod:IronFang","sneckomod:IronFang+1","hexamod:GhostflameBarrier","sneckomod:UnknownColorless","sneckomod:UnknownRarePower","sneckomod:UnknownClassINFINITE_BLACK","sneckomod:UnknownClassINFINITE_BLACK","sneckomod:UnknownClassINFINITE_BLACK","sneckomod:UnknownClassINFINITE_BLACK","sneckomod:UnknownClassINFINITE_BLACK","hubris:Fate","sneckomod:Nope+1","infinitespire:NeuralNetwork","sneckomod:UnknownClassINFINITE_BLACK","infinitespire:Punishment","sneckomod:UnknownDexterity+1","hubris:Rewind+1","sneckomod:Rotation","infinitespire:Starlight+1","sneckomod:Unknown0Cost","infinitespire:UltimateForm+1","sneckomod:UnknownUncommonSkill+1","hubris:Fate","sneckomod:UnknownStrike+1","infinitespire:Fortify","sneckomod:DiceBlock+1","infinitespire:Menacing","sneckomod:UnknownClassINFINITE_BLACK+1","ReplayTheSpireMod:??????????????????????","sneckomod:DangerNoodle","infinitespire:Fortify","sneckomod:Unknown0Cost","hubris:Rewind","sneckomod:UnendingSupply","Doubt","infinitespire:Fortify","infinitespire:Punishment","sneckomod:UnknownBoss+1","hubris:Rewind+1","sneckomod:UnknownDexterity+1","infinitespire:Gouge","sneckomod:UnknownClassINFINITE_BLACK+1","hubris:InfiniteBlow+2","sneckomod:SlitherStrike","hubris:Rewind","sneckomod:SnakeSap","infinitespire:TheBestDefense","sneckomod:Unknown0Cost+1","Replay:Fractal Strike","sneckomod:SerpentMind+1","Pride","hubris:Fate","sneckomod:CheapStock+1"],"relics":["m_HexaRing","downfall:HeartsMalice","LetterFromLob","War Paint","infinitespire:Cubic Diamond","Omamori","sneckomod:LoadedDie","Blue Candle","Snecko Eye","downfall:HeartBlessingGreen","downfall:HeartBlessingRed","Orichalcum","sneckomod:BlankCard","infinitespire:Satchel","Replay:Wax Seal","ReplayTheSpireMod:Ring of Addiction","Chameleon Ring","SacredBark","ReplayTheSpireMod:Ring of Challenge","sneckomod:SneckoBoss","downfall:HeartBlessingBlue","Calipers","hubris:Towel","Blue Doll","infinitespire:Beetle Shell","Oddly Smooth Stone","infinitespire:CheckeredPen","Replay:Baseball","hubris:Backtick","Torii","sneckomod:UnknownEgg","downfall:GremlinWheel","Frozen Egg 2","hubris:SlimyHat","Philosopher\u0027s Stone","ReplayTheSpireMod:TigerMarble","Empty Cage","Snack Pack","Moonlight_r","Gaze_r","Centennial Puzzle"],"acts_visited":["Exordium","TheCity","TheBeyond","Exordium","TheCity"],"potions_floor_usage":[33,33,37,40,44,46,48,53,57,60,61,63,66],"damage_taken":[{"damage":0.0,"enemies":"Small Slimes","floor":2.0,"turns":1.0},{"damage":0.0,"enemies":"downfall:FleeingMerchant","floor":3.0,"turns":1.0},{"damage":0.0,"enemies":"Gremlin Nob","floor":4.0,"turns":1.0},{"damage":0.0,"enemies":"2 Louse","floor":9.0,"turns":1.0},{"damage":0.0,"enemies":"Jaw Worm","floor":10.0,"turns":1.0},{"damage":8.0,"enemies":"Red Slaver","floor":11.0,"turns":3.0},{"damage":6.0,"enemies":"Replay:BlueRogue","floor":14.0,"turns":3.0},{"damage":20.0,"enemies":"Exordium Thugs","floor":15.0,"turns":2.0},{"damage":17.0,"enemies":"WA_ARCHETYPE_RETAIN","floor":16.0,"turns":5.0},{"damage":6.0,"enemies":"Spheric Guardian","floor":20.0,"turns":4.0},{"damage":0.0,"enemies":"Shell Parasite","floor":22.0,"turns":2.0},{"damage":41.0,"enemies":"Nightmare","floor":25.0,"turns":9.0},{"damage":0.0,"enemies":"downfall:FleeingMerchant","floor":26.0,"turns":4.0},{"damage":0.0,"enemies":"3 Cultists","floor":29.0,"turns":2.0},{"damage":0.0,"enemies":"Centurion and Healer","floor":31.0,"turns":4.0},{"damage":0.0,"enemies":"Shelled Parasite and Fungi","floor":32.0,"turns":3.0},{"damage":6,"enemies":"SI_MIRROR_ARCHETYPE","floor":33,"turns":4},{"damage":8,"enemies":"Orb Walker","floor":36,"turns":3},{"damage":0,"enemies":"3 Darklings","floor":37,"turns":1},{"damage":0,"enemies":"3 Darklings","floor":38,"turns":6},{"damage":14,"enemies":"Writhing Mass","floor":40,"turns":2},{"damage":15,"enemies":"Jaw Worm Horde","floor":43,"turns":4},{"damage":23,"enemies":"Nemesis","floor":44,"turns":5},{"damage":50,"enemies":"Reptomancer","floor":46,"turns":3},{"damage":11,"enemies":"Spire Growth","floor":48,"turns":4},{"damage":8,"enemies":"Maw","floor":49,"turns":6},{"damage":27,"enemies":"DF_ARCHETYPE_ORBS","floor":50,"turns":6},{"damage":0,"enemies":"2 Louse","floor":53,"turns":1},{"damage":0,"enemies":"Small Slimes","floor":54,"turns":5},{"damage":12,"enemies":"Small Slimes","floor":57,"turns":3},{"damage":0,"enemies":"Jaw Worm","floor":60,"turns":1},{"damage":8,"enemies":"2 Fungi Beasts","floor":61,"turns":4},{"damage":17,"enemies":"Red Slaver","floor":62,"turns":2},{"damage":0,"enemies":"Looter","floor":63,"turns":2},{"damage":7,"enemies":"Gremlin Gang","floor":65,"turns":4},{"damage":46,"enemies":"3 Louse","floor":66,"turns":4},{"damage":8,"enemies":"The Guardian","floor":67,"turns":2},{"damage":0,"enemies":"Chosen","floor":70,"turns":1},{"damage":0,"enemies":"Chosen","floor":73,"turns":1},{"damage":9,"enemies":"Spheric Guardian","floor":74,"turns":1}],"seed_played":"3432281221985243948","potions_obtained":[{"floor":4.0,"key":"SteroidPotion"},{"floor":9.0,"key":"ColorlessPotion"},{"floor":11.0,"key":"FearPotion"},{"floor":14.0,"key":"LiquidMemories"},{"floor":30.0,"key":"PowerPotion"},{"floor":30.0,"key":"ColorlessPotion"},{"floor":30.0,"key":"Block Potion"},{"floor":31.0,"key":"CultistPotion"},{"floor":32.0,"key":"Strength Potion"},{"floor":33,"key":"champ:CounterPotion"},{"floor":36,"key":"Adrenaline Potion"},{"floor":43,"key":"ColorlessPotion"},{"floor":44,"key":"Energy Potion"},{"floor":47,"key":"Energy Potion"},{"floor":47,"key":"Explosive Potion"},{"floor":50,"key":"Flashbang"},{"floor":54,"key":"sneckomod:OffclassReductionPotion"},{"floor":57,"key":"FearPotion"},{"floor":60,"key":"Guardian:BlockOnCardUsePotion"},{"floor":62,"key":"Dexterity Potion"},{"floor":65,"key":"ColorlessPotion"},{"floor":69,"key":"Milkshake"},{"floor":69,"key":"Weak Potion"}],"is_trial":false,"path_per_floor":["R","M","$","?","?","R","T","?","M","M","M","?","R","E","M","B",null,"R","M","M","?","M","R","T","NM","$","?","AVR","M","?","M","M","B",null,"R","M","M","?","?","M","T","R","M","E","T","E","R","M","M","B",null,"R","M","M","?","?","?","T","R","M","M","M","M","AVR","M","M","B",null,"R","M","?","?","M","M"],"character_chosen":"THE_SNECKO","items_purchased":["sneckomod:SoulDraw","sneckomod:BlankCard","sneckomod:UnknownCommonAttack"],"campfire_rested":0,"item_purchase_floors":[3,26,26],"current_hp_per_floor":[90,90,90,90,90,90,90,90,90,90,82,82,82,76,56,39,90,90,90,84,84,84,84,84,43,43,7,7,10,10,10,10,4,93,103,95,95,99,99,85,85,85,85,72,72,62,62,51,53,36,99,97,97,97,85,85,73,73,73,73,65,78,78,78,86,40,32,95,95,1,1,1,1,0,0,0],"gold":1770,"neow_bonus":"THREE_ENEMY_KILL","is_daily":false,"chose_seed":false,"campfire_upgraded":7,"win_rate":0.0,"timestamp":1612104753,"path_taken":["R","M","$","?","?","R","T","?","M","M","M","?","R","E","M","BOSS","R","M","M","?","?","R","T","NM","$","?","AVR","?","?","M","M","BOSS","R","M","M","?","?","M","T","R","M","E","?","E","R","?","M","BOSS","R","M","M","?","?","?","T","R","M","M","M","?","AVR","M","M","BOSS","R","M","?","?","M","M"],"items_purchased_type":["Card","Relic","Card"],"build_version":"2020-12-22","purchased_purges":1,"victory":false,"max_hp_per_floor":[90,90,90,90,90,90,90,90,90,90,90,90,90,90,90,90,90,90,90,90,90,90,90,90,90,90,90,90,93,93,93,93,93,93,103,103,101,101,101,101,101,101,101,99,99,99,99,99,99,99,99,97,97,97,97,97,95,95,95,95,95,95,95,95,95,95,95,95,95,1,1,1,1,1,1,1],"card_choices":[{"not_picked":["sneckomod:UnknownCommonSkill","sneckomod:DiceCrush"],"picked":"sneckomod:UnknownDraw","floor":2.0},{"not_picked":["sneckomod:WideSting","sneckomod:Unknown1Cost"],"picked":"sneckomod:Unknown0Cost","floor":3.0},{"not_picked":["sneckomod:SoulRoll","sneckomod:QuickMove"],"picked":"sneckomod:SlitherStrike","floor":4.0},{"not_picked":["sneckomod:Unknown1Cost","Corpse Explosion"],"picked":"sneckomod:SoulDraw","floor":9.0},{"not_picked":["sneckomod:UnknownBlock","sneckomod:UnknownCommonAttack"],"picked":"hexamod:RainOfEmbers","floor":10.0},{"not_picked":["sneckomod:Memorize","hexamod:ThermalTransfer"],"picked":"sneckomod:RainOfDice","floor":11.0},{"not_picked":["sneckomod:DiceCrush","hexamod:ThermalTransfer"],"picked":"sneckomod:UnknownBoss","floor":14.0},{"not_picked":["sneckomod:UnknownUncommonSkill","Bane"],"picked":"sneckomod:Unknown1Cost","floor":15.0},{"not_picked":["sneckomod:UnknownRareSkill","Corpse Explosion"],"picked":"sneckomod:UnknownRarePower","floor":16.0},{"not_picked":["Guardian:Gem_Red","Guardian:Gem_Lightblue"],"picked":"Guardian:Gem_Cyan","floor":20.0},{"not_picked":["sneckomod:UnknownStrike","sneckomod:SoulCleanse"],"picked":"sneckomod:UnknownWeak","floor":20.0},{"not_picked":["sneckomod:UnknownWeak","sneckomod:SlitherStrike"],"picked":"sneckomod:UnlimitedRolls","floor":22.0},{"not_picked":["sneckomod:Nope","sneckomod:DiceBlock+1"],"picked":"sneckomod:UnknownExhaust","floor":25.0},{"not_picked":["sneckomod:UnknownCommonAttack","sneckomod:Cheat"],"picked":"sneckomod:Nope+1","floor":26.0},{"not_picked":["sneckomod:UnknownUncommonSkill","sneckomod:IronFang"],"picked":"sneckomod:TrashToTreasure","floor":27.0},{"not_picked":["Deadly Poison","Bane"],"picked":"sneckomod:IronFang","floor":27.0},{"not_picked":["sneckomod:PureSnecko","hexamod:Firestarter"],"picked":"sneckomod:IronFang+1","floor":29.0},{"not_picked":["sneckomod:Unknown1Cost+1","sneckomod:SoulCleanse"],"picked":"hexamod:GhostflameBarrier","floor":31.0},{"not_picked":["sneckomod:SoulDraw","sneckomod:Unknown1Cost"],"picked":"sneckomod:UnknownColorless","floor":32.0},{"not_picked":["sneckomod:GlitteringGambit","sneckomod:UnlimitedRolls"],"picked":"sneckomod:UnknownRarePower","floor":33},{"not_picked":["infinitespire:Starlight","infinitespire:Execution"],"picked":"hubris:Fate","floor":36},{"not_picked":["sneckomod:Memorize+1","sneckomod:SnekBeam"],"picked":"sneckomod:Nope+1","floor":36},{"not_picked":["ReplayTheSpireMod:Black Plague","infinitespire:FinalStrike"],"picked":"infinitespire:NeuralNetwork","floor":37},{"not_picked":["sneckomod:ImprovisedAttack+1","sneckomod:UnknownClassGUARDIAN+1"],"picked":"sneckomod:UnknownClassINFINITE_BLACK","floor":37},{"not_picked":["hubris:Fate","hubris:Rewind"],"picked":"infinitespire:Punishment","floor":38},{"not_picked":["sneckomod:UnlimitedRolls","sneckomod:Unknown1Cost"],"picked":"sneckomod:UnknownDexterity+1","floor":38},{"not_picked":["ReplayTheSpireMod:Book of Names","infinitespire:FutureSight"],"picked":"hubris:Rewind","floor":40},{"not_picked":["sneckomod:SoulRoll+1","sneckomod:QuickMove+1"],"picked":"sneckomod:Rotation","floor":40},{"not_picked":["ReplayTheSpireMod:Black Plague","infinitespire:DeathsTouch"],"picked":"infinitespire:Starlight","floor":43},{"not_picked":["sneckomod:RainOfDice+1","sneckomod:QuickBite+1"],"picked":"sneckomod:Unknown0Cost","floor":43},{"not_picked":["infinitespire:Gouge","infinitespire:Punishment"],"picked":"infinitespire:UltimateForm","floor":44},{"not_picked":["sneckomod:Cheat","sneckomod:WideSting+1"],"picked":"sneckomod:UnknownUncommonSkill+1","floor":44},{"not_picked":["ReplayTheSpireMod:Black Plague","infinitespire:Oblivion"],"picked":"hubris:Fate","floor":46},{"not_picked":["sneckomod:Unknown1Cost","sneckomod:WideSting"],"picked":"sneckomod:UnknownStrike+1","floor":46},{"not_picked":["ReplayTheSpireMod:Haul","infinitespire:Execution"],"picked":"infinitespire:Fortify","floor":48},{"not_picked":["sneckomod:DiceCrush+1","sneckomod:Nope+1"],"picked":"sneckomod:DiceBlock","floor":48},{"not_picked":["infinitespire:NeuralNetwork","ReplayTheSpireMod:Haul"],"picked":"infinitespire:Menacing","floor":49},{"not_picked":["sneckomod:SlitherStrike+1","sneckomod:UnknownBlock+1"],"picked":"sneckomod:UnknownClassINFINITE_BLACK+1","floor":49},{"not_picked":["ReplayTheSpireMod:Book of Names","infinitespire:SevenWalls"],"picked":"ReplayTheSpireMod:??????????????????????","floor":50},{"not_picked":["Guardian:Gem_Red","Guardian:Gem_Lightblue"],"picked":"Guardian:Gem_Green","floor":50},{"not_picked":["sneckomod:SoulExchange","sneckomod:UnlimitedRolls"],"picked":"sneckomod:DangerNoodle","floor":50},{"not_picked":["infinitespire:SealOfDarkness+","infinitespire:FinalStrike"],"picked":"infinitespire:Fortify","floor":53},{"not_picked":["sneckomod:UnknownCommonSkill","sneckomod:QuickBite"],"picked":"sneckomod:Unknown0Cost","floor":53},{"not_picked":["ReplayTheSpireMod:Haul","infinitespire:NeuralNetwork"],"picked":"hubris:Rewind","floor":54},{"not_picked":["sneckomod:RainOfDice","sneckomod:IronFang"],"picked":"sneckomod:UnendingSupply","floor":54},{"not_picked":["hubris:InfiniteBlow+2","hubris:Rewind"],"picked":"infinitespire:Fortify","floor":57},{"not_picked":["ReplayTheSpireMod:Haul","infinitespire:FinalStrike"],"picked":"infinitespire:Punishment","floor":60},{"not_picked":["sneckomod:QuickBite","sneckomod:SoulDraw"],"picked":"sneckomod:UnknownBoss+1","floor":60},{"not_picked":["hubris:InfiniteBlow+2","ReplayTheSpireMod:Chaos Vortex"],"picked":"hubris:Rewind","floor":61},{"not_picked":["sneckomod:IronFang","sneckomod:SlitherStrike"],"picked":"sneckomod:UnknownDexterity+1","floor":61},{"not_picked":["infinitespire:SealOfDarkness+","infinitespire:SevenWalls"],"picked":"infinitespire:Gouge","floor":62},{"not_picked":["sneckomod:UnknownClassGUARDIAN+1","sneckomod:QuickBite"],"picked":"sneckomod:UnknownClassINFINITE_BLACK+1","floor":62},{"not_picked":["infinitespire:SevenWalls","hubris:Fate"],"picked":"hubris:InfiniteBlow+2","floor":63},{"not_picked":["sneckomod:SerpentIdol","sneckomod:Nope"],"picked":"sneckomod:SlitherStrike","floor":63},{"not_picked":["hubris:InfiniteBlow+2","infinitespire:Menacing"],"picked":"hubris:Rewind","floor":65},{"not_picked":["sneckomod:SoulCleanse","sneckomod:DefensiveFlair"],"picked":"sneckomod:SnakeSap","floor":65},{"not_picked":["hubris:InfiniteBlow+2","ReplayTheSpireMod:Black Plague"],"picked":"infinitespire:TheBestDefense","floor":66},{"not_picked":["sneckomod:SoulRoll","sneckomod:SoulCleanse"],"picked":"sneckomod:Unknown0Cost+1","floor":66},{"not_picked":["ReplayTheSpireMod:??????????????????????","infinitespire:TheBestDefense"],"picked":"Replay:Fractal Strike","floor":67},{"not_picked":["sneckomod:DangerNoodle","sneckomod:Transmogrify"],"picked":"sneckomod:SerpentMind+1","floor":67},{"not_picked":["infinitespire:NeuralNetwork","infinitespire:SevenWalls"],"picked":"hubris:Fate","floor":73},{"not_picked":["sneckomod:UnknownX+1","sneckomod:Unknown1Cost+1"],"picked":"sneckomod:CheapStock+1","floor":73}],"player_experience":533514,"relics_obtained":[{"floor":2.0,"key":"LetterFromLob"},{"floor":7.0,"key":"Omamori"},{"floor":12.0,"key":"sneckomod:LoadedDie"},{"floor":14.0,"key":"Blue Candle"},{"floor":25.0,"key":"Orichalcum"},{"floor":27.0,"key":"infinitespire:Satchel"},{"floor":30.0,"key":"ReplayTheSpireMod:Ring of Addiction"},{"floor":30.0,"key":"Chameleon Ring"},{"floor":30.0,"key":"SacredBark"},{"floor":30.0,"key":"ReplayTheSpireMod:Ring of Challenge"},{"floor":38,"key":"Calipers"},{"floor":41,"key":"Blue Doll"},{"floor":44,"key":"infinitespire:Beetle Shell"},{"floor":45,"key":"Oddly Smooth Stone"},{"floor":46,"key":"infinitespire:CheckeredPen"},{"floor":46,"key":"Replay:Baseball"},{"floor":57,"key":"downfall:GremlinWheel"},{"floor":58,"key":"Frozen Egg 2"},{"floor":61,"key":"hubris:SlimyHat"},{"floor":66,"key":"ReplayTheSpireMod:TigerMarble"},{"floor":69,"key":"Snack Pack"}],"event_choices":[{"damage_healed":0,"gold_gain":0,"player_choice":"Success","damage_taken":12,"relics_obtained":["sneckomod:UnknownEgg"],"max_hp_gain":0,"max_hp_loss":0,"event_name":"Scrap Ooze","floor":55,"gold_loss":0},{"damage_healed":0,"gold_gain":0,"player_choice":"Relic","damage_taken":0,"max_hp_gain":0,"max_hp_loss":0,"event_name":"Wheel of Change","floor":69,"gold_loss":0},{"damage_healed":0,"gold_gain":0,"player_choice":"Stole Relic","damage_taken":0,"relics_obtained":["Centennial Puzzle"],"max_hp_gain":0,"max_hp_loss":0,"event_name":"Addict","floor":71,"gold_loss":0,"cards_obtained":["Pride"]}],"is_beta":false,"boss_relics":[{"not_picked":["hubris:CrackedHourglass","sneckomod:SneckoTalon"],"picked":"Snecko Eye"},{"not_picked":["SlaversCollar","Replay:Ancient Bell"],"picked":"sneckomod:SneckoBoss"},{"not_picked":["Black Star","Cursed Key"],"picked":"hubris:Backtick"},{"not_picked":["hubris:VirtuousBlindfold","ReplayTheSpireMod:SealedPack"],"picked":"Empty Cage"}],"items_purged_floors":[28],"is_endless":true,"potions_floor_spawned":[4,9,11,14,31,32,33,36,43,44,50,54,57,60,62,65,73],"killed_by":"Spheric Guardian","ascension_level":0}}