{"host":"gobyjzz6xbwq9f9i","time":1612130417,"event":{"mods":["AchievementEnabler","BaseMod","Bestiary","Colored Map","Minty Spire (QoL Compilation)","Relic Stats"],"gold_per_floor":[119,146,156,156,172,204,204,204,204,245,245,258,278,319,319,440,440,460,510,48,72,72,130,130,174,200,127,42,81,3,64,64,193,193,239,289,310,310,72,133,133,133,181,181,201,534,534,587,587,587,587,587,19,54,54],"floor_reached":56,"language":"ENG","playtime":2937,"items_purged":["Strike_P","Strike_P","Defend_P"],"score":1655,"play_id":"9fc9f1e6-8008-4d4c-8eb9-c7906e5b9d1a","local_time":"20210131140017","is_ascension_mode":true,"campfire_choices":[{"floor":7.0,"key":"REST"},{"floor":11.0,"key":"REST"},{"floor":15.0,"key":"RECALL"},{"floor":24.0,"key":"REST"},{"floor":32.0,"key":"REST"},{"floor":41.0,"key":"REST"},{"floor":44.0,"key":"REST"},{"floor":49.0,"key":"REST"},{"floor":52,"key":"REST"}],"circlet_count":0,"master_deck":["Strike_P","Strike_P","Defend_P","Defend_P","Defend_P","Eruption","Vigilance","SandsOfTime","EmptyFist","Conclude+1","Indignation+1","FearNoEvil","Adaptation","ClearTheMind+1","FollowUp","Wish","CurseOfTheBell","CrushJoints","Halt+1","Meditate","EmptyMind","ThirdEye","Ragnarok","Adaptation+1","DeusExMachina","ThirdEye+1","BowlingBash+1","FlurryOfBlows","Tantrum","FlurryOfBlows+1","MentalFortress+1","Fasting2+1","Vengeance+1"],"relics":["Fusion Hammer","Anchor","FossilizedHelix","Toy Ornithopter","Happy Flower","Strawberry","Calling Bell","Smiling Mask","Darkstone Periapt","Ice Cream","Membership Card","HornCleat","InkBottle","War Paint","Lee\u0027s Waffle","Sundial","ClockworkSouvenir","Frozen Egg 2","Black Star","Lantern","Melange","The Courier","Juzu Bracelet","Ornamental Fan","Question Card","Pear","Bag of Preparation","TungstenRod","Pen Nib","Bottled Tornado","Medical Kit","Kunai","Orichalcum"],"acts_visited":["Exordium","TheCity","TheBeyond","TheEnding"],"potions_floor_usage":[53,55],"damage_taken":[{"damage":0.0,"enemies":"Cultist","floor":1.0,"turns":4.0},{"damage":0.0,"enemies":"2 Louse","floor":3.0,"turns":3.0},{"damage":0.0,"enemies":"Small Slimes","floor":5.0,"turns":2.0},{"damage":9.0,"enemies":"Lagavulin","floor":6.0,"turns":6.0},{"damage":0.0,"enemies":"3 Sentries","floor":10.0,"turns":5.0},{"damage":0.0,"enemies":"2 Fungi Beasts","floor":12.0,"turns":2.0},{"damage":0.0,"enemies":"Exordium Thugs","floor":13.0,"turns":2.0},{"damage":0.0,"enemies":"Gremlin Nob","floor":14.0,"turns":3.0},{"damage":0.0,"enemies":"Slime Boss","floor":16.0,"turns":4.0},{"damage":0.0,"enemies":"2 Thieves","floor":18.0,"turns":4.0},{"damage":0.0,"enemies":"Chosen","floor":19.0,"turns":4.0},{"damage":0.0,"enemies":"Snecko","floor":21.0,"turns":4.0},{"damage":21.0,"enemies":"Slavers","floor":23.0,"turns":6.0},{"damage":47.0,"enemies":"Snake Plant","floor":25.0,"turns":5.0},{"damage":0.0,"enemies":"Centurion and Healer","floor":29.0,"turns":6.0},{"damage":30.0,"enemies":"Gremlin Leader","floor":31.0,"turns":5.0},{"damage":0.0,"enemies":"Champ","floor":33.0,"turns":8.0},{"damage":0.0,"enemies":"3 Shapes","floor":35.0,"turns":4.0},{"damage":3.0,"enemies":"Orb Walker","floor":36.0,"turns":4.0},{"damage":0.0,"enemies":"Maw","floor":37.0,"turns":4.0},{"damage":0.0,"enemies":"Giant Head","floor":40.0,"turns":6.0},{"damage":0.0,"enemies":"Sphere and 2 Shapes","floor":45.0,"turns":3.0},{"damage":9.0,"enemies":"Reptomancer","floor":48.0,"turns":4.0},{"damage":69,"enemies":"Donu and Deca","floor":50,"turns":8},{"damage":18,"enemies":"Shield and Spear","floor":54,"turns":4},{"damage":44,"enemies":"The Heart","floor":55,"turns":7}],"seed_played":"-8371478243090853354","potions_obtained":[{"floor":1.0,"key":"SkillPotion"},{"floor":5.0,"key":"CultistPotion"},{"floor":13.0,"key":"Energy Potion"},{"floor":14.0,"key":"BlessingOfTheForge"},{"floor":33.0,"key":"SkillPotion"},{"floor":37.0,"key":"Fire Potion"},{"floor":40.0,"key":"FearPotion"}],"is_trial":false,"path_per_floor":["M","T","M","?","M","E","R","?","T","E","R","M","M","E","R","B",null,"M","M","$","M","?","E","R","M","T","$","?","M","$","E","R","B",null,"M","M","M","?","$","E","R","T","T","R","M","?","?","E","R","B",null,"R","$","E","B",null],"character_chosen":"WATCHER","items_purchased":["Membership Card","HornCleat","InkBottle","Lee\u0027s Waffle","ClockworkSouvenir","Tantrum","Lantern","Melange","Bag of Preparation","MentalFortress+1","TungstenRod","Pen Nib","Bottled Tornado","Fasting2+1","Fruit Juice","Strength Potion","Medical Kit"],"campfire_rested":8,"item_purchase_floors":[20,20,20,27,30,39,39,39,53,53,53,53,53,53,53,53,53],"current_hp_per_floor":[72,72,72,72,72,63,72,54,54,54,72,72,72,79,79,79,79,79,79,79,79,79,58,79,32,32,86,86,86,86,56,81,86,86,86,83,83,83,83,83,86,86,86,86,86,86,82,83,92,23,92,92,97,79,40],"gold":54,"neow_bonus":"BOSS_RELIC","is_daily":false,"chose_seed":false,"campfire_upgraded":0,"win_rate":0.0,"timestamp":1612130417,"path_taken":["M","?","M","?","M","E","R","?","T","E","R","M","M","E","R","BOSS","M","M","$","M","?","E","R","M","T","?","?","M","$","E","R","BOSS","M","M","M","?","$","E","R","?","T","R","M","?","?","E","R","BOSS","R","$","E","BOSS"],"items_purchased_type":["Relic","Relic","Relic","Relic","Relic","Card","Relic","Relic","Relic","Card","Relic","Relic","Relic","Card","Potion","Potion","Relic"],"build_version":"2020-12-22","purchased_purges":3,"victory":true,"max_hp_per_floor":[72,72,72,72,72,72,72,72,72,72,72,72,72,79,79,79,79,79,79,79,79,79,79,79,79,79,86,86,86,86,86,86,86,86,86,86,86,86,86,86,86,86,86,86,86,86,82,92,92,92,92,92,97,97,97],"relic_stats":{"Darkstone Periapt":0,"Lee\u0027s Waffle":54,"Happy Flower":[32],"counters":[26,117],"Melange":[18],"Pen Nib":[4],"Juzu Bracelet":0,"Bag of Preparation":[4],"War Paint":["Indignation","ClearTheMind"],"Orichalcum":[0],"Smiling Mask":-12,"Question Card":1,"Medical Kit":[3],"Sundial":[6],"Ornamental Fan":[92],"Black Star":3,"Kunai":[5],"obtain_stats":[{"Darkstone Periapt":17,"Ice Cream":17,"Lantern":39,"Melange":39,"Juzu Bracelet":40,"Bag of Preparation":53,"Bottled Tornado":53,"Smiling Mask":17,"ClockworkSouvenir":30,"HornCleat":20,"Sundial":28,"Strawberry":14,"Fusion Hammer":0,"Kunai":54,"InkBottle":20,"Lee\u0027s Waffle":27,"Pear":48,"Happy Flower":10,"Golden Idol":8,"The Courier":40,"Pen Nib":53,"War Paint":26,"Frozen Egg 2":31,"Orichalcum":54,"Question Card":48,"Medical Kit":53,"Calling Bell":17,"Anchor":2,"Ornamental Fan":42,"Black Star":34,"Membership Card":20,"PureWater":0,"FossilizedHelix":6,"Toy Ornithopter":9,"TungstenRod":53},{"Darkstone Periapt":9,"Ice Cream":9,"Lantern":20,"Melange":20,"Juzu Bracelet":21,"Bag of Preparation":24,"Bottled Tornado":24,"Smiling Mask":9,"ClockworkSouvenir":15,"HornCleat":11,"Sundial":14,"Strawberry":8,"Fusion Hammer":0,"Kunai":25,"InkBottle":11,"Lee\u0027s Waffle":14,"Pear":23,"Happy Flower":5,"Golden Idol":4,"The Courier":21,"Pen Nib":24,"War Paint":14,"Frozen Egg 2":16,"Orichalcum":25,"Question Card":23,"Medical Kit":24,"Calling Bell":9,"Anchor":1,"Ornamental Fan":21,"Black Star":17,"Membership Card":11,"PureWater":0,"FossilizedHelix":4,"Toy Ornithopter":4,"TungstenRod":24},{"Darkstone Periapt":31,"Ice Cream":31,"Lantern":85,"Melange":85,"Juzu Bracelet":91,"Bag of Preparation":106,"Bottled Tornado":106,"Smiling Mask":31,"ClockworkSouvenir":60,"HornCleat":39,"Sundial":54,"Strawberry":27,"Fusion Hammer":0,"Kunai":110,"InkBottle":39,"Lee\u0027s Waffle":54,"Pear":98,"Happy Flower":20,"Golden Idol":15,"The Courier":91,"Pen Nib":106,"War Paint":54,"Frozen Egg 2":65,"Orichalcum":110,"Question Card":98,"Medical Kit":106,"Calling Bell":31,"Anchor":4,"Ornamental Fan":91,"Black Star":73,"Membership Card":39,"PureWater":0,"FossilizedHelix":15,"Toy Ornithopter":15,"TungstenRod":106}],"Toy Ornithopter":10,"InkBottle":[35],"TungstenRod":16},"card_choices":[{"not_picked":["Protect","LikeWater"],"picked":"SandsOfTime","floor":1.0},{"not_picked":["JustLucky","Halt"],"picked":"EmptyFist","floor":3.0},{"not_picked":["Collect","Halt"],"picked":"Conclude","floor":5.0},{"not_picked":["Protect","Worship"],"picked":"Indignation","floor":6.0},{"not_picked":["Protect","InnerPeace"],"picked":"FearNoEvil","floor":10.0},{"not_picked":["Indignation","FearNoEvil"],"picked":"Adaptation","floor":12.0},{"not_picked":["Conclude","Study"],"picked":"ClearTheMind","floor":13.0},{"not_picked":["ClearTheMind","Sanctity"],"picked":"FollowUp","floor":14.0},{"not_picked":["Judgement","DevaForm"],"picked":"Wish","floor":16.0},{"not_picked":["Collect","CarveReality"],"picked":"CrushJoints","floor":18.0},{"not_picked":["SandsOfTime","CutThroughFate"],"picked":"Halt+1","floor":19.0},{"not_picked":["Prostrate","CrushJoints"],"picked":"Meditate","floor":21.0},{"not_picked":["Halt+1","Crescendo"],"picked":"EmptyMind","floor":23.0},{"not_picked":["CrushJoints+1","CutThroughFate"],"picked":"ThirdEye","floor":25.0},{"not_picked":["CutThroughFate","EmptyFist"],"picked":"Ragnarok","floor":29.0},{"not_picked":["CutThroughFate","EmptyFist"],"picked":"Adaptation+1","floor":31.0},{"not_picked":["Ragnarok","SpiritShield"],"picked":"DeusExMachina","floor":33.0},{"not_picked":["Perseverance","JustLucky"],"picked":"ThirdEye+1","floor":35.0},{"not_picked":["Weave+1","SashWhip"],"picked":"BowlingBash+1","floor":36.0},{"not_picked":["Wallop","Perseverance"],"picked":"FlurryOfBlows","floor":37.0},{"not_picked":["Halt","Crescendo","BattleHymn+1"],"picked":"SKIP","floor":40.0},{"not_picked":["Alpha","Prostrate","Conclude"],"picked":"SKIP","floor":45.0},{"not_picked":["Meditate","JustLucky+1"],"picked":"FlurryOfBlows+1","floor":48.0},{"not_picked":["Collect","Tantrum","CarveReality"],"picked":"Vengeance+1","floor":54}],"player_experience":1239796,"relics_obtained":[{"floor":2.0,"key":"Anchor"},{"floor":6.0,"key":"FossilizedHelix"},{"floor":9.0,"key":"Toy Ornithopter"},{"floor":10.0,"key":"Happy Flower"},{"floor":14.0,"key":"Strawberry"},{"floor":17.0,"key":"Smiling Mask"},{"floor":17.0,"key":"Darkstone Periapt"},{"floor":17.0,"key":"Ice Cream"},{"floor":26.0,"key":"War Paint"},{"floor":31.0,"key":"Frozen Egg 2"},{"floor":40.0,"key":"The Courier"},{"floor":40.0,"key":"Juzu Bracelet"},{"floor":42.0,"key":"Ornamental Fan"},{"floor":48.0,"key":"Question Card"},{"floor":48.0,"key":"Pear"},{"floor":54,"key":"Kunai"},{"floor":54,"key":"Orichalcum"}],"event_choices":[{"damage_healed":0.0,"max_hp_gain":0.0,"max_hp_loss":0.0,"gold_gain":0.0,"event_name":"Liars Game","player_choice":"Ignored","floor":4.0,"gold_loss":0.0,"damage_taken":0.0},{"damage_healed":0.0,"max_hp_gain":0.0,"max_hp_loss":0.0,"gold_gain":0.0,"event_name":"Golden Idol","player_choice":"Take Damage","floor":8.0,"gold_loss":0.0,"damage_taken":18.0,"relics_obtained":["Golden Idol"]},{"damage_healed":0.0,"max_hp_gain":0.0,"max_hp_loss":0.0,"gold_gain":0.0,"event_name":"Accursed Blacksmith","player_choice":"Forge","floor":22.0,"gold_loss":0.0,"damage_taken":0.0,"cards_upgraded":["Conclude"]},{"damage_healed":0.0,"max_hp_gain":0.0,"max_hp_loss":0.0,"gold_gain":0.0,"event_name":"Addict","player_choice":"Obtained Relic","floor":28.0,"gold_loss":85.0,"damage_taken":0.0,"relics_obtained":["Sundial"]},{"damage_healed":0.0,"max_hp_gain":0.0,"max_hp_loss":0.0,"gold_gain":0.0,"event_name":"Mysterious Sphere","player_choice":"Ignored","floor":38.0,"gold_loss":0.0,"damage_taken":0.0},{"damage_healed":0.0,"max_hp_gain":0.0,"max_hp_loss":0.0,"gold_gain":333.0,"event_name":"The Moai Head","player_choice":"Gave Idol","floor":46.0,"relics_lost":["Golden Idol"],"gold_loss":0.0,"damage_taken":0.0},{"damage_healed":0.0,"max_hp_gain":0.0,"max_hp_loss":4.0,"gold_gain":0.0,"event_name":"Winding Halls","player_choice":"Max HP","floor":47.0,"gold_loss":0.0,"damage_taken":0.0}],"is_beta":false,"boss_relics":[{"not_picked":["Busted Crown","Tiny House"],"picked":"Calling Bell"},{"not_picked":["Runic Dome","Sozu"],"picked":"Black Star"}],"items_purged_floors":[20,39,53],"is_endless":false,"potions_floor_spawned":[1,5,13,14,16,19,21,25,33,37,40,45],"ascension_level":3}}