{"host":"17uu0q65fspg4e3h","time":1612117394,"event":{"mods":["Alarm Clock","BaseMod","Colored Map","Colored Powertips","Highlight Path","Minty Spire (QoL Compilation)","Quick Restart","Relic Stats","SOS（斯巴达之子）","Shop Mod","StSLib","The Administrix","The Runesmith","篝火指南"],"gold_per_floor":[110,110,11,186,196,57,57,90,165,184,184,203,203,203,203,304,304,304],"floor_reached":17,"language":"ZHS","playtime":750,"items_purged":["Shame","Doubt"],"score":191,"play_id":"e967cfc5-dfbd-4fef-81c7-36585f85b2c7","local_time":"20210201022314","is_ascension_mode":true,"campfire_choices":[{"floor":13,"key":"REST"},{"data":"Scrape","floor":15,"key":"SMITH"}],"circlet_count":0,"master_deck":["Strike_B","Strike_B","Strike_B","Strike_B","Defend_B","Defend_B","Defend_B","Defend_B","Zap+1","Dualcast","Cold Snap","Static Discharge","Meteor Strike","Gash","Glacier","Scrape+1","Stack","Conserve Battery","Undo","Core Surge"],"relics":["Cracked Core","Unceasing Top","Boot","Matryoshka","Inserter"],"acts_visited":["Exordium","TheCity"],"potions_floor_usage":[8],"damage_taken":[{"damage":4,"enemies":"Jaw Worm","floor":1,"turns":4},{"damage":4,"enemies":"Cultist","floor":5,"turns":4},{"damage":31,"enemies":"Gremlin Nob","floor":8,"turns":5},{"damage":0,"enemies":"2 Louse","floor":10,"turns":3},{"damage":3,"enemies":"Looter","floor":12,"turns":4},{"damage":29,"enemies":"Slime Boss","floor":16,"turns":15}],"seed_played":"-6699282626374263241","potions_obtained":[{"floor":5,"key":"Regen Potion"},{"floor":8,"key":"Regen Potion"},{"floor":10,"key":"FearPotion"},{"floor":16,"key":"DistilledChaos"}],"is_trial":false,"path_per_floor":["M","?","$","?","M","R","?","E","T","M","$","M","R","$","R","B",null],"character_chosen":"DEFECT","items_purchased":["Gash","Scrape"],"campfire_rested":1,"item_purchase_floors":[3,6],"current_hp_per_floor":[71,71,71,71,67,67,67,49,49,49,49,46,68,68,68,39,66,66],"gold":304,"neow_bonus":"ONE_RARE_RELIC","is_daily":false,"chose_seed":false,"campfire_upgraded":1,"win_rate":0.0,"timestamp":1612117394,"path_taken":["M","?","?","?","M","R","?","E","T","M","?","?","R","$","R","BOSS"],"items_purchased_type":["Card","Card"],"build_version":"2020-12-22","purchased_purges":2,"victory":false,"max_hp_per_floor":[75,75,75,75,75,75,75,75,75,75,75,75,75,75,75,75,75,75],"relic_stats":{"Inserter":[0],"counters":[6,35],"Boot":[11],"obtain_stats":[{"Matryoshka":9,"Inserter":17,"Cracked Core":0,"Boot":8,"Unceasing Top":0},{"Matryoshka":3,"Inserter":6,"Cracked Core":0,"Boot":3,"Unceasing Top":0},{"Matryoshka":13,"Inserter":35,"Cracked Core":0,"Boot":13,"Unceasing Top":0}],"Unceasing Top":[0]},"card_choices":[{"not_picked":["Barrage","Doom and Gloom"],"picked":"Cold Snap","floor":1},{"not_picked":["Stack","Barrage"],"picked":"Glacier","floor":5},{"not_picked":["Aggregate","Storm"],"picked":"Stack","floor":8},{"not_picked":["Barrage","Redo"],"picked":"Conserve Battery","floor":10},{"not_picked":["Sunder","Redo"],"picked":"Undo","floor":12},{"not_picked":["Machine Learning","Meteor Strike"],"picked":"Core Surge","floor":16}],"player_experience":644340,"relics_obtained":[{"floor":8,"key":"Boot"},{"floor":9,"key":"Matryoshka"}],"event_choices":[{"damage_healed":0,"gold_gain":0,"player_choice":"2 cards matched","damage_taken":0,"max_hp_gain":0,"max_hp_loss":0,"event_name":"Match and Keep!","floor":2,"gold_loss":0,"cards_obtained":["Static Discharge","Meteor Strike"]},{"damage_healed":0,"gold_gain":175,"player_choice":"AGREE","damage_taken":0,"max_hp_gain":0,"max_hp_loss":0,"event_name":"Liars Game","floor":4,"gold_loss":0,"cards_obtained":["Doubt"]},{"damage_healed":0,"gold_gain":0,"player_choice":"Grow","damage_taken":0,"max_hp_gain":0,"max_hp_loss":0,"event_name":"Living Wall","floor":7,"gold_loss":0,"cards_upgraded":["Zap"]}],"is_beta":false,"boss_relics":[{"not_picked":["SlaversCollar","Fusion Hammer"],"picked":"Inserter"}],"items_purged_floors":[3,6],"is_endless":false,"potions_floor_spawned":[5,8,10,16],"ascension_level":5}}