{"host":"h3ybbam5olp21xet","time":1612058404,"event":{"mods":["BaseMod","Downfall","Hermit","Hubris","Infinite Spire","Minty Spire (QoL Compilation)","StSLib","The Bug Knight"],"gold_per_floor":[119,139,153,153,153,153,74,100,125,135,145,159,9,9,9,107,107,121,140,154,165,183,183,28,43,96,96,110,110,110,136,136,238,238,255,275,285,302,320,320,320,320,371,371,371,384,399,92,92,92],"floor_reached":51,"language":"ENG","playtime":2980,"items_purged":[],"score":582,"play_id":"b84a90dd-9de1-49b9-a6f9-730b2b38ba5e","local_time":"20210130200004","is_ascension_mode":false,"campfire_choices":[{"data":"HollowMod:HeavyBlow","floor":6,"key":"SMITH"},{"floor":15,"key":"REST"},{"floor":23,"key":"REST"},{"floor":30,"key":"REST"},{"floor":32,"key":"REST"},{"floor":40,"key":"REST"},{"floor":44,"key":"REST"},{"floor":49,"key":"REST"}],"circlet_count":0,"master_deck":["HollowMod:NailStrikeStart","HollowMod:NailStrikeStart","HollowMod:NailStrikeStart","HollowMod:NailStrikeStart","HollowMod:QuickDashStart","HollowMod:FocusHealStart","HollowMod:PogoStrike","HollowMod:DoubleDash","HollowMod:SoulStrike","HollowMod:HeavyBlow+1","HollowMod:CornifersMapStart","HollowMod:SoulStrike","HollowMod:SoulSplash","HollowMod:CoiledNail","HollowMod:HowlingWraiths","HollowMod:CycloneSlash","HollowMod:NewJinnsSoul","HollowMod:ZotesMagnificence","HollowMod:ChannelNail+1","HollowMod:PerfectDash+1","HollowMod:InfectedAttack+1","HollowMod:GreatSlash","HollowMod:AwokenDreamNail","HollowMod:AwokenDreamNail+1","HollowMod:CycloneSlash+1","hubris:Fate","HollowMod:CycloneSlash","HollowMod:SlysStrikes","HollowMod:HuntersJournal","HollowMod:SoulStrike+1","HollowMod:SharpenedNail","HollowMod:CycloneSlash","HollowMod:HowlingWraiths","hubris:Fate","HollowMod:DescendingDark","Trip","HollowMod:SoulShaman+1","HollowMod:ChannelNail+1","HollowMod:Grubsong+1","HollowMod:SoulStrike+1"],"relics":["HollowMod:VesselMask","Happy Flower","MealTicket","Bag of Preparation","HollowMod:StagPassRelic","Runic Pyramid","DollysMirror","Omamori","OrangePellets","Philosopher\u0027s Stone","HollowMod:PaleOreRelic","Empty Cage","Prayer Wheel","Strawberry","CaptainsWheel"],"acts_visited":["Exordium","TheCity","TheBeyond"],"potions_floor_usage":[16,21,28,33,33,41],"damage_taken":[{"damage":4,"enemies":"Small Slimes","floor":1,"turns":4},{"damage":2,"enemies":"2 Louse","floor":2,"turns":2},{"damage":0,"enemies":"Cultist","floor":3,"turns":3},{"damage":27,"enemies":"3 Sentries","floor":8,"turns":8},{"damage":5,"enemies":"Looter","floor":10,"turns":2},{"damage":9,"enemies":"2 Fungi Beasts","floor":11,"turns":2},{"damage":11,"enemies":"Lots of Slimes","floor":12,"turns":2},{"damage":70,"enemies":"The Guardian","floor":16,"turns":12},{"damage":10,"enemies":"Spheric Guardian","floor":18,"turns":3},{"damage":30,"enemies":"2 Thieves","floor":19,"turns":4},{"damage":5,"enemies":"Chosen and Byrds","floor":20,"turns":6},{"damage":23,"enemies":"Snecko","floor":21,"turns":6},{"damage":17,"enemies":"Cultist and Chosen","floor":22,"turns":4},{"damage":35,"enemies":"3 Cultists","floor":25,"turns":6},{"damage":18,"enemies":"Centurion and Healer","floor":28,"turns":4},{"damage":57,"enemies":"Collector","floor":33,"turns":10},{"damage":30,"enemies":"Orb Walker","floor":35,"turns":3},{"damage":0,"enemies":"3 Shapes","floor":36,"turns":1},{"damage":3,"enemies":"Transient","floor":37,"turns":5},{"damage":18,"enemies":"Maw","floor":38,"turns":8},{"damage":44,"enemies":"4 Shapes","floor":39,"turns":4},{"damage":0,"enemies":"Jaw Worm Horde","floor":41,"turns":2},{"damage":43,"enemies":"Writhing Mass","floor":46,"turns":4},{"damage":25,"enemies":"Sphere and 2 Shapes","floor":47,"turns":3},{"damage":25,"enemies":"HollowMod:Radiance","floor":50,"turns":3}],"seed_played":"2247905671459691681","potions_obtained":[{"floor":2,"key":"sneckomod:MuddlingPotion"},{"floor":3,"key":"SteroidPotion"},{"floor":11,"key":"ColorlessPotion"},{"floor":16,"key":"SmokeBomb"},{"floor":19,"key":"SkillPotion"},{"floor":25,"key":"SpeedPotion"},{"floor":33,"key":"Fruit Juice"},{"floor":36,"key":"BlessingOfTheForge"},{"floor":47,"key":"Guardian:BlockOnCardUsePotion"}],"is_trial":false,"path_per_floor":["M","M","M","?","?","R","$","E","T","M","M","M","?","?","R","B",null,"M","M","M","M","M","R","$","M","T","AVR","M","?","R","T","R","B",null,"M","M","M","M","M","R","M","AVR","T","R","?","M","M","$","R","B",null],"character_chosen":"THE_BUGKNIGHT","items_purchased":["HollowMod:CornifersMapStart","HollowMod:SoulStrike","DollysMirror","CaptainsWheel"],"campfire_rested":7,"item_purchase_floors":[7,7,24,48],"current_hp_per_floor":[82,80,80,80,80,80,80,63,63,58,49,38,38,38,62,2,82,78,54,55,32,15,39,54,25,25,25,7,7,31,31,55,13,87,63,63,66,54,16,42,42,42,49,77,77,34,15,30,58,33],"gold":92,"neow_bonus":"TEN_PERCENT_HP_BONUS","is_daily":false,"chose_seed":false,"campfire_upgraded":1,"win_rate":0.0,"timestamp":1612058404,"path_taken":["M","M","M","?","?","R","$","E","T","M","M","?","?","?","R","BOSS","M","M","?","M","M","R","$","M","T","AVR","M","?","R","?","R","BOSS","M","M","M","?","M","R","M","AVR","T","R","?","M","?","$","R","BOSS"],"items_purchased_type":["Card","Card","Relic","Relic"],"build_version":"2020-12-22","purchased_purges":0,"victory":true,"max_hp_per_floor":[82,82,82,82,82,82,82,82,82,82,82,82,82,82,82,82,82,82,82,82,82,82,82,82,82,82,82,82,82,82,82,82,87,87,87,87,87,87,87,87,87,87,94,94,94,94,94,94,94,94],"card_choices":[{"not_picked":["HollowMod:DashSlash","HollowMod:TaintedHusks"],"picked":"HollowMod:DoubleDash","floor":1},{"not_picked":["HollowMod:SiblingsSouls","HollowMod:SharpenedNail"],"picked":"HollowMod:SoulStrike","floor":2},{"not_picked":["HollowMod:PerfectDash","HollowMod:SharpenedShadows"],"picked":"HollowMod:HeavyBlow","floor":3},{"not_picked":["HollowMod:CloakDash","HollowMod:GoodIntentions"],"picked":"HollowMod:SoulSplash","floor":8},{"not_picked":["HollowMod:NewLittleFool","HollowMod:CrystalDash"],"picked":"HollowMod:CoiledNail","floor":10},{"not_picked":["HollowMod:SoulVessel","HollowMod:SoulShaman"],"picked":"HollowMod:HowlingWraiths","floor":11},{"not_picked":["HollowMod:TaintedHusks","HollowMod:ShadowDash"],"picked":"HollowMod:CycloneSlash","floor":12},{"not_picked":["HollowMod:AwokenDreamNail","HollowMod:MidwifesHunger"],"picked":"HollowMod:ZotesMagnificence","floor":16},{"not_picked":["HollowMod:DungDefenderAura","HollowMod:SoulSplash+1"],"picked":"HollowMod:ChannelNail+1","floor":18},{"not_picked":["HollowMod:ChannelNail+1","HollowMod:ShadowDash+1"],"picked":"HollowMod:PerfectDash+1","floor":19},{"not_picked":["HollowMod:ShadowDash","HollowMod:NewLittleFool"],"picked":"HollowMod:InfectedAttack+1","floor":20},{"not_picked":["HollowMod:GoodIntentions","HollowMod:SiblingsSouls+1"],"picked":"HollowMod:GreatSlash","floor":21},{"not_picked":["HollowMod:CornifersMapStart+1","HollowMod:HeavyBlow"],"picked":"HollowMod:AwokenDreamNail","floor":22},{"not_picked":["HollowMod:FastStrike+1","HollowMod:InfectionAssault"],"picked":"HollowMod:CycloneSlash+1","floor":25},{"not_picked":["HollowMod:CornifersMapStart","HollowMod:SiblingsShadow"],"picked":"HollowMod:CycloneSlash","floor":28},{"not_picked":["HollowMod:MidwifesHunger","HollowMod:theNailsmith"],"picked":"HollowMod:SlysStrikes","floor":33},{"not_picked":["HollowMod:FallenFury","HollowMod:GoodIntentions"],"picked":"HollowMod:HuntersJournal","floor":35},{"not_picked":["HollowMod:DreamGate+1","HollowMod:GoodIntentions+1"],"picked":"HollowMod:SoulStrike+1","floor":36},{"not_picked":["HollowMod:AbyssShriek","HollowMod:CoiledNail+1"],"picked":"HollowMod:SharpenedNail","floor":37},{"not_picked":["HollowMod:InfectionAssault+1","HollowMod:DreamGate"],"picked":"HollowMod:CycloneSlash","floor":38},{"not_picked":["HollowMod:ShadowDash","HollowMod:CornifersMapStart"],"picked":"HollowMod:HowlingWraiths","floor":39},{"not_picked":["HollowMod:DoubleDash","HollowMod:MonarchWings+1"],"picked":"HollowMod:SoulShaman+1","floor":46},{"not_picked":["HollowMod:AbyssShriek+1","HollowMod:MonarchWings"],"picked":"HollowMod:ChannelNail+1","floor":46},{"not_picked":["HollowMod:NewLittleFool+1","HollowMod:Hiveblood"],"picked":"HollowMod:Grubsong+1","floor":47},{"not_picked":["HollowMod:CycloneSlash","HollowMod:MothsMistake"],"picked":"HollowMod:SoulStrike+1","floor":47}],"player_experience":616313,"relics_obtained":[{"floor":4,"key":"Happy Flower"},{"floor":8,"key":"MealTicket"},{"floor":9,"key":"Bag of Preparation"},{"floor":26,"key":"Omamori"},{"floor":31,"key":"HollowMod:PaleOreRelic"},{"floor":43,"key":"Strawberry"}],"event_choices":[{"damage_healed":0,"gold_gain":0,"player_choice":"Ignored","damage_taken":0,"max_hp_gain":0,"max_hp_loss":0,"event_name":"Purifier","floor":5,"gold_loss":0},{"damage_healed":0,"gold_gain":0,"cards_transformed":["HollowMod:QuickDashStart"],"player_choice":"Transformed","damage_taken":0,"max_hp_gain":0,"max_hp_loss":0,"event_name":"Transmorgrifier","floor":14,"gold_loss":0,"cards_obtained":["HollowMod:NewJinnsSoul"]},{"damage_healed":0,"gold_gain":0,"player_choice":"Ignored","damage_taken":0,"max_hp_gain":0,"max_hp_loss":0,"event_name":"Vampires","floor":29,"gold_loss":0},{"damage_healed":0,"gold_gain":0,"player_choice":"3 cards matched","damage_taken":0,"max_hp_gain":0,"max_hp_loss":0,"event_name":"Match and Keep!","floor":45,"gold_loss":0,"cards_obtained":["HollowMod:DescendingDark","hubris:Greed","Trip"]}],"is_beta":false,"boss_relics":[{"not_picked":["Busted Crown","hubris:BlackHole"],"picked":"Runic Pyramid"},{"not_picked":["hubris:TerracottaHorce","SlaversCollar"],"picked":"Empty Cage"}],"items_purged_floors":[],"is_endless":false,"potions_floor_spawned":[2,3,11,16,19,25,33,36,41,47],"ascension_level":0}}