{"host":"ypzb5vvnu9f3ii1t","time":1612094123,"event":{"mods":["AchievementEnabler","BaseMod","Colored Map","DeckTracker","Keyboard Shortcuts","Minty Spire (QoL Compilation)","Permanent Neow","Quick Restart","SuperFastMode"],"gold_per_floor":[113,113,38,53,53,83,110,125,125,145,145,145,158,171,171,274,274,287,287,287,32,47,47,47,66,66,66,99,113,125,125,125],"floor_reached":31,"language":"KOR","playtime":1699,"items_purged":["Defend_G","Shame"],"score":392,"play_id":"106b45e3-53ce-4c63-b946-31dbbdd43282","local_time":"20210131205523","is_ascension_mode":true,"campfire_choices":[{"floor":12.0,"key":"REST"},{"floor":15.0,"key":"REST"},{"floor":23,"key":"REST"},{"data":"Dodge and Roll","floor":27,"key":"SMITH"}],"circlet_count":0,"master_deck":["Strike_G","Strike_G+1","Defend_G","Defend_G","Survivor","Neutralize+1","Corpse Explosion","Backflip","PiercingWail","Venomology","Crippling Poison","Escape Plan","Burst","Corpse Explosion+1","Acrobatics+1","Caltrops+1","PiercingWail","Deadly Poison","Dodge and Roll+1","Footwork"],"relics":["Ring of the Snake","Gremlin Horn","Whetstone","Prayer Wheel","Astrolabe","Strange Spoon","Singing Bowl","Blue Candle","Darkstone Periapt"],"acts_visited":["Exordium","TheCity"],"potions_floor_usage":[22,25,28],"damage_taken":[{"damage":0.0,"enemies":"2 Louse","floor":1.0,"turns":3.0},{"damage":4.0,"enemies":"Cultist","floor":4.0,"turns":3.0},{"damage":33.0,"enemies":"3 Sentries","floor":6.0,"turns":5.0},{"damage":1.0,"enemies":"Small Slimes","floor":8.0,"turns":4.0},{"damage":8.0,"enemies":"Exordium Wildlife","floor":10.0,"turns":4.0},{"damage":7.0,"enemies":"Red Slaver","floor":13.0,"turns":5.0},{"damage":0.0,"enemies":"3 Louse","floor":14.0,"turns":1.0},{"damage":53.0,"enemies":"The Guardian","floor":16.0,"turns":16.0},{"damage":12.0,"enemies":"Shell Parasite","floor":18.0,"turns":5.0},{"damage":15,"enemies":"2 Thieves","floor":22,"turns":4},{"damage":8,"enemies":"Snake Plant","floor":25,"turns":4},{"damage":31,"enemies":"Slavers","floor":28,"turns":4},{"damage":0,"enemies":"Snecko","floor":29,"turns":5},{"damage":23,"enemies":"Centurion and Healer","floor":30,"turns":3},{"damage":5,"enemies":"Colosseum Slavers","floor":31,"turns":1}],"seed_played":"1225655680742885968","potions_obtained":[{"floor":6.0,"key":"SkillPotion"},{"floor":10.0,"key":"Regen Potion"},{"floor":16.0,"key":"Block Potion"},{"floor":18.0,"key":"EssenceOfSteel"},{"floor":29,"key":"CunningPotion"},{"floor":30,"key":"Strength Potion"}],"is_trial":false,"path_per_floor":["M","?","$","M","?","E","T","M","T","M","?","R","M","M","R","B",null,"M","?","?","$","M","R","T","M","T","R","E","M","M","?"],"character_chosen":"THE_SILENT","items_purchased":["Strange Spoon"],"campfire_rested":3,"item_purchase_floors":[21],"current_hp_per_floor":[63,63,63,59,52,19,19,18,18,10,15,37,30,30,52,14,60,48,48,48,48,33,55,55,49,49,49,20,24,3,0,0],"gold":125,"neow_bonus":"THREE_RARE_CARDS","is_daily":false,"chose_seed":false,"campfire_upgraded":1,"win_rate":0.0,"timestamp":1612094123,"path_taken":["M","?","$","?","?","E","?","M","T","?","?","R","M","M","R","BOSS","M","?","?","$","M","R","?","M","T","R","E","M","?","?"],"items_purchased_type":["Relic"],"build_version":"2020-12-22","purchased_purges":2,"victory":false,"max_hp_per_floor":[70,70,70,70,70,70,70,70,70,70,75,75,75,75,75,75,75,75,75,75,75,75,75,75,77,77,77,79,83,85,85,85],"card_choices":[{"not_picked":["Envenom","Tools of the Trade"],"picked":"Corpse Explosion","floor":0.0},{"not_picked":["Terror","Eviscerate"],"picked":"Backflip","floor":1.0},{"not_picked":["Tactician","Endless Agony"],"picked":"PiercingWail","floor":4.0},{"not_picked":["Noxious Fumes","Flying Knee"],"picked":"Venomology","floor":6.0},{"not_picked":["Acrobatics","Underhanded Strike","Eviscerate"],"picked":"SKIP","floor":8.0},{"not_picked":["Backflip","Noxious Fumes"],"picked":"Crippling Poison","floor":10.0},{"not_picked":["Prepared","Underhanded Strike","Caltrops"],"picked":"SKIP","floor":10.0},{"not_picked":["Concentrate","Eviscerate","Sucker Punch"],"picked":"SKIP","floor":13.0},{"not_picked":["Leg Sweep","Flechettes","Slice"],"picked":"SKIP","floor":13.0},{"not_picked":["Slice","Backstab"],"picked":"Escape Plan","floor":14.0},{"not_picked":["Dagger Spray","Caltrops","Masterful Stab"],"picked":"SKIP","floor":14.0},{"not_picked":["Envenom","A Thousand Cuts"],"picked":"Burst","floor":16.0},{"not_picked":["Sucker Punch","Deflect"],"picked":"PiercingWail","floor":18.0},{"not_picked":["Outmaneuver+1","Heel Hook","Underhanded Strike"],"picked":"SKIP","floor":18.0},{"not_picked":["Expertise","Cloak And Dagger"],"picked":"Deadly Poison","floor":22},{"not_picked":["Outmaneuver","Prepared","All Out Attack+1"],"picked":"SKIP","floor":22},{"not_picked":["Accuracy","Skewer","Dodge and Roll"],"picked":"Singing Bowl","floor":25},{"not_picked":["Flechettes+1","Infinite Blades"],"picked":"Dodge and Roll","floor":25},{"not_picked":["Expertise","Poisoned Stab+1","Dagger Spray+1"],"picked":"Singing Bowl","floor":28},{"not_picked":["Leg Sweep","Unload","Expertise"],"picked":"Singing Bowl","floor":29},{"not_picked":["Poisoned Stab","Riddle With Holes","Endless Agony"],"picked":"Singing Bowl","floor":29},{"not_picked":["Masterful Stab","Caltrops"],"picked":"Footwork","floor":30},{"not_picked":["Deflect","Prepared+1","Blade Dance"],"picked":"Singing Bowl","floor":30}],"player_experience":147161,"relics_obtained":[{"floor":6.0,"key":"Gremlin Horn"},{"floor":7.0,"key":"Whetstone"},{"floor":9.0,"key":"Prayer Wheel"},{"floor":24,"key":"Singing Bowl"},{"floor":26,"key":"Blue Candle"},{"floor":28,"key":"Darkstone Periapt"}],"event_choices":[{"cards_removed":["Defend_G"],"damage_healed":0.0,"max_hp_gain":0.0,"max_hp_loss":0.0,"gold_gain":0.0,"event_name":"Bonfire Elementals","player_choice":"Offered Basic","floor":2.0,"gold_loss":0.0,"damage_taken":0.0},{"cards_removed":["Strike_G"],"damage_healed":0.0,"max_hp_gain":0.0,"max_hp_loss":0.0,"gold_gain":0.0,"event_name":"Golden Wing","player_choice":"Card Removal","floor":5.0,"gold_loss":0.0,"damage_taken":7.0},{"damage_healed":0.0,"max_hp_gain":5.0,"max_hp_loss":0.0,"gold_gain":0.0,"event_name":"Big Fish","player_choice":"Donut","floor":11.0,"gold_loss":0.0,"damage_taken":0.0},{"damage_healed":0,"gold_gain":0,"player_choice":"Ignored","damage_taken":0,"max_hp_gain":0,"max_hp_loss":0,"event_name":"Cursed Tome","floor":19,"gold_loss":0},{"damage_healed":0,"gold_gain":0,"player_choice":"Ignored","damage_taken":0,"max_hp_gain":0,"max_hp_loss":0,"event_name":"Vampires","floor":20,"gold_loss":0},{"damage_healed":0,"gold_gain":0,"player_choice":"Fight","damage_taken":0,"max_hp_gain":0,"max_hp_loss":0,"event_name":"Colosseum","floor":31,"gold_loss":0}],"is_beta":false,"boss_relics":[{"not_picked":["Ring of the Serpent","Fusion Hammer"],"picked":"Astrolabe"}],"items_purged_floors":[3,21],"is_endless":false,"potions_floor_spawned":[6,10,16,18,29,30],"killed_by":"Colosseum Slavers","ascension_level":6}}