{"host":"jayk59atm2ogiigo","time":1612087587,"event":{"mods":["AchievementEnabler","BaseMod","Better Match","Better Note","Better Sensory Stone","Better Skull","Better Third Choice","BetterRewards","Block Reminder","Colored Map","Colored Powertips","DeckTracker","Energized Spire","Highlight Path","Minty Spire (QoL Compilation)","Permanent Neow","Potion Indicator Mod","Quick Restart","Relic Sorter","Relic Stats","Slay-I","StSLib","Unceasing Turn Reminder"],"gold_per_floor":[118,218,232,196,214,214,232,232,232,13,31,31,49,78,78,180,180,193,204,220,129,129,129,129],"floor_reached":23,"language":"ENG","playtime":1212,"items_purged":["Strike_G","Strike_G"],"score":193,"play_id":"48983987-f95f-4b1a-bc72-84cc9fc15697","local_time":"20210131100627","is_ascension_mode":false,"campfire_choices":[{"data":"Deadly Poison","floor":6,"key":"SMITH"},{"data":"Poisoned Stab","floor":8,"key":"SMITH"},{"data":"Noxious Fumes","floor":12,"key":"SMITH"},{"floor":15,"key":"REST"}],"circlet_count":0,"master_deck":["Strike_G","Strike_G","Strike_G","Defend_G","Defend_G","Defend_G","Defend_G","Defend_G","Survivor","Neutralize","Deadly Poison+1","Catalyst","Footwork","Backflip","Poisoned Stab+1","Noxious Fumes+1","Deadly Poison","Blur","Crippling Poison","Tools of the Trade","Escape Plan","Bouncing Flask"],"relics":["Ring of the Snake","Happy Flower","Membership Card","Prayer Wheel","Velvet Choker"],"acts_visited":["Exordium","TheCity"],"potions_floor_usage":[23],"damage_taken":[{"damage":0,"enemies":"Small Slimes","floor":1,"turns":4},{"damage":0,"enemies":"Cultist","floor":3,"turns":4},{"damage":0,"enemies":"2 Louse","floor":5,"turns":3},{"damage":0,"enemies":"Blue Slaver","floor":7,"turns":4},{"damage":9,"enemies":"Lots of Slimes","floor":11,"turns":4},{"damage":25,"enemies":"Gremlin Gang","floor":13,"turns":4},{"damage":13,"enemies":"Lagavulin","floor":14,"turns":6},{"damage":7,"enemies":"The Guardian","floor":16,"turns":6},{"damage":23,"enemies":"2 Thieves","floor":18,"turns":4},{"damage":0,"enemies":"3 Byrds","floor":19,"turns":4},{"damage":13,"enemies":"Centurion and Healer","floor":20,"turns":6},{"damage":34,"enemies":"Slavers","floor":23,"turns":4}],"seed_played":"5278245548758966195","potions_obtained":[{"floor":5,"key":"BlessingOfTheForge"},{"floor":7,"key":"LiquidBronze"},{"floor":16,"key":"Fire Potion"},{"floor":20,"key":"SpeedPotion"},{"floor":22,"key":"GhostInAJar"}],"is_trial":false,"path_per_floor":["M","?","M","$","M","R","M","R","T","$","M","R","M","E","R","B",null,"M","M","M","$","?","E"],"character_chosen":"THE_SILENT","items_purchased":["Footwork","Membership Card","Noxious Fumes","Bouncing Flask"],"campfire_rested":1,"item_purchase_floors":[4,10,10,21],"current_hp_per_floor":[70,70,70,70,70,70,70,70,70,70,61,61,36,23,44,37,70,47,47,34,34,34,0,0],"gold":129,"neow_bonus":"RANDOM_COMMON_RELIC","is_daily":false,"chose_seed":false,"campfire_upgraded":3,"win_rate":0.0,"timestamp":1612087587,"path_taken":["M","?","?","$","M","R","M","R","T","$","M","R","M","E","R","BOSS","M","M","?","$","?","E"],"items_purchased_type":["Card","Relic","Card","Card"],"build_version":"2020-12-22","purchased_purges":2,"victory":false,"max_hp_per_floor":[70,70,70,70,70,70,70,70,70,70,70,70,70,70,70,70,70,70,70,70,70,70,70,70],"relic_stats":{"Happy Flower":[17],"counters":[12,53],"Prayer Wheel":3,"obtain_stats":[{"Happy Flower":0,"Velvet Choker":17,"Prayer Wheel":14,"Membership Card":10,"Ring of the Snake":0},{"Happy Flower":0,"Velvet Choker":8,"Prayer Wheel":7,"Membership Card":4,"Ring of the Snake":0},{"Happy Flower":0,"Velvet Choker":35,"Prayer Wheel":29,"Membership Card":15,"Ring of the Snake":0}],"Ring of the Snake":[24]},"card_choices":[{"not_picked":["Poisoned Stab","Flying Knee"],"picked":"Deadly Poison","floor":1},{"not_picked":["Crippling Poison","Caltrops"],"picked":"Catalyst","floor":3},{"not_picked":["Riddle With Holes","Acrobatics"],"picked":"Backflip","floor":5},{"not_picked":["Sucker Punch","Infinite Blades"],"picked":"Poisoned Stab","floor":7},{"not_picked":["Endless Agony","Backflip"],"picked":"Deadly Poison","floor":11},{"not_picked":["Quick Slash","Dodge and Roll"],"picked":"Blur","floor":13},{"not_picked":["Calculated Gamble","All Out Attack"],"picked":"Crippling Poison","floor":14},{"not_picked":["Burst","Glass Knife"],"picked":"Tools of the Trade","floor":16},{"not_picked":["Acrobatics","Endless Agony","Blade Dance"],"picked":"SKIP","floor":18},{"not_picked":["Dagger Throw+1","Deadly Poison","Blade Dance+1"],"picked":"SKIP","floor":18},{"not_picked":["Cloak And Dagger","Sucker Punch"],"picked":"Escape Plan","floor":19},{"not_picked":["Eviscerate","Noxious Fumes","Dagger Throw+1"],"picked":"SKIP","floor":19},{"not_picked":["Deadly Poison+1","Blade Dance","Eviscerate+1"],"picked":"SKIP","floor":20},{"not_picked":["Distraction","Calculated Gamble","Skewer"],"picked":"SKIP","floor":20}],"player_experience":71281,"relics_obtained":[{"floor":14,"key":"Prayer Wheel"}],"event_choices":[{"damage_healed":0,"gold_gain":100,"player_choice":"Pray","damage_taken":0,"max_hp_gain":0,"max_hp_loss":0,"event_name":"Golden Shrine","floor":2,"gold_loss":0},{"damage_healed":0,"gold_gain":0,"player_choice":"Got Potions","damage_taken":0,"max_hp_gain":0,"max_hp_loss":0,"event_name":"Lab","floor":22,"gold_loss":0}],"is_beta":false,"boss_relics":[{"not_picked":["Empty Cage","Sozu"],"picked":"Velvet Choker"}],"items_purged_floors":[10,21],"is_endless":false,"potions_floor_spawned":[5,7,16,20],"killed_by":"Slavers","ascension_level":0}}