{"host":"Jinnai","time":1612114523,"event":{"mods":["BaseMod","Bestiary","Block Reminder","Colored Map","Colored Powertips","Highlight Path","Minty Spire (QoL Compilation)","Quick Restart","Relic Stats","StSLib"],"gold_per_floor":[19,35,35,56,77,77,77],"floor_reached":6,"language":"ENG","playtime":253,"items_purged":[],"score":76,"play_id":"ef59da7e-8380-4e81-8fa9-c7983730709e","local_time":"20210131123523","is_ascension_mode":true,"campfire_choices":[],"circlet_count":0,"master_deck":["AscendersBane","Strike_G","Strike_G","Strike_G","Strike_G","Strike_G","Defend_G","Defend_G","Defend_G","Defend_G","Defend_G","Survivor","Neutralize","Dagger Spray","Bouncing Flask","Sucker Punch","Choke"],"relics":["Ring of the Snake","Bird Faced Urn","Golden Idol"],"acts_visited":["Exordium"],"potions_floor_usage":[5],"damage_taken":[{"damage":0,"enemies":"Cultist","floor":1,"turns":4},{"damage":6,"enemies":"2 Louse","floor":2,"turns":3},{"damage":4,"enemies":"Jaw Worm","floor":4,"turns":4},{"damage":4,"enemies":"2 Fungi Beasts","floor":5,"turns":3},{"damage":53,"enemies":"Gremlin Nob","floor":6,"turns":5}],"seed_played":"-8624568260944029866","potions_obtained":[{"floor":2,"key":"LiquidMemories"}],"is_trial":false,"path_per_floor":["M","M","?","M","M","E"],"character_chosen":"THE_SILENT","items_purchased":[],"campfire_rested":0,"item_purchase_floors":[],"current_hp_per_floor":[59,53,53,49,45,0,0],"gold":77,"neow_bonus":"ONE_RARE_RELIC","is_daily":false,"chose_seed":false,"campfire_upgraded":0,"win_rate":0.0,"timestamp":1612114523,"path_taken":["M","?","?","M","M","E"],"items_purchased_type":[],"build_version":"2020-12-18","purchased_purges":0,"victory":false,"max_hp_per_floor":[66,66,60,60,60,60,60],"relic_stats":{"counters":[5,19],"Golden Idol":8,"Bird Faced Urn":[0],"obtain_stats":[{"Golden Idol":3,"Bird Faced Urn":0,"Ring of the Snake":0},{"Golden Idol":2,"Bird Faced Urn":0,"Ring of the Snake":0},{"Golden Idol":7,"Bird Faced Urn":0,"Ring of the Snake":0}],"Ring of the Snake":[10]},"card_choices":[{"not_picked":["Slice","Acrobatics"],"picked":"Dagger Spray","floor":1},{"not_picked":["PiercingWail","Outmaneuver"],"picked":"Bouncing Flask","floor":2},{"not_picked":["Choke","Calculated Gamble"],"picked":"Sucker Punch","floor":4},{"not_picked":["Flying Knee","Riddle With Holes"],"picked":"Choke","floor":5}],"player_experience":1619689,"relics_obtained":[],"event_choices":[{"damage_healed":0,"gold_gain":0,"player_choice":"Lose Max HP","damage_taken":0,"relics_obtained":["Golden Idol"],"max_hp_gain":0,"max_hp_loss":6,"event_name":"Golden Idol","floor":3,"gold_loss":0}],"is_beta":true,"boss_relics":[],"items_purged_floors":[],"is_endless":false,"potions_floor_spawned":[2],"killed_by":"Gremlin Nob","ascension_level":20}}