{"host":"6rz02yiipefhcw4r","time":1612073072,"event":{"mods":["2.2 Compatiblity","Arknights","BaseMod","Better Match","Better Third Choice","Better Vampires","BetterRewards","Block Reminder","Colored Map","Curses Come First","DeckTracker","Googly Eyes","Hubris","Minty Spire (QoL Compilation)","Quick Restart","Rare Cards Sparkle","Reliquary","Replay The Spire","Shade Mod","Spicy Shops","StSLib","The Bladedancer","The Cursed","The Marked","The Necromancer","The Runesmith"],"gold_per_floor":[115,115,29,49,86,86,115,115,115,147,165,165,180,180,180,257,257,257,257],"floor_reached":18,"language":"ENG","playtime":718,"items_purged":[],"score":386,"play_id":"e8ea889d-f146-483a-a476-dd128d577f55","local_time":"20210131040432","is_ascension_mode":true,"campfire_choices":[{"data":"Searing Blow","floor":6,"key":"SMITH"},{"data":"Searing Blow+1","floor":8,"key":"SMITH"},{"data":"Searing Blow+3","floor":15,"key":"SMITH"}],"circlet_count":0,"master_deck":["AscendersBane","Strike_R","Strike_R","Strike_R","Strike_R","Defend_R","Defend_R","Defend_R","Defend_R","Bash","Cleave","Searing Blow+4","Shrug It Off","Headbutt","True Grit","Parasite","Demonic Infusion","Demonic Infusion"],"relics":["Burning Blood","NeowsBlessing","Toolbox","Bottled Lightning","Turnip","reliquary:Stiletto","hubris:HollowSoul"],"acts_visited":["Exordium","TheCity"],"potions_floor_usage":[],"damage_taken":[{"damage":0,"enemies":"Jaw Worm","floor":1,"turns":1},{"damage":0,"enemies":"Small Slimes","floor":4,"turns":1},{"damage":0,"enemies":"3 Sentries","floor":7,"turns":2},{"damage":32,"enemies":"Replay:BlueRogue","floor":10,"turns":8},{"damage":2,"enemies":"2 Louse","floor":11,"turns":2},{"damage":0,"enemies":"2 Fungi Beasts","floor":13,"turns":2},{"damage":42,"enemies":"Fading Forest","floor":16,"turns":13},{"damage":0,"enemies":"3 Byrds","floor":18,"turns":1}],"seed_played":"2785081057009532413","potions_obtained":[{"floor":5,"key":"Elixir"},{"floor":5,"key":"SpeedPotion"}],"is_trial":false,"path_per_floor":["M","?","$","M","?","R","E","R","T","E","M","?","M","?","R","B",null,"M"],"character_chosen":"IRONCLAD","items_purchased":["Toolbox"],"campfire_rested":0,"item_purchase_floors":[3],"current_hp_per_floor":[74,67,67,73,43,43,49,49,49,23,27,45,51,51,51,15,60,15,15],"gold":257,"neow_bonus":"THREE_ENEMY_KILL","is_daily":false,"chose_seed":false,"campfire_upgraded":3,"win_rate":0.0,"timestamp":1612073072,"path_taken":["M","?","$","M","?","R","E","R","T","E","M","?","?","?","R","BOSS","M"],"items_purchased_type":["Relic"],"build_version":"2020-12-22","purchased_purges":0,"victory":false,"max_hp_per_floor":[75,75,75,75,75,75,75,75,75,75,75,75,75,75,75,75,75,15,15],"card_choices":[{"not_picked":["Clash","Heavy Blade"],"picked":"Cleave","floor":1},{"not_picked":["Flex","hubris:ReadiedAction"],"picked":"Searing Blow","floor":4},{"not_picked":["Armaments","Havoc"],"picked":"Shrug It Off","floor":5},{"not_picked":["Defy Death","Evolve","Sentinel"],"picked":"SKIP","floor":7},{"not_picked":["Defy Death","Evolve","Sentinel"],"picked":"SKIP","floor":7},{"not_picked":["Cleave","Perfected Strike"],"picked":"Headbutt","floor":10},{"not_picked":["Wild Strike","Thunderclap"],"picked":"True Grit","floor":11},{"not_picked":["Sentinel","Uppercut"],"picked":"Demonic Infusion","floor":13},{"not_picked":["Eclipse","Brutality"],"picked":"Demonic Infusion","floor":16}],"player_experience":777510,"relics_obtained":[{"floor":7,"key":"Bottled Lightning"},{"floor":9,"key":"Turnip"},{"floor":10,"key":"reliquary:Stiletto"}],"event_choices":[{"cards_removed":["Strike_R"],"damage_healed":0,"gold_gain":0,"player_choice":"Card Removal","damage_taken":7,"max_hp_gain":0,"max_hp_loss":0,"event_name":"Golden Wing","floor":2,"gold_loss":0},{"damage_healed":18,"gold_gain":0,"player_choice":"Healed and dodged fight","damage_taken":0,"max_hp_gain":0,"max_hp_loss":0,"event_name":"Mushrooms","floor":12,"gold_loss":0,"cards_obtained":["Parasite"]}],"is_beta":false,"boss_relics":[{"not_picked":["Astrolabe","Replay:Wanted Poster"],"picked":"hubris:HollowSoul"}],"items_purged_floors":[],"is_endless":false,"potions_floor_spawned":[7,13],"killed_by":"3 Byrds","ascension_level":20}}