{"host":"syozzdlzcqop4jia","time":1612061711,"event":{"mods":["BaseMod","Colored Map","Colored Powertips","Minty Spire (QoL Compilation)","Quick Restart"],"gold_per_floor":[115,129,140,206,206,235,235,261,311,322,322,339,358,6,6,109,109,129,141,158,208,226,226,126,144,144,154,170,183,243,258,258,258,258],"floor_reached":33,"language":"ENG","playtime":3092,"items_purged":["Strike_R","Entrench"],"score":307,"play_id":"bbecb196-99b2-4199-92e9-02b0ec53d19c","local_time":"20210131035511","is_ascension_mode":true,"campfire_choices":[{"data":"Perfected Strike","floor":7,"key":"SMITH"},{"data":"Flame Barrier","floor":11,"key":"SMITH"},{"floor":15,"key":"REST"},{"data":"Ghostly Armor","floor":23,"key":"SMITH"},{"floor":32,"key":"REST"}],"circlet_count":0,"master_deck":["Bash","Wild Strike","Perfected Strike+1","Flame Barrier+1","Headbutt","Sword Boomerang","Inflame","Wild Strike","Armaments","Wild Strike","Feed","Pummel","True Grit","Whirlwind","Exhume","Reaper","Headbutt","Dark Embrace","Headbutt","Ghostly Armor+1","Shrug It Off+1","Pummel","Anger","Flex","Immolate","Pummel+1","Cleave+1"],"relics":["Burning Blood","FossilizedHelix","SsserpentHead","Bottled Flame","Lantern","Whetstone","HandDrill","Pandora\u0027s Box","Magic Flower"],"acts_visited":["Exordium","TheCity"],"potions_floor_usage":[10,20,20,28,28],"damage_taken":[{"damage":6,"enemies":"Jaw Worm","floor":1,"turns":5},{"damage":0,"enemies":"Small Slimes","floor":2,"turns":2},{"damage":0,"enemies":"Cultist","floor":3,"turns":2},{"damage":18,"enemies":"3 Sentries","floor":6,"turns":10},{"damage":43,"enemies":"Lagavulin","floor":8,"turns":7},{"damage":0,"enemies":"Red Slaver","floor":10,"turns":1},{"damage":0,"enemies":"Exordium Wildlife","floor":12,"turns":2},{"damage":0,"enemies":"Exordium Thugs","floor":13,"turns":5},{"damage":56,"enemies":"Hexaghost","floor":16,"turns":9},{"damage":3,"enemies":"3 Byrds","floor":18,"turns":4},{"damage":15,"enemies":"2 Thieves","floor":19,"turns":4},{"damage":27,"enemies":"Snake Plant","floor":20,"turns":4},{"damage":0,"enemies":"Snecko","floor":22,"turns":5},{"damage":20,"enemies":"Cultist and Chosen","floor":25,"turns":7},{"damage":38,"enemies":"Centurion and Healer","floor":27,"turns":8},{"damage":17,"enemies":"Sentry and Sphere","floor":28,"turns":6},{"damage":24,"enemies":"Snake Plant","floor":29,"turns":3},{"damage":30,"enemies":"Centurion and Healer","floor":30,"turns":7},{"damage":41,"enemies":"Shelled Parasite and Fungi","floor":31,"turns":6},{"damage":76,"enemies":"Automaton","floor":33,"turns":6}],"seed_played":"-1525591269173276266","potions_obtained":[{"floor":1,"key":"AttackPotion"},{"floor":3,"key":"Weak Potion"},{"floor":10,"key":"Weak Potion"},{"floor":20,"key":"ElixirPotion"},{"floor":25,"key":"Ancient Potion"},{"floor":27,"key":"Regen Potion"},{"floor":31,"key":"CultistPotion"}],"is_trial":false,"path_per_floor":["M","M","M","?","?","E","R","E","T","M","R","M","M","$","R","B",null,"M","M","M","?","M","R","$","M","T","M","M","M","M","M","R","B"],"character_chosen":"IRONCLAD","items_purchased":["Inflame","HandDrill","Armaments","Wild Strike"],"campfire_rested":2,"item_purchase_floors":[14,14,14,14],"current_hp_per_floor":[72,72,72,72,72,60,60,23,23,29,29,35,41,41,62,12,72,75,66,50,75,75,75,75,65,65,50,73,58,55,28,52,0,0],"gold":258,"neow_bonus":"ONE_RARE_RELIC","is_daily":false,"chose_seed":false,"campfire_upgraded":3,"win_rate":0.0,"timestamp":1612061711,"path_taken":["M","M","M","?","?","E","R","E","T","M","R","M","M","$","R","BOSS","M","M","M","?","M","R","$","M","T","M","M","M","?","M","R","BOSS"],"items_purchased_type":["Card","Relic","Card","Card"],"build_version":"2020-12-22","purchased_purges":2,"victory":false,"max_hp_per_floor":[72,72,72,72,72,72,72,72,72,72,72,72,72,72,72,72,72,75,75,75,75,75,75,75,79,79,79,79,79,79,82,82,82,82],"card_choices":[{"not_picked":["Feel No Pain","Rage"],"picked":"Wild Strike","floor":1},{"not_picked":["Metallicize","Heavy Blade"],"picked":"Perfected Strike","floor":2},{"not_picked":["Clash","Heavy Blade"],"picked":"Flame Barrier","floor":3},{"not_picked":["Twin Strike","Hemokinesis","Headbutt"],"picked":"SKIP","floor":6},{"not_picked":["Twin Strike","Hemokinesis"],"picked":"Headbutt","floor":6},{"not_picked":["Feel No Pain","Thunderclap","Barricade"],"picked":"SKIP","floor":8},{"not_picked":["Cleave","Entrench"],"picked":"Sword Boomerang","floor":10},{"not_picked":["True Grit","Anger"],"picked":"Inflame","floor":12},{"not_picked":["Flex","Searing Blow"],"picked":"Wild Strike","floor":13},{"not_picked":["Juggernaut","Limit Break"],"picked":"Feed","floor":16},{"not_picked":["Warcry","Body Slam"],"picked":"Headbutt","floor":18},{"not_picked":["Perfected Strike","Dual Wield"],"picked":"Ghostly Armor","floor":19},{"not_picked":["Power Through","True Grit+1"],"picked":"Shrug It Off+1","floor":20},{"not_picked":["Spot Weakness+1","Havoc"],"picked":"Pummel","floor":22},{"not_picked":["Entrench","Fire Breathing"],"picked":"Anger","floor":25},{"not_picked":["Heavy Blade","Warcry+1"],"picked":"Flex","floor":27},{"not_picked":["Disarm","Shrug It Off"],"picked":"Immolate","floor":28},{"not_picked":["Cleave","Headbutt"],"picked":"Pummel+1","floor":29},{"not_picked":["Body Slam","Twin Strike"],"picked":"Cleave+1","floor":30},{"not_picked":["Entrench+1","Perfected Strike","Iron Wave+1"],"picked":"SKIP","floor":31}],"player_experience":455929,"relics_obtained":[{"floor":6,"key":"Bottled Flame"},{"floor":8,"key":"Lantern"},{"floor":9,"key":"Whetstone"},{"floor":26,"key":"Magic Flower"}],"event_choices":[{"damage_healed":0,"gold_gain":66,"player_choice":"Gained Gold","damage_taken":0,"max_hp_gain":0,"max_hp_loss":0,"event_name":"Golden Wing","floor":4,"gold_loss":0},{"damage_healed":0,"gold_gain":0,"player_choice":"Trade","damage_taken":0,"relics_obtained":["SsserpentHead"],"max_hp_gain":0,"max_hp_loss":0,"event_name":"FaceTrader","floor":5,"gold_loss":0},{"cards_removed":["Inflame"],"damage_healed":25,"gold_gain":0,"player_choice":"Offered Uncommon","damage_taken":0,"max_hp_gain":0,"max_hp_loss":0,"event_name":"Bonfire Elementals","floor":21,"gold_loss":0}],"is_beta":false,"boss_relics":[{"not_picked":["Calling Bell","Astrolabe"],"picked":"Pandora\u0027s Box"}],"items_purged_floors":[14,24],"is_endless":false,"potions_floor_spawned":[1,3,10,20,25,27,31],"killed_by":"Automaton","ascension_level":3}}