{"host":"6xsbn6ynqlzwllfm","time":1612056584,"event":{"mods":["2.2 Compatiblity","BaseMod","Bestiary","Colored Map","Colored Powertips","Curses Come First","Highlight Path","Keyboard Shortcuts","Minty Spire (QoL Compilation)","Relic Stats","Slay the Relics Exporter","StSLib","SuperFastMode"],"gold_per_floor":[114,114,128,143,68,97,112,112,112,143,186,186,111,151,151,253,253,293,21,84,84,125,125,125,125,125],"floor_reached":25,"language":"ENG","playtime":618,"items_purged":["Strike_P","Strike_P"],"score":422,"play_id":"bd18f10e-5d8e-47ec-ab7f-1eb1e2eb8742","local_time":"20210130202944","is_ascension_mode":true,"campfire_choices":[{"data":"ReachHeaven","floor":8.0,"key":"SMITH"},{"data":"CrushJoints","floor":12.0,"key":"SMITH"},{"data":"Wish","floor":15.0,"key":"SMITH"},{"data":"Wallop","floor":23.0,"key":"SMITH"}],"circlet_count":0,"master_deck":["AscendersBane","Strike_P","Strike_P","Defend_P","Defend_P","Defend_P","Eruption","Vigilance","ReachHeaven+1","Consecrate","Wish+1","CrushJoints+1","Wallop+1","DevaForm","SandsOfTime","Adaptation","SashWhip+1","Decay"],"relics":["PureWater","TeardropLocket","Mummified Hand","Kunai","Thread and Needle","Cursed Key","Lantern","Red Mask"],"acts_visited":["Exordium","TheCity"],"potions_floor_usage":[],"damage_taken":[{"damage":4.0,"enemies":"2 Louse","floor":1.0,"turns":2.0},{"damage":0.0,"enemies":"Cultist","floor":3.0,"turns":2.0},{"damage":12.0,"enemies":"Small Slimes","floor":4.0,"turns":4.0},{"damage":16.0,"enemies":"Gremlin Nob","floor":6.0,"turns":3.0},{"damage":0.0,"enemies":"Exordium Wildlife","floor":7.0,"turns":2.0},{"damage":7.0,"enemies":"Lagavulin","floor":10.0,"turns":7.0},{"damage":1.0,"enemies":"3 Louse","floor":11.0,"turns":7.0},{"damage":0.0,"enemies":"Large Slime","floor":14.0,"turns":4.0},{"damage":13.0,"enemies":"Slime Boss","floor":16.0,"turns":9.0},{"damage":0.0,"enemies":"Chosen","floor":18.0,"turns":3.0},{"damage":15.0,"enemies":"Masked Bandits","floor":20.0,"turns":4.0},{"damage":23.0,"enemies":"2 Thieves","floor":22.0,"turns":4.0},{"damage":31,"enemies":"Gremlin Leader","floor":25,"turns":2}],"seed_played":"-9043390034203103780","potions_obtained":[{"floor":3.0,"key":"Dexterity Potion"},{"floor":4.0,"key":"Ancient Potion"},{"floor":6.0,"key":"SpeedPotion"}],"is_trial":false,"path_per_floor":["M","?","M","M","?","E","M","R","T","E","M","R","$","M","R","B",null,"M","$","?","?","M","R","?","E"],"character_chosen":"WATCHER","items_purchased":["Lantern"],"campfire_rested":0,"item_purchase_floors":[19],"current_hp_per_floor":[63,63,63,51,51,35,35,35,35,28,27,27,27,27,27,14,59,59,59,44,44,21,21,21,0,0],"gold":125,"neow_bonus":"TEN_PERCENT_HP_BONUS","is_daily":false,"chose_seed":false,"campfire_upgraded":4,"win_rate":0.0,"timestamp":1612056584,"path_taken":["M","?","M","?","?","E","M","R","T","E","M","R","?","M","R","BOSS","M","$","?","?","M","R","?","E"],"items_purchased_type":["Relic"],"build_version":"2020-12-22","purchased_purges":2,"victory":false,"max_hp_per_floor":[74,74,74,74,74,74,74,74,74,74,74,74,74,74,74,74,74,74,74,74,74,74,74,74,74,74],"relic_stats":{"counters":[13,53],"Mummified Hand":[5],"Kunai":[8],"Cursed Key":0,"obtain_stats":[{"Lantern":19,"Mummified Hand":6,"Thread and Needle":10,"Red Mask":20,"TeardropLocket":2,"Kunai":9,"PureWater":0,"Cursed Key":17},{"Lantern":10,"Mummified Hand":4,"Thread and Needle":6,"Red Mask":11,"TeardropLocket":1,"Kunai":5,"PureWater":0,"Cursed Key":9},{"Lantern":43,"Mummified Hand":11,"Thread and Needle":20,"Red Mask":47,"TeardropLocket":2,"Kunai":13,"PureWater":0,"Cursed Key":40}]},"card_choices":[{"not_picked":["CutThroughFate","Weave"],"picked":"SandsOfTime","floor":1.0},{"not_picked":["EmptyFist","SashWhip"],"picked":"ReachHeaven","floor":4.0},{"not_picked":["Prostrate","FlyingSleeves"],"picked":"Consecrate","floor":6.0},{"not_picked":["Consecrate","EmptyFist"],"picked":"Wish","floor":10.0},{"not_picked":["WheelKick","Protect"],"picked":"CrushJoints","floor":11.0},{"not_picked":["Wireheading","FlyingSleeves"],"picked":"Wallop","floor":14.0},{"not_picked":["Establishment","Devotion"],"picked":"DevaForm","floor":16.0},{"not_picked":["Halt","SashWhip"],"picked":"SandsOfTime","floor":18.0},{"not_picked":["Study","Halt"],"picked":"Adaptation","floor":20.0},{"not_picked":["EmptyFist+1","Evaluate"],"picked":"SashWhip+1","floor":22.0}],"player_experience":1312753,"relics_obtained":[{"floor":6.0,"key":"Mummified Hand"},{"floor":9.0,"key":"Kunai"},{"floor":10.0,"key":"Thread and Needle"},{"floor":20.0,"key":"Red Mask"}],"event_choices":[{"cards_removed":["SandsOfTime"],"damage_healed":0.0,"max_hp_gain":0.0,"max_hp_loss":0.0,"gold_gain":0.0,"event_name":"WeMeetAgain","player_choice":"Gave Card","floor":2.0,"gold_loss":0.0,"damage_taken":0.0,"relics_obtained":["TeardropLocket"]},{"cards_removed":["Defend_P"],"damage_healed":0.0,"max_hp_gain":0.0,"max_hp_loss":0.0,"gold_gain":0.0,"event_name":"The Cleric","player_choice":"Card Removal","floor":5.0,"gold_loss":75.0,"damage_taken":0.0},{"damage_healed":0.0,"max_hp_gain":0.0,"max_hp_loss":0.0,"gold_gain":0.0,"event_name":"Masked Bandits","player_choice":"Fought Bandits","floor":20.0,"gold_loss":0.0,"damage_taken":0.0},{"damage_healed":0.0,"max_hp_gain":0.0,"max_hp_loss":0.0,"gold_gain":0.0,"event_name":"Ghosts","player_choice":"Ignored","floor":21.0,"gold_loss":0.0,"damage_taken":0.0},{"damage_healed":0.0,"max_hp_gain":0.0,"max_hp_loss":0.0,"gold_gain":0.0,"event_name":"Forgotten Altar","player_choice":"Smashed Altar","floor":24.0,"gold_loss":0.0,"damage_taken":0.0,"cards_obtained":["Decay"]}],"is_beta":false,"boss_relics":[{"not_picked":["Velvet Choker","SacredBark"],"picked":"Cursed Key"}],"items_purged_floors":[13,19],"is_endless":false,"potions_floor_spawned":[3,4,6],"killed_by":"Gremlin Leader","ascension_level":20}}