{"host":"takgv9cv6xf64vhq","time":1612112414,"event":{"mods":["BaseMod","Colored Powertips","Conspire","Decade(王小明)","Downfall","Energized Spire","Hermit","Hubris","LagranYue(拉格朗・月)","Marisa（F雨　魔理沙）","Minty Spire (QoL Compilation)","Replay The Spire","StSLib","The Cursed","The Hierophant","The Jungle","The Servant 0.9.4","TheHeartMod"],"gold_per_floor":[118,118,129,103,155,155,155,155,155,155,166,196,212,212,212,314,314,334,348,1,14,164,164,179,204,276,46,46,78,78,95,95,197,197,207,207,207,227,241,241,256,256,303,318,318,347,92,109,109,109,109,109,19,52,52,52],"floor_reached":55,"language":"ZHS","playtime":5426,"items_purged":["Strike_G","Strike_G"],"score":1101,"play_id":"4fafdc5f-0312-4174-a90c-bdf890fafaa7","local_time":"20210201010014","is_ascension_mode":true,"campfire_choices":[{"data":"Backflip","floor":6.0,"key":"SMITH"},{"data":"Neutralize","floor":10.0,"key":"SMITH"},{"floor":15.0,"key":"DIG"},{"data":"ReplayTheSpireMod:Scrap Shanks","floor":23.0,"key":"SMITH"},{"data":"Concentrate","floor":28.0,"key":"SMITH"},{"data":"Storm of Steel","floor":30.0,"key":"SMITH"},{"data":"Hidden Blade","floor":32.0,"key":"SMITH"},{"data":"Enlightenment","floor":40.0,"key":"SMITH"},{"floor":42.0,"key":"RECALL"},{"data":"Footwork","floor":52.0,"key":"SMITH"}],"circlet_count":0,"master_deck":["Strike_G","Strike_G","Defend_G","Defend_G","Defend_G","Defend_G","Survivor","Neutralize+1","Quick Slash","Backflip+1","Dodge and Roll","Slice","Footwork+1","Bullet Time","Prepared","Storm of Steel+1","Replay:Poison Smokescreen","Concentrate+1","ReplayTheSpireMod:Scrap Shanks+1","Dagger Throw","Underhanded Strike+1","Infinite Blades","ReplayTheSpireMod:Tripwire","Hidden Blade+1","Malaise","Enlightenment+1","Deep Breath","hubris:Ssssneak","Bane","Outmaneuver+1","Storm of Steel+1","Slice+1","Dagger Spray+1","Riddle With Holes+1","Bane","Underhanded Strike+1","Acrobatics+1","Madness","Madness","Deadly Poison+1","Expertise+1","ReplayTheSpireMod:Exploit Weakness","Acrobatics+1","All Out Attack","Catalyst","Footwork+1","Quick Slash","All Out Attack+1","ReplayTheSpireMod:Tripwire","Storm of Steel","Endless Agony","Cloak And Dagger","Venomology","Slice+1","Terror","Quick Slash","Footwork","Replay:Bag of Tricks","Backstab+1"],"relics":["LagranYue:SoulBurningRelic","Meat on the Bone","conspire:DeflatedDodgeball","hubris:TenFootPole","hubris:SphereOfDissonance","conspire:SpecialSausage","bronze:DecasWashers","Pear","hubris:Reverence","energizedSpire:StickyHand","hubris:DeckOfHolding","hubris:SlimyHat","Bag of Marbles","Orrery","conspire:TopHat"],"acts_visited":["Exordium","Exordium","TheBeyond","TheEnding"],"potions_floor_usage":[54,54,55],"damage_taken":[{"damage":0.0,"enemies":"2 Louse","floor":1.0,"turns":3.0},{"damage":2.0,"enemies":"Small Slimes","floor":3.0,"turns":3.0},{"damage":6.0,"enemies":"conspire:MimicChest","floor":5.0,"turns":11.0},{"damage":0.0,"enemies":"Jaw Worm","floor":11.0,"turns":4.0},{"damage":4.0,"enemies":"Lagavulin","floor":12.0,"turns":7.0},{"damage":0.0,"enemies":"Large Slime","floor":13.0,"turns":8.0},{"damage":6.0,"enemies":"The Guardian","floor":16.0,"turns":13.0},{"damage":6.0,"enemies":"theJungle:5_Spyders","floor":18.0,"turns":14.0},{"damage":0.0,"enemies":"theJungle:GiantWrat","floor":19.0,"turns":6.0},{"damage":0.0,"enemies":"theJungle:Lyon","floor":21.0,"turns":5.0},{"damage":0.0,"enemies":"Snake Plant","floor":24.0,"turns":3.0},{"damage":6.0,"enemies":"theJungle:MamaSnecko","floor":25.0,"turns":6.0},{"damage":18.0,"enemies":"theJungle:2_Phrogs","floor":29.0,"turns":5.0},{"damage":0.0,"enemies":"theJungle:SlimyTreeVines","floor":31.0,"turns":4.0},{"damage":0.0,"enemies":"theJungle:QueenSpyder","floor":33.0,"turns":12.0},{"damage":3.0,"enemies":"3 Darklings","floor":35.0,"turns":7.0},{"damage":0.0,"enemies":"Orb Walker","floor":38.0,"turns":3.0},{"damage":13.0,"enemies":"4 Shapes","floor":39.0,"turns":7.0},{"damage":6.0,"enemies":"Sphere and 2 Shapes","floor":41.0,"turns":5.0},{"damage":17.0,"enemies":"Maw","floor":44.0,"turns":7.0},{"damage":10.0,"enemies":"Reptomancer","floor":46.0,"turns":8.0},{"damage":8.0,"enemies":"4 Shapes","floor":48.0,"turns":7.0},{"damage":29.0,"enemies":"hubris:GrandSnecko","floor":50.0,"turns":8.0},{"damage":15,"enemies":"Shield and Spear","floor":54,"turns":4},{"damage":58,"enemies":"The Heart","floor":55,"turns":7}],"seed_played":"-389753723438721960","potions_obtained":[{"floor":1.0,"key":"Swift Potion"},{"floor":11.0,"key":"Venom Potion"},{"floor":12.0,"key":"LiquidBronze"},{"floor":13.0,"key":"GamblersBrew"},{"floor":18.0,"key":"CultistPotion"},{"floor":25.0,"key":"Reflective Coating"},{"floor":31.0,"key":"FearPotion"},{"floor":39.0,"key":"CultistPotion"},{"floor":44.0,"key":"GhostInAJar"},{"floor":48.0,"key":"CunningPotion"}],"is_trial":false,"path_per_floor":["M","?","M","$","?","R","?","?","T","R","M","E","M","?","R","B",null,"M","M","$","M","?","R","M","E","T","$","R","E","R","M","R","B",null,"M","?","T","M","M","R","M","R","T","M","?","E","$","M","R","B",null,"R","$","E","B"],"character_chosen":"THE_SILENT","items_purchased":["Dodge and Roll","ReplayTheSpireMod:Scrap Shanks","bronze:DecasWashers","Dagger Throw","Infinite Blades","ReplayTheSpireMod:Tripwire","Orrery","Terror","Quick Slash"],"campfire_rested":0,"item_purchase_floors":[4,20,20,20,27,27,47,53,53],"current_hp_per_floor":[63,56,54,54,48,48,48,48,48,48,48,44,44,44,44,38,61,55,55,55,55,55,55,55,58,58,58,58,51,51,54,54,54,73,70,70,70,70,57,57,51,51,51,45,40,41,41,44,67,49,71,71,71,56,0,0],"gold":52,"neow_bonus":"BOSS_RELIC","is_daily":false,"chose_seed":false,"campfire_upgraded":8,"win_rate":0.0,"timestamp":1612112414,"path_taken":["M","?","M","$","?","R","?","?","T","R","M","E","?","?","R","BOSS","M","M","?","M","?","R","M","E","T","?","R","E","R","?","R","BOSS","M","?","?","M","?","R","M","R","T","M","?","E","?","M","R","BOSS","R","$","E","BOSS"],"items_purchased_type":["Card","Card","Relic","Card","Card","Card","Relic","Card","Card"],"build_version":"2020-12-22","purchased_purges":2,"victory":false,"max_hp_per_floor":[70,70,70,70,70,70,70,70,70,70,70,70,70,70,70,70,70,70,70,70,70,70,70,70,80,80,80,80,80,80,80,80,80,80,80,80,80,80,80,80,80,80,80,80,80,80,80,80,80,80,80,80,80,80,80,80],"card_choices":[{"not_picked":["Well Laid Plans","Prepared"],"picked":"Quick Slash","floor":1.0},{"not_picked":["Deadly Poison","Outmaneuver"],"picked":"Backflip","floor":3.0},{"not_picked":["PiercingWail","Dagger Throw"],"picked":"Slice","floor":5.0},{"not_picked":["Eviscerate","Deflect"],"picked":"Footwork","floor":11.0},{"not_picked":["Backstab","Prepared"],"picked":"Bullet Time","floor":12.0},{"not_picked":["Poisoned Stab","Quick Slash"],"picked":"Prepared","floor":13.0},{"not_picked":["Malaise","Glass Knife"],"picked":"Storm of Steel","floor":16.0},{"not_picked":["Hidden Blade","hubris:Sniper"],"picked":"Replay:Poison Smokescreen","floor":18.0},{"not_picked":["Bouncing Flask","Flechettes+1"],"picked":"Concentrate","floor":19.0},{"not_picked":["Dodge and Roll","Flying Knee","Toxin Wave+1"],"picked":"SKIP","floor":21.0},{"not_picked":["Blade Dance","Dodge and Roll"],"picked":"Underhanded Strike+1","floor":24.0},{"not_picked":["Poisoned Stab","Glass Knife","Flying Knee"],"picked":"SKIP","floor":25.0},{"not_picked":["Backflip","Unload","Sucker Punch"],"picked":"SKIP","floor":29.0},{"not_picked":["Deadly Poison","Sucker Punch"],"picked":"Hidden Blade","floor":31.0},{"not_picked":["Poison Darts","Phantasmal Killer"],"picked":"Malaise","floor":33.0},{"not_picked":["Underhanded Strike","Dodge and Roll+1","Flechettes"],"picked":"SKIP","floor":35.0},{"not_picked":["Enlightenment","hubris:Ssssneak"],"picked":"Deep Breath","floor":36.0},{"not_picked":["Bane","Storm of Steel"],"picked":"Outmaneuver+1","floor":38.0},{"not_picked":["Slice+1","Riddle With Holes+1"],"picked":"Dagger Spray+1","floor":39.0},{"not_picked":["Bane","Acrobatics+1"],"picked":"Underhanded Strike+1","floor":41.0},{"not_picked":["Bane","Flying Knee+1","Cloak And Dagger+1"],"picked":"SKIP","floor":44.0},{"not_picked":["Deadly Poison+1","ReplayTheSpireMod:Exploit Weakness"],"picked":"Expertise+1","floor":46.0},{"not_picked":["Acrobatics+1","All Out Attack"],"picked":"Catalyst","floor":47.0},{"not_picked":["Footwork","Quick Slash"],"picked":"All Out Attack+1","floor":47.0},{"not_picked":["ReplayTheSpireMod:Tripwire","Storm of Steel"],"picked":"Endless Agony","floor":47.0},{"not_picked":["Cloak And Dagger","Venomology"],"picked":"Slice+1","floor":47.0},{"not_picked":["Flying Knee+1","Replay:Poison Smokescreen","Blade Dance"],"picked":"SKIP","floor":48.0},{"not_picked":["Footwork","Replay:Bag of Tricks"],"picked":"Backstab+1","floor":54}],"player_experience":271335,"relics_obtained":[{"floor":5.0,"key":"Meat on the Bone"},{"floor":9.0,"key":"conspire:DeflatedDodgeball"},{"floor":12.0,"key":"hubris:TenFootPole"},{"floor":15.0,"key":"hubris:SphereOfDissonance"},{"floor":25.0,"key":"Pear"},{"floor":29.0,"key":"hubris:Reverence"},{"floor":37.0,"key":"hubris:DeckOfHolding"},{"floor":43.0,"key":"hubris:SlimyHat"},{"floor":46.0,"key":"Bag of Marbles"},{"floor":54,"key":"conspire:TopHat"}],"event_choices":[{"cards_removed":["Strike_G"],"damage_healed":0.0,"max_hp_gain":0.0,"max_hp_loss":0.0,"gold_gain":0.0,"event_name":"Golden Wing","player_choice":"Card Removal","floor":2.0,"gold_loss":0.0,"damage_taken":7.0},{"damage_healed":0.0,"max_hp_gain":0.0,"max_hp_loss":0.0,"gold_gain":0.0,"event_name":"conspire:Investor","player_choice":"Leave","floor":7.0,"gold_loss":0.0,"damage_taken":0.0},{"damage_healed":0.0,"max_hp_gain":0.0,"max_hp_loss":0.0,"gold_gain":0.0,"event_name":"Upgrade Shrine","player_choice":"Upgraded","floor":14.0,"gold_loss":0.0,"damage_taken":0.0,"cards_upgraded":["Footwork"]},{"damage_healed":0.0,"max_hp_gain":0.0,"max_hp_loss":0.0,"gold_gain":0.0,"event_name":"SensoryStone","player_choice":"Memory 1","floor":36.0,"gold_loss":0.0,"damage_taken":0.0},{"damage_healed":0.0,"max_hp_gain":0.0,"max_hp_loss":0.0,"gold_gain":0.0,"event_name":"Winding Halls","player_choice":"Embrace Madness","floor":45.0,"gold_loss":0.0,"damage_taken":10.0,"cards_obtained":["Madness","Madness"]}],"is_beta":false,"boss_relics":[{"not_picked":["hubris:GrandSneckoEye","Fusion Hammer"],"picked":"conspire:SpecialSausage"},{"not_picked":["Runic Dome","hubris:CrackedHourglass"],"picked":"energizedSpire:StickyHand"}],"items_purged_floors":[27,47],"is_endless":false,"potions_floor_spawned":[1,11,12,13,18,25,31,39,44,48],"killed_by":"The Heart","ascension_level":7}}