{"host":"0nndazl0keusavit","time":1612123054,"event":{"mods":["AchievementEnabler","BaseMod","Colored Map","Curses Come First","Highlight Path","Minty Spire (QoL Compilation)","Relic Stats","StSLib"],"gold_per_floor":[114,133,151,164,129,129,129,129],"floor_reached":7,"language":"ENG","playtime":279,"items_purged":[],"score":86,"play_id":"55a49ec2-575a-4bec-8905-0ae566df3205","local_time":"20210131145734","is_ascension_mode":true,"campfire_choices":[{"data":"JustLucky","floor":6.0,"key":"SMITH"}],"circlet_count":0,"master_deck":["AscendersBane","Strike_P","Strike_P","Strike_P","Strike_P","Defend_P","Defend_P","Defend_P","Defend_P","Eruption","Vigilance","FollowUp","JustLucky+1","ThirdEye"],"relics":["PureWater"],"acts_visited":["Exordium"],"potions_floor_usage":[],"damage_taken":[{"damage":2.0,"enemies":"Cultist","floor":1.0,"turns":3.0},{"damage":2.0,"enemies":"Small Slimes","floor":2.0,"turns":3.0},{"damage":0.0,"enemies":"Jaw Worm","floor":3.0,"turns":4.0},{"damage":14.0,"enemies":"Blue Slaver","floor":4.0,"turns":4.0},{"damage":21,"enemies":"Lagavulin","floor":7,"turns":6}],"seed_played":"7582268084969238703","potions_obtained":[{"floor":2.0,"key":"Block Potion"}],"is_trial":false,"path_per_floor":["M","M","M","M","?","R","E"],"character_chosen":"WATCHER","items_purchased":[],"campfire_rested":0,"item_purchase_floors":[],"current_hp_per_floor":[65,63,63,49,67,67,46,46],"gold":129,"neow_bonus":"TEN_PERCENT_HP_BONUS","is_daily":false,"chose_seed":false,"campfire_upgraded":1,"win_rate":0.0,"timestamp":1612123054,"path_taken":["M","M","?","M","?","R","E"],"items_purchased_type":[],"build_version":"2020-12-22","purchased_purges":0,"victory":false,"max_hp_per_floor":[74,74,74,74,74,74,74,74],"relic_stats":{"counters":[5,20],"obtain_stats":[{"PureWater":0},{"PureWater":0},{"PureWater":0}]},"card_choices":[{"not_picked":["Sanctity","ThirdEye"],"picked":"FollowUp","floor":1.0},{"not_picked":["ClearTheMind","FollowUp"],"picked":"JustLucky","floor":2.0},{"not_picked":["SandsOfTime","FlyingSleeves","JustLucky"],"picked":"SKIP","floor":3.0},{"not_picked":["Crescendo","Halt"],"picked":"ThirdEye","floor":4.0}],"player_experience":896479,"relics_obtained":[],"event_choices":[{"damage_healed":18.0,"max_hp_gain":0.0,"max_hp_loss":0.0,"gold_gain":0.0,"event_name":"The Cleric","player_choice":"Healed","floor":5.0,"gold_loss":35.0,"damage_taken":0.0}],"is_beta":false,"boss_relics":[],"items_purged_floors":[],"is_endless":false,"potions_floor_spawned":[2],"killed_by":"Lagavulin","ascension_level":20}}