{"host":"tmzq6unyecs2p367","time":1612088860,"event":{"mods":["BaseMod","Koishi","Minty Spire (QoL Compilation)","StSLib","The Bug Knight","The Dragon Tamer","The Juggle","The Senshi"],"gold_per_floor":[118,133,152,164,177,177,208,226,226,226,252,252,81,97,97,172,172,191,210,221,236,181,181,214,214,239,268,287,301,328,328,328,405,405,421,50,70,121,121,147,147,66,66,97,97,97,18,29,29,29,29,29],"floor_reached":51,"language":"ENG","playtime":1948,"items_purged":["Regret"],"score":1654,"play_id":"ed95bb4e-9770-4ed1-8677-af000d2d0787","local_time":"20210131112740","is_ascension_mode":true,"campfire_choices":[{"data":"Armaments","floor":6,"key":"SMITH"},{"data":"Inflame","floor":10,"key":"SMITH"},{"data":"Disarm","floor":15,"key":"SMITH"},{"data":"Double Tap","floor":23,"key":"SMITH"},{"data":"Feed","floor":25,"key":"SMITH"},{"data":"Juggernaut","floor":32,"key":"SMITH"},{"data":"Heavy Blade","floor":46,"key":"SMITH"},{"data":"Battle Trance","floor":49,"key":"SMITH"}],"circlet_count":0,"master_deck":["AscendersBane","Strike_R","Strike_R","Strike_R","Strike_R","Strike_R","Defend_R","Defend_R","Defend_R","Defend_R","Bash","Inflame+1","Ghostly Armor","Iron Wave","Armaments+1","Reaper","Battle Trance+1","Metallicize","Disarm+1","Feed+1","Heavy Blade+1","Double Tap+1","Shrug It Off","Heavy Blade+1","Juggernaut+1","Whirlwind+1","Shrug It Off","Whirlwind+1","Flash of Steel+1","Uppercut+1","Parasite","Madness","Madness","Pummel+1"],"relics":["Burning Blood","Bronze Scales","White Beast Statue","FossilizedHelix","Singing Bowl","Brimstone","Cursed Key","Molten Egg 2","Akabeko","Bag of Marbles","Darkstone Periapt","Busted Crown","ClockworkSouvenir","Charon\u0027s Ashes","Art of War","StrikeDummy","Mercury Hourglass"],"acts_visited":["Exordium","TheCity","TheBeyond"],"potions_floor_usage":[7,11,16,16,20,20,21,24,33,33,38,38,40,44,50,50],"damage_taken":[{"damage":4,"enemies":"2 Louse","floor":1,"turns":4},{"damage":18,"enemies":"Jaw Worm","floor":2,"turns":6},{"damage":17,"enemies":"Small Slimes","floor":3,"turns":5},{"damage":5,"enemies":"Looter","floor":4,"turns":5},{"damage":7,"enemies":"2 Fungi Beasts","floor":5,"turns":5},{"damage":12,"enemies":"3 Sentries","floor":7,"turns":6},{"damage":8,"enemies":"Blue Slaver","floor":8,"turns":5},{"damage":0,"enemies":"Gremlin Nob","floor":11,"turns":3},{"damage":0,"enemies":"Looter","floor":14,"turns":3},{"damage":40,"enemies":"Hexaghost","floor":16,"turns":8},{"damage":0,"enemies":"Chosen","floor":18,"turns":3},{"damage":0,"enemies":"Shell Parasite","floor":19,"turns":4},{"damage":0,"enemies":"Chosen and Byrds","floor":20,"turns":4},{"damage":20,"enemies":"Sentry and Sphere","floor":21,"turns":5},{"damage":43,"enemies":"Book of Stabbing","floor":24,"turns":4},{"damage":12,"enemies":"HollowMod:Nosk","floor":27,"turns":6},{"damage":0,"enemies":"Snake Plant","floor":28,"turns":2},{"damage":15,"enemies":"3 Cultists","floor":29,"turns":4},{"damage":47,"enemies":"Gremlin Leader","floor":30,"turns":5},{"damage":107,"enemies":"Automaton","floor":33,"turns":7},{"damage":0,"enemies":"Orb Walker","floor":35,"turns":2},{"damage":0,"enemies":"3 Darklings","floor":37,"turns":2},{"damage":8,"enemies":"2 Orb Walkers","floor":38,"turns":3},{"damage":47,"enemies":"Reptomancer","floor":40,"turns":6},{"damage":0,"enemies":"Giant Head","floor":44,"turns":5},{"damage":0,"enemies":"Spire Growth","floor":48,"turns":3},{"damage":96,"enemies":"Awakened One","floor":50,"turns":8},{"damage":46,"enemies":"Time Eater","floor":51,"turns":4}],"seed_played":"6580752069758694896","potions_obtained":[{"floor":3,"key":"PowerPotion"},{"floor":4,"key":"EssenceOfSteel"},{"floor":7,"key":"Ancient Potion"},{"floor":8,"key":"AttackPotion"},{"floor":11,"key":"Dexterity Potion"},{"floor":14,"key":"DuplicationPotion"},{"floor":16,"key":"Swift Potion"},{"floor":18,"key":"BlessingOfTheForge"},{"floor":20,"key":"Block Potion"},{"floor":21,"key":"FearPotion"},{"floor":24,"key":"Regen Potion"},{"floor":27,"key":"LiquidBronze"},{"floor":28,"key":"Energy Potion"},{"floor":33,"key":"SkillPotion"},{"floor":35,"key":"Swift Potion"},{"floor":38,"key":"SpeedPotion"},{"floor":40,"key":"Energy Potion"},{"floor":44,"key":"LiquidBronze"},{"floor":48,"key":"BlessingOfTheForge"}],"is_trial":false,"path_per_floor":["M","M","M","M","M","R","E","M","T","R","E","?","$","M","R","B",null,"M","M","M","M","$","R","E","R","T","E","M","M","E","?","R","B",null,"M","$","M","?","?","E","?","$","T","E","?","R","$","M","R","B","B"],"character_chosen":"IRONCLAD","items_purchased":["Brimstone","Shrug It Off","Whirlwind+1","ClockworkSouvenir","Shrug It Off","Uppercut+1","DuplicationPotion"],"campfire_rested":0,"item_purchase_floors":[13,22,36,36,36,42,47],"current_hp_per_floor":[77,65,54,55,54,54,48,46,46,46,52,41,41,47,47,23,67,75,81,86,77,77,77,70,70,70,81,89,94,55,74,74,18,78,86,86,92,92,92,92,92,92,98,112,92,92,92,112,112,46,0,0],"gold":29,"neow_bonus":"TEN_PERCENT_HP_BONUS","is_daily":false,"chose_seed":false,"campfire_upgraded":8,"win_rate":0.0,"timestamp":1612088860,"path_taken":["M","M","M","M","M","R","E","M","T","R","E","?","$","M","R","BOSS","M","M","M","M","$","R","E","R","T","E","M","M","E","?","R","BOSS","M","$","M","?","?","E","?","?","T","E","?","R","?","M","R","BOSS","BOSS"],"items_purchased_type":["Relic","Card","Card","Relic","Card","Card","Potion"],"build_version":"2020-12-22","purchased_purges":1,"victory":false,"max_hp_per_floor":[82,82,82,82,82,82,82,82,82,82,82,82,82,82,82,82,82,84,84,86,86,86,86,88,88,88,88,90,94,96,96,96,98,98,100,100,100,102,102,104,104,104,110,112,112,112,112,112,112,112,112,112],"card_choices":[{"not_picked":["Flex","Thunderclap"],"picked":"Iron Wave","floor":1},{"not_picked":["Sentinel","Battle Trance"],"picked":"Inflame","floor":2},{"not_picked":["Thunderclap","Hemokinesis"],"picked":"Ghostly Armor","floor":3},{"not_picked":["Sword Boomerang","Wild Strike"],"picked":"Iron Wave","floor":4},{"not_picked":["True Grit","Metallicize"],"picked":"Armaments","floor":5},{"not_picked":["Armaments","Wild Strike"],"picked":"Reaper","floor":7},{"not_picked":["Perfected Strike","Anger"],"picked":"Battle Trance","floor":8},{"not_picked":["Ghostly Armor","Flame Barrier"],"picked":"Metallicize","floor":11},{"not_picked":["True Grit","Blood for Blood"],"picked":"Disarm","floor":14},{"not_picked":["Barricade","Exhume"],"picked":"Feed","floor":16},{"not_picked":["Pommel Strike","Searing Blow","True Grit"],"picked":"Singing Bowl","floor":18},{"not_picked":["True Grit","Dark Embrace+1"],"picked":"Heavy Blade","floor":19},{"not_picked":["Wild Strike","True Grit","Thunderclap"],"picked":"Singing Bowl","floor":20},{"not_picked":["Seeing Red","Combust"],"picked":"Double Tap","floor":21},{"not_picked":["Twin Strike+1","Warcry+1","Power Through"],"picked":"Singing Bowl","floor":24},{"not_picked":["Fire Breathing","Infernal Blade"],"picked":"Heavy Blade+1","floor":27},{"not_picked":["Clash+1","Havoc","True Grit+1"],"picked":"Singing Bowl","floor":28},{"not_picked":["Sword Boomerang+1","Flame Barrier+1"],"picked":"Juggernaut","floor":29},{"not_picked":["Shrug It Off","Seeing Red","Hemokinesis+1"],"picked":"Singing Bowl","floor":30},{"not_picked":["Demon Form","Immolate+1","Berserk"],"picked":"Singing Bowl","floor":33},{"not_picked":["Twin Strike+1"],"picked":"Singing Bowl","floor":35},{"not_picked":[],"picked":"Whirlwind+1","floor":37},{"not_picked":["Burning Pact"],"picked":"Singing Bowl","floor":38},{"not_picked":["Searing Blow+1"],"picked":"Singing Bowl","floor":40},{"not_picked":[],"picked":"Flash of Steel+1","floor":41},{"not_picked":["Juggernaut"],"picked":"Singing Bowl","floor":44},{"not_picked":[],"picked":"Pummel+1","floor":48}],"player_experience":1860490,"relics_obtained":[{"floor":7,"key":"Bronze Scales"},{"floor":9,"key":"White Beast Statue"},{"floor":11,"key":"FossilizedHelix"},{"floor":24,"key":"Molten Egg 2"},{"floor":26,"key":"Akabeko"},{"floor":27,"key":"Bag of Marbles"},{"floor":30,"key":"Darkstone Periapt"},{"floor":38,"key":"Charon\u0027s Ashes"},{"floor":40,"key":"Art of War"},{"floor":43,"key":"StrikeDummy"},{"floor":44,"key":"Mercury Hourglass"}],"event_choices":[{"damage_healed":0,"gold_gain":0,"player_choice":"Success","damage_taken":11,"relics_obtained":["Singing Bowl"],"max_hp_gain":0,"max_hp_loss":0,"event_name":"Scrap Ooze","floor":12,"gold_loss":0},{"damage_healed":19,"gold_gain":0,"player_choice":"Heal","damage_taken":0,"max_hp_gain":0,"max_hp_loss":0,"event_name":"The Library","floor":31,"gold_loss":0},{"damage_healed":0,"gold_gain":0,"player_choice":"Fight","damage_taken":0,"max_hp_gain":0,"max_hp_loss":0,"event_name":"Mysterious Sphere","floor":38,"gold_loss":0},{"cards_removed":["Iron Wave"],"damage_healed":0,"gold_gain":0,"player_choice":"Removed Attack","damage_taken":0,"max_hp_gain":0,"max_hp_loss":0,"event_name":"Falling","floor":39,"gold_loss":0},{"damage_healed":0,"gold_gain":0,"player_choice":"Memory 1","damage_taken":0,"max_hp_gain":0,"max_hp_loss":0,"event_name":"SensoryStone","floor":41,"gold_loss":0},{"damage_healed":0,"gold_gain":0,"player_choice":"Embrace Madness","damage_taken":20,"max_hp_gain":0,"max_hp_loss":0,"event_name":"Winding Halls","floor":45,"gold_loss":0,"cards_obtained":["Madness","Madness"]}],"is_beta":false,"boss_relics":[{"not_picked":["Runic Cube","Calling Bell"],"picked":"Cursed Key"},{"not_picked":["Snecko Eye","theSenshi:MoonKaleidoScopeRelic"],"picked":"Busted Crown"}],"items_purged_floors":[36],"is_endless":false,"potions_floor_spawned":[3,4,7,8,11,14,16,18,19,20,21,24,27,28,29,30,33,35,37,38,40,44,48],"killed_by":"Time Eater","ascension_level":20}}