{"host":"Arthrogeddon","time":1612108977,"event":{"mods":["BaseMod","Beaked The Cultist","ChefMod","Downfall","Glutton Mod","Hermit","Highlight Path","Infinite Spire","Mad Scientist","Minty Spire (QoL Compilation)","StSLib","The Construct","The Cursed","The Disciple","The Hierophant","The Marked","The Mystic","The Necromancer","The Runesmith","The Witch"],"gold_per_floor":[114,64,64,64,78,110,32,66,147,147,180,200,200,200],"floor_reached":13,"language":"ENG","playtime":790,"items_purged":[],"score":151,"play_id":"2c0939ba-c1c0-4138-bd2f-1de212ff286e","local_time":"20210131170257","daily_mods":["Draft","Heirloom","Time Dilation","Flight","downfall:Lament"],"is_ascension_mode":false,"campfire_choices":[{"data":"infinitespire:Collect","floor":10,"key":"SMITH"}],"circlet_count":0,"master_deck":["Negative_Energy_Sphere","Death_Coil","Toxic_Smoke_Screen","Negative_Energy_Javelin","Bone_Spikes","Toxic_Smoke_Screen","Uncharnel","Bone_Armor","Stop_Heart","Blood_Curse","Toxic_Smoke_Screen","Finger_Of_Death","Bone_Spikes","Necrotic_Claws","infinitespire:Collect+1","Plague_Bolt","Summon_Lich","Toxic_Smoke_Screen","Pandemic"],"relics":["Unceasing Top","NeowsBlessing","champ:DeflectingBracers","Orichalcum","Art of War","infinitespire:WardingShard","infinitespire:Bottled Soul","infinitespire:Eraser"],"acts_visited":["Exordium"],"potions_floor_usage":[],"damage_taken":[{"damage":0,"enemies":"Small Slimes","floor":1,"turns":1},{"damage":0,"enemies":"2 Louse","floor":5,"turns":1},{"damage":0,"enemies":"Gremlin Nob","floor":6,"turns":1},{"damage":7,"enemies":"3 Sentries","floor":8,"turns":5},{"damage":6,"enemies":"Lagavulin","floor":11,"turns":4},{"damage":4,"enemies":"Jaw Worm","floor":12,"turns":3},{"damage":0,"enemies":"3 Sentries","floor":13,"turns":1}],"seed_played":"6494971867509141795","potions_obtained":[{"floor":1,"key":"construct:ShiftPotion"},{"floor":11,"key":"infinitespire:BlackPotion"},{"floor":12,"key":"PowerPotion"}],"is_trial":true,"path_per_floor":["M","?","?","?","M","E","$","E","T","R","E","M","E"],"character_chosen":"NECROMANCER","items_purchased":["Summon_Lich"],"campfire_rested":0,"item_purchase_floors":[7],"current_hp_per_floor":[75,75,68,51,51,51,51,44,44,44,38,34,34,34],"gold":200,"neow_bonus":"","is_daily":false,"chose_seed":false,"campfire_upgraded":1,"win_rate":0.0,"timestamp":1612108977,"path_taken":["M","?","?","?","M","E","?","E","T","R","E","?","E"],"items_purchased_type":["Card"],"build_version":"2020-11-17","purchased_purges":0,"victory":false,"max_hp_per_floor":[75,75,75,75,75,75,75,75,75,75,75,75,75,75],"card_choices":[{"not_picked":["Finger_Of_Death","Necromantic_Selection"],"picked":"Negative_Energy_Sphere","floor":0},{"not_picked":["Death_March_Dance","Shackles_Of_Pain"],"picked":"Death_Coil","floor":0},{"not_picked":["Negative_Energy_Mist","Death_March_Dance"],"picked":"Toxic_Smoke_Screen","floor":0},{"not_picked":["Negative_Energy_Sphere","Negative_Energy_Mist"],"picked":"Negative_Energy_Javelin","floor":0},{"not_picked":["Negative_Energy_Mist","Finger_Of_Death"],"picked":"Bone_Spikes","floor":0},{"not_picked":["Chill_Blood","Vampiric_Strike"],"picked":"Toxic_Smoke_Screen","floor":0},{"not_picked":["Death_March_Dance","Bone_Shift"],"picked":"Uncharnel","floor":0},{"not_picked":["Negative_Energy_Mist","Summon_Undead_Army"],"picked":"Bone_Armor","floor":0},{"not_picked":["Shackles_Of_Pain","Consume_Illness"],"picked":"Stop_Heart","floor":0},{"not_picked":["Siphon_Strength","Consume_Illness"],"picked":"Blood_Curse","floor":0},{"not_picked":["Bones_to_Steel","Flesh_Made_Foul"],"picked":"Negative_Energy_Mist","floor":0},{"not_picked":["Slay_Living","Shackles_Of_Pain"],"picked":"Toxic_Smoke_Screen","floor":0},{"not_picked":["Chill_Blood","Summon_Undead"],"picked":"Finger_Of_Death","floor":0},{"not_picked":["Death_Coil","Death_March_Dance"],"picked":"Bone_Spikes","floor":0},{"not_picked":["Consume_Illness","Bone_Armory"],"picked":"Necrotic_Claws","floor":0},{"not_picked":["Whirlwind_of_Bones","Corrupt","Shackles_Of_Pain"],"picked":"SKIP","floor":1},{"not_picked":["infinitespire:UltimateForm","infinitespire:DeathsTouch"],"picked":"infinitespire:Collect","floor":4},{"not_picked":["Siphon_Strength","Blood_Curse","Vampiric_Strike"],"picked":"SKIP","floor":5},{"not_picked":["Detonate_Bones","Finger_Of_Death"],"picked":"Plague_Bolt","floor":6},{"not_picked":["Death_March_Dance","Bones_to_Steel"],"picked":"Toxic_Smoke_Screen","floor":8},{"not_picked":["Deaths_Shadow","Bones_to_Steel","Scare"],"picked":"SKIP","floor":11},{"not_picked":["Death_Knell","Negative_Energy_Burst"],"picked":"Pandemic","floor":12}],"player_experience":46415,"relics_obtained":[{"floor":6,"key":"Art of War"},{"floor":8,"key":"infinitespire:WardingShard"},{"floor":9,"key":"infinitespire:Bottled Soul"},{"floor":11,"key":"infinitespire:Eraser"}],"event_choices":[{"cards_removed":["Negative_Energy_Mist"],"damage_healed":0,"gold_gain":0,"player_choice":"Card Removal","damage_taken":0,"max_hp_gain":0,"max_hp_loss":0,"event_name":"The Cleric","floor":2,"gold_loss":50},{"damage_healed":0,"gold_gain":0,"player_choice":"Success","damage_taken":7,"relics_obtained":["Orichalcum"],"max_hp_gain":0,"max_hp_loss":0,"event_name":"Scrap Ooze","floor":3,"gold_loss":0}],"is_beta":true,"boss_relics":[],"items_purged_floors":[],"is_endless":false,"potions_floor_spawned":[1,11,12],"killed_by":"3 Sentries","ascension_level":0}}