{"host":"dv8biwhj0r0tr1ux","time":1612086345,"event":{"mods":["Act Like it!","BaseMod","Colored Powertips","Downfall","Highlight Path","Hubris","Minty Spire (QoL Compilation)","Quick Restart","Replay The Spire","StSLib","The Animator"],"gold_per_floor":[130,130,72,72,89,120,120,159,159,175,190,190,190,240,240,355,355,375,375,392,392,426,426,471,53,77,117,141,141,141],"floor_reached":29,"language":"RUS","playtime":2262,"items_purged":["Regret"],"score":337,"play_id":"38a14fd6-0ef9-403d-8026-6ef8e6048f01","local_time":"20210131124545","is_ascension_mode":true,"campfire_choices":[{"data":"animator:Aqua","floor":7,"key":"SMITH"},{"data":"animator:YunYun","floor":12,"key":"SMITH"},{"floor":15,"key":"DIG"},{"floor":23,"key":"REST"}],"circlet_count":0,"master_deck":["animator:Strike_Konosuba","animator:Defend_Konosuba","animator:Strike+1","animator:Defend","animator:Defend+1","animator:Kazuma","animator:Aqua+1","animator:Darkness+1","animator:Shichika+1","animator:YunYun+1","animator:DolaStephanie","animator:Chris","animator:Shiro+1","animator:HigakiRinne+1","animator:Biyorigo+1","animator:Emonzaemon","animator:Shichika+1","animator:TsurugaMeisai","animator:Chris","Necronomicurse","animator:DolaCouronne","animator:ChlammyZell","animator:HigakiRinne+1","animator:NarberalGamma+1","animator:IzunaHatsuse","animator:YachiyoNanami+1"],"relics":["animator:LivingPicture","animator:TheMissingPiece","NeowsBlessing","Oddly Smooth Stone","Potion Belt","Golden Egg","Replay:Baseball","Snack Pack","animator:RacePiece","Necronomicon","animator:ShionDessert","Ancient Tea Set","Happy Flower","Vajra","Blood Vial","Simple Rune"],"acts_visited":["Exordium","TheCity"],"potions_floor_usage":[8,14,14,16,22,27],"damage_taken":[{"damage":0,"enemies":"2 Louse","floor":1,"turns":1},{"damage":0,"enemies":"Jaw Worm","floor":5,"turns":2},{"damage":0,"enemies":"3 Sentries","floor":6,"turns":2},{"damage":6,"enemies":"Lagavulin","floor":8,"turns":7},{"damage":0,"enemies":"Small Slimes","floor":10,"turns":3},{"damage":0,"enemies":"3 Louse","floor":11,"turns":3},{"damage":8,"enemies":"Gremlin Nob","floor":14,"turns":5},{"damage":51,"enemies":"Hexaghost","floor":16,"turns":11},{"damage":28,"enemies":"2 Thieves","floor":18,"turns":5},{"damage":0,"enemies":"Spheric Guardian","floor":20,"turns":1},{"damage":23,"enemies":"Chosen and Byrds","floor":22,"turns":5},{"damage":18,"enemies":"Book of Stabbing","floor":24,"turns":6},{"damage":24,"enemies":"Slavers","floor":27,"turns":4},{"damage":5,"enemies":"Centurion and Healer","floor":28,"turns":5},{"damage":21,"enemies":"Snake Plant","floor":29,"turns":1}],"seed_played":"1355916849669754044","potions_obtained":[{"floor":1,"key":"animator:FalseLifePotion"},{"floor":5,"key":"ColorlessPotion"},{"floor":8,"key":"Energy Potion"},{"floor":14,"key":"champ:CounterPotion"},{"floor":18,"key":"sneckomod:MuddlingPotion"},{"floor":22,"key":"Explosive Potion"}],"is_trial":false,"path_per_floor":["M","?","$","?","M","E","R","E","T","M","M","R","?","E","R","B",null,"M","?","M","?","M","R","E","$","T","E","M","M"],"character_chosen":"THE_ANIMATOR","items_purchased":["animator:Shichika+1","animator:NarberalGamma","Happy Flower","Vajra"],"campfire_rested":1,"item_purchase_floors":[3,25,25,25],"current_hp_per_floor":[66,66,66,66,67,67,67,61,61,64,67,67,67,59,59,20,68,45,29,31,31,13,33,22,22,22,7,13,0,0],"gold":141,"neow_bonus":"THREE_ENEMY_KILL","is_daily":false,"chose_seed":false,"campfire_upgraded":2,"win_rate":0.0,"timestamp":1612086345,"path_taken":["M","?","$","?","M","E","R","E","T","M","M","R","?","E","R","BOSS","M","?","M","?","M","R","E","$","T","E","M","M"],"items_purchased_type":["Card","Card","Relic","Relic"],"build_version":"2020-12-22","purchased_purges":1,"victory":false,"max_hp_per_floor":[66,66,66,66,67,67,67,67,67,67,67,67,67,67,67,68,68,68,68,68,68,68,68,68,68,68,68,68,68,68],"card_choices":[{"not_picked":["animator:Kaijin","animator:Kazuma"],"picked":"animator:Darkness","floor":1},{"not_picked":["animator:YuiTsuruno","animator:MamiTomoe"],"picked":"animator:YunYun","floor":5},{"not_picked":["animator:Viivi","animator:Guy"],"picked":"animator:DolaStephanie","floor":6},{"not_picked":["animator:Aqua","animator:Megumin"],"picked":"animator:Chris","floor":8},{"not_picked":["animator:Demiurge","animator:Vanir","animator:YuiTsuruno"],"picked":"SKIP","floor":10},{"not_picked":["animator:NarberalGamma","animator:YuiTsuruno"],"picked":"animator:Shiro","floor":11},{"not_picked":["animator:UneriGinkaku","animator:Chris"],"picked":"animator:HigakiRinne","floor":14},{"not_picked":["animator:Kyubey","animator:HomuraAkemi"],"picked":"animator:Biyorigo","floor":16},{"not_picked":["animator:Vanir","animator:Darkness"],"picked":"animator:Chris","floor":18},{"not_picked":["animator:YachiyoNanami","animator:Evileye"],"picked":"animator:DolaCouronne","floor":20},{"not_picked":["animator:Vesta","animator:Megumin"],"picked":"animator:ChlammyZell","floor":22},{"not_picked":["animator:Vanir","animator:Sebas"],"picked":"animator:HigakiRinne","floor":24},{"not_picked":["animator:DolaCouronne","animator:DolaRiku"],"picked":"animator:IzunaHatsuse","floor":27},{"not_picked":["animator:Konayuki+1","animator:NagisaMomoe+1"],"picked":"animator:YachiyoNanami+1","floor":28}],"player_experience":280575,"relics_obtained":[{"floor":6,"key":"Oddly Smooth Stone"},{"floor":8,"key":"Potion Belt"},{"floor":9,"key":"Golden Egg"},{"floor":14,"key":"Replay:Baseball"},{"floor":15,"key":"Snack Pack"},{"floor":19,"key":"Necronomicon"},{"floor":24,"key":"Ancient Tea Set"},{"floor":26,"key":"Blood Vial"},{"floor":27,"key":"Simple Rune"}],"event_choices":[{"damage_healed":0,"gold_gain":0,"player_choice":"Grow","damage_taken":0,"max_hp_gain":0,"max_hp_loss":0,"event_name":"Living Wall","floor":4,"gold_loss":0,"cards_upgraded":["animator:Darkness"]},{"damage_healed":0,"gold_gain":0,"player_choice":"Obtained Book","damage_taken":16,"max_hp_gain":0,"max_hp_loss":0,"event_name":"Cursed Tome","floor":19,"gold_loss":0}],"is_beta":false,"boss_relics":[{"not_picked":["bronze:MakeshiftBattery","Velvet Choker"],"picked":"animator:RacePiece"}],"items_purged_floors":[25],"is_endless":false,"potions_floor_spawned":[1,5,8,14,18,22],"killed_by":"Snake Plant","ascension_level":2}}