{"host":"Matt","time":1612051492,"event":{"mods":["BaseMod","Bestiary","Colored Powertips","Highlight Path","Minty Spire (QoL Compilation)","Rare Cards Sparkle","Relic Stats","StSLib"],"gold_per_floor":[109,125,143,155,155,155,189,189,189,189,26,26,38,67,67,144,144,154,154,154,154,127,127,127,127],"floor_reached":24,"language":"ENG","playtime":783,"items_purged":["Strike_R"],"score":398,"play_id":"b153d28b-6470-4420-b69a-0cad85d6bb34","local_time":"20210131000452","is_ascension_mode":true,"campfire_choices":[{"data":"Whirlwind","floor":6,"key":"SMITH"},{"data":"Bash","floor":8,"key":"SMITH"},{"data":"Rage","floor":10,"key":"SMITH"},{"data":"Shockwave","floor":12,"key":"SMITH"},{"data":"Clothesline","floor":15,"key":"SMITH"},{"floor":23,"key":"REST"}],"circlet_count":0,"master_deck":["AscendersBane","Strike_R","Strike_R","Strike_R","Defend_R","Defend_R","Defend_R","Defend_R","Bash+1","Heavy Blade","Cleave","Whirlwind+1","Power Through","Clothesline+1","Rage+1","Shockwave+1","Demon Form+1","Disarm","Reaper","Seeing Red"],"relics":["Burning Blood","Frozen Egg 2","Paper Frog","Happy Flower","SlaversCollar"],"acts_visited":["Exordium","TheCity"],"potions_floor_usage":[7,14,22],"damage_taken":[{"damage":1,"enemies":"Cultist","floor":1,"turns":3},{"damage":10,"enemies":"Small Slimes","floor":2,"turns":3},{"damage":9,"enemies":"Jaw Worm","floor":3,"turns":3},{"damage":1,"enemies":"Exordium Wildlife","floor":4,"turns":4},{"damage":17,"enemies":"3 Sentries","floor":7,"turns":8},{"damage":8,"enemies":"Blue Slaver","floor":13,"turns":3},{"damage":5,"enemies":"Lagavulin","floor":14,"turns":5},{"damage":23,"enemies":"Slime Boss","floor":16,"turns":4},{"damage":37,"enemies":"Chosen","floor":18,"turns":7},{"damage":18,"enemies":"2 Thieves","floor":22,"turns":4},{"damage":37,"enemies":"Gremlin Leader","floor":24,"turns":5}],"seed_played":"300098283413910602","potions_obtained":[{"floor":4,"key":"Energy Potion"},{"floor":7,"key":"Dexterity Potion"},{"floor":13,"key":"SkillPotion"}],"is_trial":false,"path_per_floor":["M","M","M","M","?","R","E","R","T","R","$","R","M","E","R","B",null,"M","?","?","?","M","R","E"],"character_chosen":"IRONCLAD","items_purchased":["Shockwave"],"campfire_rested":1,"item_purchase_floors":[11],"current_hp_per_floor":[73,69,66,71,71,71,60,60,60,60,60,60,58,59,59,42,67,41,41,20,11,13,37,0,0],"gold":127,"neow_bonus":"TRANSFORM_CARD","is_daily":false,"chose_seed":false,"campfire_upgraded":5,"win_rate":0.0,"timestamp":1612051492,"path_taken":["M","M","M","M","?","R","E","R","T","R","$","R","?","E","R","BOSS","M","?","?","?","?","R","E"],"items_purchased_type":["Card"],"build_version":"2020-12-18","purchased_purges":1,"victory":false,"max_hp_per_floor":[75,75,75,75,75,75,75,75,75,75,75,75,75,75,75,75,75,75,75,80,80,80,80,80,80],"relic_stats":{"Happy Flower":[6],"counters":[11,49],"obtain_stats":[{"SlaversCollar":17,"Happy Flower":14,"Frozen Egg 2":7,"Burning Blood":0,"Paper Frog":9},{"SlaversCollar":8,"Happy Flower":7,"Frozen Egg 2":5,"Burning Blood":0,"Paper Frog":5},{"SlaversCollar":33,"Happy Flower":29,"Frozen Egg 2":21,"Burning Blood":0,"Paper Frog":21}],"Burning Blood":60},"card_choices":[{"not_picked":["Clash","Armaments"],"picked":"Cleave","floor":1},{"not_picked":["Flex","Sentinel"],"picked":"Whirlwind","floor":2},{"not_picked":["Clash","Headbutt"],"picked":"Power Through","floor":3},{"not_picked":["Warcry","Clash"],"picked":"Clothesline","floor":4},{"not_picked":["Sever Soul","Havoc","Pummel"],"picked":"SKIP","floor":7},{"not_picked":["Clash","Dual Wield"],"picked":"Demon Form+1","floor":13},{"not_picked":["Infernal Blade","Heavy Blade"],"picked":"Disarm","floor":14},{"not_picked":["Fiend Fire","Impervious"],"picked":"Reaper","floor":16},{"not_picked":["Anger","Wild Strike","Sentinel"],"picked":"SKIP","floor":18},{"not_picked":["Rage","Clash","Clothesline"],"picked":"SKIP","floor":22}],"player_experience":1059431,"relics_obtained":[{"floor":7,"key":"Frozen Egg 2"},{"floor":9,"key":"Paper Frog"},{"floor":14,"key":"Happy Flower"}],"event_choices":[{"damage_healed":0,"gold_gain":0,"player_choice":"1 cards matched","damage_taken":0,"max_hp_gain":0,"max_hp_loss":0,"event_name":"Match and Keep!","floor":5,"gold_loss":0,"cards_obtained":["Rage"]},{"damage_healed":0,"gold_gain":0,"player_choice":"Read","damage_taken":0,"max_hp_gain":0,"max_hp_loss":0,"event_name":"The Library","floor":19,"gold_loss":0,"cards_obtained":["Seeing Red"]},{"damage_healed":0,"gold_gain":0,"player_choice":"Shed Blood","damage_taken":26,"max_hp_gain":5,"max_hp_loss":0,"event_name":"Forgotten Altar","floor":20,"gold_loss":0},{"damage_healed":0,"gold_gain":0,"player_choice":"Stopped","damage_taken":9,"max_hp_gain":0,"max_hp_loss":0,"event_name":"Cursed Tome","floor":21,"gold_loss":0}],"is_beta":true,"boss_relics":[{"not_picked":["Tiny House","Sozu"],"picked":"SlaversCollar"}],"items_purged_floors":[11],"is_endless":false,"potions_floor_spawned":[4,7,13],"killed_by":"Gremlin Leader","ascension_level":19}}