{"host":"03gh5aw7xaqhv7p2","time":1612106405,"event":{"mods":["BaseMod","Colored Powertips","Infinite Spire","Minty Spire (QoL Compilation)","StSLib"],"gold_per_floor":[114,189,207,226,64,99,99,99,99],"floor_reached":8,"language":"ENG","playtime":451,"items_purged":[],"score":112,"play_id":"7702ad53-4257-4246-99d0-0c02f84b5a9d","local_time":"20210131162005","is_ascension_mode":true,"campfire_choices":[{"data":"WaveOfTheHand","floor":7,"key":"SMITH"}],"circlet_count":0,"master_deck":["AscendersBane","Strike_P","Strike_P","Strike_P","Strike_P","Defend_P","Defend_P","Defend_P","Defend_P","Eruption","Vigilance","Devotion","SignatureMove","BowlingBash","WaveOfTheHand+1","DeceiveReality"],"relics":["PureWater","Sling","Dream Catcher"],"acts_visited":["Exordium"],"potions_floor_usage":[6],"damage_taken":[{"damage":2,"enemies":"Small Slimes","floor":1,"turns":4},{"damage":3,"enemies":"2 Louse","floor":3,"turns":2},{"damage":2,"enemies":"Jaw Worm","floor":4,"turns":3},{"damage":34,"enemies":"3 Sentries","floor":6,"turns":7},{"damage":13,"enemies":"Lagavulin","floor":8,"turns":4}],"seed_played":"-4620244952598617914","potions_obtained":[{"floor":1,"key":"Explosive Potion"},{"floor":4,"key":"Weak Potion"}],"is_trial":false,"path_per_floor":["M","?","M","M","$","E","R","E"],"character_chosen":"WATCHER","items_purchased":["Sling"],"campfire_rested":0,"item_purchase_floors":[5],"current_hp_per_floor":[59,48,45,43,43,9,9,0,0],"gold":99,"neow_bonus":"THREE_RARE_CARDS","is_daily":false,"chose_seed":false,"campfire_upgraded":1,"win_rate":0.0,"timestamp":1612106405,"path_taken":["M","?","M","M","$","E","R","E"],"items_purchased_type":["Relic"],"build_version":"2020-12-22","purchased_purges":0,"victory":false,"max_hp_per_floor":[62,62,62,62,62,62,62,62,62],"card_choices":[{"not_picked":["DeusExMachina","Alpha"],"picked":"Devotion","floor":0},{"not_picked":["CutThroughFate","Halt"],"picked":"SignatureMove","floor":1},{"not_picked":["FlyingSleeves","Consecrate"],"picked":"BowlingBash","floor":3},{"not_picked":["EmptyFist","InnerPeace"],"picked":"WaveOfTheHand","floor":4},{"not_picked":["Consecrate","ClearTheMind"],"picked":"DeceiveReality","floor":6}],"player_experience":1949164,"relics_obtained":[{"floor":6,"key":"Dream Catcher"}],"event_choices":[{"damage_healed":0,"gold_gain":75,"player_choice":"Gather Gold","damage_taken":11,"max_hp_gain":0,"max_hp_loss":0,"event_name":"World of Goop","floor":2,"gold_loss":0}],"is_beta":false,"boss_relics":[],"items_purged_floors":[],"is_endless":false,"potions_floor_spawned":[1,4],"killed_by":"Lagavulin","ascension_level":20}}