{"host":"at8674jmuidj9jgx","time":1612106783,"event":{"mods":["AchievementEnabler","BaseMod","Colored Map","Colored Powertips","Minty Spire (QoL Compilation)","SuperFastMode"],"gold_per_floor":[110,122,122,122,122,153,172,207,270,314,326,371,383,405,417,533,545,575,602,614,693,724,736,766,795,831,843,905,167,183,217,217,315,315,332,382,482,532,545,572,572,599,648,675,508,558,558],"floor_reached":48,"language":"ENG","playtime":2018,"items_purged":["Defend_G","Tools of the Trade"],"score":904,"play_id":"8162ae63-d1c3-410e-b09c-f870203ce0bf","local_time":"20210131182623","is_ascension_mode":true,"campfire_choices":[{"data":"Finisher","floor":11,"key":"SMITH"},{"data":"Choke","floor":15,"key":"SMITH"},{"data":"Eviscerate","floor":23,"key":"SMITH"},{"data":"Finisher","floor":27,"key":"SMITH"},{"data":"Blade Dance","floor":32,"key":"SMITH"},{"data":"Storm of Steel","floor":41,"key":"SMITH"}],"circlet_count":0,"master_deck":["Strike_G","Strike_G+1","Strike_G","Strike_G","Strike_G+1","Defend_G","Defend_G","Survivor","Neutralize","Finisher+1","Choke+1","Masterful Stab","Unload","Eviscerate+1","Cloak And Dagger","Phantasmal Killer","Acrobatics","Quick Slash","Finisher+1","Blade Dance+1","Underhanded Strike+1","Storm of Steel+1","Blade Dance","Mind Blast+1","Masterful Stab+1","Tactician","Slice+1","Choke+1"],"relics":["Coffee Dripper","Pear","MawBank","Bronze Scales","Mercury Hourglass","Ninja Scroll","Busted Crown","SsserpentHead","Regal Pillow","Tough Bandages","Molten Egg 2","TungstenRod","Membership Card","Pen Nib","WristBlade","Incense Burner","Vajra","Smiling Mask","PreservedInsect","Sundial","Orrery"],"acts_visited":["Exordium","TheCity","TheBeyond"],"potions_floor_usage":[6,8,16,16,24,25,31,33,37,42,47,47,47],"damage_taken":[{"damage":2,"enemies":"2 Louse","floor":1,"turns":3},{"damage":0,"enemies":"Jaw Worm","floor":2,"turns":4},{"damage":24,"enemies":"Gremlin Nob","floor":6,"turns":5},{"damage":0,"enemies":"Cultist","floor":7,"turns":2},{"damage":13,"enemies":"Lagavulin","floor":8,"turns":5},{"damage":7,"enemies":"Gremlin Nob","floor":10,"turns":3},{"damage":8,"enemies":"3 Sentries","floor":12,"turns":3},{"damage":3,"enemies":"Exordium Thugs","floor":14,"turns":2},{"damage":16,"enemies":"The Guardian","floor":16,"turns":3},{"damage":0,"enemies":"Spheric Guardian","floor":18,"turns":1},{"damage":0,"enemies":"Shell Parasite","floor":19,"turns":2},{"damage":15,"enemies":"Snake Plant","floor":21,"turns":2},{"damage":0,"enemies":"Snecko","floor":22,"turns":2},{"damage":0,"enemies":"Shelled Parasite and Fungi","floor":24,"turns":1},{"damage":0,"enemies":"Centurion and Healer","floor":25,"turns":3},{"damage":0,"enemies":"Snecko","floor":30,"turns":2},{"damage":9,"enemies":"Gremlin Leader","floor":31,"turns":3},{"damage":0,"enemies":"Automaton","floor":33,"turns":4},{"damage":0,"enemies":"3 Shapes","floor":35,"turns":2},{"damage":0,"enemies":"Mind Bloom Boss Battle","floor":37,"turns":3},{"damage":0,"enemies":"3 Darklings","floor":39,"turns":2},{"damage":6,"enemies":"Giant Head","floor":40,"turns":5},{"damage":52,"enemies":"Nemesis","floor":42,"turns":3},{"damage":12,"enemies":"Giant Head","floor":44,"turns":4},{"damage":7,"enemies":"Donu and Deca","floor":47,"turns":4}],"seed_played":"2916248558967699569","potions_obtained":[{"floor":2,"key":"LiquidBronze"},{"floor":7,"key":"AttackPotion"},{"floor":12,"key":"DuplicationPotion"},{"floor":14,"key":"FearPotion"},{"floor":16,"key":"BlessingOfTheForge"},{"floor":18,"key":"Strength Potion"},{"floor":22,"key":"DistilledChaos"},{"floor":24,"key":"GhostInAJar"},{"floor":25,"key":"Fruit Juice"},{"floor":33,"key":"SkillPotion"},{"floor":35,"key":"Dexterity Potion"},{"floor":37,"key":"Ancient Potion"},{"floor":44,"key":"Explosive Potion"}],"is_trial":false,"path_per_floor":["M","M","?","?","$","E","M","E","T","E","R","E","?","M","R","B",null,"M","M","?","M","M","R","M","M","T","R","?","$","M","E","R","B",null,"M","?","?","?","M","E","R","E","T","E","$","?","B",null],"character_chosen":"THE_SILENT","items_purchased":["Molten Egg 2","TungstenRod","Membership Card","Blade Dance","Orrery","DistilledChaos"],"campfire_rested":0,"item_purchase_floors":[29,29,29,29,45,45],"current_hp_per_floor":[68,68,54,70,70,56,56,43,43,36,36,28,28,25,25,9,80,80,80,80,65,65,65,65,70,70,70,70,70,70,61,61,61,85,85,85,85,85,85,79,79,27,27,15,15,15,8],"gold":558,"neow_bonus":"BOSS_RELIC","is_daily":false,"chose_seed":false,"campfire_upgraded":6,"win_rate":0.0,"timestamp":1612106783,"path_taken":["M","M","?","?","$","E","M","E","T","E","R","E","?","M","R","BOSS","M","M","?","?","M","R","M","M","T","R","?","$","M","E","R","BOSS","M","?","?","?","M","E","R","E","T","E","$","?","BOSS"],"items_purchased_type":["Relic","Relic","Relic","Card","Relic","Potion"],"build_version":"2020-12-22","purchased_purges":2,"victory":true,"max_hp_per_floor":[70,70,70,70,70,80,80,80,80,80,80,80,80,80,80,80,80,80,80,80,80,80,80,80,85,85,85,85,85,85,85,85,85,85,85,85,85,85,85,85,85,85,85,85,85,85,85],"card_choices":[{"not_picked":["Acrobatics","Quick Slash"],"picked":"Finisher","floor":1},{"not_picked":["Acrobatics","Backflip"],"picked":"Choke","floor":2},{"not_picked":["Dagger Spray","Bouncing Flask"],"picked":"Tools of the Trade","floor":6},{"not_picked":["Backflip","Sucker Punch"],"picked":"Masterful Stab","floor":7},{"not_picked":["Sucker Punch","Backflip"],"picked":"Unload","floor":8},{"not_picked":["Poisoned Stab","Catalyst","Storm of Steel"],"picked":"SKIP","floor":10},{"not_picked":["Reflex","Noxious Fumes"],"picked":"Eviscerate","floor":12},{"not_picked":["Sucker Punch","Prepared"],"picked":"Cloak And Dagger","floor":14},{"not_picked":["Bullet Time","Glass Knife"],"picked":"Phantasmal Killer","floor":16},{"not_picked":[],"picked":"Acrobatics","floor":18},{"not_picked":["Sucker Punch"],"picked":"SKIP","floor":19},{"not_picked":[],"picked":"Quick Slash","floor":21},{"not_picked":["Deflect"],"picked":"SKIP","floor":22},{"not_picked":["Outmaneuver"],"picked":"SKIP","floor":24},{"not_picked":[],"picked":"Finisher","floor":25},{"not_picked":["PiercingWail"],"picked":"SKIP","floor":30},{"not_picked":[],"picked":"Underhanded Strike+1","floor":31},{"not_picked":[],"picked":"Storm of Steel","floor":33},{"not_picked":[],"picked":"Blade Dance","floor":35},{"not_picked":[],"picked":"Mind Blast+1","floor":38},{"not_picked":["Poisoned Stab+1"],"picked":"SKIP","floor":39},{"not_picked":[],"picked":"Masterful Stab+1","floor":40},{"not_picked":["Dash+1"],"picked":"SKIP","floor":42},{"not_picked":["Sucker Punch+1"],"picked":"SKIP","floor":44},{"not_picked":[],"picked":"Tactician","floor":45},{"not_picked":[],"picked":"Slice+1","floor":45},{"not_picked":[],"picked":"Choke+1","floor":45}],"player_experience":120856,"relics_obtained":[{"floor":6,"key":"Pear"},{"floor":8,"key":"MawBank"},{"floor":9,"key":"Bronze Scales"},{"floor":10,"key":"Mercury Hourglass"},{"floor":12,"key":"Ninja Scroll"},{"floor":26,"key":"Regal Pillow"},{"floor":31,"key":"Pen Nib"},{"floor":37,"key":"Incense Burner"},{"floor":40,"key":"Vajra"},{"floor":42,"key":"Smiling Mask"},{"floor":43,"key":"PreservedInsect"},{"floor":44,"key":"Sundial"}],"event_choices":[{"damage_healed":0,"gold_gain":0,"player_choice":"Entered Light","damage_taken":14,"max_hp_gain":0,"max_hp_loss":0,"event_name":"Shining Light","floor":3,"gold_loss":0,"cards_upgraded":["Strike_G","Strike_G"]},{"damage_healed":23,"gold_gain":0,"player_choice":"Banana","damage_taken":0,"max_hp_gain":0,"max_hp_loss":0,"event_name":"Big Fish","floor":4,"gold_loss":0},{"cards_removed":["Defend_G"],"damage_healed":0,"gold_gain":0,"player_choice":"Purged","damage_taken":0,"max_hp_gain":0,"max_hp_loss":0,"event_name":"Purifier","floor":13,"gold_loss":0},{"damage_healed":0,"gold_gain":0,"player_choice":"Trade","damage_taken":0,"relics_obtained":["SsserpentHead"],"max_hp_gain":0,"max_hp_loss":0,"event_name":"FaceTrader","floor":20,"gold_loss":0},{"damage_healed":0,"gold_gain":0,"player_choice":"Opened","damage_taken":0,"relics_obtained":["Tough Bandages"],"max_hp_gain":0,"max_hp_loss":0,"event_name":"The Mausoleum","floor":28,"gold_loss":0},{"cards_removed":["Defend_G"],"damage_healed":0,"gold_gain":0,"player_choice":"Removed Skill","damage_taken":0,"max_hp_gain":0,"max_hp_loss":0,"event_name":"Falling","floor":36,"gold_loss":0},{"damage_healed":0,"gold_gain":0,"player_choice":"Fight","damage_taken":0,"max_hp_gain":0,"max_hp_loss":0,"event_name":"MindBloom","floor":37,"gold_loss":0},{"damage_healed":0,"gold_gain":0,"player_choice":"Memory 1","damage_taken":0,"max_hp_gain":0,"max_hp_loss":0,"event_name":"SensoryStone","floor":38,"gold_loss":0},{"damage_healed":0,"gold_gain":0,"player_choice":"Took Portal","damage_taken":0,"max_hp_gain":0,"max_hp_loss":0,"event_name":"SecretPortal","floor":46,"gold_loss":0}],"is_beta":false,"boss_relics":[{"not_picked":["Astrolabe","Snecko Eye"],"picked":"Busted Crown"},{"not_picked":["HoveringKite","Runic Pyramid"],"picked":"WristBlade"}],"items_purged_floors":[29,45],"is_endless":false,"potions_floor_spawned":[2,7,12,14,16,18,22,24,25,33,35,37,44],"ascension_level":1}}