{"host":"ne76zto1t2nsyewv","time":1612109987,"event":{"mods":["2.2 Compatiblity","AchievementEnabler","Act Like it!","Aspiration","BaseMod","Better Altar","Better Match","Better Note","Better Sensory Stone","Better Skull","Better Third Choice","BetterRewards","CapriCore","Colored Map","Colored Powertips","Energized Spire","Gensokyo","GungeonMod","Hallownest","HololiveMod","Infinite Spire","Koishi","Luminous","Marisa????????","Minty Spire (QoL Compilation)","Reimu??????","Remilia??????","Replay The Spire","RumiaBox-????????","Spicy Shops","StSLib","The Animator","The Blue Laboratory","The Bug Knight","The Gatherer","The Immortal","The Servant 0.9.4","TheSwordswoman","Yakumo Yukari mod","Yuyuko"],"gold_per_floor":[110,120,137,177,195,225,225,255,255,255,275,291,71,81,81,176,176,189,205,205,205,205,205,224,256,256,256,147,160,179,189,189,286,286,302,302,621,621,640,640,67,79,79,79,4,4,4,30,30,30,30,30,10,45,45],"floor_reached":56,"language":"ENG","playtime":6117,"items_purged":["Luminous:Dark_Abyssal_Drop","Luminous:Light_Flash_Shower","Luminous:Defend_Luminous","Luminous:Defend_Luminous","Luminous:Defend_Luminous"],"score":1107,"play_id":"68b8393e-f755-4fe3-92c0-5d9778c903d9","local_time":"20210131171947","is_ascension_mode":false,"campfire_choices":[{"data":"Crow Ritual","floor":7.0,"key":"SMITH"},{"data":"Luminous:Phantom_Treasure_Luminous","floor":10.0,"key":"SMITH"},{"data":"Luminous:Dark_Arcane_Pitch","floor":15.0,"key":"SMITH"},{"data":"Luminous:Shadow_Shell_Luminous","floor":23.0,"key":"SMITH"},{"floor":32.0,"key":"RECALL"},{"data":"Luminous:Lania_Blessing_Luminous","floor":40.0,"key":"SMITH"},{"data":"Luminous:Ethereal_Form_Luminous","floor":44,"key":"SMITH"},{"data":"Luminous:Ethereal_Form_Luminous","floor":46,"key":"SMITH"},{"data":"Luminous:Armageddon_Luminous","floor":49,"key":"SMITH"},{"data":"Luminous:Accumulation_Luminous","floor":52,"key":"SMITH"}],"circlet_count":0,"master_deck":["Luminous:Light_Flash_Shower","Luminous:Light_Flash_Shower","Luminous:Dark_Abyssal_Drop","Luminous:Dark_Abyssal_Drop","Luminous:Switch_Luminous","Luminous:Concentrate_Luminous","Luminous:Balance_Ender","Luminous:Light_Gather","Crow Ritual+1","Luminous:Dark_Raid","Luminous:Accumulation_Luminous+1","Luminous:Light_Track","Luminous:Armageddon_Luminous+1","Luminous:Dark_Arcane_Pitch+1","Luminous:Phantom_Treasure_Luminous+1","Luminous:Light_Wash_Luminous","Luminous:Shadow_Shell_Luminous+1","Luminous:Dark_Pressure_Void","Luminous:Balance_Death_Scythe","Luminous:Ethereal_Form_Luminous+1","Luminous:Hero_Will_Luminous","Luminous:Lania_Blessing_Luminous+1","Luminous:Light_Wash_Luminous","Luminous:Concentrate_Luminous","Luminous:Balance_Ender+1","Luminous:Freud_Wisdom1_Luminous","Luminous:Light_Ray_of_Redemption+1","Luminous:Ethereal_Form_Luminous+1","Luminous:Concentrate_Luminous+1","Luminous:Light_Glare+1","Luminous:Light_Wash_Luminous","Luminous:Balance_Death_Scythe+1"],"relics":["Luminous:MirrorRelic","Membership Card","infinitespire:Beetle Shell","DemoMod:MonsterBlood","PreservedInsect","Matryoshka","Hololive_LightStick","infinitespire:ShieldingShard","Potion Belt","aspiration:PoetsPen_weak","Divine Protection","infinitespire:PuzzleCube","aspiration:HatOfInfinitePower","aspiration:HiddenCompartment","Calipers","Busted Crown","Bird Faced Urn","HollowMod:StagPassRelic","TungstenRod","Counterbalance","aspiration:Nostalgia","Yuyuko\u0027s fan","Mirror","DemoMod:ClearGuonStone","DemoMod:GlassGuonStoneRelic","Strawberry"],"acts_visited":["Hallownest:Greenpath","Gensokyo:Gensokyoer","Gensokyo:Gensokyoest","TheEnding"],"potions_floor_usage":[48,50,50],"damage_taken":[{"damage":0.0,"enemies":"Hallownest:monsterHuskWarrior","floor":1.0,"turns":4.0},{"damage":0.0,"enemies":"Hallownest:monsterHuskGuard","floor":2.0,"turns":3.0},{"damage":0.0,"enemies":"2_ Uuma","floor":3.0,"turns":3.0},{"damage":0.0,"enemies":"Hallownest:monsterMossCharger","floor":5.0,"turns":6.0},{"damage":0.0,"enemies":"Hallownest:eliteMossKnight","floor":6.0,"turns":8.0},{"damage":0.0,"enemies":"Hallownest:eliteCrystalGuardian","floor":8.0,"turns":5.0},{"damage":0.0,"enemies":"Hallownest:Guard_and_Warrior","floor":11.0,"turns":3.0},{"damage":0.0,"enemies":"Hallownest:Wandering_and_Horned","floor":12.0,"turns":3.0},{"damage":0.0,"enemies":"Hallownest:monsterFoolEater","floor":14.0,"turns":3.0},{"damage":21.0,"enemies":"Hallownest:BossHornet","floor":16.0,"turns":10.0},{"damage":10.0,"enemies":"Gensokyo:CosmicMonolith","floor":18.0,"turns":3.0},{"damage":0.0,"enemies":"Gensokyo:2_Gloops","floor":19.0,"turns":4.0},{"damage":0.0,"enemies":"Gensokyo:Wraith","floor":24.0,"turns":5.0},{"damage":6.0,"enemies":"Nightmare","floor":25.0,"turns":7.0},{"damage":0.0,"enemies":"Gensokyo:3_Gloops","floor":29.0,"turns":2.0},{"damage":0.0,"enemies":"Gensokyo:Mirror_and_Dog","floor":30.0,"turns":4.0},{"damage":0.0,"enemies":"Gensokyo:Wraith","floor":31.0,"turns":5.0},{"damage":2.0,"enemies":"Gensokyo:Eternal_Rivals","floor":33.0,"turns":9.0},{"damage":4.0,"enemies":"Gensokyo:3_Boulders","floor":35.0,"turns":6.0},{"damage":0.0,"enemies":"Gensokyo:AncientGuardian","floor":39.0,"turns":4.0},{"damage":0,"enemies":"Gensokyo:SeedOfUnknown","floor":42,"turns":3},{"damage":0,"enemies":"Gensokyo:Marisa","floor":48,"turns":6},{"damage":0,"enemies":"Gensokyo:Yuyuko","floor":50,"turns":8},{"damage":23,"enemies":"Shield and Spear","floor":54,"turns":6},{"damage":0,"enemies":"The Heart","floor":55,"turns":1}],"seed_played":"768848643042015859","potions_obtained":[{"floor":2.0,"key":"blueLaboratory:FruitPreserves"},{"floor":4.0,"key":"MagicPotion:ReiMu"},{"floor":4.0,"key":"blueLaboratory:BottledHope"},{"floor":11.0,"key":"Dexterity Potion"},{"floor":16.0,"key":"blueLaboratory:TrueEctoplasm"},{"floor":18.0,"key":"blueLaboratory:BubblePotion"},{"floor":19.0,"key":"DemoMod:LeadSkinPotion"},{"floor":29.0,"key":"DuplicationPotion"},{"floor":31.0,"key":"Weak Potion"},{"floor":33.0,"key":"Energy Potion"},{"floor":48,"key":"blueLaboratory:BottledHope"}],"is_trial":false,"path_per_floor":["M","M","M","?","M","E","R","E","T","R","M","M","$","M","R","B",null,"M","M","AVR","?","?","R","M","NM","T","?","$","M","M","M","R","B",null,"M","AVR","?","COS","M","R","$","M","T","R","?","R","?","E","R","B",null,"R","$","E","B",null],"character_chosen":"LuminousClass","items_purchased":["Membership Card","Luminous:Concentrate_Luminous","infinitespire:Beetle Shell","DemoMod:MonsterBlood","Luminous:Balance_Ender","Luminous:Light_Gather","infinitespire:ShieldingShard","Luminous:Dark_Pressure_Void","Potion Belt","Luminous:Light_Wash_Luminous","Luminous:Concentrate_Luminous","HollowMod:StagPassRelic","TungstenRod","Luminous:Light_Wash_Luminous","Counterbalance","aspiration:Nostalgia","Luminous:Balance_Death_Scythe"],"campfire_rested":0,"item_purchase_floors":[0,0,0,0,0,0,13,13,13,28,28,41,41,41,41,41,53],"current_hp_per_floor":[82,82,82,82,82,82,82,82,82,82,82,82,82,82,82,61,82,72,72,72,72,72,72,72,76,76,76,76,76,76,76,76,76,76,72,72,44,44,50,50,50,60,60,60,60,60,60,76,76,76,76,76,76,65,65],"gold":45,"neow_bonus":"","is_daily":false,"chose_seed":false,"campfire_upgraded":9,"win_rate":0.0,"timestamp":1612109987,"path_taken":["M","M","?","?","M","E","R","E","T","R","?","M","$","M","R","BOSS","M","M","AVR","?","?","R","M","NM","T","?","?","M","?","M","R","BOSS","M","AVR","?","COS","?","R","$","M","T","R","?","R","?","E","R","BOSS","R","$","E","BOSS"],"items_purchased_type":["Relic","Card","Relic","Relic","Card","Card","Relic","Card","Relic","Card","Card","Relic","Relic","Card","Relic","Relic","Card"],"build_version":"2020-12-22","purchased_purges":5,"victory":true,"max_hp_per_floor":[82,82,82,82,82,82,82,82,82,82,82,82,82,82,82,82,82,82,82,82,76,76,76,76,76,76,76,76,76,76,76,76,76,76,76,76,76,76,76,76,76,76,76,76,76,76,76,76,76,76,76,76,76,83,83],"card_choices":[{"not_picked":["Luminous:Concentrate_Luminous","Luminous:Blinding_Pillar_Luminous"],"picked":"Luminous:Dark_Raid","floor":1.0},{"not_picked":["Luminous:Dark_Dim_Erosion","Luminous:Lights_Protection_Luminous"],"picked":"Luminous:Accumulation_Luminous","floor":2.0},{"not_picked":["Luminous:Light_Disperse","Luminous:Chase_Spell_Luminous"],"picked":"Luminous:Light_Track","floor":3.0},{"not_picked":["Luminous:Flash_Blink_Luminous","Luminous:Accumulation_Luminous"],"picked":"Luminous:Armageddon_Luminous","floor":4.0},{"not_picked":["Luminous:Light_Sylvan_Lance","Luminous:Lights_Protection_Luminous","Luminous:Dark_Raid"],"picked":"SKIP","floor":5.0},{"not_picked":["Luminous:Flash_Blink_Luminous","Luminous:Dark_Raid"],"picked":"Luminous:Dark_Arcane_Pitch","floor":6.0},{"not_picked":["Luminous:Dark_Raid","Luminous:Light_Glare"],"picked":"Luminous:Phantom_Treasure_Luminous","floor":8.0},{"not_picked":["Luminous:Blinding_Pillar_Luminous","Luminous:Accumulation_Luminous"],"picked":"Luminous:Light_Wash_Luminous","floor":11.0},{"not_picked":["Luminous:Dark_Pressure_Void","Luminous:Mana_Well_Luminous"],"picked":"Luminous:Shadow_Shell_Luminous","floor":12.0},{"not_picked":["Luminous:Light_Wash_Luminous","Luminous:Blinding_Pillar_Luminous"],"picked":"Luminous:Balance_Death_Scythe","floor":14.0},{"not_picked":["Luminous:Dark_Crescendo_Luminous","Luminous:Balance_Baptism"],"picked":"Luminous:Ethereal_Form_Luminous","floor":16.0},{"not_picked":["Luminous:Dark_Dim_Erosion","Luminous:Lights_Protection_Luminous","Luminous:Accumulation_Luminous"],"picked":"SKIP","floor":18.0},{"not_picked":["Luminous:Light_Disperse","Luminous:Sympathy_Luminous"],"picked":"Luminous:Hero_Will_Luminous","floor":19.0},{"not_picked":["Luminous:Dark_Raid+1","Luminous:Accumulation_Luminous"],"picked":"Luminous:Lania_Blessing_Luminous","floor":24.0},{"not_picked":["Luminous:Magic_Boost_Luminous","Luminous:Fast_Spell_Luminous","Luminous:Accumulation_Luminous"],"picked":"SKIP","floor":25.0},{"not_picked":["Luminous:Light_Sylvan_Lance","Luminous:Dark_Dim_Erosion"],"picked":"Luminous:Balance_Ender+1","floor":29.0},{"not_picked":["Luminous:Concentrate_Luminous","Luminous:Dark_Extract"],"picked":"Luminous:Freud_Wisdom1_Luminous","floor":30.0},{"not_picked":["Luminous:Dark_Moonlight_Spear","Luminous:Hero_Will_Luminous"],"picked":"Luminous:Light_Ray_of_Redemption+1","floor":31.0},{"not_picked":["Luminous:Dark_Crescendo_Luminous","Luminous:Balance_Baptism"],"picked":"Luminous:Ethereal_Form_Luminous","floor":33.0},{"not_picked":[],"picked":"Luminous:Concentrate_Luminous+1","floor":35.0},{"not_picked":[],"picked":"Luminous:Light_Glare+1","floor":39.0},{"not_picked":["Luminous:Dark_Pressure_Void"],"picked":"SKIP","floor":42},{"not_picked":["Luminous:Light_Disperse+1"],"picked":"SKIP","floor":48},{"not_picked":["Luminous:Dark_Extract+1"],"picked":"SKIP","floor":54}],"player_experience":806647,"relics_obtained":[{"floor":6.0,"key":"PreservedInsect"},{"floor":8.0,"key":"Matryoshka"},{"floor":9.0,"key":"Hololive_LightStick"},{"floor":25.0,"key":"aspiration:HatOfInfinitePower"},{"floor":26.0,"key":"aspiration:HiddenCompartment"},{"floor":26.0,"key":"Calipers"},{"floor":43,"key":"Mirror"},{"floor":48,"key":"DemoMod:ClearGuonStone"},{"floor":54,"key":"Strawberry"}],"event_choices":[{"damage_healed":0.0,"max_hp_gain":0.0,"max_hp_loss":0.0,"gold_gain":319.0,"event_name":"betterSkull:BetterSkull","player_choice":"GO GO GO ","floor":37.0,"gold_loss":0.0,"damage_taken":31.0,"cards_upgraded":[],"relics_obtained":[]},{"damage_healed":0,"gold_gain":0,"player_choice":"3","damage_taken":0,"max_hp_gain":0,"max_hp_loss":0,"event_name":"betterMatch:BetterMatch","floor":45,"gold_loss":0,"cards_obtained":[]}],"is_beta":false,"boss_relics":[{"not_picked":["ReplayTheSpireMod:Onyx Gauntlets","Replay:Wanted Poster"],"picked":"aspiration:PoetsPen_weak"},{"not_picked":["Fusion Hammer","Runic Pyramid"],"picked":"Busted Crown"}],"items_purged_floors":[0,0,20,28,36],"is_endless":false,"potions_floor_spawned":[2,5,11,16,18,19,29,31,33,48],"ascension_level":0}}