{"host":"y6zg4wwu39otf01a","time":1612122102,"event":{"mods":["Act Like it!","Aspiration","BaseMod","Better Altar","Better Match","Better Note","Better Sensory Stone","Better Skull","Better Third Choice","Challenge The Spire","Colored Map","Colored Powertips","Conspire","GifTheSpireLib","Glutton Mod","Halation","Hermit","Highlight Path","Hubris","Infinite Spire","Mimic Mod","Minty Spire (QoL Compilation)","Puzzle Mod","Quick Restart","Random Character Button","Rare Cards Sparkle","Replay The Spire","Retaliation","Robot Space Explorer","Shade Mod","Spicy Shops","Spire Arcade","StSLib","Stuff the Spire","The Blue Laboratory","The Jungle","The Marked","thorton"],"gold_per_floor":[113,124,124,124,124,124,169,203,228,255,272,306,306,322,322,423,423,437,437,437,487,523,523,535,563,563,563,598,609,642,122,122,218,218,232,232,249,249,249,292,292,292,301,336,275,296,331,349,349,349],"floor_reached":51,"language":"ENG","playtime":5938,"items_purged":["ReplayTheSpireMod:Doomed"],"score":1305,"play_id":"f209a575-bc49-480c-b21c-0838bf13d24f","local_time":"20210131144142","is_ascension_mode":true,"campfire_choices":[{"data":"hermit:Covet","floor":6,"key":"SMITH"},{"data":"hermit:Virtue","floor":13,"key":"SMITH"},{"data":"DDmod:BurningFumesPowerCard","floor":15,"key":"SMITH"},{"data":"hermit:Adapt","floor":23,"key":"SMITH"},{"data":"Havoc","floor":32,"key":"SMITH"},{"data":"infinitespire:NeuralNetwork","floor":41,"key":"SMITH"}],"circlet_count":0,"master_deck":["hermit:Strike_Hermit","hermit:Strike_Hermit","hermit:Strike_Hermit","hermit:Strike_Hermit","hermit:Defend_Hermit","hermit:Defend_Hermit","hermit:Defend_Hermit","hermit:Defend_Hermit","hermit:Snapshot","hermit:Covet+1","hermit:Deadeye","Pain","ReplayTheSpireMod:Splinters","hermit:RoundhouseKick+1","DDmod:BurningFumesPowerCard+1","hermit:Virtue+1","Headbutt+1","hermit:BlackWind+1","hermit:Adapt+1","Inflame","Fire Breathing","hermit:ItchyTrigger+1","infinitespire:NeuralNetwork+1","hermit:FlashPowder","DDmod:EasePowerCard","Havoc+1","Injury","Feed+1","hermit:Enervate+1","infinitespire:NeuralNetwork","CommonCold","Doubt","Replay:Fractal Strike+1","Twin Strike+1","ReplayTheSpireMod:Restless Dread","Warcry"],"relics":["hermit:Momento","aspiration:Nostalgia","Sizzling Blood","ReplayTheSpireMod:Ring of Addiction","Ring of Panic","hubris:EmptyBottle","SacredBark","Molten Egg 2","hubris:DisguiseKit","Shuriken","Blue Doll","Lantern","Replay:Rubber Ducky","Pondfish Scales","hermit:BartenderGlass","Boot","Replay:Bottled Eggs","StuffTheSpire:GrapeVine","conspire:GlowingRock","Cursed Key","Simple Rune","halation:SelfBoilingWater","Bag of Marbles","Replay:Baseball","Akabeko","Chameleon Ring","hubris:Towel","CeramicFish","Simple Rune","hubris:SlimyHat","ReplayTheSpireMod:CursedCoin","halation:BottledHappiness","Toy Ornithopter"],"acts_visited":["Exordium","TheCity","TheBeyond"],"potions_floor_usage":[8,8,8,8,10,12,12,16,16,16,16,18,22,22,22,22,24,24,24,25,25,25,28,28,28,28,30,30,30,30,30,33,33,33,33,33,33,33,35,37,40,40,40,40,40,40,40,40,44,44,44,46,46,46,47,47,47,47,50,50,50,50],"damage_taken":[{"damage":2,"enemies":"Jaw Worm","floor":1,"turns":3},{"damage":5,"enemies":"Small Slimes","floor":2,"turns":2},{"damage":8,"enemies":"Lagavulin","floor":8,"turns":4},{"damage":6,"enemies":"Gremlin Nob","floor":10,"turns":5},{"damage":0,"enemies":"2 Louse","floor":11,"turns":1},{"damage":0,"enemies":"3 Sentries","floor":12,"turns":5},{"damage":4,"enemies":"Large Slime","floor":14,"turns":5},{"damage":0,"enemies":"Hexaghost","floor":16,"turns":5},{"damage":10,"enemies":"Spheric Guardian","floor":18,"turns":3},{"damage":2,"enemies":"conspire:FuzzyDice","floor":22,"turns":3},{"damage":7,"enemies":"conspire:FuzzyDice","floor":24,"turns":4},{"damage":6,"enemies":"conspire:SneckoGhost","floor":25,"turns":4},{"damage":14,"enemies":"Slavers","floor":28,"turns":4},{"damage":6,"enemies":"Chosen and Byrds","floor":29,"turns":4},{"damage":0,"enemies":"Gremlin Leader","floor":30,"turns":4},{"damage":0,"enemies":"Champ","floor":33,"turns":4},{"damage":0,"enemies":"3 Darklings","floor":35,"turns":1},{"damage":10,"enemies":"3 Shapes","floor":37,"turns":2},{"damage":0,"enemies":"Giant Head","floor":40,"turns":4},{"damage":0,"enemies":"R_Hoarder","floor":44,"turns":3},{"damage":0,"enemies":"Jaw Worm Horde","floor":46,"turns":5},{"damage":32,"enemies":"Giant Head","floor":47,"turns":7},{"damage":0,"enemies":"Sphere and 2 Shapes","floor":48,"turns":2},{"damage":52,"enemies":"conspire:OrnateMirror","floor":50,"turns":5}],"seed_played":"-4460661854133923222","potions_obtained":[{"floor":3,"key":"SteroidPotion"},{"floor":3,"key":"blueLaboratory:StoneskinPotion"},{"floor":3,"key":"Weak Potion"},{"floor":11,"key":"blueLaboratory:ImpenetrablePotion"},{"floor":12,"key":"CultistPotion"},{"floor":14,"key":"SkillPotion"},{"floor":24,"key":"FearPotion"},{"floor":29,"key":"Flashbang"},{"floor":30,"key":"blueLaboratory:RecallPotion"},{"floor":33,"key":"LiquidMemories"},{"floor":37,"key":"blueLaboratory:BottleOfVodka"},{"floor":49,"key":"Adrenaline Potion"},{"floor":49,"key":"Block Potion"}],"is_trial":false,"path_per_floor":["M","M","?","?","?","R","?","E","T","E","M","E","R","M","R","B",null,"M","?","?","T","MIM","R","M","E","T","AVR","E","M","E","$","R","B",null,"M","?","M","?","?","E","R","?","T","E","$","M","E","M","R","B",null],"character_chosen":"HERMIT","items_purchased":["Replay:Baseball","Akabeko","Chameleon Ring","SteroidPotion","ReplayTheSpireMod:CursedCoin","halation:BottledHappiness"],"campfire_rested":0,"item_purchase_floors":[31,31,31,31,45,45],"current_hp_per_floor":[79,78,78,78,78,78,77,73,73,71,75,77,77,77,77,75,75,69,69,69,69,71,71,68,66,66,66,56,54,70,70,70,73,73,73,73,71,71,71,75,75,75,75,79,79,83,72,80,80,71],"gold":349,"neow_bonus":"NOSTALGIA","is_daily":false,"chose_seed":false,"campfire_upgraded":6,"win_rate":0.0,"timestamp":1612122102,"path_taken":["M","M","?","?","?","R","?","E","T","E","M","E","R","M","R","BOSS","M","?","?","?","?","R","M","E","T","AVR","E","?","E","$","R","BOSS","M","?","?","?","?","E","R","?","T","E","$","?","E","M","R","BOSS"],"items_purchased_type":["Relic","Relic","Relic","Potion","Relic","Relic"],"build_version":"2020-12-22","purchased_purges":1,"victory":true,"max_hp_per_floor":[79,79,79,79,79,79,77,77,77,77,77,77,77,77,77,75,75,75,75,75,75,73,73,73,73,73,73,73,73,73,73,73,73,73,73,73,77,77,77,77,77,77,77,79,79,83,87,91,91,91],"card_choices":[{"not_picked":["hermit:GoldenBullet","hermit:ItchyTrigger"],"picked":"hermit:Deadeye","floor":1},{"not_picked":["hermit:Cheat","hermit:Grudge","hermit:TrackingShot"],"picked":"SKIP","floor":2},{"not_picked":["hermit:GoldenBullet+1","hermit:Brawl","True Grit"],"picked":"hermit:RoundhouseKick+1","floor":7},{"not_picked":["hermit:Manifest","hermit:Midnight","hermit:Cheat"],"picked":"DDmod:BurningFumesPowerCard","floor":8},{"not_picked":["hermit:CalledShot+1","hermit:Spite+1","Run Through"],"picked":"hermit:Virtue","floor":10},{"not_picked":["hermit:FlashPowder","hermit:ItchyTrigger+1","hermit:HighCaliber+1"],"picked":"Headbutt","floor":11},{"not_picked":["hermit:LowProfile","hermit:HighCaliber+1","ReplayTheSpireMod:Corrosion Curse"],"picked":"hermit:BlackWind+1","floor":12},{"not_picked":["hermit:DeadMansHand","hermit:LoneWolf","hermit:Ricochet+1","Thunderclap"],"picked":"SKIP","floor":14},{"not_picked":["hermit:FromBeyond","hermit:DeadOrAlive+1","DDmod:AllInSkill"],"picked":"hermit:Adapt","floor":16},{"not_picked":["hermit:Coalescence","hermit:Determination","hermit:DeadMansHand+1"],"picked":"Inflame","floor":18},{"not_picked":["hermit:Combo","hermit:Quickdraw+1","hermit:Headshot+1"],"picked":"Fire Breathing","floor":24},{"not_picked":["hermit:TakeAim","hermit:Desperado+1","Wild Strike"],"picked":"hermit:ItchyTrigger+1","floor":25},{"not_picked":["hermit:HighNoon","hermit:Grudge+1","Pommel Strike"],"picked":"hermit:FlashPowder","floor":28},{"not_picked":["hermit:Manifest+1","hermit:Misfire+1","hermit:Desperado+1"],"picked":"DDmod:EasePowerCard","floor":29},{"not_picked":["hermit:Snipe","hermit:Virtue","hermit:Glare"],"picked":"Havoc","floor":30},{"not_picked":["hermit:Gambit","hermit:Dissolve","hermit:BlackWind+1"],"picked":"Feed","floor":33},{"not_picked":["hermit:Cheat+1","hermit:Manifest","Pommel Strike"],"picked":"hermit:Enervate+1","floor":35},{"not_picked":["hermit:EyeOfTheStorm+1","hermit:Shortfuse+1","hermit:Determination+1","Shrug It Off"],"picked":"SKIP","floor":37},{"not_picked":["infinitespire:SevenWalls","ReplayTheSpireMod:Chaos Vortex"],"picked":"Replay:Fractal Strike","floor":38},{"not_picked":["hermit:DeadOrAlive+1","hermit:TakeAim","hermit:Virtue+1"],"picked":"Twin Strike","floor":40},{"not_picked":["hermit:CursedWeapon+1","hermit:ShadowCloak","hermit:Snipe+1","Anger"],"picked":"SKIP","floor":44},{"not_picked":["hermit:Ricochet+1","hermit:Virtue","hermit:WideOpen+1"],"picked":"Warcry","floor":46},{"not_picked":["hermit:Dive","hermit:Headshot+1","hermit:SprayPray+1","Pummel"],"picked":"SKIP","floor":47},{"not_picked":["hermit:ItchyTrigger+1","hermit:Scavenge+1","hermit:FullyLoaded","Armaments"],"picked":"SKIP","floor":48}],"player_experience":736101,"relics_obtained":[{"floor":3,"key":"ReplayTheSpireMod:Ring of Addiction"},{"floor":3,"key":"Ring of Panic"},{"floor":3,"key":"hubris:EmptyBottle"},{"floor":3,"key":"SacredBark"},{"floor":4,"key":"Molten Egg 2"},{"floor":7,"key":"Shuriken"},{"floor":8,"key":"Blue Doll"},{"floor":9,"key":"Lantern"},{"floor":10,"key":"Replay:Rubber Ducky"},{"floor":12,"key":"Pondfish Scales"},{"floor":21,"key":"Boot"},{"floor":22,"key":"Replay:Bottled Eggs"},{"floor":25,"key":"StuffTheSpire:GrapeVine"},{"floor":26,"key":"conspire:GlowingRock"},{"floor":28,"key":"halation:SelfBoilingWater"},{"floor":30,"key":"Bag of Marbles"},{"floor":40,"key":"CeramicFish"},{"floor":43,"key":"Simple Rune"},{"floor":44,"key":"hubris:SlimyHat"},{"floor":47,"key":"Toy Ornithopter"}],"event_choices":[{"damage_healed":0,"gold_gain":0,"player_choice":"Ignored","damage_taken":0,"max_hp_gain":0,"max_hp_loss":0,"event_name":"Ghosts","floor":19,"gold_loss":0},{"damage_healed":0,"gold_gain":0,"player_choice":"Copied","damage_taken":0,"max_hp_gain":0,"max_hp_loss":0,"event_name":"Duplicator","floor":36,"gold_loss":0,"cards_obtained":["infinitespire:NeuralNetwork"]},{"damage_healed":0,"gold_gain":0,"player_choice":"Leave","damage_taken":0,"max_hp_gain":0,"max_hp_loss":0,"event_name":"conspire:Investor","floor":42,"gold_loss":0}],"is_beta":false,"boss_relics":[{"not_picked":["Abe\u0027s Treasure","hubris:RunicObelisk"],"picked":"hermit:BartenderGlass"},{"not_picked":["Painkiller Herb","aspiration:FutureDiary","infinitespire:Cupcake"]}],"items_purged_floors":[45],"is_endless":false,"potions_floor_spawned":[11,12,14,24,29,30,33,37,44,46],"ascension_level":2}}