{"host":"6xsbn6ynqlzwllfm","time":1612065680,"event":{"mods":["2.2 Compatiblity","BaseMod","Bestiary","Colored Map","Colored Powertips","Curses Come First","Highlight Path","Keyboard Shortcuts","Minty Spire (QoL Compilation)","Relic Stats","Slay the Relics Exporter","StSLib","SuperFastMode"],"gold_per_floor":[110,110,124,124,136,169,169,169,169,198,198,226,254,267,267,338,338,354,110,129,129,29,66,66,104,104,142,176,176,185,205,205,288,288,308,317,337,51,115,146,165,165,174,210,210,52,80,108,108,108,108],"floor_reached":50,"language":"ENG","playtime":1068,"items_purged":["Strike_P","Strike_P","Strike_P"],"score":1814,"play_id":"424a7606-c112-4bac-a810-e3616d959c4c","local_time":"20210130230120","is_ascension_mode":true,"campfire_choices":[{"data":"FlyingSleeves","floor":8,"key":"SMITH"},{"data":"Consecrate","floor":11,"key":"SMITH"},{"data":"Tantrum","floor":15,"key":"SMITH"},{"floor":24,"key":"REST"},{"data":"CrushJoints","floor":29,"key":"SMITH"},{"floor":32,"key":"REST"},{"floor":42,"key":"REST"},{"data":"MentalFortress","floor":45,"key":"SMITH"},{"floor":49,"key":"RECALL"}],"circlet_count":0,"master_deck":["AscendersBane","Defend_P","Defend_P","Defend_P","Defend_P","Eruption","Vigilance","FlyingSleeves+1","FlurryOfBlows","Consecrate+1","FlurryOfBlows","Tantrum+1","FlyingSleeves","Blasphemy","CurseOfTheBell","FlyingSleeves","CrushJoints+1","FlurryOfBlows","MentalFortress+1","Ragnarok","Sanctity","Pain","DevaForm","Sanctity","Parasite","Omniscience","Clumsy","WheelKick+1","Fasting2+1"],"relics":["PureWater","WingedGreaves","Incense Burner","Du-Vu Doll","PreservedInsect","Tiny Chest","Vajra","Calling Bell","Shuriken","Potion Belt","Peace Pipe","Oddly Smooth Stone","CeramicFish","Nunchaku","TeardropLocket","Centennial Puzzle","Mummified Hand","WarpedTongs","Cursed Key","Pantograph","Frozen Eye","CloakClasp","InkBottle","Happy Flower","Bronze Scales","Unceasing Top"],"acts_visited":["Exordium","TheCity","TheBeyond"],"potions_floor_usage":[6,27,33,33,39,39,48,48],"damage_taken":[{"damage":0.0,"enemies":"Cultist","floor":1.0,"turns":2.0},{"damage":1.0,"enemies":"Small Slimes","floor":3.0,"turns":3.0},{"damage":7.0,"enemies":"Jaw Worm","floor":5.0,"turns":5.0},{"damage":22,"enemies":"3 Sentries","floor":6,"turns":5},{"damage":22,"enemies":"Gremlin Nob","floor":10,"turns":3},{"damage":0,"enemies":"Lagavulin","floor":12,"turns":4},{"damage":0,"enemies":"Gremlin Nob","floor":13,"turns":2},{"damage":0,"enemies":"Blue Slaver","floor":14,"turns":2},{"damage":0,"enemies":"Slime Boss","floor":16,"turns":3},{"damage":10,"enemies":"3 Byrds","floor":18,"turns":4},{"damage":0,"enemies":"Spheric Guardian","floor":20,"turns":2},{"damage":23,"enemies":"Book of Stabbing","floor":23,"turns":3},{"damage":1,"enemies":"Slavers","floor":25,"turns":2},{"damage":0,"enemies":"Gremlin Leader","floor":27,"turns":1},{"damage":2,"enemies":"Book of Stabbing","floor":28,"turns":2},{"damage":16,"enemies":"Centurion and Healer","floor":31,"turns":2},{"damage":17,"enemies":"Champ","floor":33,"turns":3},{"damage":0,"enemies":"3 Darklings","floor":35,"turns":1},{"damage":14,"enemies":"3 Shapes","floor":37,"turns":1},{"damage":0,"enemies":"2 Orb Walkers","floor":39,"turns":2},{"damage":0,"enemies":"Nemesis","floor":40,"turns":1},{"damage":0,"enemies":"Sphere and 2 Shapes","floor":41,"turns":1},{"damage":0,"enemies":"Giant Head","floor":44,"turns":3},{"damage":0,"enemies":"Jaw Worm Horde","floor":47,"turns":2},{"damage":5,"enemies":"Nemesis","floor":48,"turns":3},{"damage":81,"enemies":"Time Eater","floor":50,"turns":3}],"seed_played":"2847269105911631542","potions_obtained":[{"floor":3.0,"key":"Strength Potion"},{"floor":10,"key":"Block Potion"},{"floor":12,"key":"Block Potion"},{"floor":14,"key":"EntropicBrew"},{"floor":20,"key":"SneckoOil"},{"floor":25,"key":"Strength Potion"},{"floor":31,"key":"SpeedPotion"},{"floor":33,"key":"FearPotion"},{"floor":35,"key":"FearPotion"},{"floor":41,"key":"Weak Potion"},{"floor":44,"key":"SkillPotion"},{"floor":47,"key":"LiquidMemories"},{"floor":48,"key":"Regen Potion"}],"is_trial":false,"path_per_floor":["M","?","M","?","M","E","?","R","T","E","R","E","E","M","R","B",null,"M","$","M","?","$","E","R","E","T","E","E","R","?","M","R","B",null,"M","T","M","$","?","E","M","R","T","E","R","$","M","E","R","B"],"character_chosen":"WATCHER","items_purchased":["Oddly Smooth Stone","Frozen Eye","Bronze Scales"],"campfire_rested":3,"item_purchase_floors":[19,38,46],"current_hp_per_floor":[61,54,53,53,46,24,44,44,44,22,22,22,22,22,22,22,52,42,42,42,42,42,19,37,36,36,36,34,34,34,18,36,19,51,51,51,37,37,37,37,37,55,55,55,55,55,55,50,50,0,0],"gold":108,"neow_bonus":"ONE_RARE_RELIC","is_daily":false,"chose_seed":false,"campfire_upgraded":5,"win_rate":0.0,"timestamp":1612065680,"path_taken":["M","?","M","?","M","E","?","R","T","E","R","E","E","M","R","BOSS","M","$","M","?","?","E","R","E","T","E","E","R","?","M","R","BOSS","M","?","M","?","?","E","M","R","T","E","R","$","M","E","R","BOSS"],"items_purchased_type":["Relic","Relic","Relic"],"build_version":"2020-12-22","purchased_purges":3,"victory":false,"max_hp_per_floor":[62,62,62,62,62,62,62,62,62,62,62,62,62,62,62,62,62,62,62,62,62,62,62,62,62,62,62,62,62,62,62,62,62,62,62,62,62,62,62,62,62,62,62,62,62,62,62,62,62,62,62],"relic_stats":{"Happy Flower":[2],"counters":[26,65],"CeramicFish":99,"PreservedInsect":454,"CloakClasp":[29],"Cursed Key":2,"WarpedTongs":[22],"Peace Pipe":0,"Nunchaku":[8],"Centennial Puzzle":[18],"Shuriken":[26],"Mummified Hand":[17],"Pantograph":12,"Bronze Scales":[16],"Tiny Chest":1,"obtain_stats":[{"CeramicFish":23,"Vajra":13,"Incense Burner":6,"CloakClasp":39,"TeardropLocket":26,"Cursed Key":34,"Frozen Eye":38,"Nunchaku":25,"Centennial Puzzle":27,"Mummified Hand":28,"Pantograph":36,"Tiny Chest":12,"WingedGreaves":0,"InkBottle":40,"Potion Belt":17,"Happy Flower":44,"Oddly Smooth Stone":19,"PreservedInsect":10,"WarpedTongs":30,"Du-Vu Doll":9,"Calling Bell":17,"Peace Pipe":17,"Shuriken":17,"Bronze Scales":46,"PureWater":0,"Unceasing Top":48},{"CeramicFish":12,"Vajra":7,"Incense Burner":4,"CloakClasp":20,"TeardropLocket":13,"Cursed Key":17,"Frozen Eye":19,"Nunchaku":13,"Centennial Puzzle":14,"Mummified Hand":15,"Pantograph":18,"Tiny Chest":6,"WingedGreaves":0,"InkBottle":21,"Potion Belt":9,"Happy Flower":23,"Oddly Smooth Stone":10,"PreservedInsect":5,"WarpedTongs":15,"Du-Vu Doll":4,"Calling Bell":9,"Peace Pipe":9,"Shuriken":9,"Bronze Scales":23,"PureWater":0,"Unceasing Top":25},{"CeramicFish":38,"Vajra":24,"Incense Burner":15,"CloakClasp":52,"TeardropLocket":40,"Cursed Key":48,"Frozen Eye":50,"Nunchaku":40,"Centennial Puzzle":41,"Mummified Hand":43,"Pantograph":49,"Tiny Chest":22,"WingedGreaves":0,"InkBottle":53,"Potion Belt":29,"Happy Flower":57,"Oddly Smooth Stone":33,"PreservedInsect":18,"WarpedTongs":43,"Du-Vu Doll":15,"Calling Bell":29,"Peace Pipe":29,"Shuriken":29,"Bronze Scales":57,"PureWater":0,"Unceasing Top":62}],"InkBottle":[5],"Unceasing Top":[0]},"card_choices":[{"not_picked":["Consecrate","Crescendo"],"picked":"FlyingSleeves","floor":1.0},{"not_picked":["Evaluate","Meditate"],"picked":"FlurryOfBlows","floor":3.0},{"not_picked":["Nirvana","Indignation","Protect"],"picked":"SKIP","floor":5.0},{"not_picked":["MentalFortress","Protect"],"picked":"Consecrate","floor":6},{"not_picked":["Swivel","WaveOfTheHand"],"picked":"FlurryOfBlows","floor":10},{"not_picked":["EmptyBody","Conclude"],"picked":"Tantrum","floor":12},{"not_picked":["BattleHymn","Wireheading"],"picked":"FlyingSleeves","floor":13},{"not_picked":["SpiritShield","MasterReality"],"picked":"Blasphemy","floor":16},{"not_picked":["SashWhip","Halt"],"picked":"FlyingSleeves","floor":18},{"not_picked":["Crescendo+1","InnerPeace"],"picked":"CrushJoints","floor":20},{"not_picked":["Halt+1","Indignation"],"picked":"MentalFortress","floor":23},{"not_picked":["SignatureMove","Swivel"],"picked":"Ragnarok","floor":25},{"not_picked":["Evaluate","WreathOfFlame"],"picked":"Sanctity","floor":27},{"not_picked":["Collect","WreathOfFlame","ForeignInfluence"],"picked":"SKIP","floor":28},{"not_picked":["ConjureBlade","Blasphemy"],"picked":"DevaForm","floor":33},{"not_picked":["BowlingBash","Protect+1"],"picked":"Sanctity","floor":35},{"not_picked":["Conclude","Crescendo"],"picked":"Omniscience","floor":39},{"not_picked":["SignatureMove+1","SashWhip"],"picked":"WheelKick+1","floor":44},{"not_picked":["Meditate","Vengeance"],"picked":"Fasting2+1","floor":47},{"not_picked":["DeceiveReality","Judgement","Nirvana"],"picked":"SKIP","floor":48}],"player_experience":1319463,"relics_obtained":[{"floor":6,"key":"Incense Burner"},{"floor":9,"key":"Du-Vu Doll"},{"floor":10,"key":"PreservedInsect"},{"floor":12,"key":"Tiny Chest"},{"floor":13,"key":"Vajra"},{"floor":17,"key":"Shuriken"},{"floor":17,"key":"Potion Belt"},{"floor":17,"key":"Peace Pipe"},{"floor":23,"key":"CeramicFish"},{"floor":25,"key":"Nunchaku"},{"floor":26,"key":"TeardropLocket"},{"floor":27,"key":"Centennial Puzzle"},{"floor":28,"key":"Mummified Hand"},{"floor":36,"key":"Pantograph"},{"floor":39,"key":"CloakClasp"},{"floor":40,"key":"InkBottle"},{"floor":44,"key":"Happy Flower"},{"floor":48,"key":"Unceasing Top"}],"event_choices":[{"cards_removed":["Strike_P"],"damage_healed":0.0,"max_hp_gain":0.0,"max_hp_loss":0.0,"gold_gain":0.0,"event_name":"Golden Wing","player_choice":"Card Removal","floor":2.0,"gold_loss":0.0,"damage_taken":7.0},{"damage_healed":0.0,"max_hp_gain":0.0,"max_hp_loss":0.0,"gold_gain":0.0,"event_name":"Liars Game","player_choice":"Ignored","floor":4.0,"gold_loss":0.0,"damage_taken":0.0},{"damage_healed":20,"gold_gain":0,"player_choice":"Banana","damage_taken":0,"max_hp_gain":0,"max_hp_loss":0,"event_name":"Big Fish","floor":7,"gold_loss":0},{"damage_healed":0,"gold_gain":0,"player_choice":"Read","damage_taken":0,"max_hp_gain":0,"max_hp_loss":0,"event_name":"The Library","floor":21,"gold_loss":0,"cards_obtained":["FlurryOfBlows"]},{"damage_healed":0,"gold_gain":0,"player_choice":"Rummage","damage_taken":0,"relics_obtained":["WarpedTongs"],"max_hp_gain":0,"max_hp_loss":0,"event_name":"Accursed Blacksmith","floor":30,"gold_loss":0,"cards_obtained":["Pain"]},{"damage_healed":0,"gold_gain":0,"player_choice":"Fight","damage_taken":0,"max_hp_gain":0,"max_hp_loss":0,"event_name":"Mysterious Sphere","floor":39,"gold_loss":0}],"is_beta":false,"boss_relics":[{"not_picked":["Runic Dome","Tiny House"],"picked":"Calling Bell"},{"not_picked":["Sozu","Runic Pyramid"],"picked":"Cursed Key"}],"items_purged_floors":[19,22,38],"is_endless":false,"potions_floor_spawned":[3,10,12,14,16,20,25,31,33,35,41,44,47,48],"killed_by":"Time Eater","ascension_level":20}}