{"host":"m4qpn8a4h7jhbw2f","time":1612117111,"event":{"mods":["BaseMod","Colored Map","Colored Powertips","Highlight Path","Minty Spire (QoL Compilation)","Rare Cards Sparkle","Relic Stats"],"gold_per_floor":[12,24,39,39,54,54,64,64,64,80,96,115,40,115,115,115,115],"floor_reached":16,"language":"ENG","playtime":922,"items_purged":["Regret"],"score":106,"play_id":"96367fe5-19af-4db5-a79e-50f839b853c4","local_time":"20210131131831","is_ascension_mode":true,"campfire_choices":[{"data":"Infernal Blade","floor":6,"key":"SMITH"},{"data":"Wild Strike","floor":8,"key":"SMITH"},{"data":"Anger","floor":15,"key":"SMITH"}],"circlet_count":0,"master_deck":["Strike_R","Strike_R","Strike_R","Strike_R","Strike_R","Defend_R","Defend_R","Defend_R","Defend_R","Bash","Secret Technique","Infernal Blade+1","Power Through","Wild Strike+1","Anger+1","Pommel Strike","Rupture","Headbutt","Uppercut"],"relics":["Burning Blood","Strawberry","Mummified Hand"],"acts_visited":["Exordium"],"potions_floor_usage":[16,16],"damage_taken":[{"damage":11,"enemies":"Cultist","floor":1,"turns":4},{"damage":7,"enemies":"Jaw Worm","floor":2,"turns":3},{"damage":0,"enemies":"Small Slimes","floor":3,"turns":2},{"damage":11,"enemies":"3 Louse","floor":5,"turns":4},{"damage":16,"enemies":"Large Slime","floor":7,"turns":5},{"damage":12,"enemies":"Exordium Thugs","floor":10,"turns":3},{"damage":19,"enemies":"3 Louse","floor":11,"turns":3},{"damage":4,"enemies":"Gremlin Gang","floor":12,"turns":6},{"damage":46,"enemies":"The Guardian","floor":16,"turns":9}],"seed_played":"2803395104752232085","potions_obtained":[{"floor":2,"key":"ElixirPotion"},{"floor":7,"key":"LiquidMemories"},{"floor":11,"key":"EssenceOfSteel"}],"is_trial":false,"path_per_floor":["M","M","M","?","M","R","M","R","T","M","M","M","$","?","R","B"],"character_chosen":"IRONCLAD","items_purchased":[],"campfire_rested":0,"item_purchase_floors":[],"current_hp_per_floor":[75,74,80,87,82,82,72,72,72,66,53,55,55,44,44,0,0],"gold":115,"neow_bonus":"RANDOM_COLORLESS_2","is_daily":false,"chose_seed":false,"campfire_upgraded":3,"win_rate":0.0,"timestamp":1612117111,"path_taken":["M","M","M","?","M","R","M","R","T","M","M","M","$","?","R","BOSS"],"items_purchased_type":[],"build_version":"2020-12-22","purchased_purges":1,"victory":false,"max_hp_per_floor":[80,80,80,87,87,87,87,87,87,87,87,87,87,87,87,87,87],"relic_stats":{"counters":[9,39],"Mummified Hand":[3],"obtain_stats":[{"Mummified Hand":9,"Strawberry":4,"Burning Blood":0},{"Mummified Hand":5,"Strawberry":3,"Burning Blood":0},{"Mummified Hand":18,"Strawberry":9,"Burning Blood":0}],"Burning Blood":48},"card_choices":[{"not_picked":["Violence","Metamorphosis"],"picked":"Secret Technique","floor":0},{"not_picked":["True Grit","Armaments"],"picked":"Infernal Blade","floor":1},{"not_picked":["Combust","Armaments"],"picked":"Power Through","floor":2},{"not_picked":["Armaments","Combust"],"picked":"Wild Strike","floor":3},{"not_picked":["Cleave","True Grit"],"picked":"Anger","floor":5},{"not_picked":["Demon Form","Burning Pact"],"picked":"Pommel Strike","floor":7},{"not_picked":["Feel No Pain","Twin Strike"],"picked":"Rupture","floor":10},{"not_picked":["Flex","Anger"],"picked":"Headbutt","floor":11},{"not_picked":["Pommel Strike","Headbutt"],"picked":"Uppercut","floor":12}],"player_experience":196873,"relics_obtained":[{"floor":9,"key":"Mummified Hand"}],"event_choices":[{"damage_healed":0,"gold_gain":0,"player_choice":"Box","damage_taken":0,"relics_obtained":["Strawberry"],"max_hp_gain":0,"max_hp_loss":0,"event_name":"Big Fish","floor":4,"gold_loss":0,"cards_obtained":["Regret"]},{"damage_healed":0,"gold_gain":75,"player_choice":"Gather Gold","damage_taken":11,"max_hp_gain":0,"max_hp_loss":0,"event_name":"World of Goop","floor":14,"gold_loss":0}],"is_beta":false,"boss_relics":[],"items_purged_floors":[13],"is_endless":false,"potions_floor_spawned":[2,7,11],"killed_by":"The Guardian","ascension_level":2}}