{"host":"yy1cu9q9bsxhflzi","time":1612116169,"event":{"mods":["BaseMod","DeckTracker","Minty Spire (QoL Compilation)","Quick Restart","StSLib","everything is the same but u backflip on backflip"],"gold_per_floor":[109,184,199,209,228,228,253,2,26,58,75,90,124,139,139,215,215,227,227,238,238,253,287,287,287,313,329,360,360,120,133,133,211,211,231,231,247,266,166,192,192,208,208,241,241,276,286,305,305,305,305,305,305,79,79,79],"floor_reached":55,"language":"KOR","playtime":2579,"items_purged":["Defend_G","Defend_G","Defend_G"],"score":2617,"play_id":"f60818e0-6909-43ad-8ae2-a51fdc6e5dea","local_time":"20210201030249","is_ascension_mode":true,"campfire_choices":[{"data":"Calculated Gamble","floor":6,"key":"SMITH"},{"data":"Well Laid Plans","floor":15,"key":"SMITH"},{"data":"Tactician","floor":24,"key":"SMITH"},{"data":"Reflex","floor":29,"key":"SMITH"},{"data":"Prepared","floor":32,"key":"SMITH"},{"data":"After Image","floor":41,"key":"SMITH"},{"floor":49,"key":"RECALL"},{"data":"Wraith Form v2","floor":53,"key":"SMITH"}],"circlet_count":0,"master_deck":["AscendersBane","Defend_G","Survivor+1","A Thousand Cuts+1","A Thousand Cuts+1","A Thousand Cuts+1","A Thousand Cuts+1","A Thousand Cuts+1","Calculated Gamble+1","PiercingWail+1","Well Laid Plans+1","Footwork","Wraith Form v2+1","Acrobatics","Blur","Escape Plan","Adrenaline","Leg Sweep+1","Tactician+1","Necronomicurse","After Image+1","Reflex+1","Prepared+1","After Image","Tools of the Trade","Deep Breath"],"relics":["Ring of the Snake","Mummified Hand","Bird Faced Urn","Toy Ornithopter","Orrery","Lantern","Anchor","Strawberry","Philosopher\u0027s Stone","Blood Vial","Necronomicon","Girya","Bronze Scales","War Paint","DollysMirror","SacredBark","MealTicket","Molten Egg 2","Orichalcum"],"acts_visited":["Exordium","TheCity","TheBeyond","TheEnding"],"potions_floor_usage":[7,13,31,40],"damage_taken":[{"damage":0,"enemies":"Cultist","floor":1,"turns":4},{"damage":2,"enemies":"Jaw Worm","floor":3,"turns":3},{"damage":3,"enemies":"2 Louse","floor":4,"turns":2},{"damage":1,"enemies":"Looter","floor":5,"turns":3},{"damage":41,"enemies":"Gremlin Nob","floor":7,"turns":4},{"damage":15,"enemies":"3 Sentries","floor":10,"turns":3},{"damage":4,"enemies":"Blue Slaver","floor":11,"turns":4},{"damage":12,"enemies":"Exordium Thugs","floor":12,"turns":4},{"damage":15,"enemies":"Gremlin Nob","floor":13,"turns":5},{"damage":0,"enemies":"Gremlin Gang","floor":14,"turns":2},{"damage":0,"enemies":"Hexaghost","floor":16,"turns":9},{"damage":0,"enemies":"Chosen","floor":18,"turns":5},{"damage":0,"enemies":"Spheric Guardian","floor":20,"turns":3},{"damage":0,"enemies":"3 Cultists","floor":22,"turns":2},{"damage":0,"enemies":"Book of Stabbing","floor":23,"turns":5},{"damage":1,"enemies":"Snecko","floor":27,"turns":4},{"damage":0,"enemies":"Slavers","floor":28,"turns":1},{"damage":0,"enemies":"Centurion and Healer","floor":31,"turns":4},{"damage":0,"enemies":"Automaton","floor":33,"turns":6},{"damage":0,"enemies":"3 Darklings","floor":35,"turns":3},{"damage":0,"enemies":"Orb Walker","floor":37,"turns":4},{"damage":0,"enemies":"Maw","floor":38,"turns":5},{"damage":0,"enemies":"Reptomancer","floor":40,"turns":3},{"damage":1,"enemies":"Spire Growth","floor":42,"turns":4},{"damage":28,"enemies":"Nemesis","floor":44,"turns":5},{"damage":0,"enemies":"Giant Head","floor":46,"turns":3},{"damage":0,"enemies":"Transient","floor":47,"turns":6},{"damage":0,"enemies":"Sphere and 2 Shapes","floor":48,"turns":3},{"damage":5,"enemies":"Donu and Deca","floor":50,"turns":4},{"damage":0,"enemies":"Awakened One","floor":51,"turns":7},{"damage":0,"enemies":"Shield and Spear","floor":55,"turns":1}],"seed_played":"6337760569635119865","potions_obtained":[{"floor":1,"key":"Swift Potion"},{"floor":3,"key":"Dexterity Potion"},{"floor":5,"key":"DuplicationPotion"},{"floor":7,"key":"EntropicBrew"},{"floor":12,"key":"Block Potion"},{"floor":14,"key":"SteroidPotion"},{"floor":18,"key":"Energy Potion"},{"floor":27,"key":"AttackPotion"},{"floor":31,"key":"Fruit Juice"},{"floor":37,"key":"SteroidPotion"},{"floor":38,"key":"DistilledChaos"},{"floor":40,"key":"Energy Potion"}],"is_trial":true,"path_per_floor":["M","?","M","M","M","R","E","$","T","E","M","M","E","M","R","B",null,"M","?","M","?","M","E","R","?","T","M","E","R","$","M","R","B",null,"M","?","M","M","$","E","R","M","T","E","?","E","M","M","R","B","B",null,"R","$","E"],"character_chosen":"THE_SILENT","items_purchased":["Well Laid Plans","Orrery","DollysMirror","Deep Breath"],"campfire_rested":0,"item_purchase_floors":[8,8,30,54],"current_hp_per_floor":[66,55,61,62,66,66,27,27,27,24,34,34,45,55,55,69,72,73,73,73,52,66,73,73,52,52,71,78,78,78,83,83,83,83,83,83,83,83,83,83,83,83,83,65,65,83,83,83,83,83,83,83,83,83,83,83],"gold":79,"neow_bonus":"","is_daily":false,"chose_seed":false,"campfire_upgraded":7,"win_rate":0.0,"timestamp":1612116169,"path_taken":["M","?","M","M","M","R","E","$","T","E","M","M","E","M","R","BOSS","M","?","?","?","M","E","R","?","T","M","E","R","$","M","R","BOSS","M","?","M","M","$","E","R","M","T","E","?","E","M","M","R","BOSS","BOSS","R","$","E"],"items_purchased_type":["Card","Relic","Relic","Card"],"build_version":"2020-12-22","purchased_purges":3,"victory":false,"max_hp_per_floor":[66,66,66,66,66,66,66,66,66,66,66,66,73,73,73,73,73,73,73,73,73,73,73,73,78,78,78,78,78,78,83,83,83,83,83,83,83,83,83,83,83,83,83,83,83,83,83,83,83,83,83,83,83,83,83,83],"card_choices":[{"not_picked":["Choke","Dagger Spray","Endless Agony"],"picked":"SKIP","floor":1},{"not_picked":["Prepared","Masterful Stab"],"picked":"Calculated Gamble","floor":3},{"not_picked":["Terror","Heel Hook","Slice"],"picked":"SKIP","floor":4},{"not_picked":["Dagger Spray","Dagger Throw"],"picked":"PiercingWail","floor":5},{"not_picked":["Dagger Throw","Unload","Flechettes"],"picked":"SKIP","floor":7},{"not_picked":["Flying Knee","Poisoned Stab"],"picked":"Footwork","floor":8},{"not_picked":["PiercingWail","Terror"],"picked":"Wraith Form v2","floor":8},{"not_picked":["Dagger Throw","Doppelganger"],"picked":"Acrobatics","floor":8},{"not_picked":["PiercingWail","Backstab","Dagger Throw"],"picked":"SKIP","floor":10},{"not_picked":["Concentrate","Quick Slash"],"picked":"Blur","floor":11},{"not_picked":["Dagger Throw","Acrobatics"],"picked":"Escape Plan","floor":12},{"not_picked":["Acrobatics","Sucker Punch","Infinite Blades"],"picked":"SKIP","floor":13},{"not_picked":["Underhanded Strike","Distraction","Catalyst"],"picked":"SKIP","floor":14},{"not_picked":["Glass Knife","Unload"],"picked":"Adrenaline","floor":16},{"not_picked":["Underhanded Strike","Backstab"],"picked":"Leg Sweep+1","floor":18},{"not_picked":["Outmaneuver+1","Deadly Poison"],"picked":"Tactician","floor":20},{"not_picked":["Backflip","Blur+1","Terror"],"picked":"SKIP","floor":22},{"not_picked":["Concentrate","Poisoned Stab"],"picked":"After Image","floor":23},{"not_picked":["Bane","Sucker Punch"],"picked":"Reflex","floor":27},{"not_picked":["Grand Finale","Quick Slash"],"picked":"Prepared","floor":28},{"not_picked":["Well Laid Plans","Dagger Throw","Backflip"],"picked":"SKIP","floor":31},{"not_picked":["Glass Knife","Malaise"],"picked":"Tools of the Trade","floor":33},{"not_picked":["Masterful Stab","Poisoned Stab","Slice"],"picked":"SKIP","floor":35},{"not_picked":["Slice+1","Finisher","Prepared+1"],"picked":"SKIP","floor":37},{"not_picked":["Slice","Riddle With Holes","Dodge and Roll+1"],"picked":"SKIP","floor":38},{"not_picked":["Blur","Blade Dance","Dagger Spray"],"picked":"SKIP","floor":40},{"not_picked":["Cloak And Dagger+1","Deflect","Dagger Spray"],"picked":"SKIP","floor":42},{"not_picked":["Flying Knee+1","Bane+1","Acrobatics"],"picked":"SKIP","floor":44},{"not_picked":["Cloak And Dagger","All Out Attack+1","Calculated Gamble"],"picked":"SKIP","floor":46},{"not_picked":["Bullet Time","Flying Knee+1","Dagger Spray+1"],"picked":"SKIP","floor":47},{"not_picked":["Masterful Stab+1","Dodge and Roll","Backflip"],"picked":"SKIP","floor":48}],"player_experience":3898228,"relics_obtained":[{"floor":7,"key":"Toy Ornithopter"},{"floor":9,"key":"Lantern"},{"floor":10,"key":"Anchor"},{"floor":13,"key":"Strawberry"},{"floor":21,"key":"Necronomicon"},{"floor":23,"key":"Girya"},{"floor":26,"key":"Bronze Scales"},{"floor":28,"key":"War Paint"},{"floor":40,"key":"MealTicket"},{"floor":44,"key":"Molten Egg 2"},{"floor":46,"key":"Orichalcum"}],"event_choices":[{"damage_healed":0,"gold_gain":75,"player_choice":"Gather Gold","damage_taken":11,"max_hp_gain":0,"max_hp_loss":0,"event_name":"World of Goop","floor":2,"gold_loss":0},{"damage_healed":0,"gold_gain":0,"player_choice":"Gave Potion","damage_taken":0,"relics_obtained":["Blood Vial"],"max_hp_gain":0,"max_hp_loss":0,"event_name":"WeMeetAgain","floor":19,"gold_loss":0},{"damage_healed":0,"gold_gain":0,"player_choice":"Obtained Book","damage_taken":21,"max_hp_gain":0,"max_hp_loss":0,"event_name":"Cursed Tome","floor":21,"gold_loss":0},{"damage_healed":0,"gold_gain":0,"player_choice":"Shed Blood","damage_taken":26,"max_hp_gain":5,"max_hp_loss":0,"event_name":"Forgotten Altar","floor":25,"gold_loss":0},{"damage_healed":0,"gold_gain":0,"player_choice":"Ignored","damage_taken":0,"max_hp_gain":0,"max_hp_loss":0,"event_name":"Tomb of Lord Red Mask","floor":36,"gold_loss":0},{"cards_removed":["Defend_G"],"damage_healed":0,"gold_gain":0,"player_choice":"Offered Basic","damage_taken":0,"max_hp_gain":0,"max_hp_loss":0,"event_name":"Bonfire Elementals","floor":45,"gold_loss":0}],"is_beta":false,"boss_relics":[{"not_picked":["Runic Pyramid","Tiny House"],"picked":"Philosopher\u0027s Stone"},{"not_picked":["Ring of the Serpent","Runic Dome"],"picked":"SacredBark"}],"items_purged_floors":[30,39,54],"is_endless":false,"potions_floor_spawned":[1,3,5,7,12,14,18,27,28,31,37,38,40,44],"killed_by":"Shield and Spear","ascension_level":20}}