{"host":"6rz02yiipefhcw4r","time":1612054119,"event":{"mods":["2.2 Compatiblity","BaseMod","Block Reminder","Colored Map","Curses Come First","DeckTracker","Googly Eyes","Minty Spire (QoL Compilation)","Quick Restart","Rare Cards Sparkle","StSLib"],"gold_per_floor":[117,117,127,277,23,23,52,52,78,103,103,123,123,148,148,148,148],"floor_reached":16,"language":"ENG","playtime":434,"items_purged":["Doubt"],"score":232,"play_id":"1e8d1ee9-64e6-4e6e-9fa9-d38890d60d19","local_time":"20210130224839","is_ascension_mode":true,"campfire_choices":[{"data":"Apotheosis","floor":6,"key":"SMITH"},{"floor":8,"key":"REST"},{"floor":11,"key":"REST"},{"data":"Whirlwind","floor":15,"key":"SMITH"}],"circlet_count":0,"master_deck":["AscendersBane","Strike_R","Strike_R","Strike_R","Defend_R","Defend_R","Defend_R","Bash","Wild Strike","Clothesline","Apotheosis+1","Twin Strike","Impervious","Whirlwind+1"],"relics":["Empty Cage","Lantern","Nunchaku","Bottled Lightning","Mercury Hourglass"],"acts_visited":["Exordium"],"potions_floor_usage":[16,16],"damage_taken":[{"damage":3,"enemies":"2 Louse","floor":1,"turns":4},{"damage":4,"enemies":"Jaw Worm","floor":3,"turns":3},{"damage":21,"enemies":"Lagavulin","floor":7,"turns":7},{"damage":26,"enemies":"Gremlin Nob","floor":10,"turns":4},{"damage":0,"enemies":"Small Slimes","floor":12,"turns":3},{"damage":22,"enemies":"3 Sentries","floor":14,"turns":7},{"damage":40,"enemies":"Hexaghost","floor":16,"turns":9}],"seed_played":"931436886676007543","potions_obtained":[{"floor":7,"key":"SneckoOil"},{"floor":14,"key":"AttackPotion"}],"is_trial":false,"path_per_floor":["M","?","M","?","$","R","E","R","T","E","R","M","?","E","R","B"],"character_chosen":"IRONCLAD","items_purchased":["Apotheosis"],"campfire_rested":2,"item_purchase_floors":[5],"current_hp_per_floor":[65,70,66,66,66,66,45,69,69,43,67,67,60,38,38,0,0],"gold":148,"neow_bonus":"BOSS_RELIC","is_daily":false,"chose_seed":false,"campfire_upgraded":2,"win_rate":0.0,"timestamp":1612054119,"path_taken":["M","?","M","?","$","R","E","R","T","E","R","M","?","E","R","BOSS"],"items_purchased_type":["Card"],"build_version":"2020-12-22","purchased_purges":1,"victory":false,"max_hp_per_floor":[75,80,80,80,80,80,80,80,80,80,80,80,80,80,80,80,80],"card_choices":[{"not_picked":["True Grit","Dual Wield"],"picked":"Wild Strike","floor":1},{"not_picked":["Flex","Dark Embrace"],"picked":"Clothesline","floor":3},{"not_picked":["Flex","Sentinel"],"picked":"Twin Strike","floor":7},{"not_picked":["Pommel Strike","Dual Wield"],"picked":"Impervious","floor":10},{"not_picked":["Sword Boomerang","Clash","Havoc"],"picked":"SKIP","floor":12},{"not_picked":["Pommel Strike","Reaper"],"picked":"Whirlwind","floor":14}],"player_experience":764442,"relics_obtained":[{"floor":7,"key":"Lantern"},{"floor":9,"key":"Nunchaku"},{"floor":10,"key":"Bottled Lightning"},{"floor":14,"key":"Mercury Hourglass"}],"event_choices":[{"damage_healed":0,"gold_gain":0,"player_choice":"Donut","damage_taken":0,"max_hp_gain":5,"max_hp_loss":0,"event_name":"Big Fish","floor":2,"gold_loss":0},{"damage_healed":0,"gold_gain":150,"player_choice":"AGREE","damage_taken":0,"max_hp_gain":0,"max_hp_loss":0,"event_name":"Liars Game","floor":4,"gold_loss":0,"cards_obtained":["Doubt"]},{"cards_removed":["Strike_R"],"damage_healed":0,"gold_gain":0,"player_choice":"Card Removal","damage_taken":7,"max_hp_gain":0,"max_hp_loss":0,"event_name":"Golden Wing","floor":13,"gold_loss":0}],"is_beta":false,"boss_relics":[],"items_purged_floors":[5],"is_endless":false,"potions_floor_spawned":[7,14],"killed_by":"Hexaghost","ascension_level":20}}