{"host":"51f0ad793vly1w6u","time":1612087863,"event":{"mods":["BaseMod","Colored Map","DeckTracker","Minty Spire (QoL Compilation)","Replay The Spire","StSLib","SuperFastMode"],"gold_per_floor":[111,61,61,75,95,95,120,138,138,138,155,155,155,169,169,295,295,313,328,328,24,42,42,67,107,107,107,143,159,159,179,179,298,298,313,313,313,313,1,36,59,102,171,225,249,290,290,290,290,290,290,290,42,73,73],"floor_reached":56,"language":"KOR","playtime":1460,"items_purged":["Strike_G"],"score":1506,"play_id":"400ad20e-6043-48a6-b9e8-e48a0fe9ee28","local_time":"20210131191103","is_ascension_mode":true,"campfire_choices":[{"data":"ReplayTheSpireMod:Scrap Shanks","floor":6.0,"key":"SMITH"},{"data":"ReplayTheSpireMod:Scrap Shanks","floor":10.0,"key":"SMITH"},{"data":"Neutralize","floor":12.0,"key":"SMITH"},{"data":"Tactician","floor":15.0,"key":"SMITH"},{"data":"Apotheosis","floor":23.0,"key":"SMITH"},{"floor":27.0,"key":"REST"},{"data":"Acrobatics","floor":30.0,"key":"SMITH"},{"data":"Adrenaline","floor":32.0,"key":"SMITH"},{"data":"Panacea","floor":47.0,"key":"SMITH"},{"data":"ReplayUltimateDefense","floor":49.0,"key":"SMITH"},{"data":"Tools of the Trade","floor":52.0,"key":"SMITH"}],"circlet_count":0,"master_deck":["Defend_G","Defend_G","Defend_G","Defend_G+1","Defend_G","Survivor","Neutralize+1","ReplayTheSpireMod:Scrap Shanks+1","ReplayTheSpireMod:Scrap Shanks+1","Backstab","Infinite Blades","Backflip","Tactician+1","Acrobatics+1","Adrenaline+1","ReplayTheSpireMod:Shiv Toss","Accuracy","Apotheosis+1","Infinite Blades+1","Backflip+1","Storm of Steel","Well Laid Plans+1","Accuracy","Reflex","Tools of the Trade+1","Eviscerate+1","Doppelganger+1","PiercingWail+1","ReplayUltimateDefense+1","Panacea+1","Concentrate","Hidden Blade+1","Blur","Reflex+1","Sneak Up+1","ReplayTheSpireMod:Tripwire+1","PiercingWail+1"],"relics":["Replay:Rubber Ducky","Sizzling Blood","Simple Rune","Bag of Preparation","Golden Idol","Philosopher\u0027s Stone","Garlic","Whetstone","Boot","Astrolabe","Shuriken","Art of War","Orichalcum","Ninja Scroll","Replay:Mystery Machine","MealTicket","Replay:Accelerometer","Replay:Wax Seal"],"acts_visited":["Exordium","TheCity","TheBeyond","TheEnding"],"potions_floor_usage":[55,55,55],"damage_taken":[{"damage":0.0,"enemies":"2 Louse","floor":1.0,"turns":4.0},{"damage":0.0,"enemies":"Small Slimes","floor":4.0,"turns":4.0},{"damage":0.0,"enemies":"Cultist","floor":5.0,"turns":5.0},{"damage":18.0,"enemies":"3 Sentries","floor":7.0,"turns":9.0},{"damage":0.0,"enemies":"Large Slime","floor":8.0,"turns":5.0},{"damage":1.0,"enemies":"Blue Slaver","floor":11.0,"turns":4.0},{"damage":0.0,"enemies":"2 Fungi Beasts","floor":14.0,"turns":4.0},{"damage":30.0,"enemies":"The Guardian","floor":16.0,"turns":13.0},{"damage":0.0,"enemies":"Spheric Guardian","floor":18.0,"turns":4.0},{"damage":1.0,"enemies":"2 Thieves","floor":19.0,"turns":3.0},{"damage":24.0,"enemies":"Cultist and Chosen","floor":22.0,"turns":5.0},{"damage":0.0,"enemies":"Shelled Parasite and Fungi","floor":24.0,"turns":3.0},{"damage":31.0,"enemies":"Slavers","floor":25.0,"turns":3.0},{"damage":0.0,"enemies":"Book of Stabbing","floor":28.0,"turns":4.0},{"damage":0.0,"enemies":"Sentry and Sphere","floor":29.0,"turns":3.0},{"damage":0.0,"enemies":"Chosen and Byrds","floor":31.0,"turns":3.0},{"damage":0.0,"enemies":"Champ","floor":33.0,"turns":5.0},{"damage":13.0,"enemies":"3 Darklings","floor":35.0,"turns":3.0},{"damage":0.0,"enemies":"Giant Head","floor":40.0,"turns":3.0},{"damage":0.0,"enemies":"3 Shapes","floor":41.0,"turns":3.0},{"damage":0.0,"enemies":"Nemesis","floor":42.0,"turns":3.0},{"damage":0.0,"enemies":"Maw","floor":45.0,"turns":3.0},{"damage":0.0,"enemies":"Giant Head","floor":46.0,"turns":2.0},{"damage":10.0,"enemies":"Time Eater","floor":50.0,"turns":7.0},{"damage":13.0,"enemies":"Shield and Spear","floor":54.0,"turns":5.0},{"damage":46,"enemies":"The Heart","floor":55,"turns":7}],"seed_played":"3393369044426603964","potions_obtained":[{"floor":1.0,"key":"Milkshake"},{"floor":4.0,"key":"LiquidBronze"},{"floor":5.0,"key":"Weak Potion"},{"floor":7.0,"key":"Explosive Potion"},{"floor":19.0,"key":"Poison Potion"},{"floor":24.0,"key":"Energy Potion"},{"floor":25.0,"key":"AttackPotion"},{"floor":35.0,"key":"Toxic Potion"},{"floor":42.0,"key":"PowerPotion"},{"floor":46.0,"key":"ColorlessPotion"},{"floor":54.0,"key":"Regen Potion"}],"is_trial":false,"path_per_floor":["M","?","?","M","M","R","E","M","T","R","M","R","?","M","R","B",null,"M","M","?","$","M","R","M","E","T","R","E","M","R","M","R","B",null,"M","?","?","?","$","E","M","E","T","T","M","E","R","$","R","B",null,"R","$","E","B",null],"character_chosen":"THE_SILENT","items_purchased":["Apotheosis","Infinite Blades+1","Shuriken","Concentrate","Replay:Accelerometer"],"campfire_rested":1,"item_purchase_floors":[21,21,39,39,53],"current_hp_per_floor":[70,70,74,74,74,74,60,64,64,64,67,67,67,69,69,43,69,69,69,69,69,49,49,53,26,26,46,50,54,54,58,58,62,69,60,50,50,50,50,54,58,62,62,62,66,66,66,66,66,60,66,66,66,57,30],"gold":73,"neow_bonus":"RANDOM_COMMON_RELIC","is_daily":false,"chose_seed":false,"campfire_upgraded":10,"win_rate":0.0,"timestamp":1612087863,"path_taken":["M","?","?","M","M","R","E","M","T","R","M","R","?","M","R","BOSS","M","M","?","$","M","R","M","E","T","R","E","?","R","M","R","BOSS","M","?","?","?","$","E","M","E","T","?","M","E","R","$","R","BOSS","R","$","E","BOSS"],"items_purchased_type":["Card","Card","Relic","Card","Relic"],"build_version":"2020-12-22","purchased_purges":1,"victory":true,"max_hp_per_floor":[70,70,74,74,74,74,74,74,74,74,74,74,69,69,69,69,69,69,69,69,69,69,69,69,69,69,69,69,69,69,69,69,69,69,69,69,69,66,66,66,66,66,66,66,66,66,66,66,66,66,66,66,66,66,66],"card_choices":[{"not_picked":["Poisoned Stab","Dagger Throw"],"picked":"ReplayTheSpireMod:Scrap Shanks","floor":1.0},{"not_picked":["Choke","Quick Slash"],"picked":"ReplayTheSpireMod:Scrap Shanks","floor":4.0},{"not_picked":["Choke","Crippling Poison"],"picked":"Backstab","floor":5.0},{"not_picked":["Noxious Fumes","Concentrate"],"picked":"Infinite Blades","floor":7.0},{"not_picked":["Flying Knee","Slice"],"picked":"Backflip","floor":8.0},{"not_picked":["Crippling Poison","ReplayTheSpireMod:Tripwire"],"picked":"Tactician","floor":11.0},{"not_picked":["Endless Agony","Hidden Blade"],"picked":"Acrobatics","floor":14.0},{"not_picked":["Die Die Die","Malaise"],"picked":"Adrenaline","floor":16.0},{"not_picked":["Outmaneuver","Flechettes"],"picked":"ReplayTheSpireMod:Shiv Toss","floor":18.0},{"not_picked":["Blade Dance+1","Backflip"],"picked":"Accuracy","floor":19.0},{"not_picked":["Leg Sweep","Cloak And Dagger"],"picked":"Backflip+1","floor":22.0},{"not_picked":["Acrobatics+1","Backflip"],"picked":"Storm of Steel","floor":24.0},{"not_picked":["Deflect","Riddle With Holes+1"],"picked":"Well Laid Plans+1","floor":25.0},{"not_picked":["Deadly Poison","Flying Knee+1"],"picked":"Accuracy","floor":28.0},{"not_picked":["Flying Knee+1","Deflect","Slice"],"picked":"SKIP","floor":29.0},{"not_picked":["Malaise","Riddle With Holes"],"picked":"Reflex","floor":31.0},{"not_picked":["Grand Finale","Storm of Steel"],"picked":"Tools of the Trade","floor":33.0},{"not_picked":["Dagger Spray+1","Well Laid Plans+1","Bane"],"picked":"SKIP","floor":35.0},{"not_picked":["Enlightenment","Crow Ritual"],"picked":"ReplayUltimateDefense","floor":36.0},{"not_picked":["Poisoned Strike","Transmutation"],"picked":"Panacea","floor":36.0},{"not_picked":["Draining Mist+1","Blade Dance+1"],"picked":"Hidden Blade+1","floor":40.0},{"not_picked":["Underhanded Strike","Sucker Punch"],"picked":"Blur","floor":41.0},{"not_picked":["Outmaneuver","Cloak And Dagger+1"],"picked":"Reflex+1","floor":42.0},{"not_picked":["Cloak And Dagger+1","Sucker Punch"],"picked":"Sneak Up+1","floor":45.0},{"not_picked":["Sucker Punch","Dodge and Roll"],"picked":"ReplayTheSpireMod:Tripwire+1","floor":46.0},{"not_picked":["Catalyst+1","Toxin Wave+1"],"picked":"PiercingWail+1","floor":54.0}],"player_experience":1428951,"relics_obtained":[{"floor":7.0,"key":"Simple Rune"},{"floor":9.0,"key":"Bag of Preparation"},{"floor":25.0,"key":"Garlic"},{"floor":26.0,"key":"Whetstone"},{"floor":28.0,"key":"Boot"},{"floor":40.0,"key":"Art of War"},{"floor":42.0,"key":"Orichalcum"},{"floor":43.0,"key":"Ninja Scroll"},{"floor":44.0,"key":"Replay:Mystery Machine"},{"floor":46.0,"key":"MealTicket"},{"floor":54.0,"key":"Replay:Wax Seal"}],"event_choices":[{"cards_removed":["Strike_G"],"damage_healed":0.0,"max_hp_gain":0.0,"max_hp_loss":0.0,"gold_gain":0.0,"event_name":"The Cleric","player_choice":"Card Removal","floor":2.0,"gold_loss":50.0,"damage_taken":0.0},{"damage_healed":0.0,"max_hp_gain":0.0,"max_hp_loss":5.0,"gold_gain":0.0,"event_name":"Golden Idol","player_choice":"Lose Max HP","floor":13.0,"gold_loss":0.0,"damage_taken":0.0,"relics_obtained":["Golden Idol"]},{"damage_healed":0.0,"max_hp_gain":0.0,"max_hp_loss":0.0,"gold_gain":0.0,"event_name":"Match and Keep!","player_choice":"0 cards matched","floor":20.0,"gold_loss":0.0,"damage_taken":0.0,"cards_obtained":[]},{"damage_healed":0.0,"max_hp_gain":0.0,"max_hp_loss":0.0,"gold_gain":0.0,"event_name":"SensoryStone","player_choice":"Memory 3","floor":36.0,"gold_loss":0.0,"damage_taken":10.0},{"damage_healed":0.0,"max_hp_gain":0.0,"max_hp_loss":0.0,"gold_gain":0.0,"event_name":"Tomb of Lord Red Mask","player_choice":"Ignored","floor":37.0,"gold_loss":0.0,"damage_taken":0.0},{"damage_healed":0.0,"max_hp_gain":0.0,"max_hp_loss":3.0,"gold_gain":0.0,"event_name":"Winding Halls","player_choice":"Max HP","floor":38.0,"gold_loss":0.0,"damage_taken":0.0}],"is_beta":false,"boss_relics":[{"not_picked":["Velvet Choker","SlaversCollar"],"picked":"Philosopher\u0027s Stone"},{"not_picked":["Sozu","Snecko Scales"],"picked":"Astrolabe"}],"items_purged_floors":[21],"is_endless":false,"potions_floor_spawned":[1,4,5,7,11,19,24,25,35,42,46,54],"ascension_level":1}}