{"host":"dn6kke80v5f7isus","time":1612061781,"event":{"mods":["AchievementEnabler","Act Like it!","BaseMod","Colored Powertips","Custom Start","Defuse TimeMaze Blight","Gremlin Skip","Highlight Path","Hubris","Infinite Spire","Marisa????????","Minty Spire (QoL Compilation)","Rare Cards Sparkle","Reliquary","Replay The Spire","StSLib","The Servant 0.9.4","Uncapped","Unceasing Turn Reminder"],"gold_per_floor":[112,112,131,131,131,163,163,191,191,205,5,5,40,51,51,151,151,162,162,162,162,162,162,162],"floor_reached":23,"language":"ENG","playtime":573,"items_purged":[],"score":268,"play_id":"024d1797-adf5-4455-80de-416fe1e9cbb2","local_time":"20210130215621","is_ascension_mode":true,"campfire_choices":[{"data":"ShootingEcho","floor":7.0,"key":"SMITH"},{"data":"DoubleSpark","floor":15,"key":"SMITH"}],"circlet_count":0,"master_deck":["Strike_MRS+1","Strike_MRS","Strike_MRS","Defend_MRS","Defend_MRS","Defend_MRS","Defend_MRS","MasterSpark+1","UpSweep","FairyDestructionRay+1","ShootingEcho+1","Acceleration","SporeBomb","BlazingStar","DoubleSpark+1","CasketOfStar","WitchLeyline"],"relics":["MiniHakkero","NeowsBlessing","hubris:Towel","InkBottle","Whetstone","infinitespire:EmpoweringShard","Bag of Preparation","infinitespire:BottledMercury","RampagingMagicTools"],"acts_visited":["Exordium","TheCity"],"potions_floor_usage":[13,13,14],"damage_taken":[{"damage":0.0,"enemies":"2 Louse","floor":1.0,"turns":1.0},{"damage":0.0,"enemies":"Cultist","floor":3.0,"turns":1.0},{"damage":0.0,"enemies":"Replay:BlueRogue","floor":6.0,"turns":1.0},{"damage":6.0,"enemies":"Gremlin Nob","floor":8.0,"turns":3.0},{"damage":0.0,"enemies":"Small Slimes","floor":10.0,"turns":2.0},{"damage":8,"enemies":"Lagavulin","floor":13,"turns":3},{"damage":3,"enemies":"2 Fungi Beasts","floor":14,"turns":2},{"damage":52,"enemies":"Hexaghost","floor":16,"turns":5},{"damage":0,"enemies":"Spheric Guardian","floor":18,"turns":1}],"seed_played":"-7823213692342803169","potions_obtained":[{"floor":1.0,"key":"Strength Potion"},{"floor":8.0,"key":"PowerPotion"},{"floor":10.0,"key":"Energy Potion"},{"floor":13,"key":"ColorlessPotion"}],"is_trial":false,"path_per_floor":["M","?","M","?","?","E","R","E","T","M","$","?","E","M","R","B",null,"M","?","?","?","?","R"],"character_chosen":"MARISA","items_purchased":["Bag of Preparation","SporeBomb"],"campfire_rested":0,"item_purchase_floors":[11,11],"current_hp_per_floor":[75,75,75,75,80,80,80,74,74,74,74,74,66,63,63,11,80,80,80,80,80,80,80,80],"gold":162,"neow_bonus":"THREE_ENEMY_KILL","is_daily":false,"chose_seed":false,"campfire_upgraded":2,"win_rate":0.0,"timestamp":1612061781,"path_taken":["M","?","?","?","?","E","R","E","T","M","$","?","E","?","R","BOSS","M","?","?","?","?","R"],"items_purchased_type":["Relic","Card"],"build_version":"2020-12-22","purchased_purges":0,"victory":false,"max_hp_per_floor":[75,75,75,75,80,80,80,80,80,80,80,80,80,80,80,80,80,80,80,80,80,80,80,80],"card_choices":[{"not_picked":["DarkMatter","GravityBeat"],"picked":"FairyDestructionRay","floor":1.0},{"not_picked":["WitchOfGreed","DC"],"picked":"ShootingEcho","floor":3.0},{"not_picked":["Robbery","WitchOfGreed"],"picked":"Acceleration","floor":6.0},{"not_picked":["IllusionStar","GalacticHalo","SatelliteIllusion"],"picked":"SKIP","floor":8.0},{"not_picked":["6A","UnstableBomb","MachineGunSpark"],"picked":"SKIP","floor":10.0},{"not_picked":["PowerUp","SatelliteIllusion"],"picked":"DoubleSpark","floor":13},{"not_picked":["Occultation","IllusionStar","FairyDestructionRay"],"picked":"SKIP","floor":14},{"not_picked":["BlazingStar","BinaryStars"],"picked":"CasketOfStar","floor":16},{"not_picked":["LuminesStrike","6A","DC"],"picked":"SKIP","floor":18}],"player_experience":411971,"relics_obtained":[{"floor":6.0,"key":"InkBottle"},{"floor":8.0,"key":"Whetstone"},{"floor":9.0,"key":"infinitespire:EmpoweringShard"},{"floor":13,"key":"infinitespire:BottledMercury"}],"event_choices":[{"damage_healed":0.0,"max_hp_gain":0.0,"max_hp_loss":0.0,"gold_gain":0.0,"event_name":"Upgrade Shrine","player_choice":"Upgraded","floor":2.0,"gold_loss":0.0,"damage_taken":0.0,"cards_upgraded":["FairyDestructionRay"]},{"damage_healed":0.0,"max_hp_gain":5.0,"max_hp_loss":0.0,"gold_gain":0.0,"event_name":"Big Fish","player_choice":"Donut","floor":5.0,"gold_loss":0.0,"damage_taken":0.0},{"damage_healed":0,"gold_gain":0,"player_choice":"1 cards matched","damage_taken":0,"max_hp_gain":0,"max_hp_loss":0,"event_name":"Match and Keep!","floor":12,"gold_loss":0,"cards_obtained":["BlazingStar"]},{"damage_healed":0,"gold_gain":0,"player_choice":"Ignored","damage_taken":0,"max_hp_gain":0,"max_hp_loss":0,"event_name":"Ghosts","floor":19,"gold_loss":0},{"cards_removed":["Strike_MRS"],"damage_healed":0,"gold_gain":0,"player_choice":"Elegance","damage_taken":0,"max_hp_gain":0,"max_hp_loss":0,"event_name":"Back to Basics","floor":20,"gold_loss":0},{"damage_healed":0,"gold_gain":0,"player_choice":"Read","damage_taken":0,"max_hp_gain":0,"max_hp_loss":0,"event_name":"The Library","floor":22,"gold_loss":0,"cards_obtained":["WitchLeyline"]}],"is_beta":false,"boss_relics":[{"not_picked":["Pandora\u0027s Box","Snecko Eye"],"picked":"RampagingMagicTools"}],"items_purged_floors":[],"is_endless":false,"potions_floor_spawned":[1,8,10,13],"ascension_level":1}}