{"host":"xb2tau8pgi8aflss","time":1612068247,"event":{"mods":["AchievementEnabler","BaseMod","Hermit","Minty Spire (QoL Compilation)","StSLib","SuperFastMode"],"gold_per_floor":[110,110,110,185,135,135,152,164,209,222,232,266,266,280,280,375,375,391,380,380,399,23,23,23],"floor_reached":23,"language":"KOR","playtime":672,"items_purged":["Strike_R"],"score":250,"play_id":"911d84a1-ae0c-48b2-8e96-38c26cab8b1f","local_time":"20210131134407","is_ascension_mode":true,"campfire_choices":[{"data":"Uppercut","floor":6,"key":"SMITH"},{"data":"Pommel Strike","floor":13,"key":"SMITH"},{"floor":15,"key":"REST"}],"circlet_count":0,"master_deck":["Strike_R","Strike_R+1","Strike_R+1","Defend_R+1","Defend_R+1","Defend_R","Defend_R","Bash","Magnetism+1","Uppercut+1","Seeing Red","Offering","Pommel Strike+1","Offering","Pommel Strike+1","Infernal Blade","Disarm"],"relics":["Burning Blood","Blood Vial","Snecko Eye","Whetstone","War Paint"],"acts_visited":["Exordium","TheCity"],"potions_floor_usage":[11,12,16,16,21],"damage_taken":[{"damage":8,"enemies":"Small Slimes","floor":1,"turns":4},{"damage":8,"enemies":"Jaw Worm","floor":7,"turns":4},{"damage":0,"enemies":"Cultist","floor":8,"turns":3},{"damage":26,"enemies":"3 Louse","floor":10,"turns":4},{"damage":10,"enemies":"Lots of Slimes","floor":11,"turns":4},{"damage":19,"enemies":"Exordium Wildlife","floor":12,"turns":3},{"damage":12,"enemies":"2 Fungi Beasts","floor":14,"turns":3},{"damage":38,"enemies":"The Guardian","floor":16,"turns":7},{"damage":34,"enemies":"Shell Parasite","floor":18,"turns":6},{"damage":29,"enemies":"2 Thieves","floor":19,"turns":4},{"damage":32,"enemies":"Chosen and Byrds","floor":21,"turns":6},{"damage":12,"enemies":"Snecko","floor":23,"turns":2}],"seed_played":"-7573164900649338024","potions_obtained":[{"floor":7,"key":"Ancient Potion"},{"floor":8,"key":"LiquidMemories"},{"floor":10,"key":"Swift Potion"},{"floor":11,"key":"PowerPotion"},{"floor":12,"key":"DistilledChaos"},{"floor":19,"key":"Regen Potion"}],"is_trial":false,"path_per_floor":["M","?","?","?","?","R","M","M","T","M","M","M","R","M","R","B",null,"M","M","?","M","$","M"],"character_chosen":"IRONCLAD","items_purchased":["Whetstone","War Paint"],"campfire_rested":1,"item_purchase_floors":[22,22],"current_hp_per_floor":[49,54,54,43,43,43,41,47,47,29,27,16,16,12,37,7,66,40,19,19,9,9,0,0],"gold":23,"neow_bonus":"RANDOM_COLORLESS_2","is_daily":false,"chose_seed":false,"campfire_upgraded":2,"win_rate":0.0,"timestamp":1612068247,"path_taken":["M","?","?","?","?","R","M","M","T","?","M","M","R","M","R","BOSS","M","?","?","M","$","M"],"items_purchased_type":["Relic","Relic"],"build_version":"2020-12-22","purchased_purges":1,"victory":false,"max_hp_per_floor":[80,85,85,85,85,85,85,85,85,85,85,85,85,85,85,85,85,85,85,85,85,85,85,85],"card_choices":[{"not_picked":["Secret Technique","Metamorphosis"],"picked":"Magnetism","floor":0},{"not_picked":["Iron Wave","Heavy Blade"],"picked":"Uppercut","floor":1},{"not_picked":["Rampage","Body Slam"],"picked":"Seeing Red","floor":7},{"not_picked":["Anger","Headbutt","Flex"],"picked":"SKIP","floor":8},{"not_picked":["Inflame","Rage"],"picked":"Offering","floor":10},{"not_picked":["Rupture","Dual Wield","Iron Wave"],"picked":"SKIP","floor":11},{"not_picked":["Flex","Disarm"],"picked":"Pommel Strike","floor":12},{"not_picked":["Thunderclap","Intimidate","Dual Wield"],"picked":"SKIP","floor":14},{"not_picked":["Demon Form","Limit Break"],"picked":"Offering","floor":16},{"not_picked":["Clash","Thunderclap"],"picked":"Pommel Strike+1","floor":18},{"not_picked":["Heavy Blade","Whirlwind+1"],"picked":"Infernal Blade","floor":19},{"not_picked":["Pommel Strike","Iron Wave"],"picked":"Disarm","floor":21}],"player_experience":795958,"relics_obtained":[{"floor":9,"key":"Blood Vial"}],"event_choices":[{"damage_healed":0,"gold_gain":0,"player_choice":"Donut","damage_taken":0,"max_hp_gain":5,"max_hp_loss":0,"event_name":"Big Fish","floor":2,"gold_loss":0},{"damage_healed":0,"gold_gain":0,"player_choice":"Grow","damage_taken":0,"max_hp_gain":0,"max_hp_loss":0,"event_name":"Living Wall","floor":3,"gold_loss":0,"cards_upgraded":["Magnetism"]},{"damage_healed":0,"gold_gain":75,"player_choice":"Gather Gold","damage_taken":11,"max_hp_gain":0,"max_hp_loss":0,"event_name":"World of Goop","floor":4,"gold_loss":0},{"cards_removed":["Strike_R"],"damage_healed":0,"gold_gain":0,"player_choice":"Card Removal","damage_taken":0,"max_hp_gain":0,"max_hp_loss":0,"event_name":"The Cleric","floor":5,"gold_loss":50},{"damage_healed":0,"gold_gain":0,"player_choice":"Ignored","damage_taken":0,"max_hp_gain":0,"max_hp_loss":0,"event_name":"Cursed Tome","floor":20,"gold_loss":0}],"is_beta":false,"boss_relics":[{"not_picked":["Runic Dome","Calling Bell"],"picked":"Snecko Eye"}],"items_purged_floors":[22],"is_endless":false,"potions_floor_spawned":[7,8,10,11,12,19],"killed_by":"Snecko","ascension_level":7}}