{"host":"facnppb4175fcpe2","time":1612084980,"event":{"mods":["AchievementEnabler","BaseMod","Colored Map","Colored Powertips","Highlight Path","Minty Spire (QoL Compilation)","Quick Restart","Rare Cards Sparkle","Relic Stats","StSLib","SuperFastMode"],"gold_per_floor":[119,137,149,149,163,188,202,233,257,272,272,18,29,61,61,159,159,159,159,159,159,84,84,84,84,84,84,84,84,84,84,84,84,84],"floor_reached":33,"language":"ZHS","playtime":969,"items_purged":["Strike_R"],"score":426,"play_id":"2cb61be7-d971-4887-9d3a-1e01cdfa0228","local_time":"20210131172300","is_ascension_mode":true,"campfire_choices":[{"data":"Uppercut","floor":15.0,"key":"SMITH"},{"data":"Defend_R","floor":24.0,"key":"SMITH"},{"data":"Defend_R","floor":27.0,"key":"SMITH"},{"floor":32.0,"key":"REST"}],"circlet_count":0,"master_deck":["Defend_R+1","Defend_R+1","Defend_R+1","Defend_R+1","Clash+1","Uppercut+1","Pummel+1","Reaper+1","True Grit+1","Bite+1","Bite+1","Bite+1","Bite+1","Bite+1"],"relics":["Burning Blood","War Paint","Molten Egg 2","Lantern","MealTicket","PreservedInsect","Bag of Marbles","Ectoplasm","Vajra","Whetstone","Gambling Chip"],"acts_visited":["Exordium","TheCity"],"potions_floor_usage":[33,33],"damage_taken":[{"damage":5.0,"enemies":"Small Slimes","floor":1.0,"turns":4.0},{"damage":1.0,"enemies":"Cultist","floor":2.0,"turns":3.0},{"damage":2.0,"enemies":"Jaw Worm","floor":3.0,"turns":3.0},{"damage":5.0,"enemies":"Exordium Wildlife","floor":5.0,"turns":5.0},{"damage":36.0,"enemies":"3 Sentries","floor":6.0,"turns":10.0},{"damage":5.0,"enemies":"Blue Slaver","floor":7.0,"turns":3.0},{"damage":19.0,"enemies":"Lagavulin","floor":8.0,"turns":6.0},{"damage":6.0,"enemies":"Looter","floor":10.0,"turns":3.0},{"damage":3.0,"enemies":"3 Louse","floor":13.0,"turns":3.0},{"damage":0.0,"enemies":"Gremlin Nob","floor":14.0,"turns":2.0},{"damage":50.0,"enemies":"The Guardian","floor":16.0,"turns":8.0},{"damage":11.0,"enemies":"Shell Parasite","floor":18.0,"turns":4.0},{"damage":0.0,"enemies":"Spheric Guardian","floor":21.0,"turns":2.0},{"damage":34.0,"enemies":"Book of Stabbing","floor":23.0,"turns":5.0},{"damage":15.0,"enemies":"Cultist and Chosen","floor":25.0,"turns":4.0},{"damage":29.0,"enemies":"Centurion and Healer","floor":29.0,"turns":4.0},{"damage":19.0,"enemies":"Slavers","floor":30.0,"turns":4.0},{"damage":3.0,"enemies":"3 Cultists","floor":31.0,"turns":4.0},{"damage":117,"enemies":"Collector","floor":33,"turns":6}],"seed_played":"-551272061868982694","potions_obtained":[{"floor":2.0,"key":"ColorlessPotion"},{"floor":3.0,"key":"SpeedPotion"},{"floor":6.0,"key":"AttackPotion"},{"floor":13.0,"key":"Explosive Potion"},{"floor":14.0,"key":"Regen Potion"},{"floor":16.0,"key":"LiquidBronze"},{"floor":21.0,"key":"PowerPotion"},{"floor":31.0,"key":"AttackPotion"}],"is_trial":false,"path_per_floor":["M","M","M","?","M","E","M","E","T","M","?","$","M","E","R","B",null,"M","?","?","M","?","E","R","M","T","R","?","M","E","M","R","B"],"character_chosen":"IRONCLAD","items_purchased":["PreservedInsect","Pummel+1"],"campfire_rested":1,"item_purchase_floors":[12,12],"current_hp_per_floor":[88,88,88,88,88,58,59,46,46,46,51,66,69,75,75,31,93,93,65,54,69,69,54,54,70,70,70,70,59,70,70,70,0,0],"gold":84,"neow_bonus":"TEN_PERCENT_HP_BONUS","is_daily":false,"chose_seed":false,"campfire_upgraded":3,"win_rate":0.0,"timestamp":1612084980,"path_taken":["M","M","M","?","M","E","M","E","T","?","?","?","M","E","R","BOSS","M","?","?","M","?","E","R","M","T","R","?","?","E","M","R","BOSS"],"items_purchased_type":["Relic","Card"],"build_version":"2020-12-22","purchased_purges":1,"victory":false,"max_hp_per_floor":[88,88,88,88,88,88,88,88,88,88,93,93,93,93,93,93,93,93,65,70,70,70,70,70,70,70,70,70,70,70,70,70,70,70],"relic_stats":{"counters":[19,83],"Gambling Chip":[3],"MealTicket":15,"PreservedInsect":100,"Ectoplasm":153,"Whetstone":["Clash"],"War Paint":["Defend_R","Defend_R"],"obtain_stats":[{"Lantern":8,"Gambling Chip":30,"Vajra":23,"Molten Egg 2":6,"MealTicket":9,"PreservedInsect":12,"Ectoplasm":17,"Bag of Marbles":14,"Whetstone":26,"War Paint":4,"Burning Blood":0},{"Lantern":7,"Gambling Chip":17,"Vajra":14,"Molten Egg 2":5,"MealTicket":7,"PreservedInsect":8,"Ectoplasm":11,"Bag of Marbles":10,"Whetstone":15,"War Paint":3,"Burning Blood":0},{"Lantern":34,"Gambling Chip":73,"Vajra":61,"Molten Egg 2":25,"MealTicket":34,"PreservedInsect":37,"Ectoplasm":50,"Bag of Marbles":42,"Whetstone":65,"War Paint":10,"Burning Blood":0}],"Burning Blood":87},"card_choices":[{"not_picked":["Flame Barrier","Combust"],"picked":"Clash","floor":1.0},{"not_picked":["Dual Wield","Headbutt","Shrug It Off"],"picked":"SKIP","floor":2.0},{"not_picked":["Rage","Perfected Strike"],"picked":"Uppercut","floor":3.0},{"not_picked":["Feel No Pain","Wild Strike","Flame Barrier"],"picked":"SKIP","floor":5.0},{"not_picked":["Flex","Impervious"],"picked":"Twin Strike+1","floor":6.0},{"not_picked":["Shrug It Off","Fire Breathing","Clash+1"],"picked":"SKIP","floor":7.0},{"not_picked":["Perfected Strike+1","Ghostly Armor","Infernal Blade"],"picked":"SKIP","floor":8.0},{"not_picked":["Blood for Blood+1","Seeing Red","True Grit"],"picked":"SKIP","floor":10.0},{"not_picked":["Seeing Red","Cleave+1","Shrug It Off"],"picked":"SKIP","floor":13.0},{"not_picked":["Flame Barrier","Headbutt+1","Body Slam+1"],"picked":"SKIP","floor":14.0},{"not_picked":["Brutality","Corruption"],"picked":"Reaper+1","floor":16.0},{"not_picked":["Cleave+1","Body Slam+1"],"picked":"True Grit+1","floor":18.0},{"not_picked":["Shrug It Off","Twin Strike+1","Headbutt+1"],"picked":"SKIP","floor":21.0},{"not_picked":["Corruption","Flex","Barricade"],"picked":"SKIP","floor":23.0},{"not_picked":["Metallicize","Headbutt+1","Havoc+1"],"picked":"SKIP","floor":25.0},{"not_picked":["Dark Embrace","Iron Wave+1","Carnage+1"],"picked":"SKIP","floor":29.0},{"not_picked":["Metallicize","Whirlwind+1","Pommel Strike+1"],"picked":"SKIP","floor":30.0},{"not_picked":["Evolve+1","Armaments+1","Infernal Blade"],"picked":"SKIP","floor":31.0}],"player_experience":93673,"relics_obtained":[{"floor":6.0,"key":"Molten Egg 2"},{"floor":8.0,"key":"Lantern"},{"floor":9.0,"key":"MealTicket"},{"floor":14.0,"key":"Bag of Marbles"},{"floor":23.0,"key":"Vajra"},{"floor":26.0,"key":"Whetstone"},{"floor":30.0,"key":"Gambling Chip"}],"event_choices":[{"damage_healed":0.0,"max_hp_gain":0.0,"max_hp_loss":0.0,"gold_gain":0.0,"event_name":"WeMeetAgain","player_choice":"Gave Potion","floor":4.0,"gold_loss":0.0,"damage_taken":0.0,"relics_obtained":["War Paint"]},{"damage_healed":0.0,"max_hp_gain":5.0,"max_hp_loss":0.0,"gold_gain":0.0,"event_name":"Big Fish","player_choice":"Donut","floor":11.0,"gold_loss":0.0,"damage_taken":0.0},{"damage_healed":0.0,"max_hp_gain":0.0,"max_hp_loss":28.0,"gold_gain":0.0,"event_name":"Vampires","player_choice":"Became a vampire","floor":19.0,"gold_loss":0.0,"damage_taken":0.0,"cards_obtained":["Bite","Bite","Bite","Bite","Bite"]},{"damage_healed":0.0,"max_hp_gain":5.0,"max_hp_loss":0.0,"gold_gain":0.0,"event_name":"Forgotten Altar","player_choice":"Shed Blood","floor":20.0,"gold_loss":0.0,"damage_taken":16.0},{"cards_removed":["Bash"],"damage_healed":0.0,"max_hp_gain":0.0,"max_hp_loss":0.0,"gold_gain":0.0,"event_name":"Beggar","player_choice":"Gave Gold","floor":22.0,"gold_loss":75.0,"damage_taken":0.0},{"cards_removed":["Twin Strike"],"damage_healed":0.0,"max_hp_gain":0.0,"max_hp_loss":0.0,"gold_gain":0.0,"event_name":"Back to Basics","player_choice":"Elegance","floor":28.0,"gold_loss":0.0,"damage_taken":0.0}],"is_beta":false,"boss_relics":[{"not_picked":["Runic Pyramid","Astrolabe"],"picked":"Ectoplasm"}],"items_purged_floors":[12],"is_endless":false,"potions_floor_spawned":[2,3,6,13,14,16,21,30,31],"killed_by":"Collector","ascension_level":4}}