{"host":"1mv6gj0zv8k9e9tz","time":1612091429,"event":{"mods":["AchievementEnabler","BaseMod","Better Third Choice","Colored Map","DeckTracker","Highlight Path","KOR Keyword Fix","Keyboard Shortcuts","Minty Spire (QoL Compilation)","Permanent Neow","Quick Restart","Rare Cards Sparkle","StSLib","SuperFastMode","everything is the same but u backflip on backflip"],"gold_per_floor":[19,37,50,0,12,12,25,25,25,100,100,112,145,157,157,259,259,270,284,65,65,81,112,112,112,112,112,112,129,129,149,149,149,149],"floor_reached":33,"language":"KOR","playtime":950,"items_purged":["Defend_B"],"score":430,"play_id":"f0a50a44-08ca-43e9-9493-756b6707a501","local_time":"20210131201029","is_ascension_mode":true,"campfire_choices":[{"data":"Dualcast","floor":6.0,"key":"SMITH"},{"data":"Zap","floor":8.0,"key":"SMITH"},{"data":"Coolheaded","floor":11.0,"key":"SMITH"},{"floor":15.0,"key":"REST"},{"data":"Electrodynamics","floor":24.0,"key":"SMITH"},{"data":"Lockon","floor":27.0,"key":"SMITH"},{"data":"Defragment","floor":30.0,"key":"SMITH"},{"data":"Coolheaded","floor":32.0,"key":"SMITH"}],"circlet_count":0,"master_deck":["AscendersBane","Strike_B","Strike_B","Strike_B","Defend_B","Defend_B","Defend_B","Zap+1","Dualcast+1","Conserve Battery","Ball Lightning","Coolheaded+1","Coolheaded+1","Lockon+1","Sweeping Beam","Electrodynamics+1","BootSequence","Core Surge","Defragment+1","Ball Lightning"],"relics":["Cracked Core","Mango","Emotion Chip","Meat on the Bone","Sozu","Bag of Preparation","MutagenicStrength","TungstenRod"],"acts_visited":["Exordium","TheCity"],"potions_floor_usage":[],"damage_taken":[{"damage":11.0,"enemies":"2 Louse","floor":1.0,"turns":3.0},{"damage":0.0,"enemies":"Small Slimes","floor":2.0,"turns":2.0},{"damage":1.0,"enemies":"Jaw Worm","floor":3.0,"turns":4.0},{"damage":3.0,"enemies":"Exordium Thugs","floor":5.0,"turns":5.0},{"damage":11.0,"enemies":"Looter","floor":7.0,"turns":2.0},{"damage":5.0,"enemies":"Exordium Wildlife","floor":12.0,"turns":2.0},{"damage":34.0,"enemies":"Gremlin Nob","floor":13.0,"turns":5.0},{"damage":2.0,"enemies":"Red Slaver","floor":14.0,"turns":3.0},{"damage":15.0,"enemies":"Slime Boss","floor":16.0,"turns":8.0},{"damage":18.0,"enemies":"2 Thieves","floor":18.0,"turns":4.0},{"damage":2.0,"enemies":"Shell Parasite","floor":19.0,"turns":6.0},{"damage":11.0,"enemies":"Chosen and Byrds","floor":22.0,"turns":5.0},{"damage":11.0,"enemies":"Gremlin Leader","floor":23.0,"turns":4.0},{"damage":0.0,"enemies":"Cultist and Chosen","floor":29.0,"turns":4.0},{"damage":0.0,"enemies":"3 Cultists","floor":31.0,"turns":3.0},{"damage":58,"enemies":"Automaton","floor":33,"turns":6}],"seed_played":"1035529176683638916","potions_obtained":[{"floor":5.0,"key":"CultistPotion"},{"floor":7.0,"key":"EssenceOfSteel"},{"floor":13.0,"key":"Strength Potion"},{"floor":14.0,"key":"PotionOfCapacity"},{"floor":16.0,"key":"SkillPotion"}],"is_trial":false,"path_per_floor":["M","M","M","?","M","R","M","R","T","?","R","M","E","M","R","B",null,"M","M","$","?","M","E","R","$","T","R","?","M","R","M","R","B"],"character_chosen":"DEFECT","items_purchased":["Bag of Preparation"],"campfire_rested":1,"item_purchase_floors":[20],"current_hp_per_floor":[71,71,70,70,67,67,56,56,56,45,45,40,6,16,42,39,77,59,57,57,57,46,47,47,47,47,47,47,47,47,47,47,0,0],"gold":149,"neow_bonus":"ONE_RARE_RELIC","is_daily":false,"chose_seed":false,"campfire_upgraded":7,"win_rate":0.0,"timestamp":1612091429,"path_taken":["M","M","M","?","M","R","M","R","T","?","R","M","E","M","R","BOSS","M","M","$","?","M","E","R","$","T","R","?","M","R","M","R","BOSS"],"items_purchased_type":["Relic"],"build_version":"2020-12-22","purchased_purges":1,"victory":false,"max_hp_per_floor":[89,89,89,89,89,89,89,89,89,89,89,89,89,89,89,89,89,89,89,89,89,89,89,89,89,89,89,89,89,89,89,89,89,89],"card_choices":[{"not_picked":["Cold Snap","Beam Cell","Steam"],"picked":"SKIP","floor":1.0},{"not_picked":["Beam Cell","Hello World"],"picked":"Conserve Battery","floor":2.0},{"not_picked":["Streamline","White Noise"],"picked":"Ball Lightning","floor":3.0},{"not_picked":["Hologram","Lockon"],"picked":"Coolheaded","floor":5.0},{"not_picked":["Streamline","Go for the Eyes","Hello World"],"picked":"SKIP","floor":7.0},{"not_picked":["Steam Power","Turbo"],"picked":"Coolheaded","floor":12.0},{"not_picked":["Compile Driver","Multi-Cast"],"picked":"Lockon","floor":13.0},{"not_picked":["Streamline","BootSequence"],"picked":"Sweeping Beam","floor":14.0},{"not_picked":["Rainbow","Seek"],"picked":"Electrodynamics","floor":16.0},{"not_picked":["Steam","Gash"],"picked":"BootSequence","floor":18.0},{"not_picked":["Turbo","Steam","Sunder"],"picked":"SKIP","floor":19.0},{"not_picked":["BootSequence","Cold Snap","Amplify"],"picked":"SKIP","floor":22.0},{"not_picked":["Glacier","Ball Lightning"],"picked":"Core Surge","floor":23.0},{"not_picked":["Auto Shields","Self Repair"],"picked":"Defragment","floor":29.0},{"not_picked":["Gash","Beam Cell"],"picked":"Ball Lightning","floor":31.0}],"player_experience":594457,"relics_obtained":[{"floor":9.0,"key":"Emotion Chip"},{"floor":13.0,"key":"Meat on the Bone"},{"floor":23.0,"key":"TungstenRod"}],"event_choices":[{"cards_removed":["Strike_B"],"damage_healed":0.0,"max_hp_gain":0.0,"max_hp_loss":0.0,"gold_gain":0.0,"event_name":"The Cleric","player_choice":"Card Removal","floor":4.0,"gold_loss":50.0,"damage_taken":0.0},{"damage_healed":0.0,"max_hp_gain":0.0,"max_hp_loss":0.0,"gold_gain":75.0,"event_name":"betterThird:BetterGoop","player_choice":"Gold","floor":10.0,"gold_loss":0.0,"damage_taken":11.0},{"damage_healed":0.0,"max_hp_gain":0.0,"max_hp_loss":0.0,"gold_gain":0.0,"event_name":"Drug Dealer","player_choice":"Inject Mutagens","floor":21.0,"gold_loss":0.0,"damage_taken":0.0,"relics_obtained":["MutagenicStrength"]},{"damage_healed":0.0,"max_hp_gain":0.0,"max_hp_loss":0.0,"gold_gain":0.0,"event_name":"Vampires","player_choice":"Ignored","floor":28.0,"gold_loss":0.0,"damage_taken":0.0}],"is_beta":false,"boss_relics":[{"not_picked":["Ectoplasm","Black Star"],"picked":"Sozu"}],"items_purged_floors":[20],"is_endless":false,"potions_floor_spawned":[5,7,13,14,16,18],"killed_by":"Automaton","ascension_level":12}}