{"host":"h8cdlle7aepm4d8g","time":1612072891,"event":{"mods":["AchievementEnabler","BaseMod","Colored Powertips","Minty Spire (QoL Compilation)","Quick Restart","Relic Stats","StSLib"],"gold_per_floor":[115,132,132,132,150,177,177,191,191,223,223,239,239,251,251,348,348,368,368,381,82,181,206,225,239,263,263,263,296,320,352,352,449,449,468,468,213,8,27,58,58,91,163,192,203,203,235,249,249,249,249,249,19,46,46],"floor_reached":56,"language":"ENG","playtime":2565,"items_purged":["Pain"],"score":1735,"play_id":"e09bd977-872b-4a74-8edb-8d68f389bb32","local_time":"20210130220131","is_ascension_mode":true,"campfire_choices":[{"data":"Dagger Spray","floor":7.0,"key":"SMITH"},{"data":"Tools of the Trade","floor":13.0,"key":"SMITH"},{"data":"Dash","floor":15.0,"key":"SMITH"},{"data":"Cloak And Dagger","floor":28.0,"key":"SMITH"},{"data":"Venomology","floor":32.0,"key":"SMITH"},{"data":"Terror","floor":41.0,"key":"SMITH"},{"floor":49.0,"key":"RECALL"},{"data":"Adrenaline","floor":52.0,"key":"SMITH"}],"circlet_count":0,"master_deck":["Survivor","Neutralize","Tools of the Trade+1","Dagger Spray+1","Underhanded Strike+1","Dagger Throw","Quick Slash","Dash+1","Eviscerate+1","Masterful Stab","Blade Dance","Envenom+1","Blur","Well Laid Plans+1","Slice+1","Leg Sweep","Corpse Explosion","Masterful Stab","Blur","Terror+1","Cloak And Dagger","Venomology+1","Noxious Fumes+1","PiercingWail+1","Glass Knife","Cloak And Dagger+1","Calculated Gamble+1","Bullet Time","Ghostly","Ghostly","Ghostly","Ghostly","Ghostly","Phantasmal Killer","Adrenaline+1","Accuracy+1","Blade Dance","Accuracy+1","Acrobatics+1","Cloak And Dagger+1","Blade Dance+1","Catalyst+1"],"relics":["Ring of the Snake","InkBottle","Oddly Smooth Stone","Frozen Egg 2","Bronze Scales","WarpedTongs","Pandora\u0027s Box","MutagenicStrength","Sling","Bag of Marbles","Meat on the Bone","Smiling Mask","Whetstone","Runic Dome","Shuriken","Ancient Tea Set","Molten Egg 2","Question Card","The Courier","Mercury Hourglass","Pen Nib","CaptainsWheel","Vajra"],"acts_visited":["Exordium","TheCity","TheBeyond","TheEnding"],"potions_floor_usage":[55,55],"damage_taken":[{"damage":3.0,"enemies":"Jaw Worm","floor":1.0,"turns":6.0},{"damage":1.0,"enemies":"2 Louse","floor":2.0,"turns":3.0},{"damage":0.0,"enemies":"Cultist","floor":5.0,"turns":2.0},{"damage":7.0,"enemies":"3 Sentries","floor":6.0,"turns":6.0},{"damage":2.0,"enemies":"Looter","floor":8.0,"turns":3.0},{"damage":16.0,"enemies":"Gremlin Nob","floor":10.0,"turns":3.0},{"damage":1.0,"enemies":"Exordium Thugs","floor":12.0,"turns":3.0},{"damage":4.0,"enemies":"Blue Slaver","floor":14.0,"turns":2.0},{"damage":13.0,"enemies":"The Guardian","floor":16.0,"turns":11.0},{"damage":0.0,"enemies":"3 Byrds","floor":18.0,"turns":3.0},{"damage":8.0,"enemies":"Chosen","floor":20.0,"turns":2.0},{"damage":3.0,"enemies":"Gremlin Leader","floor":23.0,"turns":3.0},{"damage":0.0,"enemies":"Centurion and Healer","floor":24.0,"turns":1.0},{"damage":1.0,"enemies":"Snecko","floor":25.0,"turns":3.0},{"damage":9.0,"enemies":"Book of Stabbing","floor":29.0,"turns":4.0},{"damage":15.0,"enemies":"Gremlin Leader","floor":31.0,"turns":4.0},{"damage":7.0,"enemies":"Automaton","floor":33.0,"turns":7.0},{"damage":4.0,"enemies":"3 Darklings","floor":35.0,"turns":5.0},{"damage":0.0,"enemies":"3 Shapes","floor":39.0,"turns":3.0},{"damage":3.0,"enemies":"Nemesis","floor":40.0,"turns":3.0},{"damage":0.0,"enemies":"Reptomancer","floor":42.0,"turns":5.0},{"damage":1.0,"enemies":"Giant Head","floor":44.0,"turns":5.0},{"damage":0.0,"enemies":"3 Darklings","floor":45.0,"turns":3.0},{"damage":0.0,"enemies":"Nemesis","floor":47.0,"turns":5.0},{"damage":0.0,"enemies":"Jaw Worm Horde","floor":48.0,"turns":3.0},{"damage":4.0,"enemies":"Awakened One","floor":50.0,"turns":7.0},{"damage":0.0,"enemies":"Shield and Spear","floor":54.0,"turns":3.0},{"damage":33,"enemies":"The Heart","floor":55,"turns":6}],"seed_played":"802377883984164337","potions_obtained":[{"floor":5.0,"key":"Energy Potion"},{"floor":6.0,"key":"SkillPotion"},{"floor":8.0,"key":"FearPotion"},{"floor":14.0,"key":"SteroidPotion"},{"floor":18.0,"key":"LiquidMemories"},{"floor":31.0,"key":"SkillPotion"},{"floor":33.0,"key":"DistilledChaos"},{"floor":35.0,"key":"Dexterity Potion"},{"floor":54.0,"key":"SpeedPotion"}],"is_trial":false,"path_per_floor":["M","M","?","?","M","E","R","M","T","E","?","M","R","M","R","B",null,"M","?","M","$","?","E","M","M","T","?","R","E","T","E","R","B",null,"M","?","$","$","M","E","R","E","T","E","M","?","E","M","R","B",null,"R","$","E","B",null],"character_chosen":"THE_SILENT","items_purchased":["Sling","Glass Knife","Shuriken","Ancient Tea Set","CaptainsWheel"],"campfire_rested":0,"item_purchase_floors":[21,21,37,38,53],"current_hp_per_floor":[67,66,66,66,66,59,59,57,57,41,41,40,40,36,36,23,58,58,58,50,50,50,47,47,46,46,35,35,26,26,23,23,28,33,29,29,29,29,29,26,26,26,26,25,25,25,25,25,25,35,35,35,35,35,14],"gold":46,"neow_bonus":"ONE_RANDOM_RARE_CARD","is_daily":false,"chose_seed":false,"campfire_upgraded":7,"win_rate":0.0,"timestamp":1612072891,"path_taken":["M","M","?","?","?","E","R","M","T","E","?","M","R","M","R","BOSS","M","?","M","$","?","E","M","M","T","?","R","E","?","E","R","BOSS","M","?","?","$","?","E","R","E","T","E","M","?","E","M","R","BOSS","R","$","E","BOSS"],"items_purchased_type":["Relic","Card","Relic","Relic","Relic"],"build_version":"2020-12-22","purchased_purges":1,"victory":true,"max_hp_per_floor":[70,70,70,70,70,70,70,70,70,70,70,70,70,70,70,70,70,70,70,70,70,70,70,70,70,70,35,35,35,35,35,35,35,35,35,35,35,35,35,35,35,35,35,35,35,35,35,35,35,35,35,35,35,35,35],"relic_stats":{"counters":[28,114],"Pen Nib":[7],"Whetstone":["Slice","Eviscerate"],"Smiling Mask":25,"Question Card":6,"WarpedTongs":[91],"Mercury Hourglass":[89],"Shuriken":[32],"Bronze Scales":[348],"Pandora\u0027s Box":["Blur","Well Laid Plans","Slice","Leg Sweep","Corpse Explosion","Masterful Stab","Blur","Terror","Cloak And Dagger","Venomology"],"obtain_stats":[{"Oddly Smooth Stone":6,"Vajra":54,"The Courier":43,"Pen Nib":47,"Whetstone":31,"Frozen Egg 2":9,"Sling":21,"Smiling Mask":30,"Ancient Tea Set":38,"Question Card":42,"WarpedTongs":11,"Mercury Hourglass":44,"Runic Dome":34,"CaptainsWheel":53,"Shuriken":37,"Bronze Scales":10,"MutagenicStrength":19,"Pandora\u0027s Box":17,"Molten Egg 2":40,"Bag of Marbles":23,"InkBottle":4,"Ring of the Snake":0,"Meat on the Bone":29},{"Oddly Smooth Stone":4,"Vajra":27,"The Courier":21,"Pen Nib":24,"Whetstone":16,"Frozen Egg 2":5,"Sling":11,"Smiling Mask":15,"Ancient Tea Set":18,"Question Card":21,"WarpedTongs":6,"Mercury Hourglass":22,"Runic Dome":17,"CaptainsWheel":26,"Shuriken":18,"Bronze Scales":6,"MutagenicStrength":10,"Pandora\u0027s Box":9,"Molten Egg 2":20,"Bag of Marbles":12,"InkBottle":2,"Ring of the Snake":0,"Meat on the Bone":15},{"Oddly Smooth Stone":17,"Vajra":108,"The Courier":82,"Pen Nib":95,"Whetstone":59,"Frozen Egg 2":20,"Sling":44,"Smiling Mask":55,"Ancient Tea Set":71,"Question Card":82,"WarpedTongs":23,"Mercury Hourglass":87,"Runic Dome":66,"CaptainsWheel":105,"Shuriken":71,"Bronze Scales":23,"MutagenicStrength":42,"Pandora\u0027s Box":39,"Molten Egg 2":77,"Bag of Marbles":47,"InkBottle":9,"Ring of the Snake":0,"Meat on the Bone":55}],"InkBottle":[49],"Ring of the Snake":[56],"Meat on the Bone":36},"card_choices":[{"not_picked":["Catalyst","Choke"],"picked":"Dagger Spray","floor":1.0},{"not_picked":["Acrobatics","Slice"],"picked":"Underhanded Strike","floor":2.0},{"not_picked":["Dodge and Roll","Acrobatics"],"picked":"Dagger Throw","floor":5.0},{"not_picked":["Prepared","Blur"],"picked":"Quick Slash","floor":6.0},{"not_picked":["Prepared","Reflex"],"picked":"Dash","floor":8.0},{"not_picked":["Concentrate","Blur"],"picked":"Eviscerate","floor":10.0},{"not_picked":["Bouncing Flask","Bane"],"picked":"Masterful Stab","floor":12.0},{"not_picked":["Bane","Acrobatics"],"picked":"Blade Dance","floor":14.0},{"not_picked":["Night Terror","Adrenaline"],"picked":"Envenom+1","floor":16.0},{"not_picked":["Footwork+1","Sucker Punch"],"picked":"Noxious Fumes+1","floor":18.0},{"not_picked":["Dagger Throw","Acrobatics+1"],"picked":"PiercingWail+1","floor":20.0},{"not_picked":["Bane","Quick Slash"],"picked":"Cloak And Dagger","floor":23.0},{"not_picked":["Acrobatics+1","Flying Knee"],"picked":"Calculated Gamble+1","floor":24.0},{"not_picked":["Sucker Punch","Outmaneuver"],"picked":"Bullet Time","floor":25.0},{"not_picked":["Riddle With Holes","Deadly Poison"],"picked":"Phantasmal Killer","floor":29.0},{"not_picked":["Poisoned Stab","Prepared","Eviscerate+1"],"picked":"SKIP","floor":31.0},{"not_picked":["Doppelganger","Malaise"],"picked":"Adrenaline","floor":33.0},{"not_picked":["Cloak And Dagger+1","Flying Knee+1"],"picked":"Accuracy+1","floor":35.0},{"not_picked":["Calculated Gamble+1","Underhanded Strike+1"],"picked":"Blade Dance","floor":39.0},{"not_picked":["Flying Knee+1","Well Laid Plans+1","Setup+1"],"picked":"SKIP","floor":40.0},{"not_picked":["Blade Dance","Masterful Stab+1","PiercingWail"],"picked":"SKIP","floor":42.0},{"not_picked":["PiercingWail+1","Riddle With Holes+1","Grand Finale+1"],"picked":"Accuracy+1","floor":44.0},{"not_picked":["Backflip+1","Tactician","Dagger Throw+1"],"picked":"Acrobatics+1","floor":45.0},{"not_picked":["Dagger Spray+1","Outmaneuver","Underhanded Strike+1"],"picked":"Cloak And Dagger+1","floor":47.0},{"not_picked":["Footwork+1","Skewer+1","Riddle With Holes+1"],"picked":"Blade Dance+1","floor":48.0},{"not_picked":["Concentrate","Deflect+1","Prepared"],"picked":"Catalyst+1","floor":54.0}],"player_experience":57975,"relics_obtained":[{"floor":4.0,"key":"InkBottle"},{"floor":6.0,"key":"Oddly Smooth Stone"},{"floor":9.0,"key":"Frozen Egg 2"},{"floor":10.0,"key":"Bronze Scales"},{"floor":23.0,"key":"Bag of Marbles"},{"floor":29.0,"key":"Meat on the Bone"},{"floor":30.0,"key":"Smiling Mask"},{"floor":31.0,"key":"Whetstone"},{"floor":40.0,"key":"Molten Egg 2"},{"floor":42.0,"key":"Question Card"},{"floor":43.0,"key":"The Courier"},{"floor":44.0,"key":"Mercury Hourglass"},{"floor":47.0,"key":"Pen Nib"},{"floor":54.0,"key":"Vajra"}],"event_choices":[{"damage_healed":0.0,"max_hp_gain":0.0,"max_hp_loss":0.0,"gold_gain":0.0,"event_name":"Living Wall","player_choice":"Grow","floor":3.0,"gold_loss":0.0,"damage_taken":0.0,"cards_upgraded":["Underhanded Strike"]},{"damage_healed":0.0,"max_hp_gain":0.0,"max_hp_loss":0.0,"gold_gain":0.0,"event_name":"Wheel of Change","player_choice":"Relic","floor":4.0,"gold_loss":0.0,"damage_taken":0.0},{"damage_healed":0.0,"max_hp_gain":0.0,"max_hp_loss":0.0,"gold_gain":0.0,"event_name":"Accursed Blacksmith","player_choice":"Rummage","floor":11.0,"gold_loss":0.0,"damage_taken":0.0,"relics_obtained":["WarpedTongs"],"cards_obtained":["Pain"]},{"damage_healed":0.0,"max_hp_gain":0.0,"max_hp_loss":0.0,"gold_gain":0.0,"event_name":"Drug Dealer","player_choice":"Inject Mutagens","floor":19.0,"gold_loss":0.0,"damage_taken":0.0,"relics_obtained":["MutagenicStrength"]},{"damage_healed":0.0,"max_hp_gain":0.0,"max_hp_loss":0.0,"gold_gain":99.0,"event_name":"Nest","player_choice":"Stole From Cult","floor":22.0,"gold_loss":0.0,"damage_taken":0.0},{"damage_healed":0.0,"max_hp_gain":0.0,"max_hp_loss":35.0,"gold_gain":0.0,"event_name":"Ghosts","player_choice":"Became a Ghost","floor":27.0,"gold_loss":0.0,"damage_taken":0.0,"cards_obtained":["Ghostly","Ghostly","Ghostly","Ghostly","Ghostly"]},{"damage_healed":0.0,"max_hp_gain":0.0,"max_hp_loss":0.0,"gold_gain":0.0,"event_name":"Transmorgrifier","player_choice":"Ignored","floor":36.0,"gold_loss":0.0,"damage_taken":0.0},{"damage_healed":0.0,"max_hp_gain":0.0,"max_hp_loss":0.0,"gold_gain":0.0,"event_name":"SensoryStone","player_choice":"Memory 1","floor":46.0,"gold_loss":0.0,"damage_taken":0.0}],"is_beta":false,"boss_relics":[{"not_picked":["Tiny House","SlaversCollar"],"picked":"Pandora\u0027s Box"},{"not_picked":["Astrolabe","WristBlade"],"picked":"Runic Dome"}],"items_purged_floors":[38],"is_endless":false,"potions_floor_spawned":[5,6,8,14,18,31,33,35,39,44,54],"ascension_level":5}}