{"host":"6g3xdvewo8r2cc5h","time":1612089827,"event":{"mods":["AchievementEnabler","BaseMod","Minty Spire (QoL Compilation)","SuperFastMode"],"gold_per_floor":[119,136,149,167,129,156,167,202,202,202,202,152,188,188,188,316,316,337,337,337,27,27,68,16,16,42,83,83,124,138,159,159,159,159],"floor_reached":33,"language":"ENG","playtime":1424,"items_purged":["Writhe"],"score":539,"play_id":"643a61d4-5758-41b4-ad5e-7d9b64cf8caf","local_time":"20210131114347","is_ascension_mode":true,"campfire_choices":[{"floor":10.0,"key":"REST"},{"floor":15.0,"key":"REST"},{"floor":25.0,"key":"REST"},{"data":"Phantasmal Killer","floor":28.0,"key":"SMITH"},{"floor":32.0,"key":"REST"}],"circlet_count":0,"master_deck":["AscendersBane","Defend_G","Defend_G","Defend_G","Defend_G","Survivor","Neutralize","Footwork","Finisher","Masterful Stab","Quick Slash","Backflip","Dagger Throw","Phantasmal Killer+1","Bite","Bite","Bite","Bite","Bite","Flash of Steel","Blade Dance","Cloak And Dagger","Footwork","Cloak And Dagger","Blade Dance","Prepared"],"relics":["Philosopher\u0027s Stone","Blood Vial","Pen Nib","Blue Candle","Golden Idol","Bottled Lightning","HoveringKite","Tiny Chest","Bag of Marbles","Bag of Preparation","MealTicket","Dream Catcher"],"acts_visited":["Exordium","TheCity"],"potions_floor_usage":[33],"damage_taken":[{"damage":1.0,"enemies":"Small Slimes","floor":1.0,"turns":3.0},{"damage":1.0,"enemies":"2 Louse","floor":2.0,"turns":3.0},{"damage":9.0,"enemies":"Jaw Worm","floor":3.0,"turns":6.0},{"damage":5.0,"enemies":"Looter","floor":4.0,"turns":3.0},{"damage":17.0,"enemies":"Gremlin Nob","floor":6.0,"turns":5.0},{"damage":5.0,"enemies":"3 Louse","floor":7.0,"turns":3.0},{"damage":21.0,"enemies":"Lagavulin","floor":8.0,"turns":7.0},{"damage":10.0,"enemies":"3 Sentries","floor":13.0,"turns":10.0},{"damage":21.0,"enemies":"Slime Boss","floor":16.0,"turns":11.0},{"damage":12.0,"enemies":"3 Byrds","floor":18.0,"turns":5.0},{"damage":53.0,"enemies":"Gremlin Leader","floor":23.0,"turns":6.0},{"damage":41.0,"enemies":"Slavers","floor":27.0,"turns":5.0},{"damage":31.0,"enemies":"Gremlin Leader","floor":29.0,"turns":7.0},{"damage":3.0,"enemies":"2 Thieves","floor":30.0,"turns":3.0},{"damage":14.0,"enemies":"Chosen and Byrds","floor":31.0,"turns":5.0},{"damage":67,"enemies":"Champ","floor":33,"turns":8}],"seed_played":"7810131318373083924","potions_obtained":[{"floor":1.0,"key":"Block Potion"},{"floor":2.0,"key":"Fire Potion"},{"floor":4.0,"key":"Strength Potion"},{"floor":6.0,"key":"DistilledChaos"},{"floor":16.0,"key":"FairyPotion"},{"floor":18.0,"key":"Regen Potion"},{"floor":23.0,"key":"SkillPotion"},{"floor":30.0,"key":"FearPotion"},{"floor":31.0,"key":"Fruit Juice"}],"is_trial":false,"path_per_floor":["M","M","M","M","$","E","M","E","T","R","?","?","E","?","R","B",null,"M","?","?","$","?","E","$","R","T","E","R","E","M","M","R","B"],"character_chosen":"THE_SILENT","items_purchased":["Masterful Stab","Flash of Steel","Blade Dance","Cloak And Dagger","Footwork","Cloak And Dagger"],"campfire_rested":4,"item_purchase_floors":[5,21,21,21,21,24],"current_hp_per_floor":[62,61,52,47,47,30,27,8,8,29,29,29,21,14,33,14,52,42,42,42,42,36,13,13,28,28,21,21,10,11,12,28,0,0],"gold":159,"neow_bonus":"BOSS_RELIC","is_daily":false,"chose_seed":false,"campfire_upgraded":1,"win_rate":0.0,"timestamp":1612089827,"path_taken":["M","M","M","M","$","E","M","E","T","R","?","?","E","?","R","BOSS","M","?","?","$","?","E","?","R","T","E","R","E","M","M","R","BOSS"],"items_purchased_type":["Card","Card","Card","Card","Card","Card"],"build_version":"2020-12-22","purchased_purges":1,"victory":false,"max_hp_per_floor":[70,70,70,70,70,70,70,70,70,70,65,65,65,65,65,65,65,65,45,45,45,50,50,50,50,50,50,50,50,50,55,55,55,55],"card_choices":[{"not_picked":["Distraction","Outmaneuver"],"picked":"Footwork","floor":1.0},{"not_picked":["Noxious Fumes","Flechettes","Leg Sweep"],"picked":"SKIP","floor":2.0},{"not_picked":["Outmaneuver","Bane"],"picked":"Finisher","floor":3.0},{"not_picked":["Deadly Poison","Underhanded Strike","Skewer"],"picked":"SKIP","floor":4.0},{"not_picked":["Wraith Form v2","Poisoned Stab"],"picked":"Quick Slash","floor":6.0},{"not_picked":["Masterful Stab","Deadly Poison"],"picked":"Backflip","floor":7.0},{"not_picked":["Blur","Deflect"],"picked":"Dagger Throw","floor":8.0},{"not_picked":["Distraction","Deadly Poison","Dagger Throw"],"picked":"SKIP","floor":13.0},{"not_picked":["Grand Finale","Bullet Time"],"picked":"Phantasmal Killer","floor":16.0},{"not_picked":["Riddle With Holes","Outmaneuver","Deadly Poison"],"picked":"SKIP","floor":18.0},{"not_picked":["Deadly Poison","Dagger Throw","All Out Attack"],"picked":"SKIP","floor":23.0},{"not_picked":["Slice","Glass Knife"],"picked":"Blade Dance","floor":27.0},{"not_picked":["Acrobatics","Poisoned Stab","Flechettes"],"picked":"SKIP","floor":29.0},{"not_picked":["Poisoned Stab","Masterful Stab","Dagger Spray"],"picked":"SKIP","floor":30.0},{"not_picked":["Heel Hook","Poisoned Stab"],"picked":"Prepared","floor":31.0}],"player_experience":222273,"relics_obtained":[{"floor":6.0,"key":"Blood Vial"},{"floor":8.0,"key":"Pen Nib"},{"floor":9.0,"key":"Blue Candle"},{"floor":13.0,"key":"Bottled Lightning"},{"floor":23.0,"key":"Bag of Marbles"},{"floor":26.0,"key":"Bag of Preparation"},{"floor":27.0,"key":"MealTicket"},{"floor":29.0,"key":"Dream Catcher"}],"event_choices":[{"damage_healed":0.0,"max_hp_gain":0.0,"max_hp_loss":5.0,"gold_gain":0.0,"event_name":"Golden Idol","player_choice":"Lose Max HP","floor":11.0,"gold_loss":0.0,"damage_taken":0.0,"relics_obtained":["Golden Idol"]},{"cards_removed":["Defend_G"],"damage_healed":0.0,"max_hp_gain":0.0,"max_hp_loss":0.0,"gold_gain":0.0,"event_name":"The Cleric","player_choice":"Card Removal","floor":12.0,"gold_loss":50.0,"damage_taken":0.0},{"cards_removed":["Strike_G"],"damage_healed":0.0,"max_hp_gain":0.0,"max_hp_loss":0.0,"gold_gain":0.0,"event_name":"Golden Wing","player_choice":"Card Removal","floor":14.0,"gold_loss":0.0,"damage_taken":7.0},{"damage_healed":0.0,"max_hp_gain":0.0,"max_hp_loss":20.0,"gold_gain":0.0,"event_name":"Vampires","player_choice":"Became a vampire","floor":19.0,"gold_loss":0.0,"damage_taken":0.0,"cards_obtained":["Bite","Bite","Bite","Bite","Bite"]},{"damage_healed":0.0,"max_hp_gain":0.0,"max_hp_loss":0.0,"gold_gain":0.0,"event_name":"The Mausoleum","player_choice":"Opened","floor":20.0,"gold_loss":0.0,"damage_taken":0.0,"relics_obtained":["Tiny Chest"],"cards_obtained":["Writhe"]},{"damage_healed":0.0,"max_hp_gain":5.0,"max_hp_loss":0.0,"gold_gain":0.0,"event_name":"Forgotten Altar","player_choice":"Shed Blood","floor":22.0,"gold_loss":0.0,"damage_taken":11.0}],"is_beta":false,"boss_relics":[{"not_picked":["Pandora\u0027s Box","Runic Pyramid"],"picked":"HoveringKite"}],"items_purged_floors":[21],"is_endless":false,"potions_floor_spawned":[1,2,4,6,16,18,23,30,31],"killed_by":"Champ","ascension_level":12}}