{"host":"p4zwdb2o9iawjdqa","time":1612063879,"event":{"mods":["BaseMod","BetterRewards","Hubris","Minty Spire (QoL Compilation)","Replay The Spire","Shop Mod","StSLib"],"gold_per_floor":[119,131,141,155,5,33,97,123,123,143,172,201,229,288,288,384,384,316,93,143,160,85,126,126,169,193,237,237,259,299,335,335,429,479,493,493,513,232,273,273,313,84,137,137,165,212,42,69,69,81],"floor_reached":51,"language":"ENG","playtime":8339,"items_purged":["Strike_G","Strike_G","Strike_G","Strike_G","Acrobatics"],"score":1920,"play_id":"9a76fbce-095e-4a10-a3ff-82bb4d19f8e9","local_time":"20210130193119","is_ascension_mode":true,"campfire_choices":[{"data":"Venomology","floor":24.0,"key":"SMITH"},{"data":"Venomology","floor":32.0,"key":"SMITH"},{"data":"Draining Mist","floor":40.0,"key":"SMITH"},{"floor":44.0,"key":"REST"},{"floor":49.0,"key":"REST"}],"circlet_count":0,"master_deck":["AscendersBane","Defend_G+1","Defend_G","Defend_G","Defend_G+1","Defend_G+1","Survivor","Neutralize","Noxious Fumes+1","Noxious Fumes+1","Deadly Poison","Acrobatics","Heel Hook","Deflect","ReplayTheSpireMod:From All Sides","Dagger Throw","Catalyst+1","Backflip+1","Venomology+1","Leg Sweep","Venomology+1","PiercingWail","Leg Sweep","Dagger Throw","Sneak Up","ReplayTheSpireMod:Speed Training","Deflect","PiercingWail","Acrobatics+1","PiercingWail","Fluid Movement","Cloak And Dagger","Draining Mist+1","A Thousand Cuts","Footwork","A Thousand Cuts","Dodge and Roll"],"relics":["Ring of the Snake","Tough Bandages","Tiny Chest","Replay:Mystery Machine","Toy Ornithopter","Replay:Bandana","Simple Rune","SlaversCollar","MerchantsRug","Replay:Kaleidoscope","Vajra","hubris:PeanutButter","Membership Card","Iron Hammer","Unceasing Top","Ornamental Fan","Chemical X","hubris:SphereOfDissonance","Ancient Tea Set","Happy Flower","War Paint"],"acts_visited":["Exordium","TheCity","TheBeyond"],"potions_floor_usage":[50],"damage_taken":[{"damage":0.0,"enemies":"2 Louse","floor":1.0,"turns":4.0},{"damage":4.0,"enemies":"Jaw Worm","floor":2.0,"turns":5.0},{"damage":1.0,"enemies":"Cultist","floor":3.0,"turns":4.0},{"damage":6.0,"enemies":"Exordium Thugs","floor":4.0,"turns":7.0},{"damage":11.0,"enemies":"Replay:BlueRogue","floor":6.0,"turns":6.0},{"damage":1.0,"enemies":"Lagavulin","floor":8.0,"turns":7.0},{"damage":0.0,"enemies":"Exordium Wildlife","floor":10.0,"turns":6.0},{"damage":0.0,"enemies":"Replay:BlueRogue","floor":11.0,"turns":7.0},{"damage":0.0,"enemies":"Large Slime","floor":12.0,"turns":5.0},{"damage":1.0,"enemies":"Red Slaver","floor":13.0,"turns":5.0},{"damage":19.0,"enemies":"Gremlin Nob","floor":14.0,"turns":4.0},{"damage":32.0,"enemies":"Slime Boss","floor":16.0,"turns":10.0},{"damage":3.0,"enemies":"2 Thieves","floor":18.0,"turns":4.0},{"damage":12.0,"enemies":"Spheric Guardian","floor":21.0,"turns":4.0},{"damage":13.0,"enemies":"Gremlin Leader","floor":23.0,"turns":8.0},{"damage":7.0,"enemies":"Book of Stabbing","floor":25.0,"turns":7.0},{"damage":24.0,"enemies":"Gremlin Leader","floor":27.0,"turns":6.0},{"damage":39.0,"enemies":"Cultist and Chosen","floor":29.0,"turns":8.0},{"damage":3.0,"enemies":"Book of Stabbing","floor":30.0,"turns":7.0},{"damage":0.0,"enemies":"Snecko","floor":31.0,"turns":6.0},{"damage":11.0,"enemies":"Champ","floor":33.0,"turns":11.0},{"damage":6.0,"enemies":"Orb Walker","floor":35.0,"turns":3.0},{"damage":51.0,"enemies":"3 Darklings","floor":37.0,"turns":7.0},{"damage":0.0,"enemies":"Mind Bloom Boss Battle","floor":39.0,"turns":4.0},{"damage":49.0,"enemies":"Giant Head","floor":41.0,"turns":11.0},{"damage":4.0,"enemies":"Jaw Worm Horde","floor":45.0,"turns":5.0},{"damage":35.0,"enemies":"Reptomancer","floor":48.0,"turns":7.0},{"damage":34,"enemies":"hubris:GrandSnecko","floor":50,"turns":8}],"seed_played":"-5452562932600250660","potions_obtained":[{"floor":3.0,"key":"BlessingOfTheForge"},{"floor":6.0,"key":"GamblersBrew"},{"floor":8.0,"key":"Venom Potion"},{"floor":11.0,"key":"Reflective Coating"},{"floor":13.0,"key":"BlessingOfTheForge"},{"floor":16.0,"key":"Languid Potion"},{"floor":23.0,"key":"PowerPotion"},{"floor":25.0,"key":"Regen Potion"},{"floor":30.0,"key":"FearPotion"},{"floor":34.0,"key":"Cursed Concoction"},{"floor":41.0,"key":"SneckoOil"}],"is_trial":false,"path_per_floor":["M","M","M","M","$","E","?","E","T","M","E","M","M","E","R","B",null,"M","$","?","M","?","E","R","E","T","E","T","M","E","M","R","B",null,"M","?","M","$","?","R","E","$","T","R","M","T","$","E","R","B",null],"character_chosen":"THE_SILENT","items_purchased":["Noxious Fumes","Deflect","MerchantsRug","Membership Card","Fluid Movement","Iron Hammer","Cloak And Dagger","Chemical X","hubris:SphereOfDissonance","Footwork","A Thousand Cuts"],"campfire_rested":2,"item_purchase_floors":[0,5,19,38,38,38,38,42,42,42,47],"current_hp_per_floor":[43,39,38,32,32,21,21,20,20,20,25,30,34,25,44,17,54,61,61,61,62,62,53,53,61,61,61,68,37,39,49,49,58,74,73,73,37,37,47,47,8,8,8,31,27,27,27,7,30,1],"gold":81,"neow_bonus":"","is_daily":false,"chose_seed":false,"campfire_upgraded":3,"win_rate":0.0,"timestamp":1612063879,"path_taken":["M","M","M","M","$","E","?","E","T","?","E","M","M","E","R","BOSS","M","$","?","M","?","E","R","E","T","E","?","M","E","M","R","BOSS","M","?","M","$","?","R","E","?","T","R","M","?","$","E","R","BOSS"],"items_purchased_type":["Card","Card","Relic","Relic","Card","Relic","Card","Relic","Relic","Card","Card"],"build_version":"2020-12-22","purchased_purges":5,"victory":true,"max_hp_per_floor":[66,66,66,66,66,66,66,66,66,66,66,66,66,66,66,66,66,66,66,66,66,66,66,66,66,66,66,73,73,73,73,73,73,78,78,78,78,78,78,78,78,78,78,78,78,78,78,78,78,78],"card_choices":[{"not_picked":["Acrobatics","Finisher"],"picked":"Noxious Fumes","floor":1.0},{"not_picked":["Flechettes","Accuracy"],"picked":"Deadly Poison","floor":2.0},{"not_picked":["Deflect","Dagger Throw"],"picked":"Acrobatics","floor":3.0},{"not_picked":["hubris:SlightOfHand","Slice"],"picked":"Heel Hook","floor":4.0},{"not_picked":["Expertise","Slice"],"picked":"Acrobatics","floor":6.0},{"not_picked":["Sucker Punch","Dagger Throw"],"picked":"ReplayTheSpireMod:From All Sides","floor":7.0},{"not_picked":["Slice","Endless Agony"],"picked":"Dagger Throw","floor":7.0},{"not_picked":["Atom Bomb","Corpse Explosion"],"picked":"Catalyst","floor":8.0},{"not_picked":["Bane","Fluid Movement"],"picked":"Backflip","floor":10.0},{"not_picked":["Caltrops","Slice","Bane"],"picked":"SKIP","floor":11.0},{"not_picked":["Flying Knee","hubris:SlightOfHand"],"picked":"Venomology","floor":12.0},{"not_picked":["Quick Slash","Heel Hook"],"picked":"Leg Sweep","floor":13.0},{"not_picked":["Finisher","hubris:TrickCloak","Reflex"],"picked":"SKIP","floor":14.0},{"not_picked":["Grand Finale","Storm of Steel"],"picked":"Venomology","floor":16.0},{"not_picked":["Masterful Stab","Bane","Finisher"],"picked":"SKIP","floor":18.0},{"not_picked":["Toxin Wave","Flying Knee"],"picked":"PiercingWail","floor":21.0},{"not_picked":["Masterful Stab","Riddle With Holes"],"picked":"Leg Sweep","floor":23.0},{"not_picked":["Backstab","ReplayTheSpireMod:Scrap Shanks"],"picked":"Dagger Throw","floor":25.0},{"not_picked":["Acrobatics","Flying Knee"],"picked":"Sneak Up","floor":27.0},{"not_picked":["Bane","Dagger Throw","ReplayTheSpireMod:The Works"],"picked":"SKIP","floor":29.0},{"not_picked":["Crippling Poison","Bullet Time"],"picked":"ReplayTheSpireMod:Speed Training","floor":30.0},{"not_picked":["Sucker Punch","Deadly Poison"],"picked":"Deflect","floor":31.0},{"not_picked":["Setup","Bouncing Flask"],"picked":"PiercingWail","floor":34.0},{"not_picked":["Hidden Blade","Dagger Throw"],"picked":"Acrobatics+1","floor":35.0},{"not_picked":["Bane+1","Setup"],"picked":"PiercingWail","floor":37.0},{"not_picked":["Cloak And Dagger","All Out Attack"],"picked":"Draining Mist","floor":39.0},{"not_picked":["Poisoned Stab","hubris:SlightOfHand"],"picked":"A Thousand Cuts","floor":41.0},{"not_picked":["Flying Knee","ReplayTheSpireMod:Scrap Shanks","Concentrate+1"],"picked":"SKIP","floor":45.0},{"not_picked":["Underhanded Strike","Blur+1"],"picked":"Dodge and Roll","floor":48.0}],"player_experience":337061,"relics_obtained":[{"floor":6.0,"key":"Replay:PocketPolymizer"},{"floor":7.0,"key":"Tiny Chest"},{"floor":8.0,"key":"Replay:Mystery Machine"},{"floor":9.0,"key":"Toy Ornithopter"},{"floor":11.0,"key":"Replay:Bandana"},{"floor":14.0,"key":"Simple Rune"},{"floor":23.0,"key":"Replay:Bottled Flurry"},{"floor":25.0,"key":"Replay:Kaleidoscope"},{"floor":27.0,"key":"Vajra"},{"floor":28.0,"key":"Strawberry"},{"floor":30.0,"key":"hubris:PeanutButter"},{"floor":39.0,"key":"Unceasing Top"},{"floor":41.0,"key":"Ornamental Fan"},{"floor":43.0,"key":"Ancient Tea Set"},{"floor":46.0,"key":"Happy Flower"},{"floor":48.0,"key":"War Paint"}],"event_choices":[{"damage_healed":0.0,"max_hp_gain":0.0,"max_hp_loss":0.0,"gold_gain":50.0,"event_name":"Nest","player_choice":"Stole From Cult","floor":20.0,"gold_loss":0.0,"damage_taken":0.0},{"cards_removed":["Strike_G"],"damage_healed":0.0,"max_hp_gain":0.0,"max_hp_loss":0.0,"gold_gain":0.0,"event_name":"Beggar","player_choice":"Gave Gold","floor":22.0,"gold_loss":75.0,"damage_taken":0.0},{"damage_healed":0.0,"max_hp_gain":0.0,"max_hp_loss":0.0,"gold_gain":0.0,"event_name":"MindBloom","player_choice":"Fight","floor":39.0,"gold_loss":0.0,"damage_taken":0.0}],"is_beta":false,"boss_relics":[{"not_picked":["SacredBark","Ectoplasm"],"picked":"SlaversCollar"},{"not_picked":["Snecko Eye","Painkiller Herb"],"picked":"Tiny House"}],"items_purged_floors":[0,5,19,38,47],"is_endless":false,"potions_floor_spawned":[3,6,8,11,13,16,23,25,30,41],"ascension_level":17}}