{"host":"yrnalve8h0i0utgz","time":1612119891,"event":{"mods":["BaseMod","Bestiary","Minty Spire (QoL Compilation)","StSLib","SuperFastMode"],"gold_per_floor":[112,112,37,37,49,49,80,93,116,143,143,160,210,228,228,330,330,342,353,39,138,98,98,110,138,162,162,172,9,9,25,25,125,125,145,156,156,156,168,168,191,207,288,308,336,354,354,386,386,386],"floor_reached":51,"language":"ENG","playtime":2498,"items_purged":["Defend_P","Strike_P"],"score":837,"play_id":"5c15bf3a-3d20-422f-b7a4-d1fc1d360947","local_time":"20210131200451","is_ascension_mode":false,"campfire_choices":[{"data":"Eruption","floor":6.0,"key":"SMITH"},{"data":"Conclude","floor":11.0,"key":"SMITH"},{"data":"FollowUp","floor":15.0,"key":"SMITH"},{"data":"ThirdEye","floor":23.0,"key":"SMITH"},{"floor":27.0,"key":"REST"},{"data":"LessonLearned","floor":30.0,"key":"SMITH"},{"data":"Vigilance","floor":32.0,"key":"SMITH"},{"floor":40.0,"key":"REST"},{"floor":47.0,"key":"REST"},{"floor":49.0,"key":"REST"}],"circlet_count":0,"master_deck":["Strike_P+1","Strike_P+1","Strike_P+1","Defend_P+1","Defend_P+1","Defend_P","Eruption+1","Vigilance+1","ThirdEye+1","Consecrate+1","FollowUp+1","Conclude+1","Evaluate+1","LessonLearned+1","DeceiveReality+1","EmptyBody+1","SandsOfTime+1","ThirdEye+1","ConjureBlade+1","Protect+1","Adaptation+1"],"relics":["PureWater","NeowsBlessing","Omamori","GremlinMask","The Courier","PreservedInsect","StoneCalendar","Whetstone","Calling Bell","Ancient Tea Set","InkBottle","Dead Branch","Toy Ornithopter","Vajra","WingedGreaves","Pen Nib","Strange Spoon","Busted Crown","Strawberry","HornCleat","Ornamental Fan","Centennial Puzzle"],"acts_visited":["Exordium","TheCity","TheBeyond"],"potions_floor_usage":[50,50],"damage_taken":[{"damage":0.0,"enemies":"Cultist","floor":1.0,"turns":1.0},{"damage":0.0,"enemies":"2 Louse","floor":5.0,"turns":1.0},{"damage":0.0,"enemies":"Gremlin Nob","floor":7.0,"turns":1.0},{"damage":2.0,"enemies":"Small Slimes","floor":8.0,"turns":2.0},{"damage":9.0,"enemies":"3 Sentries","floor":10.0,"turns":6.0},{"damage":0.0,"enemies":"3 Louse","floor":12.0,"turns":1.0},{"damage":11.0,"enemies":"Large Slime","floor":14.0,"turns":4.0},{"damage":0.0,"enemies":"The Guardian","floor":16.0,"turns":8.0},{"damage":6.0,"enemies":"Shell Parasite","floor":18.0,"turns":5.0},{"damage":20.0,"enemies":"3 Byrds","floor":19.0,"turns":4.0},{"damage":0.0,"enemies":"Snake Plant","floor":24.0,"turns":4.0},{"damage":4.0,"enemies":"Book of Stabbing","floor":25.0,"turns":5.0},{"damage":3.0,"enemies":"3 Cultists","floor":28.0,"turns":3.0},{"damage":13.0,"enemies":"Centurion and Healer","floor":31.0,"turns":7.0},{"damage":33.0,"enemies":"Champ","floor":33.0,"turns":13.0},{"damage":10.0,"enemies":"Orb Walker","floor":35.0,"turns":5.0},{"damage":42.0,"enemies":"3 Shapes","floor":36.0,"turns":7.0},{"damage":3.0,"enemies":"Sphere and 2 Shapes","floor":39.0,"turns":4.0},{"damage":18.0,"enemies":"4 Shapes","floor":42.0,"turns":5.0},{"damage":8.0,"enemies":"Maw","floor":44.0,"turns":8.0},{"damage":1.0,"enemies":"Reptomancer","floor":45.0,"turns":3.0},{"damage":17.0,"enemies":"Writhing Mass","floor":46.0,"turns":5.0},{"damage":9.0,"enemies":"Giant Head","floor":48.0,"turns":7.0},{"damage":67,"enemies":"Donu and Deca","floor":50,"turns":10}],"seed_played":"1929947464860008017","potions_obtained":[{"floor":5.0,"key":"Energy Potion"},{"floor":7.0,"key":"Explosive Potion"},{"floor":8.0,"key":"Explosive Potion"},{"floor":14.0,"key":"EntropicBrew"},{"floor":19.0,"key":"SpeedPotion"},{"floor":22.0,"key":"AttackPotion"},{"floor":22.0,"key":"Block Potion"},{"floor":28.0,"key":"BottledMiracle"},{"floor":39.0,"key":"SpeedPotion"},{"floor":42.0,"key":"FearPotion"},{"floor":44.0,"key":"BlessingOfTheForge"},{"floor":48.0,"key":"Energy Potion"}],"is_trial":false,"path_per_floor":["M","?","$","?","M","R","E","M","T","E","R","M","T","M","R","B",null,"M","M","$","?","?","R","M","E","T","R","M","$","R","M","R","B",null,"M","M","?","?","M","R","T","M","T","M","E","M","R","E","R","B",null],"character_chosen":"WATCHER","items_purchased":["Toy Ornithopter","Vajra","Strange Spoon","Block Potion"],"campfire_rested":4,"item_purchase_floors":[20,20,29,29],"current_hp_per_floor":[72,69,69,69,69,69,69,67,67,58,58,58,58,47,47,47,72,66,46,46,46,46,46,51,52,52,72,69,69,69,56,56,33,72,62,20,38,38,35,56,63,45,45,42,51,34,57,48,71,14],"gold":386,"neow_bonus":"THREE_ENEMY_KILL","is_daily":false,"chose_seed":false,"campfire_upgraded":6,"win_rate":0.0,"timestamp":1612119891,"path_taken":["M","?","$","?","M","R","E","?","T","E","R","M","?","M","R","BOSS","M","M","$","?","?","R","?","E","T","R","M","$","R","M","R","BOSS","M","M","?","?","M","R","?","M","T","M","E","M","R","E","R","BOSS"],"items_purchased_type":["Relic","Relic","Relic","Potion"],"build_version":"2020-12-22","purchased_purges":2,"victory":true,"max_hp_per_floor":[72,72,72,72,72,72,72,72,72,72,72,72,72,72,72,72,72,72,72,72,72,72,72,72,72,72,72,72,72,72,72,72,72,72,72,72,72,72,72,72,79,79,79,79,79,79,79,79,79,79],"card_choices":[{"not_picked":["FlurryOfBlows","Swivel"],"picked":"ThirdEye","floor":1.0},{"not_picked":["FlurryOfBlows","FollowUp"],"picked":"Consecrate","floor":5.0},{"not_picked":["Brilliance","Swivel"],"picked":"FollowUp","floor":7.0},{"not_picked":["Consecrate","CrushJoints"],"picked":"Conclude","floor":8.0},{"not_picked":["FollowUp","PathToVictory","Fasting2"],"picked":"SKIP","floor":10.0},{"not_picked":["WaveOfTheHand","CrushJoints"],"picked":"Evaluate","floor":12.0},{"not_picked":["BowlingBash","FlyingSleeves","CutThroughFate"],"picked":"SKIP","floor":14.0},{"not_picked":["Blasphemy","Ragnarok"],"picked":"LessonLearned","floor":16.0},{"not_picked":["Worship","Consecrate+1","Meditate"],"picked":"SKIP","floor":18.0},{"not_picked":["ThirdEye","Worship"],"picked":"DeceiveReality+1","floor":19.0},{"not_picked":["WindmillStrike+1","Prostrate"],"picked":"EmptyBody+1","floor":24.0},{"not_picked":["Study","EmptyMind"],"picked":"SandsOfTime","floor":25.0},{"not_picked":["Crescendo","Prostrate+1"],"picked":"ThirdEye+1","floor":28.0},{"not_picked":["EmptyBody+1","FearNoEvil+1","Swivel"],"picked":"SKIP","floor":31.0},{"not_picked":["Judgement","LessonLearned"],"picked":"ConjureBlade","floor":33.0},{"not_picked":["WreathOfFlame+1"],"picked":"SKIP","floor":35.0},{"not_picked":["WreathOfFlame+1"],"picked":"SKIP","floor":35.0},{"not_picked":[],"picked":"Protect+1","floor":36.0},{"not_picked":["EmptyFist"],"picked":"SKIP","floor":39.0},{"not_picked":["Evaluate"],"picked":"SKIP","floor":42.0},{"not_picked":["BowlingBash+1"],"picked":"SKIP","floor":44.0},{"not_picked":["WindmillStrike"],"picked":"SKIP","floor":45.0},{"not_picked":["Vengeance"],"picked":"SKIP","floor":46.0},{"not_picked":[],"picked":"Adaptation+1","floor":48.0}],"player_experience":263145,"relics_obtained":[{"floor":7.0,"key":"The Courier"},{"floor":9.0,"key":"PreservedInsect"},{"floor":10.0,"key":"StoneCalendar"},{"floor":13.0,"key":"Whetstone"},{"floor":17.0,"key":"Ancient Tea Set"},{"floor":17.0,"key":"InkBottle"},{"floor":17.0,"key":"Dead Branch"},{"floor":25.0,"key":"WingedGreaves"},{"floor":26.0,"key":"Pen Nib"},{"floor":41.0,"key":"Strawberry"},{"floor":43.0,"key":"HornCleat"},{"floor":45.0,"key":"Ornamental Fan"},{"floor":48.0,"key":"Centennial Puzzle"}],"event_choices":[{"damage_healed":0.0,"max_hp_gain":0.0,"max_hp_loss":0.0,"gold_gain":0.0,"event_name":"Scrap Ooze","player_choice":"Success","floor":2.0,"gold_loss":0.0,"damage_taken":3.0,"relics_obtained":["Omamori"]},{"damage_healed":0.0,"max_hp_gain":0.0,"max_hp_loss":0.0,"gold_gain":0.0,"event_name":"FaceTrader","player_choice":"Trade","floor":4.0,"gold_loss":0.0,"damage_taken":0.0,"relics_obtained":["GremlinMask"]},{"damage_healed":0.0,"max_hp_gain":0.0,"max_hp_loss":0.0,"gold_gain":99.0,"event_name":"Nest","player_choice":"Stole From Cult","floor":21.0,"gold_loss":0.0,"damage_taken":0.0},{"damage_healed":0.0,"max_hp_gain":0.0,"max_hp_loss":0.0,"gold_gain":0.0,"event_name":"The Woman in Blue","player_choice":"Bought 3 Potions","floor":22.0,"gold_loss":0.0,"damage_taken":0.0},{"damage_healed":18.0,"max_hp_gain":0.0,"max_hp_loss":0.0,"gold_gain":0.0,"event_name":"Winding Halls","player_choice":"Writhe","floor":37.0,"gold_loss":0.0,"damage_taken":0.0,"cards_obtained":["Writhe"]},{"damage_healed":0.0,"max_hp_gain":0.0,"max_hp_loss":0.0,"gold_gain":0.0,"event_name":"SensoryStone","player_choice":"Memory 1","floor":38.0,"gold_loss":0.0,"damage_taken":0.0}],"is_beta":false,"boss_relics":[{"not_picked":["Runic Dome","Runic Pyramid"],"picked":"Calling Bell"},{"not_picked":["Coffee Dripper","Tiny House"],"picked":"Busted Crown"}],"items_purged_floors":[3,20],"is_endless":false,"potions_floor_spawned":[5,7,8,14,19,28,39,42,44,48],"ascension_level":0}}