{"host":"syozzdlzcqop4jia","time":1612064340,"event":{"mods":["BaseMod","Colored Map","Colored Powertips","Minty Spire (QoL Compilation)","Quick Restart"],"gold_per_floor":[11,23,34,34,34,67,87,15,15,15,31,31,60,60,60,162,162,177,177,195,33,33,33,51,51,77,93,108,108,108],"floor_reached":29,"language":"ENG","playtime":1548,"items_purged":[],"score":284,"play_id":"9703a975-e991-46af-81b7-f645266329ea","local_time":"20210131043900","is_ascension_mode":true,"campfire_choices":[{"data":"Perfected Strike","floor":10,"key":"SMITH"},{"data":"Demon Form","floor":15,"key":"SMITH"},{"floor":23,"key":"REST"},{"floor":25,"key":"REST"}],"circlet_count":0,"master_deck":["Strike_R","Strike_R","Strike_R","Strike_R","Defend_R","Defend_R","Defend_R","Defend_R","Bash","Shrug It Off","Juggernaut+1","Cleave","Armaments","Perfected Strike+1","Rage","Inflame","Demon Form+1","Feed","Infernal Blade+1","Pommel Strike","The Bomb","Offering","Ghostly Armor","Feed"],"relics":["Burning Blood","Kunai","Mummified Hand","Odd Mushroom","Black Star","Nloth\u0027s Gift","Tiny Chest"],"acts_visited":["Exordium","TheCity"],"potions_floor_usage":[13,13,29],"damage_taken":[{"damage":6,"enemies":"Cultist","floor":1,"turns":3},{"damage":0,"enemies":"2 Louse","floor":2,"turns":3},{"damage":2,"enemies":"Jaw Worm","floor":3,"turns":5},{"damage":13,"enemies":"3 Sentries","floor":6,"turns":6},{"damage":2,"enemies":"Looter","floor":7,"turns":4},{"damage":6,"enemies":"3 Louse","floor":11,"turns":3},{"damage":18,"enemies":"The Mushroom Lair","floor":13,"turns":5},{"damage":57,"enemies":"Hexaghost","floor":16,"turns":8},{"damage":28,"enemies":"Spheric Guardian","floor":18,"turns":6},{"damage":38,"enemies":"2 Thieves","floor":20,"turns":4},{"damage":35,"enemies":"Snake Plant","floor":24,"turns":3},{"damage":21,"enemies":"Snecko","floor":27,"turns":4},{"damage":31,"enemies":"Cultist and Chosen","floor":28,"turns":5},{"damage":30,"enemies":"Shelled Parasite and Fungi","floor":29,"turns":8}],"seed_played":"-4621977412302150062","potions_obtained":[{"floor":1,"key":"Strength Potion"},{"floor":3,"key":"Regen Potion"},{"floor":6,"key":"Block Potion"},{"floor":20,"key":"Strength Potion"},{"floor":27,"key":"EssenceOfSteel"}],"is_trial":false,"path_per_floor":["M","M","M","?","?","E","M","$","T","R","M","?","?","?","R","B",null,"M","?","M","$","?","R","M","R","T","M","M","M"],"character_chosen":"IRONCLAD","items_purchased":["Rage","The Bomb"],"campfire_rested":2,"item_purchase_floors":[8,21],"current_hp_per_floor":[96,96,96,96,93,86,90,90,90,90,90,83,83,83,83,32,96,74,55,23,23,23,53,24,54,54,39,14,0,0],"gold":108,"neow_bonus":"TWENTY_PERCENT_HP_BONUS","is_daily":false,"chose_seed":false,"campfire_upgraded":2,"win_rate":0.0,"timestamp":1612064340,"path_taken":["M","M","M","?","?","E","M","?","T","R","M","?","?","?","R","BOSS","M","?","M","$","?","R","M","R","T","M","?","M"],"items_purchased_type":["Card","Card"],"build_version":"2020-12-22","purchased_purges":0,"victory":false,"max_hp_per_floor":[96,96,96,96,96,96,96,96,96,96,96,96,96,96,96,96,96,96,101,101,101,101,101,101,101,101,101,101,104,104],"card_choices":[{"not_picked":["Feel No Pain","Body Slam"],"picked":"Shrug It Off","floor":1},{"not_picked":["Clash","Sever Soul"],"picked":"Juggernaut","floor":2},{"not_picked":["Sword Boomerang","Flex"],"picked":"Cleave","floor":3},{"not_picked":["Rupture","Clash"],"picked":"Armaments","floor":6},{"not_picked":["Bloodletting","Flex"],"picked":"Perfected Strike","floor":7},{"not_picked":["Anger","Pommel Strike"],"picked":"Inflame","floor":11},{"not_picked":["Shrug It Off","Armaments"],"picked":"Demon Form","floor":13},{"not_picked":["Barricade","Reaper"],"picked":"Feed","floor":16},{"not_picked":["Searing Blow+1","Cleave"],"picked":"Infernal Blade+1","floor":18},{"not_picked":["Dark Embrace","Havoc"],"picked":"Pommel Strike","floor":20},{"not_picked":["Spot Weakness","Burning Pact+1"],"picked":"Offering","floor":24},{"not_picked":["Twin Strike","Sword Boomerang"],"picked":"Ghostly Armor","floor":27},{"not_picked":["Flex+1","Headbutt"],"picked":"Feed","floor":28}],"player_experience":455929,"relics_obtained":[{"floor":6,"key":"Kunai"},{"floor":9,"key":"Mummified Hand"},{"floor":13,"key":"Odd Mushroom"},{"floor":26,"key":"Tiny Chest"}],"event_choices":[{"damage_healed":0,"gold_gain":0,"player_choice":"Grow","damage_taken":0,"max_hp_gain":0,"max_hp_loss":0,"event_name":"Living Wall","floor":4,"gold_loss":0,"cards_upgraded":["Juggernaut"]},{"damage_healed":0,"gold_gain":0,"player_choice":"Success","damage_taken":3,"relics_obtained":["Oddly Smooth Stone"],"max_hp_gain":0,"max_hp_loss":0,"event_name":"Scrap Ooze","floor":5,"gold_loss":0},{"cards_removed":["Strike_R"],"damage_healed":0,"gold_gain":0,"player_choice":"Card Removal","damage_taken":7,"max_hp_gain":0,"max_hp_loss":0,"event_name":"Golden Wing","floor":12,"gold_loss":0},{"damage_healed":0,"gold_gain":0,"player_choice":"Fought Mushrooms","damage_taken":0,"max_hp_gain":0,"max_hp_loss":0,"event_name":"Mushrooms","floor":13,"gold_loss":0},{"damage_healed":0,"gold_gain":0,"player_choice":"Ignored","damage_taken":0,"max_hp_gain":0,"max_hp_loss":0,"event_name":"Golden Idol","floor":14,"gold_loss":0},{"damage_healed":0,"gold_gain":0,"player_choice":"Shed Blood","damage_taken":24,"max_hp_gain":5,"max_hp_loss":0,"event_name":"Forgotten Altar","floor":19,"gold_loss":0},{"damage_healed":0,"gold_gain":0,"player_choice":"Traded Relic","damage_taken":0,"relics_obtained":["Nloth\u0027s Gift"],"max_hp_gain":0,"max_hp_loss":0,"event_name":"N\u0027loth","floor":22,"relics_lost":["Oddly Smooth Stone"],"gold_loss":0}],"is_beta":false,"boss_relics":[{"not_picked":["Runic Pyramid","Tiny House"],"picked":"Black Star"}],"items_purged_floors":[],"is_endless":false,"potions_floor_spawned":[1,3,6,20,27,28],"killed_by":"Shelled Parasite and Fungi","ascension_level":3}}