{"host":"qekv59dthhdg54sz","time":1612072835,"event":{"mods":["AchievementEnabler","BaseMod","Colored Map","DeckTracker","KOR Keyword Fix","Minty Spire (QoL Compilation)","Rare Cards Sparkle","StSLib","SuperFastMode"],"gold_per_floor":[116,135,185,196,196,196,196,209,257,332,26,38,38,53,53,53,53],"floor_reached":16,"language":"KOR","playtime":273,"items_purged":[],"score":179,"play_id":"e74ee4df-80c4-4942-ace0-d07b025302fa","local_time":"20210131150035","is_ascension_mode":true,"campfire_choices":[{"data":"Bash","floor":6.0,"key":"SMITH"},{"data":"Spot Weakness","floor":13.0,"key":"SMITH"},{"floor":15.0,"key":"REST"}],"circlet_count":0,"master_deck":["AscendersBane","Strike_R","Strike_R","Strike_R","Strike_R","Defend_R","Defend_R","Defend_R","Bash+1","Burning Pact","Sever Soul","Shrug It Off","Spot Weakness+1","Flash of Steel","Evolve","Dropkick"],"relics":["Burning Blood","NeowsBlessing","Tiny Chest","Membership Card","Bag of Preparation"],"acts_visited":["Exordium"],"potions_floor_usage":[16],"damage_taken":[{"damage":0.0,"enemies":"Cultist","floor":1.0,"turns":1.0},{"damage":0.0,"enemies":"Small Slimes","floor":2.0,"turns":1.0},{"damage":0.0,"enemies":"2 Louse","floor":4.0,"turns":1.0},{"damage":21.0,"enemies":"Lots of Slimes","floor":8.0,"turns":6.0},{"damage":12.0,"enemies":"2 Fungi Beasts","floor":12.0,"turns":4.0},{"damage":44.0,"enemies":"Exordium Wildlife","floor":14.0,"turns":5.0},{"damage":26,"enemies":"The Guardian","floor":16,"turns":12}],"seed_played":"1570577558192091332","potions_obtained":[{"floor":1.0,"key":"SkillPotion"},{"floor":2.0,"key":"Regen Potion"},{"floor":14.0,"key":"Block Potion"}],"is_trial":false,"path_per_floor":["M","M","?","M","?","R","?","M","T","?","$","M","R","M","R","B"],"character_chosen":"IRONCLAD","items_purchased":["Membership Card","Flash of Steel","Bag of Preparation"],"campfire_rested":1,"item_purchase_floors":[11,11,11],"current_hp_per_floor":[74,75,75,75,68,68,68,53,53,42,42,36,36,10,32,6,6],"gold":53,"neow_bonus":"THREE_ENEMY_KILL","is_daily":false,"chose_seed":false,"campfire_upgraded":2,"win_rate":0.0,"timestamp":1612072835,"path_taken":["M","M","?","?","?","R","?","?","T","?","?","M","R","M","R","BOSS"],"items_purchased_type":["Relic","Card","Relic"],"build_version":"2020-12-22","purchased_purges":0,"victory":false,"max_hp_per_floor":[75,75,75,75,75,75,75,75,75,75,75,75,75,75,75,75,75],"card_choices":[{"not_picked":["Havoc","Clash"],"picked":"Burning Pact","floor":1.0},{"not_picked":["Rupture","Feel No Pain"],"picked":"Sever Soul","floor":2.0},{"not_picked":["True Grit","Flex"],"picked":"Shrug It Off","floor":4.0},{"not_picked":["Feel No Pain","Cleave"],"picked":"Spot Weakness","floor":8.0},{"not_picked":["Searing Blow","Combust"],"picked":"Evolve","floor":12.0},{"not_picked":["Twin Strike","Burning Pact"],"picked":"Dropkick","floor":14.0}],"player_experience":877246,"relics_obtained":[{"floor":9.0,"key":"Tiny Chest"}],"event_choices":[{"damage_healed":0.0,"max_hp_gain":0.0,"max_hp_loss":0.0,"gold_gain":50.0,"event_name":"Golden Shrine","player_choice":"Pray","floor":3.0,"gold_loss":0.0,"damage_taken":0.0},{"cards_removed":["Strike_R"],"damage_healed":0.0,"max_hp_gain":0.0,"max_hp_loss":0.0,"gold_gain":0.0,"event_name":"Golden Wing","player_choice":"Card Removal","floor":5.0,"gold_loss":0.0,"damage_taken":7.0},{"cards_removed":["Defend_R"],"damage_healed":0.0,"max_hp_gain":0.0,"max_hp_loss":0.0,"gold_gain":0.0,"event_name":"Purifier","player_choice":"Purged","floor":7.0,"gold_loss":0.0,"damage_taken":0.0},{"damage_healed":0.0,"max_hp_gain":0.0,"max_hp_loss":0.0,"gold_gain":75.0,"event_name":"World of Goop","player_choice":"Gather Gold","floor":10.0,"gold_loss":0.0,"damage_taken":11.0}],"is_beta":false,"boss_relics":[],"items_purged_floors":[],"is_endless":false,"potions_floor_spawned":[1,2,8,14],"killed_by":"The Guardian","ascension_level":19}}