{"host":"f0gpob8hq9vgebej","time":1612074721,"event":{"mods":["AchievementEnabler","BaseMod","Minty Spire (QoL Compilation)","Quick Restart","SuperFastMode"],"gold_per_floor":[114,134,147,147,157,171,171,200,125,125,125,153,164,181,181,181,281,281,299,299,299],"floor_reached":20,"language":"KOR","playtime":487,"items_purged":["Strike_P"],"score":242,"play_id":"3ffc21a8-b8a0-41a8-85b0-45dd227c085a","local_time":"20210131153201","is_ascension_mode":true,"campfire_choices":[{"data":"Eruption","floor":7.0,"key":"SMITH"},{"floor":11.0,"key":"REST"},{"floor":16,"key":"REST"}],"circlet_count":0,"master_deck":["Strike_P","Strike_P","Defend_P","Defend_P","Defend_P","Eruption+1","Vigilance","Judgement","ClearTheMind","Tantrum","InnerPeace","FearNoEvil","Conclude","Meditate","Ragnarok"],"relics":["PureWater","Nunchaku","Question Card","The Courier","Empty Cage"],"acts_visited":["Exordium","TheCity"],"potions_floor_usage":[17,17,20],"damage_taken":[{"damage":0.0,"enemies":"Cultist","floor":1.0,"turns":2.0},{"damage":0.0,"enemies":"2 Louse","floor":2.0,"turns":1.0},{"damage":2.0,"enemies":"Jaw Worm","floor":3.0,"turns":3.0},{"damage":8.0,"enemies":"Lots of Slimes","floor":5.0,"turns":3.0},{"damage":8.0,"enemies":"3 Louse","floor":6.0,"turns":3.0},{"damage":30.0,"enemies":"Gremlin Nob","floor":8.0,"turns":4.0},{"damage":22,"enemies":"Lagavulin","floor":12,"turns":5},{"damage":0,"enemies":"Looter","floor":13,"turns":1},{"damage":6,"enemies":"Exordium Thugs","floor":14,"turns":3},{"damage":28,"enemies":"The Guardian","floor":17,"turns":17},{"damage":32,"enemies":"Shell Parasite","floor":19,"turns":7},{"damage":0,"enemies":"Masked Bandits","floor":20,"turns":1}],"seed_played":"-3241472033132381615","potions_obtained":[{"floor":5.0,"key":"StancePotion"},{"floor":12,"key":"FearPotion"},{"floor":13,"key":"PowerPotion"},{"floor":14,"key":"Ambrosia"},{"floor":17,"key":"FearPotion"}],"is_trial":false,"path_per_floor":["M","M","M","M","M","M","R","E","$","T","R","E","M","M","?","R","B",null,"M","?"],"character_chosen":"WATCHER","items_purchased":[],"campfire_rested":2,"item_purchase_floors":[],"current_hp_per_floor":[65,65,63,63,55,47,47,17,17,17,38,16,16,10,15,38,10,60,28,28,28],"gold":299,"neow_bonus":"ONE_RANDOM_RARE_CARD","is_daily":false,"chose_seed":false,"campfire_upgraded":1,"win_rate":0.0,"timestamp":1612074721,"path_taken":["M","M","M","M","M","?","R","E","$","T","R","E","M","M","?","R","BOSS","M","?"],"items_purchased_type":[],"build_version":"2020-12-22","purchased_purges":1,"victory":false,"max_hp_per_floor":[72,72,72,72,72,72,72,72,72,72,72,72,72,72,77,77,77,77,77,77,77],"card_choices":[{"not_picked":["CutThroughFate","Halt"],"picked":"ClearTheMind","floor":1.0},{"not_picked":["PathToVictory","Evaluate","ThirdEye"],"picked":"SKIP","floor":2.0},{"not_picked":["EmptyBody","SignatureMove"],"picked":"Tantrum","floor":3.0},{"not_picked":["Tantrum","WheelKick"],"picked":"InnerPeace","floor":5.0},{"not_picked":["PathToVictory","Weave","Protect"],"picked":"SKIP","floor":6.0},{"not_picked":["Evaluate","FollowUp"],"picked":"FearNoEvil","floor":8.0},{"not_picked":["MasterReality","ForeignInfluence","WaveOfTheHand"],"picked":"Conclude","floor":12},{"not_picked":["Crescendo","EmptyFist","CrushJoints"],"picked":"Meditate","floor":13},{"not_picked":["Prostrate","SashWhip","Evaluate","Swivel"],"picked":"SKIP","floor":14},{"not_picked":["SpiritShield","DevaForm","Omniscience"],"picked":"Ragnarok","floor":17},{"not_picked":["FollowUp","Protect","Consecrate","CutThroughFate"],"picked":"SKIP","floor":19}],"player_experience":306439,"relics_obtained":[{"floor":8.0,"key":"Nunchaku"},{"floor":10.0,"key":"Question Card"},{"floor":12,"key":"The Courier"}],"event_choices":[{"damage_healed":0,"gold_gain":0,"player_choice":"Donut","damage_taken":0,"max_hp_gain":5,"max_hp_loss":0,"event_name":"Big Fish","floor":15,"gold_loss":0},{"damage_healed":0,"gold_gain":0,"player_choice":"Fought Bandits","damage_taken":0,"max_hp_gain":0,"max_hp_loss":0,"event_name":"Masked Bandits","floor":20,"gold_loss":0}],"is_beta":false,"boss_relics":[{"not_picked":["Cursed Key","Runic Dome"],"picked":"Empty Cage"}],"items_purged_floors":[9],"is_endless":false,"potions_floor_spawned":[5,12,13,14,17],"killed_by":"Masked Bandits","ascension_level":6}}