{"host":"vf63mcydhpkptnpw","time":1612120890,"event":{"mods":["BaseMod","Downfall","Minty Spire (QoL Compilation)","StSLib"],"gold_per_floor":[99,114,132,132,144,159,159,59,59,8,8,68,53,53,73,168,168,68,87,87,87,97,116,171,171,182,196,212,224,224,224,224,224,224],"floor_reached":32,"language":"ENG","playtime":1731,"items_purged":[],"score":284,"play_id":"dea37ec3-a74c-42e2-b5cd-0335557c6889","local_time":"20210131202130","is_ascension_mode":false,"campfire_choices":[{"floor":1,"key":"RECALL"},{"data":"Flash of Steel","floor":8,"key":"SMITH"},{"data":"hexamod:ExtraCrispy","floor":18,"key":"SMITH"}],"circlet_count":0,"master_deck":["hexamod:Defend","hexamod:Defend","hexamod:Defend","hexamod:Sear","hexamod:Float","Flash of Steel+1","hexamod:ExtraCrispy+1","hexamod:FastForward","hexamod:GhostOfSpireFuture","hexamod:ForkedFlame+1","hexamod:EmpoweredFlame","hexamod:HeatMetal+1","hexamod:Firestarter+1","Parasite","hexamod:InspiringFlames","hexamod:WildfireWeapon","hexamod:ExtraCrispy+1","hexamod:DynamicBlow+1","hexamod:HeatCrush+1","downfall:Bewildered","hexamod:SoulSteal","hexamod:FlamesFromBeyond","hexamod:FlamesFromBeyond","Bite+1","Bite+1","Bite+1","Bite+1","Bite+1"],"relics":["hexamod:SpiritBrand","downfall:HeartBlessingBlue","Molten Egg 2","Ornamental Fan","hexamod:IceCube","downfall:HeartBlessingRed","downfall:RedIOU","Orichalcum","sneckomod:BabySnecko"],"acts_visited":["Exordium","TheCity"],"potions_floor_usage":[16,26,26],"damage_taken":[{"damage":0,"enemies":"2 Louse","floor":2,"turns":3},{"damage":0,"enemies":"Cultist","floor":3,"turns":4},{"damage":5,"enemies":"Small Slimes","floor":5,"turns":3},{"damage":9,"enemies":"3 Louse","floor":6,"turns":5},{"damage":0,"enemies":"downfall:FleeingMerchant","floor":10,"turns":4},{"damage":12,"enemies":"Gremlin Nob","floor":12,"turns":4},{"damage":0,"enemies":"downfall:FleeingMerchant","floor":13,"turns":4},{"damage":5,"enemies":"Blue Slaver","floor":15,"turns":3},{"damage":9,"enemies":"SI_SHIV_ARCHETYPE","floor":16,"turns":6},{"damage":7,"enemies":"Shell Parasite","floor":19,"turns":4},{"damage":5,"enemies":"Chosen","floor":22,"turns":4},{"damage":10,"enemies":"Sentry and Sphere","floor":23,"turns":5},{"damage":22,"enemies":"Centurion and Healer","floor":26,"turns":4},{"damage":17,"enemies":"Snake Plant","floor":27,"turns":4},{"damage":9,"enemies":"Cultist and Chosen","floor":28,"turns":5},{"damage":3,"enemies":"Centurion and Healer","floor":29,"turns":4},{"damage":9,"enemies":"Chosen and Byrds","floor":32,"turns":1}],"seed_played":"-8697281762441451033","potions_obtained":[{"floor":5,"key":"Swift Potion"},{"floor":6,"key":"hexamod:DoubleChargePotion"},{"floor":12,"key":"Block Potion"},{"floor":15,"key":"BlessingOfTheForge"},{"floor":19,"key":"Guardian:BlockOnCardUsePotion"},{"floor":23,"key":"Energy Potion"},{"floor":28,"key":"hexamod:EctoCoolerPotion"},{"floor":29,"key":"Energy Potion"}],"is_trial":false,"path_per_floor":["R","M","M","?","M","M","T","R","T","$","?","?","$","?","M","B",null,"R","M","?","?","M","M","T","?","M","M","M","M","?","?","M"],"character_chosen":"THE_SPIRIT","items_purchased":["hexamod:EmpoweredFlame"],"campfire_rested":0,"item_purchase_floors":[10],"current_hp_per_floor":[70,70,70,70,65,56,56,66,66,66,59,47,47,67,62,53,80,80,73,73,73,68,58,58,58,36,19,10,7,7,7,0,0,0],"gold":224,"neow_bonus":"RANDOM_COLORLESS","is_daily":false,"chose_seed":false,"campfire_upgraded":2,"win_rate":0.0,"timestamp":1612120890,"path_taken":["R","M","M","?","?","M","T","R","?","$","?","?","$","?","M","BOSS","R","M","?","?","M","M","T","?","?","M","M","?","?","?","M"],"items_purchased_type":["Card"],"build_version":"2020-12-22","purchased_purges":0,"victory":false,"max_hp_per_floor":[70,70,70,70,70,70,70,80,80,80,80,80,80,80,80,80,80,80,80,80,80,80,80,80,80,80,80,80,80,80,56,56,56,56],"card_choices":[{"not_picked":["Purity","Mind Blast"],"picked":"Flash of Steel","floor":0},{"not_picked":["hexamod:FlamesFromBeyond","hexamod:AdvancingGuard"],"picked":"hexamod:ExtraCrispy","floor":2},{"not_picked":["hexamod:FourthSeal","hexamod:Hexaguard"],"picked":"hexamod:FastForward","floor":3},{"not_picked":["hexamod:ThermalTransfer","hexamod:BurningTouch"],"picked":"hexamod:GhostOfSpireFuture","floor":5},{"not_picked":["hexamod:GhostLash","hexamod:SecondSeal","hexamod:UnleashSpirits"],"picked":"SKIP","floor":6},{"not_picked":["hexamod:GhostOfSpirePast","hexamod:BacktrackSmack+1"],"picked":"hexamod:ForkedFlame+1","floor":10},{"not_picked":["hexamod:ThirdSeal","hexamod:SkipABeat"],"picked":"hexamod:HeatMetal+1","floor":12},{"not_picked":["hexamod:HeatMetal+1","hexamod:GhostOfSpirePresent"],"picked":"hexamod:Firestarter+1","floor":13},{"not_picked":["hexamod:GhostLash+1","hexamod:ThirdSeal"],"picked":"hexamod:InspiringFlames","floor":15},{"not_picked":["hexamod:GiftsFromTheDead","hexamod:TurnItUp"],"picked":"hexamod:WildfireWeapon","floor":16},{"not_picked":["hexamod:Hexaguard","hexamod:AdvancingGuard"],"picked":"hexamod:ExtraCrispy+1","floor":19},{"not_picked":["hexamod:AdvancingGuard","hexamod:Hexaguard","hexamod:RecurringNightmare"],"picked":"SKIP","floor":22},{"not_picked":["hexamod:ChargedBarrage","hexamod:CatchUp"],"picked":"hexamod:HeatCrush+1","floor":23},{"not_picked":["hexamod:SpectralAdrenaline","hexamod:ChargedBarrage","hexamod:Haunt"],"picked":"SKIP","floor":26},{"not_picked":["hexamod:FastForward","hexamod:CatchUp"],"picked":"hexamod:SoulSteal","floor":27},{"not_picked":["hexamod:NightmareGuise","hexamod:ChargedBarrage"],"picked":"hexamod:FlamesFromBeyond","floor":28},{"not_picked":["hexamod:AdvancingGuard","hexamod:RadiantFlame"],"picked":"hexamod:FlamesFromBeyond","floor":29}],"player_experience":286086,"relics_obtained":[{"floor":9,"key":"Molten Egg 2"},{"floor":12,"key":"Dream Catcher"},{"floor":24,"key":"Orichalcum"}],"event_choices":[{"damage_healed":0,"gold_gain":0,"player_choice":"Success","damage_taken":7,"relics_obtained":["Ornamental Fan"],"max_hp_gain":0,"max_hp_loss":0,"event_name":"Scrap Ooze","floor":11,"gold_loss":0},{"damage_healed":20,"gold_gain":0,"player_choice":"Healed and dodged fight","damage_taken":0,"max_hp_gain":0,"max_hp_loss":0,"event_name":"Mushrooms","floor":14,"gold_loss":0,"cards_obtained":["Parasite"]},{"damage_healed":0,"gold_gain":0,"player_choice":"Read","damage_taken":0,"max_hp_gain":0,"max_hp_loss":0,"event_name":"The Library","floor":21,"gold_loss":0,"cards_obtained":["hexamod:DynamicBlow"]},{"damage_healed":0,"gold_gain":0,"player_choice":"Became a vampire","damage_taken":0,"max_hp_gain":0,"max_hp_loss":24,"event_name":"Vampires","floor":31,"gold_loss":0,"cards_obtained":["Bite","Bite","Bite","Bite","Bite"]}],"is_beta":false,"boss_relics":[{"not_picked":["hexamod:UnbrokenSoul","Runic Dome"],"picked":"hexamod:IceCube"}],"items_purged_floors":[],"is_endless":false,"potions_floor_spawned":[5,6,12,15,19,23,28,29],"killed_by":"Chosen and Byrds","ascension_level":0}}