{"host":"b2j09bgckbzjrujr","time":1612078209,"event":{"mods":["AchievementEnabler","Aspiration","BaseMod","Colored Map","Colored Powertips","Conspire","Friendly Minions","Infinite Spire","Marisa£®ÏF”Í°°ƒß¿Ì…≥£©","Minty Spire (QoL Compilation)","Quick Restart","Rare Cards Sparkle","Reimu£®≤©¿ˆ¡È√Œ£©","Remilia£®¿Ÿ√◊¿Ú—«£©","Replay The Spire","Shop Mod","StSLib","SuperFastMode","TestMod","The Cursed","The Jungle","The Servant 0.9.4","Waifu the Spire","Youmu£®ªÍ∆«—˝√Œ£©","Yuyuko"],"gold_per_floor":[116,116,116,116,126,126,157,157,229,261,275,290,290,306,306,411,411,428,778,805,74,103,150,175,175,175,225,225,170,192,265,265,433,433,518,541,541,580,580,636,636],"floor_reached":40,"language":"ZHS","playtime":2080,"items_purged":[],"score":843,"play_id":"59d9e5f7-6c94-49ec-9572-c01f40a5473c","local_time":"20210131153009","is_ascension_mode":true,"campfire_choices":[{"data":"HalloweenModTrick","floor":6.0,"key":"SMITH"},{"data":"HalloweenModGhostCostume","floor":8.0,"key":"SMITH"},{"floor":15.0,"key":"REST"},{"data":"HalloweenModCandy","floor":25.0,"key":"SMITH"},{"data":"HalloweenModCandy","floor":32.0,"key":"SMITH"}],"circlet_count":2,"master_deck":["Strike_R","Strike_R","Strike_R","Strike_R+1","Strike_R+1","Defend_R","Defend_R","Defend_R","Defend_R","Bash","HalloweenModCandy+1","HalloweenModTrick+1","HalloweenModGhostCostume+1","HalloweenModTrick+1","HalloweenModTrick+1","HalloweenModCandy","Doubt","Replay:Sluggish","infinitespire:Starlight","HalloweenModCandy+1","HalloweenModCandy+1","HalloweenModTrick+1","Looming Evil","Parasite","conspire:NecroticWound","HalloweenModTrick+1","TheCursedMod:Dregs","HalloweenModTrick+1","HalloweenModTrick+1","HalloweenModGhostCostume+1","HalloweenModGhostCostume+1","Greed_TH","Injury","HalloweenModTrick+1","Envy_TH","HalloweenModTrick+1","Envy_TH","Replay:Sluggish","Replay:Hysterical Blindness","CommonCold"],"relics":["testmod-TestBox","aspiration:WatcherSkillbook","HalloweenModHalloween","Blue Candle","Ornamental Fan","Replay:Bottled Eggs","Pet Ghost","testmod-DeterminationOfClimber","Ring of Greed","ReplayTheSpireMod:Ring of Collecting","Old Coin","infinitespire:Midas Blood","ReplayTheSpireMod:Ring of Challenge","Pocketwatch","Circlet","Ring of Hypnosis","Champion Belt","Whetstone","Toxic Egg 2","Replay:Accelerometer","testmod-SaigiyounoYou","Replay:Wax Seal"],"acts_visited":["TheCity","TheBeyond"],"potions_floor_usage":[],"damage_taken":[{"damage":16.0,"enemies":"conspire:RoseBush","floor":1.0,"turns":2.0},{"damage":0.0,"enemies":"Cultist","floor":5.0,"turns":3.0},{"damage":46.0,"enemies":"Gremlin Nob","floor":7.0,"turns":5.0},{"damage":21.0,"enemies":"3 Sentries","floor":10.0,"turns":9.0},{"damage":2.0,"enemies":"2 Louse","floor":11.0,"turns":1.0},{"damage":5.0,"enemies":"Blue Slaver","floor":12.0,"turns":4.0},{"damage":1.0,"enemies":"Exordium Wildlife","floor":14.0,"turns":2.0},{"damage":62.0,"enemies":"The Guardian","floor":16.0,"turns":7.0},{"damage":10.0,"enemies":"3 Byrds","floor":18.0,"turns":4.0},{"damage":9.0,"enemies":"Shell Parasite","floor":22.0,"turns":2.0},{"damage":4.0,"enemies":"Replay:Snechameleon","floor":23.0,"turns":1.0},{"damage":2.0,"enemies":"Shelled Parasite and Fungi","floor":24.0,"turns":1.0},{"damage":6.0,"enemies":"conspire:MimicChest","floor":27.0,"turns":3.0},{"damage":7.0,"enemies":"conspire:HollyBat","floor":29.0,"turns":4.0},{"damage":3.0,"enemies":"Snecko","floor":30.0,"turns":2.0},{"damage":30.0,"enemies":"Nightmare","floor":31.0,"turns":5.0},{"damage":7.0,"enemies":"Collector","floor":33.0,"turns":1.0},{"damage":57.0,"enemies":"3 Shapes","floor":35.0,"turns":3.0},{"damage":15.0,"enemies":"3 Darklings","floor":36.0,"turns":2.0},{"damage":5.0,"enemies":"Writhing Mass","floor":38.0,"turns":1.0},{"damage":107,"enemies":"Nightmare","floor":40,"turns":7}],"seed_played":"8513868460029280128","potions_obtained":[{"floor":1.0,"key":"BlessingOfTheForge"},{"floor":11.0,"key":"MagicPotion:ReiMu"},{"floor":12.0,"key":"Death Potion"},{"floor":22.0,"key":"ZuzhouPotion:ReiMu"},{"floor":23.0,"key":"LifebloodPotion"},{"floor":24.0,"key":"Fire Potion"},{"floor":37.0,"key":"conspire:TimeTravelPotion"}],"is_trial":false,"path_per_floor":["M","$","?","?","M","R","E","R","T","E","M","M","?","M","R","B",null,"M","?","T","$","M","E","M","R","T","?","AVR","M","M","NM","R","B",null,"M","M","?","M","AVR","NM"],"character_chosen":"IRONCLAD","items_purchased":["Pocketwatch","Circlet"],"campfire_rested":1,"item_purchase_floors":[21,21],"current_hp_per_floor":[64,64,64,64,68,68,26,26,26,13,11,14,14,27,51,23,80,80,80,80,80,80,80,80,80,80,80,80,80,80,72,72,80,80,52,69,69,80,80,0,0],"gold":636,"neow_bonus":"BOSS_RELIC","is_daily":false,"chose_seed":false,"campfire_upgraded":4,"win_rate":0.0,"timestamp":1612078209,"path_taken":["M","$","?","?","?","R","E","R","T","E","M","M","?","M","R","BOSS","M","?","?","$","M","E","M","R","T","?","AVR","?","M","NM","R","BOSS","M","?","?","M","AVR","NM"],"items_purchased_type":["Relic","Undefined"],"build_version":"2020-12-22","purchased_purges":0,"victory":false,"max_hp_per_floor":[80,80,80,80,80,80,80,80,80,80,80,80,80,80,80,80,80,80,80,80,80,80,80,80,80,80,80,80,80,80,80,80,80,80,80,80,80,80,80,80,80],"card_choices":[{"not_picked":["HalloweenModTrick","HalloweenModGhostCostume","HalloweenModGhostCostume"],"picked":"HalloweenModCandy","floor":1.0},{"not_picked":["HalloweenModGhostCostume","HalloweenModCandy","HalloweenModTrick"],"picked":"HalloweenModTrick","floor":5.0},{"not_picked":["HalloweenModCandy","HalloweenModTrick","HalloweenModGhostCostume","HalloweenModGhostCostume"],"picked":"SKIP","floor":7.0},{"not_picked":["HalloweenModCandy","HalloweenModTrick","HalloweenModGhostCostume"],"picked":"HalloweenModGhostCostume","floor":7.0},{"not_picked":["HalloweenModCandy","HalloweenModGhostCostume","HalloweenModTrick"],"picked":"HalloweenModTrick","floor":10.0},{"not_picked":["HalloweenModCandy","HalloweenModGhostCostume","HalloweenModGhostCostume"],"picked":"HalloweenModTrick","floor":11.0},{"not_picked":["HalloweenModGhostCostume","HalloweenModTrick","HalloweenModTrick"],"picked":"HalloweenModCandy","floor":12.0},{"not_picked":["ReplayTheSpireMod:Haul","infinitespire:FutureSight"],"picked":"infinitespire:Starlight","floor":13.0},{"not_picked":["HalloweenModGhostCostume","HalloweenModTrick","HalloweenModGhostCostume"],"picked":"HalloweenModCandy","floor":14.0},{"not_picked":["HalloweenModGhostCostume","HalloweenModTrick","HalloweenModTrick"],"picked":"HalloweenModCandy","floor":16.0},{"not_picked":["HalloweenModCandy","HalloweenModGhostCostume","HalloweenModGhostCostume"],"picked":"HalloweenModTrick+1","floor":18.0},{"not_picked":["HalloweenModCandy","HalloweenModGhostCostume","HalloweenModCandy"],"picked":"HalloweenModTrick","floor":22.0},{"not_picked":["HalloweenModCandy+1","HalloweenModGhostCostume","HalloweenModGhostCostume"],"picked":"HalloweenModTrick+1","floor":23.0},{"not_picked":["HalloweenModCandy","HalloweenModGhostCostume+1","HalloweenModGhostCostume"],"picked":"HalloweenModTrick+1","floor":24.0},{"not_picked":["HalloweenModCandy","HalloweenModTrick","HalloweenModGhostCostume+1"],"picked":"HalloweenModGhostCostume+1","floor":27.0},{"not_picked":["HalloweenModCandy+1","HalloweenModTrick","HalloweenModCandy+1"],"picked":"HalloweenModGhostCostume+1","floor":29.0},{"not_picked":["HalloweenModCandy+1","HalloweenModTrick","HalloweenModGhostCostume","HalloweenModCandy+1"],"picked":"SKIP","floor":30.0},{"not_picked":["HalloweenModTrick","HalloweenModGhostCostume","HalloweenModCandy+1","HalloweenModTrick"],"picked":"SKIP","floor":31.0},{"not_picked":["HalloweenModTrick","HalloweenModGhostCostume","HalloweenModCandy+1"],"picked":"HalloweenModTrick+1","floor":33.0},{"not_picked":["HalloweenModGhostCostume+1","HalloweenModCandy+1","HalloweenModTrick","HalloweenModCandy+1"],"picked":"SKIP","floor":35.0},{"not_picked":["HalloweenModCandy+1","HalloweenModGhostCostume","HalloweenModCandy+1"],"picked":"HalloweenModTrick+1","floor":36.0},{"not_picked":["HalloweenModTrick+1","HalloweenModCandy+1","HalloweenModGhostCostume","HalloweenModGhostCostume+1"],"picked":"SKIP","floor":38.0}],"player_experience":50221,"relics_obtained":[{"floor":7.0,"key":"Ornamental Fan"},{"floor":9.0,"key":"Replay:Bottled Eggs"},{"floor":10.0,"key":"Pet Ghost"},{"floor":19.0,"key":"Ring of Greed"},{"floor":19.0,"key":"ReplayTheSpireMod:Ring of Collecting"},{"floor":19.0,"key":"Old Coin"},{"floor":19.0,"key":"infinitespire:Midas Blood"},{"floor":20.0,"key":"ReplayTheSpireMod:Ring of Challenge"},{"floor":23.0,"key":"Circlet"},{"floor":26.0,"key":"Ring of Hypnosis"},{"floor":26.0,"key":"Champion Belt"},{"floor":27.0,"key":"Whetstone"},{"floor":31.0,"key":"Replay:Accelerometer"}],"event_choices":[{"damage_healed":0.0,"max_hp_gain":0.0,"max_hp_loss":0.0,"gold_gain":0.0,"event_name":"conspire:Investor","player_choice":"Leave","floor":3.0,"gold_loss":0.0,"damage_taken":0.0},{"damage_healed":0.0,"max_hp_gain":0.0,"max_hp_loss":0.0,"gold_gain":0.0,"event_name":"Upgrade Shrine","player_choice":"Upgraded","floor":4.0,"gold_loss":0.0,"damage_taken":0.0,"cards_upgraded":["HalloweenModCandy"]},{"damage_healed":0.0,"max_hp_gain":0.0,"max_hp_loss":0.0,"gold_gain":0.0,"event_name":"Lab","player_choice":"Got Potions","floor":37.0,"gold_loss":0.0,"damage_taken":0.0}],"is_beta":false,"boss_relics":[{"not_picked":["Coffee Dripper","SlaversCollar"],"picked":"testmod-DeterminationOfClimber"},{"not_picked":["Velvet Choker","aspiration:FutureDiary"],"picked":"testmod-SaigiyounoYou"}],"items_purged_floors":[],"is_endless":false,"potions_floor_spawned":[1,11,12,22,23,24,31,33,38],"killed_by":"Nightmare","ascension_level":4}}