{"host":"fuszjwm6fqgjjp4d","time":1612081614,"event":{"mods":["BaseMod","Bestiary","Colored Map","DeckTracker","Minty Spire (QoL Compilation)","Permanent Neow","Relic Sorter","Relic Stats","StSLib"],"gold_per_floor":[112,124,124,142,142,186,23,23,94,127,127,163,163,178,178,274,274,287,287,212,52,52,73,73,73],"floor_reached":24,"language":"ENG","playtime":636,"items_purged":[],"score":524,"play_id":"3a8179fb-350c-43e1-8465-c4395cb0bd54","local_time":"20210131022654","is_ascension_mode":true,"campfire_choices":[{"data":"Tempest","floor":8.0,"key":"SMITH"},{"data":"Buffer","floor":11,"key":"SMITH"},{"floor":13,"key":"REST"},{"data":"Zap","floor":15,"key":"SMITH"}],"circlet_count":0,"master_deck":["AscendersBane","Strike_B","Strike_B","Defend_B","Defend_B","Defend_B","Defend_B","Zap+1","Dualcast","Seek+1","Chill","Tempest+1","White Noise","Buffer+1","Lockon","Echo Form","CurseOfTheBell"],"relics":["Cracked Core","Golden Idol","Regal Pillow","Anchor","Singing Bowl","Oddly Smooth Stone","Vajra","Calling Bell","Bronze Scales","Molten Egg 2","Pocketwatch","Nilry\u0027s Codex","Runic Capacitor"],"acts_visited":["Exordium","TheCity"],"potions_floor_usage":[12,24],"damage_taken":[{"damage":4.0,"enemies":"Jaw Worm","floor":1.0,"turns":4.0},{"damage":4.0,"enemies":"Small Slimes","floor":2.0,"turns":2.0},{"damage":4.0,"enemies":"2 Louse","floor":4.0,"turns":2.0},{"damage":14.0,"enemies":"3 Sentries","floor":6.0,"turns":5.0},{"damage":0.0,"enemies":"Gremlin Nob","floor":10.0,"turns":3.0},{"damage":0,"enemies":"Lagavulin","floor":12,"turns":6},{"damage":0,"enemies":"2 Fungi Beasts","floor":14,"turns":3},{"damage":14,"enemies":"Slime Boss","floor":16,"turns":12},{"damage":15,"enemies":"Chosen","floor":18,"turns":5},{"damage":0,"enemies":"3 Byrds","floor":23,"turns":3},{"damage":38,"enemies":"Slavers","floor":24,"turns":3}],"seed_played":"2668879592685239193","potions_obtained":[{"floor":2.0,"key":"ColorlessPotion"},{"floor":4.0,"key":"Fire Potion"},{"floor":6.0,"key":"Swift Potion"},{"floor":18,"key":"LiquidMemories"}],"is_trial":false,"path_per_floor":["M","M","?","M","?","E","$","R","T","E","R","E","R","M","R","B",null,"M","?","?","$","?","M","E"],"character_chosen":"DEFECT","items_purchased":["Anchor","Runic Capacitor"],"campfire_rested":1,"item_purchase_floors":[7,21],"current_hp_per_floor":[60,56,56,52,45,31,31,31,31,31,31,33,66,68,68,54,65,52,31,31,31,31,33,0,0],"gold":73,"neow_bonus":"ONE_RANDOM_RARE_CARD","is_daily":false,"chose_seed":false,"campfire_upgraded":3,"win_rate":0.0,"timestamp":1612081614,"path_taken":["M","M","?","M","?","E","$","R","T","E","R","E","R","M","R","BOSS","M","?","?","?","?","M","E"],"items_purchased_type":["Relic","Relic"],"build_version":"2020-12-22","purchased_purges":0,"victory":false,"max_hp_per_floor":[71,71,64,64,64,64,64,64,64,64,64,66,66,68,68,68,68,70,70,70,70,70,72,72,72],"relic_stats":{"Regal Pillow":14,"Singing Bowl":8,"counters":[11,48],"Golden Idol":56,"Bronze Scales":[69],"obtain_stats":[{"Regal Pillow":6,"Singing Bowl":9,"Golden Idol":3,"Nilry\u0027s Codex":19,"Oddly Smooth Stone":10,"Vajra":12,"Runic Capacitor":21,"Calling Bell":17,"Anchor":7,"Bronze Scales":17,"Molten Egg 2":17,"Cracked Core":0,"Pocketwatch":17},{"Regal Pillow":4,"Singing Bowl":4,"Golden Idol":2,"Nilry\u0027s Codex":9,"Oddly Smooth Stone":5,"Vajra":6,"Runic Capacitor":9,"Calling Bell":8,"Anchor":4,"Bronze Scales":8,"Molten Egg 2":8,"Cracked Core":0,"Pocketwatch":8},{"Regal Pillow":13,"Singing Bowl":13,"Golden Idol":6,"Nilry\u0027s Codex":42,"Oddly Smooth Stone":16,"Vajra":22,"Runic Capacitor":42,"Calling Bell":37,"Anchor":13,"Bronze Scales":37,"Molten Egg 2":37,"Cracked Core":0,"Pocketwatch":37}],"Pocketwatch":[15]},"card_choices":[{"not_picked":["Go for the Eyes","Turbo"],"picked":"Chill","floor":1.0},{"not_picked":["Cold Snap","Steam"],"picked":"Tempest","floor":2.0},{"not_picked":["FTL","Gash"],"picked":"White Noise","floor":4.0},{"not_picked":["Leap","Stack"],"picked":"Buffer","floor":6.0},{"not_picked":["Beam Cell","Sweeping Beam"],"picked":"Lockon","floor":10.0},{"not_picked":["Go for the Eyes","Conserve Battery","Turbo"],"picked":"Singing Bowl","floor":12},{"not_picked":["Compile Driver","Steam Power","Melter"],"picked":"Singing Bowl","floor":14},{"not_picked":["Machine Learning","Meteor Strike"],"picked":"Echo Form","floor":16},{"not_picked":["Auto Shields","Hologram","Gash+1"],"picked":"Singing Bowl","floor":18},{"not_picked":["Go for the Eyes+1","Undo","Hologram"],"picked":"Singing Bowl","floor":23}],"player_experience":1407895,"relics_obtained":[{"floor":6.0,"key":"Regal Pillow"},{"floor":9.0,"key":"Singing Bowl"},{"floor":10.0,"key":"Oddly Smooth Stone"},{"floor":12,"key":"Vajra"},{"floor":17,"key":"Bronze Scales"},{"floor":17,"key":"Molten Egg 2"},{"floor":17,"key":"Pocketwatch"},{"floor":19,"key":"Nilry\u0027s Codex"}],"event_choices":[{"damage_healed":0.0,"max_hp_gain":0.0,"max_hp_loss":7.0,"gold_gain":0.0,"event_name":"Golden Idol","player_choice":"Lose Max HP","floor":3.0,"gold_loss":0.0,"damage_taken":0.0,"relics_obtained":["Golden Idol"]},{"cards_removed":["Strike_B"],"damage_healed":0.0,"max_hp_gain":0.0,"max_hp_loss":0.0,"gold_gain":0.0,"event_name":"Golden Wing","player_choice":"Card Removal","floor":5.0,"gold_loss":0.0,"damage_taken":7.0},{"damage_healed":0,"gold_gain":0,"player_choice":"Obtained Book","damage_taken":21,"max_hp_gain":0,"max_hp_loss":0,"event_name":"Cursed Tome","floor":19,"gold_loss":0},{"cards_removed":["Strike_B"],"damage_healed":0,"gold_gain":0,"player_choice":"Gave Gold","damage_taken":0,"max_hp_gain":0,"max_hp_loss":0,"event_name":"Beggar","floor":20,"gold_loss":75},{"damage_healed":0,"gold_gain":0,"player_choice":"Forge","damage_taken":0,"max_hp_gain":0,"max_hp_loss":0,"event_name":"Accursed Blacksmith","floor":22,"gold_loss":0,"cards_upgraded":["Seek"]}],"is_beta":false,"boss_relics":[{"not_picked":["SacredBark","Ectoplasm"],"picked":"Calling Bell"}],"items_purged_floors":[],"is_endless":false,"potions_floor_spawned":[2,4,6,18],"killed_by":"Slavers","ascension_level":20}}