{"host":"qrlp59d4kykmw4mt","time":1612076156,"event":{"mods":["Act Like it!","BaseMod","Colored Map","Downfall","Friendly Minions","Highlight Path","Minty Spire (QoL Compilation)","Permanent Neow","Random Character Button","Rare Cards Sparkle","SacredBarkPlus","StSLib","SuperFastMode","everything is the same but u backflip on backflip"],"gold_per_floor":[99,111,127,37,47,47,47,82,82,67,101,112,128,202,219,324,324,124,139,158,158,171,56,83,118,129,154,154,374,374,408,428,523,523,523,535,547,68,68,68,115,129,29,29,29,46,46,62,80,80,80,108,108,108,108,108],"floor_reached":57,"language":"ENG","playtime":2943,"items_purged":["bronze:Strike","bronze:Strike","bronze:Strike+1","bronze:ForLoop"],"score":1373,"play_id":"0f6cc7bc-c989-493d-adb4-0af4ef91186c","local_time":"20210131015556","is_ascension_mode":true,"campfire_choices":[{"floor":1,"key":"RECALL"},{"data":"bronze:BugBarrage","floor":6,"key":"SMITH"},{"data":"bronze:BugBarrage","floor":9,"key":"SMITH"},{"data":"bronze:BurnOut","floor":18,"key":"SMITH"},{"data":"bronze:Repulsor","floor":28,"key":"SMITH"},{"data":"bronze:BugBarrage","floor":30,"key":"SMITH"},{"data":"bronze:BuggyMess","floor":35,"key":"SMITH"},{"data":"expansioncontent:QuickStudy","floor":40,"key":"SMITH"},{"data":"bronze:Constructor","floor":43,"key":"SMITH"},{"floor":47,"key":"REST"},{"data":"bronze:OilSpill","floor":54,"key":"SMITH"}],"circlet_count":0,"master_deck":["bronze:Defend","bronze:Defend","bronze:Defend","bronze:Defend","bronze:Replicate","bronze:Goto","bronze:BugBarrage+1","bronze:BugBarrage+1","bronze:ShipIt+1","bronze:OilSpill+1","bronze:FollowUp","bronze:BuggyMess+1","bronze:BurnOut+1","bronze:Optimize","bronze:BugBarrage+1","bronze:Shield+1","bronze:MaxOutput+1","bronze:Repulsor+1","bronze:Constructor+1","bronze:FindAndReplace","bronze:ItsAFeature+1","expansioncontent:QuickStudy+1","bronze:DarkDash+1"],"relics":["bronze:BronzeCore","bronze:SilverBullet","Calipers","Whetstone","Gremlin Horn","expansioncontent:StudyCardRelic","downfall:HeartBlessingRed","downfall:HeartBlessingGreen","NlothsMask","Singing Bowl","Omamori","Unceasing Top","Philosopher\u0027s Stone","PreservedInsect","downfall:HeartBlessingBlue","Bottled Lightning","Pen Nib"],"acts_visited":["Exordium","TheCity","TheBeyond","TheEnding"],"potions_floor_usage":[16,27,37,56,56],"damage_taken":[{"damage":0,"enemies":"Cultist","floor":2,"turns":4},{"damage":0,"enemies":"2 Louse","floor":3,"turns":2},{"damage":0,"enemies":"downfall:FleeingMerchant","floor":4,"turns":4},{"damage":6,"enemies":"Jaw Worm","floor":5,"turns":4},{"damage":0,"enemies":"Gremlin Nob","floor":8,"turns":2},{"damage":5,"enemies":"downfall:FleeingMerchant","floor":10,"turns":4},{"damage":8,"enemies":"Lagavulin","floor":11,"turns":5},{"damage":11,"enemies":"Exordium Wildlife","floor":12,"turns":3},{"damage":2,"enemies":"Blue Slaver","floor":13,"turns":3},{"damage":3,"enemies":"Red Slaver","floor":15,"turns":2},{"damage":10,"enemies":"IC_STATUS_ARCHETYPE","floor":16,"turns":4},{"damage":6,"enemies":"Shell Parasite","floor":19,"turns":3},{"damage":0,"enemies":"Spheric Guardian","floor":20,"turns":2},{"damage":6,"enemies":"3 Cultists","floor":22,"turns":3},{"damage":14,"enemies":"downfall:FleeingMerchant","floor":23,"turns":4},{"damage":0,"enemies":"Gremlin Leader","floor":25,"turns":2},{"damage":8,"enemies":"Centurion and Healer","floor":26,"turns":3},{"damage":0,"enemies":"Slavers","floor":27,"turns":5},{"damage":0,"enemies":"downfall:FleeingMerchant","floor":29,"turns":2},{"damage":18,"enemies":"Book of Stabbing","floor":31,"turns":5},{"damage":6,"enemies":"Snake Plant","floor":32,"turns":3},{"damage":8,"enemies":"SI_MIRROR_ARCHETYPE","floor":33,"turns":7},{"damage":0,"enemies":"3 Shapes","floor":36,"turns":3},{"damage":22,"enemies":"3 Darklings","floor":37,"turns":3},{"damage":10,"enemies":"Transient","floor":42,"turns":5},{"damage":8,"enemies":"4 Shapes","floor":46,"turns":3},{"damage":0,"enemies":"Sphere and 2 Shapes","floor":48,"turns":3},{"damage":3,"enemies":"Spire Growth","floor":49,"turns":3},{"damage":21,"enemies":"WA_ARCHETYPE_DIVINITY","floor":50,"turns":7},{"damage":10,"enemies":"downfall:CharBossMerchant","floor":52,"turns":6},{"damage":10,"enemies":"downfall:NeowBoss","floor":55,"turns":10},{"damage":85,"enemies":"downfall:NeowBossFinal","floor":56,"turns":7}],"seed_played":"3045739191503550145","potions_obtained":[{"floor":3,"key":"SkillPotion"},{"floor":5,"key":"LiquidBronze"},{"floor":11,"key":"DuplicationPotion"},{"floor":12,"key":"Ancient Potion"},{"floor":15,"key":"Fire Potion"},{"floor":20,"key":"DuplicationPotion"},{"floor":25,"key":"Slimebound:ThreeZeroPotion"},{"floor":27,"key":"sneckomod:MuddlingPotion"},{"floor":32,"key":"bronze:BurnAndBuffPotion"},{"floor":42,"key":"bronze:FreeFunctionsPotion"},{"floor":48,"key":"SpeedPotion"}],"is_trial":false,"path_per_floor":["R","M","M","$","M","R","T","E","R","$","E","M","M","T","M","B",null,"R","M","M","?","M","$","T","E","M","E","R","$","R","E","M","B",null,"R","M","M","$","?","R","T","M","R","?","?","M","R","M","M","B",null,"E","$","R","B","B",null],"character_chosen":"THE_AUTOMATON","items_purchased":["PreservedInsect","expansioncontent:QuickStudy"],"campfire_rested":1,"item_purchase_floors":[38,38],"current_hp_per_floor":[70,70,70,70,64,64,64,64,64,59,51,40,38,38,35,25,70,70,64,64,64,58,44,44,46,38,40,40,42,42,26,20,12,78,78,78,58,58,58,58,58,50,60,62,62,56,84,86,83,62,98,90,90,90,80,30],"gold":108,"neow_bonus":"REMOVE_CARD","is_daily":false,"chose_seed":false,"campfire_upgraded":9,"win_rate":0.0,"timestamp":1612076156,"path_taken":["R","M","M","$","?","R","T","E","R","$","E","M","M","?","M","BOSS","R","M","M","?","M","$","T","E","M","E","R","$","R","E","M","BOSS","R","M","?","$","?","R","T","M","R","?","?","M","R","?","M","BOSS","E","$","R","BOSS","BOSS"],"items_purchased_type":["Relic","Card"],"build_version":"2020-12-22","purchased_purges":4,"victory":true,"max_hp_per_floor":[70,70,70,70,70,70,70,70,70,70,70,70,70,70,70,70,70,70,70,70,70,70,70,70,72,72,74,74,76,76,78,78,78,78,78,78,80,80,80,80,80,82,92,94,94,96,96,98,98,98,98,100,100,100,100,100],"card_choices":[{"not_picked":["bronze:Fortify","bronze:FineTuning"],"picked":"bronze:BugBarrage","floor":2},{"not_picked":["bronze:CutThrough","bronze:WildBeam"],"picked":"bronze:BugBarrage","floor":3},{"not_picked":["bronze:Terminator","bronze:Iterate"],"picked":"bronze:ShipIt","floor":4},{"not_picked":["bronze:Invalidate","bronze:BitShift"],"picked":"bronze:OilSpill","floor":5},{"not_picked":["bronze:Repair","bronze:DelayedSlice"],"picked":"bronze:ForLoop","floor":8},{"not_picked":["bronze:BitShift","bronze:Frontload","bronze:Backtrace"],"picked":"SKIP","floor":10},{"not_picked":["bronze:ForceShield","bronze:Philosophize","bronze:Constructor"],"picked":"SKIP","floor":11},{"not_picked":["bronze:InfiniteBeams","bronze:WhirlingStrike","bronze:Iterate"],"picked":"SKIP","floor":12},{"not_picked":["bronze:DigitalCarnage","bronze:SpaghettiCode"],"picked":"bronze:FollowUp","floor":13},{"not_picked":["bronze:Deprecate","bronze:ChildClass"],"picked":"bronze:BuggyMess","floor":15},{"not_picked":["bronze:Library","bronze:CleanCode"],"picked":"bronze:BurnOut","floor":16},{"not_picked":["bronze:Deprecate+1","bronze:Shell"],"picked":"bronze:Optimize","floor":19},{"not_picked":["bronze:WhirlingStrike+1","bronze:DelayedSlice"],"picked":"bronze:BugBarrage","floor":20},{"not_picked":["bronze:DelayedGuard","bronze:Branch+1"],"picked":"bronze:Shield+1","floor":22},{"not_picked":["bronze:Branch","bronze:Philosophize"],"picked":"bronze:MaxOutput+1","floor":23},{"not_picked":["bronze:CutThrough","bronze:Separator+1","bronze:Constructor"],"picked":"Singing Bowl","floor":25},{"not_picked":["bronze:DelayedGuard","bronze:OilSpill"],"picked":"bronze:Repulsor","floor":26},{"not_picked":["bronze:DelayedGuard","bronze:InfiniteBeams","bronze:BuggyMess"],"picked":"Singing Bowl","floor":27},{"not_picked":["bronze:DelayedGuard","bronze:Repulsor","bronze:Boost"],"picked":"Singing Bowl","floor":29},{"not_picked":["bronze:Separator+1","bronze:Overheat+1","bronze:ForceShield"],"picked":"Singing Bowl","floor":31},{"not_picked":["bronze:WildBeam","bronze:DelayedSlice"],"picked":"bronze:Constructor","floor":32},{"not_picked":["bronze:SpaghettiCode","bronze:ThunderWave"],"picked":"bronze:FindAndReplace","floor":33},{"not_picked":["bronze:Deprecate","bronze:ChosenStrike+1"],"picked":"bronze:ItsAFeature+1","floor":36},{"not_picked":["bronze:WhirlingStrike+1","bronze:ChildClass","bronze:GetLatest"],"picked":"Singing Bowl","floor":37},{"not_picked":["bronze:BitShift+1","bronze:Return","bronze:Philosophize"],"picked":"Singing Bowl","floor":42},{"not_picked":["expansioncontent:LastStand","expansioncontent:DecaShield","expansioncontent:InvincibleStrength"],"picked":"Singing Bowl","floor":44},{"not_picked":["bronze:Philosophize+1","bronze:WildBeam+1","bronze:CutThrough+1"],"picked":"Singing Bowl","floor":46},{"not_picked":["bronze:ForLoop","bronze:Iterate","bronze:WildBeam+1"],"picked":"Singing Bowl","floor":48},{"not_picked":["bronze:MaxOutput","bronze:Constructor"],"picked":"bronze:DarkDash+1","floor":49},{"not_picked":["bronze:WhirlingStrike+1","bronze:Frontload","bronze:Safeguard"],"picked":"Singing Bowl","floor":52}],"player_experience":307537,"relics_obtained":[{"floor":7,"key":"bronze:SilverBullet"},{"floor":8,"key":"Calipers"},{"floor":11,"key":"Whetstone"},{"floor":14,"key":"Gremlin Horn"},{"floor":25,"key":"Singing Bowl"},{"floor":27,"key":"Omamori"},{"floor":31,"key":"Unceasing Top"},{"floor":45,"key":"Bottled Lightning"},{"floor":52,"key":"Pen Nib"}],"event_choices":[{"damage_healed":0,"gold_gain":0,"player_choice":"Trade","damage_taken":0,"relics_obtained":["NlothsMask"],"max_hp_gain":0,"max_hp_loss":0,"event_name":"FaceTrader","floor":21,"gold_loss":0}],"is_beta":false,"boss_relics":[{"not_picked":["Astrolabe","Snecko Eye"],"picked":"expansioncontent:StudyCardRelic"},{"not_picked":["Runic Pyramid","SacredBark"],"picked":"Philosopher\u0027s Stone"}],"items_purged_floors":[4,23,29,38],"is_endless":false,"potions_floor_spawned":[3,5,11,12,15,20,25,26,27,32,42,46,48],"ascension_level":1}}