{"host":"6azrrw3tf7wb0f4b","time":1612058663,"event":{"mods":["BaseMod","DeckTracker","Minty Spire (QoL Compilation)","SuperFastMode"],"gold_per_floor":[365,440,134,150,150,150,184,184,184,184,205,205,230,254,254,350,350,364,13,28,28,41,41,41,41,41,41,66,105,128,43,43,43,43],"floor_reached":33,"language":"KOR","playtime":548,"items_purged":["Strike_P","Strike_P"],"score":479,"play_id":"25154f4b-9333-45ae-9283-f876ce50f666","local_time":"20210131110423","is_ascension_mode":true,"campfire_choices":[{"data":"Eruption","floor":6.0,"key":"SMITH"},{"floor":8.0,"key":"REST"},{"data":"1","floor":12.0,"key":"LIFT"},{"data":"2","floor":15.0,"key":"LIFT"},{"floor":23.0,"key":"REST"},{"data":"Prostrate","floor":25.0,"key":"SMITH"},{"data":"3","floor":27.0,"key":"LIFT"},{"data":"Prostrate","floor":32,"key":"SMITH"}],"circlet_count":0,"master_deck":["AscendersBane","Strike_P","Strike_P","Defend_P","Defend_P","Defend_P","Eruption+1","Vigilance","Worship","Prostrate+1","Halt","CarveReality","FlyingSleeves","EmptyFist","FlurryOfBlows","EmptyBody","Devotion+1","Prostrate+1"],"relics":["PureWater","Centennial Puzzle","Golden Idol","Vajra","Girya","VioletLotus","TeardropLocket","InkBottle","Shuriken","StrikeDummy","MealTicket"],"acts_visited":["Exordium","TheCity"],"potions_floor_usage":[33,33],"damage_taken":[{"damage":11.0,"enemies":"2 Louse","floor":1.0,"turns":3.0},{"damage":1.0,"enemies":"Cultist","floor":4.0,"turns":4.0},{"damage":30.0,"enemies":"3 Sentries","floor":7.0,"turns":5.0},{"damage":6.0,"enemies":"Small Slimes","floor":11.0,"turns":2.0},{"damage":0.0,"enemies":"2 Fungi Beasts","floor":13.0,"turns":3.0},{"damage":0.0,"enemies":"Gremlin Gang","floor":14.0,"turns":3.0},{"damage":5.0,"enemies":"Hexaghost","floor":16.0,"turns":5.0},{"damage":3.0,"enemies":"Chosen","floor":18.0,"turns":4.0},{"damage":18.0,"enemies":"Spheric Guardian","floor":20.0,"turns":5.0},{"damage":17.0,"enemies":"Snake Plant","floor":22.0,"turns":3.0},{"damage":9.0,"enemies":"Snecko","floor":28.0,"turns":3.0},{"damage":0.0,"enemies":"Gremlin Leader","floor":29.0,"turns":2.0},{"damage":0,"enemies":"3 Cultists","floor":30,"turns":3},{"damage":73,"enemies":"Champ","floor":33,"turns":6}],"seed_played":"5589561622419723877","potions_obtained":[{"floor":1.0,"key":"SpeedPotion"},{"floor":7.0,"key":"EssenceOfSteel"},{"floor":11.0,"key":"GamblersBrew"},{"floor":20.0,"key":"PowerPotion"},{"floor":29.0,"key":"Swift Potion"}],"is_trial":false,"path_per_floor":["M","?","$","M","?","R","E","R","T","?","M","R","M","M","R","B",null,"M","$","M","?","M","R","?","R","T","R","M","E","M","?","R","B"],"character_chosen":"WATCHER","items_purchased":["Prostrate","Halt","Centennial Puzzle","TeardropLocket"],"campfire_rested":2,"item_purchase_floors":[3,3,3,19],"current_hp_per_floor":[54,48,48,47,31,31,1,20,20,20,14,14,14,14,14,9,51,48,48,30,30,13,32,32,32,32,32,23,23,23,23,23,0,0],"gold":43,"neow_bonus":"TWO_FIFTY_GOLD","is_daily":false,"chose_seed":false,"campfire_upgraded":3,"win_rate":0.0,"timestamp":1612058663,"path_taken":["M","?","$","?","?","R","E","R","T","?","M","R","M","M","R","BOSS","M","$","?","?","M","R","?","R","T","R","M","E","?","?","R","BOSS"],"items_purchased_type":["Card","Card","Relic","Relic"],"build_version":"2020-12-22","purchased_purges":2,"victory":false,"max_hp_per_floor":[65,65,65,65,65,65,65,65,65,65,65,65,65,65,65,65,65,65,65,65,65,65,65,65,65,65,65,65,65,65,65,65,65,65],"card_choices":[{"not_picked":["Study","FlyingSleeves"],"picked":"Worship","floor":1.0},{"not_picked":["PathToVictory","SignatureMove"],"picked":"CarveReality","floor":4.0},{"not_picked":["Indignation","SashWhip"],"picked":"FlyingSleeves","floor":7.0},{"not_picked":["Sanctity","ThirdEye"],"picked":"EmptyFist","floor":11.0},{"not_picked":["SashWhip","FollowUp"],"picked":"FlurryOfBlows","floor":13.0},{"not_picked":["Halt","Consecrate"],"picked":"EmptyBody","floor":14.0},{"not_picked":["Scrawl","ConjureBlade"],"picked":"Devotion","floor":16.0},{"not_picked":["EmptyFist+1","WaveOfTheHand"],"picked":"Prostrate","floor":18.0},{"not_picked":["Wireheading","CutThroughFate","SashWhip"],"picked":"SKIP","floor":20.0},{"not_picked":["FlurryOfBlows","CutThroughFate","Evaluate"],"picked":"SKIP","floor":22.0},{"not_picked":["FlurryOfBlows","Judgement","CrushJoints"],"picked":"SKIP","floor":28.0},{"not_picked":["Halt","Prostrate","Crescendo"],"picked":"SKIP","floor":29.0},{"not_picked":["FollowUp","BowlingBash","JustLucky"],"picked":"SKIP","floor":30}],"player_experience":744957,"relics_obtained":[{"floor":7.0,"key":"Vajra"},{"floor":9.0,"key":"Girya"},{"floor":26.0,"key":"Shuriken"},{"floor":29.0,"key":"StrikeDummy"}],"event_choices":[{"damage_healed":0.0,"max_hp_gain":0.0,"max_hp_loss":0.0,"gold_gain":75.0,"event_name":"FaceTrader","player_choice":"Touch","floor":2.0,"gold_loss":0.0,"damage_taken":6.0},{"damage_healed":0.0,"max_hp_gain":0.0,"max_hp_loss":0.0,"gold_gain":0.0,"event_name":"Golden Idol","player_choice":"Take Damage","floor":5.0,"gold_loss":0.0,"damage_taken":16.0,"relics_obtained":["Golden Idol"]},{"cards_removed":["Defend_P"],"damage_healed":0.0,"max_hp_gain":0.0,"max_hp_loss":0.0,"gold_gain":0.0,"event_name":"Bonfire Elementals","player_choice":"Offered Basic","floor":10.0,"gold_loss":0.0,"damage_taken":0.0},{"damage_healed":0.0,"max_hp_gain":0.0,"max_hp_loss":0.0,"gold_gain":0.0,"event_name":"The Mausoleum","player_choice":"Opened","floor":21.0,"gold_loss":0.0,"damage_taken":0.0,"relics_obtained":["InkBottle"]},{"damage_healed":0.0,"max_hp_gain":0.0,"max_hp_loss":0.0,"gold_gain":0.0,"event_name":"Upgrade Shrine","player_choice":"Upgraded","floor":24.0,"gold_loss":0.0,"damage_taken":0.0,"cards_upgraded":["Devotion"]},{"damage_healed":0,"gold_gain":0,"player_choice":"Obtained Relic","damage_taken":0,"relics_obtained":["MealTicket"],"max_hp_gain":0,"max_hp_loss":0,"event_name":"Addict","floor":31,"gold_loss":85}],"is_beta":false,"boss_relics":[{"not_picked":["Tiny House","Calling Bell"],"picked":"VioletLotus"}],"items_purged_floors":[3,19],"is_endless":false,"potions_floor_spawned":[1,7,11,20,28,29],"killed_by":"Champ","ascension_level":13}}