{"host":"vpaavrwbmey593fx","time":1612065775,"event":{"mods":["AchievementEnabler","BaseMod","Bestiary","Colored Map","Colored Powertips","DeckTracker","Minty Spire (QoL Compilation)","Relic Sorter"],"gold_per_floor":[119,131,206,216,235,235,264,264,264,278,453,453,453,463,463,559,559,569,586,586,586,586,586,586],"floor_reached":23,"language":"ENG","playtime":1634,"items_purged":[],"score":267,"play_id":"b965ad99-6a97-4856-ac9e-41e0c0ec8ddd","local_time":"20210130200255","is_ascension_mode":true,"campfire_choices":[{"data":"Infinite Blades","floor":6,"key":"SMITH"},{"data":"Adrenaline","floor":8,"key":"SMITH"},{"data":"Neutralize","floor":12,"key":"SMITH"},{"floor":15,"key":"REST"}],"circlet_count":0,"master_deck":["Strike_G","Strike_G","Strike_G","Strike_G","Defend_G","Defend_G","Defend_G","Defend_G","Survivor","Neutralize+1","Bouncing Flask","Infinite Blades+1","Blur","Adrenaline+1","Blur","Doubt","Backflip","Glass Knife","Prepared+1","Slice","Catalyst"],"relics":["Ring of the Snake","NeowsBlessing","Dream Catcher","Paper Crane","Fusion Hammer"],"acts_visited":["Exordium","TheCity"],"potions_floor_usage":[7,16,23,23,23],"damage_taken":[{"damage":0,"enemies":"2 Louse","floor":1,"turns":1},{"damage":0,"enemies":"Jaw Worm","floor":2,"turns":1},{"damage":0,"enemies":"Cultist","floor":4,"turns":1},{"damage":4,"enemies":"Exordium Wildlife","floor":5,"turns":3},{"damage":7,"enemies":"Lagavulin","floor":7,"turns":5},{"damage":0,"enemies":"2 Fungi Beasts","floor":10,"turns":4},{"damage":3,"enemies":"3 Louse","floor":14,"turns":5},{"damage":15,"enemies":"Hexaghost","floor":16,"turns":13},{"damage":0,"enemies":"3 Byrds","floor":18,"turns":7},{"damage":13,"enemies":"Spheric Guardian","floor":19,"turns":6},{"damage":38,"enemies":"Slavers","floor":23,"turns":4}],"seed_played":"1563457156405119438","potions_obtained":[{"floor":1,"key":"GamblersBrew"},{"floor":4,"key":"Poison Potion"},{"floor":10,"key":"SpeedPotion"},{"floor":14,"key":"FearPotion"},{"floor":18,"key":"SkillPotion"},{"floor":19,"key":"GamblersBrew"}],"is_trial":false,"path_per_floor":["M","M","?","M","M","R","E","R","T","M","?","R","?","M","R","B",null,"M","M","?","?","?","E"],"character_chosen":"THE_SILENT","items_purchased":[],"campfire_rested":1,"item_purchase_floors":[],"current_hp_per_floor":[63,63,52,52,48,48,41,41,41,41,41,41,29,26,47,32,61,61,48,48,48,35,0,0],"gold":586,"neow_bonus":"THREE_ENEMY_KILL","is_daily":false,"chose_seed":false,"campfire_upgraded":3,"win_rate":0.0,"timestamp":1612065775,"path_taken":["M","M","?","M","M","R","E","R","T","M","?","R","?","?","R","BOSS","M","M","?","?","?","E"],"items_purchased_type":[],"build_version":"2020-12-22","purchased_purges":0,"victory":false,"max_hp_per_floor":[70,70,70,70,70,70,70,70,70,70,70,70,70,70,70,70,70,70,70,70,70,75,75,75],"card_choices":[{"not_picked":["Endless Agony","Tactician"],"picked":"Bouncing Flask","floor":1},{"not_picked":["Deadly Poison","Expertise","Heel Hook"],"picked":"SKIP","floor":2},{"not_picked":["Skewer","Flying Knee"],"picked":"Infinite Blades","floor":4},{"not_picked":["Deflect","Infinite Blades"],"picked":"Blur","floor":5},{"not_picked":["Concentrate","Distraction"],"picked":"Adrenaline","floor":7},{"not_picked":["Flying Knee","Dodge and Roll"],"picked":"Blur","floor":10},{"not_picked":["Deadly Poison","Finisher","Distraction"],"picked":"SKIP","floor":14},{"not_picked":["Eviscerate","Prepared"],"picked":"Backflip","floor":15},{"not_picked":["Grand Finale","Phantasmal Killer"],"picked":"Glass Knife","floor":16},{"not_picked":["Riddle With Holes","Outmaneuver"],"picked":"Prepared+1","floor":18},{"not_picked":["Underhanded Strike+1","Cloak And Dagger","Deadly Poison"],"picked":"SKIP","floor":19}],"player_experience":304889,"relics_obtained":[{"floor":7,"key":"Dream Catcher"}],"event_choices":[{"damage_healed":0,"gold_gain":75,"player_choice":"Gather Gold","damage_taken":11,"max_hp_gain":0,"max_hp_loss":0,"event_name":"World of Goop","floor":3,"gold_loss":0},{"damage_healed":0,"gold_gain":175,"player_choice":"AGREE","damage_taken":0,"max_hp_gain":0,"max_hp_loss":0,"event_name":"Liars Game","floor":11,"gold_loss":0,"cards_obtained":["Doubt"]},{"damage_healed":0,"gold_gain":0,"player_choice":"Success","damage_taken":12,"relics_obtained":["Paper Crane"],"max_hp_gain":0,"max_hp_loss":0,"event_name":"Scrap Ooze","floor":13,"gold_loss":0},{"damage_healed":0,"gold_gain":0,"player_choice":"Ignored","damage_taken":0,"max_hp_gain":0,"max_hp_loss":0,"event_name":"Vampires","floor":20,"gold_loss":0},{"damage_healed":0,"gold_gain":0,"cards_transformed":["Strike_G","Defend_G"],"player_choice":"Became Test Subject","damage_taken":0,"max_hp_gain":0,"max_hp_loss":0,"event_name":"Drug Dealer","floor":21,"gold_loss":0,"cards_obtained":["Slice","Catalyst"]},{"damage_healed":0,"gold_gain":0,"player_choice":"Shed Blood","damage_taken":18,"max_hp_gain":5,"max_hp_loss":0,"event_name":"Forgotten Altar","floor":22,"gold_loss":0}],"is_beta":false,"boss_relics":[{"not_picked":["Empty Cage","SlaversCollar"],"picked":"Fusion Hammer"}],"items_purged_floors":[],"is_endless":false,"potions_floor_spawned":[1,4,10,14,18,19],"killed_by":"Slavers","ascension_level":8}}