{"host":"bx8ylsmj2ob6hd5u","time":1612109313,"event":{"mods":["AchievementEnabler","Act Like it!","Aspiration","BaseMod","Colored Map","Downfall","Duelist Mod","Friendly Minions","Gensokyo","GifTheSpireLib","Hallownest","Hermit","HololiveMod","Hubris","Infinite Spire","Jorbs\u0027s Wanderer Trilogy","KinomotoSakuraMod(????)","Kiyohime????","Koishi","KomeijiMod","Lobotomy","LobotomyExtend","Marisa????????","Minty Spire (QoL Compilation)","Prisma Mod","Rare Cards Sparkle","Reimu??????","Remilia??????","Replay The Spire","StSLib","Td1madao Mod","The Administrix","The Animator","The Bug Knight","The Construct","The Cursed","The Disciple","The Hierophant","The Necromancer","The Poker Player","The Runesmith","The Senshi","The Servant 0.9.4","WarShipGirlsR/????R mod"],"gold_per_floor":[118,118,118,131,131,131,243,243,243,258,274,292,292,318,318,420,420,437,437,452,469,419,419],"floor_reached":22,"language":"ENG","playtime":1128,"items_purged":[],"score":178,"play_id":"c3fa4fdc-0b6b-4975-aeca-15fe40925f9a","local_time":"20210131180833","is_ascension_mode":false,"campfire_choices":[{"data":"Eruption","floor":6,"key":"SMITH"},{"data":"Vigilance","floor":8,"key":"SMITH"},{"data":"Ragnarok","floor":15,"key":"SMITH"}],"circlet_count":0,"master_deck":["Strike_P","Strike_P","Strike_P","Defend_P","Defend_P","Defend_P","Eruption+1","Vigilance+1","Ragnarok+1","FlurryOfBlows","Replay:DivineShield","PathToVictory","Replay:Anticipation","Brilliance","WindmillStrike","BattleHymn","Scrawl"],"relics":["PureWater","theSenshi:SailorFukuRelic","LetterFromLob","hubris:Icosahedron","hubris:BottledRain","Gremlin Food","Empty Cage","Nilry\u0027s Codex"],"acts_visited":["Exordium","TheCity"],"potions_floor_usage":[10,12,18,22,22],"damage_taken":[{"damage":0,"enemies":"Gensokyo:Python","floor":1,"turns":2},{"damage":1,"enemies":"Gensokyo:Gryphon","floor":4,"turns":3},{"damage":0,"enemies":"Gensokyo:2_Kodama","floor":7,"turns":3},{"damage":15,"enemies":"Gensokyo:Gryphon_and_Rabbit","floor":10,"turns":5},{"damage":0,"enemies":"Gensokyo:VengefulSpirit","floor":11,"turns":2},{"damage":0,"enemies":"Gensokyo:3_Kodama","floor":12,"turns":4},{"damage":7,"enemies":"Gensokyo:Yukari","floor":16,"turns":8},{"damage":5,"enemies":"Shell Parasite","floor":18,"turns":3},{"damage":27,"enemies":"Spheric Guardian","floor":20,"turns":4},{"damage":10,"enemies":"Snake Plant","floor":21,"turns":2},{"damage":21,"enemies":"Shelled Parasite and Fungi","floor":22,"turns":4}],"seed_played":"-7890343503261575616","potions_obtained":[{"floor":7,"key":"Regen Potion"},{"floor":11,"key":"ColorlessPotion"},{"floor":16,"key":"AttackPotion"},{"floor":18,"key":"LifebloodPotion"},{"floor":21,"key":"Toxic Potion"}],"is_trial":false,"path_per_floor":["M","?","?","M","?","R","M","R","T","M","M","M","?","T","R","B",null,"M","?","M","M","M"],"character_chosen":"WATCHER","items_purchased":[],"campfire_rested":0,"item_purchase_floors":[],"current_hp_per_floor":[72,72,72,71,71,71,71,71,71,66,72,72,65,65,65,58,72,67,51,24,14,0,0],"gold":419,"neow_bonus":"RANDOM_COMMON_RELIC","is_daily":false,"chose_seed":false,"campfire_upgraded":3,"win_rate":0.0,"timestamp":1612109313,"path_taken":["M","?","?","?","?","R","M","R","T","M","M","M","?","?","R","BOSS","M","?","M","M","M"],"items_purchased_type":[],"build_version":"2020-12-22","purchased_purges":0,"victory":false,"max_hp_per_floor":[72,72,72,72,72,72,72,72,72,72,72,72,72,72,72,72,72,72,72,72,72,72,72],"card_choices":[{"not_picked":["FlyingSleeves","CrushJoints"],"picked":"Replay:Battleflow","floor":1},{"not_picked":["Crescendo","Halt"],"picked":"Ragnarok","floor":4},{"not_picked":["Vengeance","CutThroughFate"],"picked":"FlurryOfBlows","floor":7},{"not_picked":["SignatureMove","CutThroughFate"],"picked":"Replay:DivineShield","floor":10},{"not_picked":["FlurryOfBlows","CrushJoints"],"picked":"PathToVictory","floor":11},{"not_picked":["Replay:BluntJabs","JustLucky"],"picked":"Replay:Anticipation","floor":12},{"not_picked":["Ragnarok","Omniscience"],"picked":"Brilliance","floor":16},{"not_picked":["CrushJoints","PathToVictory"],"picked":"WindmillStrike","floor":18},{"not_picked":["Replay:Anticipation+1","Replay:BluntJabs"],"picked":"BattleHymn","floor":20},{"not_picked":["Consecrate","EmptyBody"],"picked":"Scrawl","floor":21}],"player_experience":1521082,"relics_obtained":[{"floor":1,"key":"LetterFromLob"},{"floor":9,"key":"hubris:BottledRain"},{"floor":14,"key":"Gremlin Food"},{"floor":19,"key":"Nilry\u0027s Codex"}],"event_choices":[{"damage_healed":0,"gold_gain":0,"player_choice":"Obtained Book","damage_taken":16,"max_hp_gain":0,"max_hp_loss":0,"event_name":"Cursed Tome","floor":19,"gold_loss":0}],"is_beta":false,"boss_relics":[{"not_picked":["hubris:TerracottaHorce","hubris:BlackHole"],"picked":"Empty Cage"}],"items_purged_floors":[],"is_endless":false,"potions_floor_spawned":[7,11,16,18,21],"killed_by":"Shelled Parasite and Fungi","ascension_level":0}}