{"host":"exhp4inpfmbngj23","time":1612067694,"event":{"mods":["Abigail Mod","BaseMod","Beaked The Cultist","Downfall","Friendly Minions","Kiyohime????","Minty Spire (QoL Compilation)","StSLib","The Alterego"],"gold_per_floor":[99,110,123,108,123,198,221,233,33,133,133,149,176,176,190,285,285,185,197,214,228,228,244,269,269,269,269],"floor_reached":25,"language":"ENG","playtime":1615,"items_purged":[],"score":215,"play_id":"8c27d4c2-0dfa-4592-8108-1eeea93cc1bd","local_time":"20210130203454","is_ascension_mode":true,"campfire_choices":[{"floor":1,"key":"RECALL"},{"data":"Slimebound:Grow","floor":9,"key":"SMITH"},{"data":"Slimebound:TagTeam","floor":18,"key":"SMITH"}],"circlet_count":0,"master_deck":["Slimebound:Strike_Slimebound","Slimebound:Strike_Slimebound","Slimebound:Strike_Slimebound","Slimebound:Tackle","Slimebound:Defend_Slimebound","Slimebound:Defend_Slimebound","Slimebound:Defend_Slimebound","Slimebound:Defend_Slimebound","Slimebound:Split","Slimebound:CorrosiveSpit","Slimebound:SplitLeeching","Slimebound:SplitMire","Slimebound:LeechEnergy","Slimebound:Repurpose","Slimebound:Grow+1","Slimebound:Schlurp","Slimebound:SlimeBarrage+1","Slimebound:SplitMire","Slimebound:RollThrough","Slimebound:TagTeam+1","Slimebound:AcidTongue+1","Slimebound:AcidTongue","Slimebound:FlameTackle","Slimebound:LivingWall"],"relics":["Slimebound:AbsorbEndCombat","downfall:HeartBlessingRed","downfall:HeartBlessingBlue","beaked:ShinyBauble","Black Star","downfall:HeartBlessingGreen","Dream Catcher"],"acts_visited":["Exordium","TheCity"],"potions_floor_usage":[23],"damage_taken":[{"damage":1,"enemies":"2 Louse","floor":2,"turns":3},{"damage":10,"enemies":"Small Slimes","floor":3,"turns":3},{"damage":0,"enemies":"downfall:FleeingMerchant","floor":4,"turns":4},{"damage":0,"enemies":"Cultist","floor":5,"turns":3},{"damage":1,"enemies":"3 Louse","floor":8,"turns":4},{"damage":2,"enemies":"2 Fungi Beasts","floor":12,"turns":4},{"damage":23,"enemies":"Gremlin Nob","floor":13,"turns":4},{"damage":24,"enemies":"Exordium Thugs","floor":15,"turns":4},{"damage":23,"enemies":"IC_STATUS_ARCHETYPE","floor":16,"turns":7},{"damage":1,"enemies":"Spheric Guardian","floor":19,"turns":3},{"damage":13,"enemies":"Snecko","floor":20,"turns":4},{"damage":16,"enemies":"Cultist and Chosen","floor":21,"turns":6},{"damage":56,"enemies":"Shelled Parasite and Fungi","floor":23,"turns":6},{"damage":20,"enemies":"Centurion and Healer","floor":25,"turns":3}],"seed_played":"6380861504736397875","potions_obtained":[{"floor":3,"key":"Guardian:BlockOnCardUsePotion"},{"floor":8,"key":"Strength Potion"},{"floor":13,"key":"Slimebound:ThreeZeroPotion"},{"floor":16,"key":"SpeedPotion"},{"floor":19,"key":"Regen Potion"}],"is_trial":false,"path_per_floor":["R","M","M","$","M","?","T","M","R","?","?","M","E","?","M","B",null,"R","M","M","M","?","M","T","M"],"character_chosen":"SLIMEBOUND","items_purchased":[],"campfire_rested":0,"item_purchase_floors":[],"current_hp_per_floor":[65,64,57,63,65,65,65,65,75,75,75,75,56,56,40,23,75,75,75,64,52,52,9,9,0,0,0],"gold":269,"neow_bonus":"THREE_CARDS","is_daily":false,"chose_seed":false,"campfire_upgraded":2,"win_rate":0.0,"timestamp":1612067694,"path_taken":["R","M","M","$","M","?","T","M","R","?","?","M","E","?","M","BOSS","R","M","M","M","?","M","T","?"],"items_purchased_type":[],"build_version":"2020-12-22","purchased_purges":0,"victory":false,"max_hp_per_floor":[65,65,65,65,65,65,65,65,75,75,75,75,75,75,75,75,75,75,75,75,75,75,75,75,75,75,75],"card_choices":[{"not_picked":["Slimebound:Dissolve","Slimebound:ItLooksTasty"],"picked":"Slimebound:SplitLeeching","floor":0},{"not_picked":["Slimebound:PressTheAttack","Slimebound:SpikyOuterGoop"],"picked":"Slimebound:SplitMire","floor":2},{"not_picked":["Slimebound:ForwardTackle","Slimebound:ComboTackle"],"picked":"Slimebound:LeechEnergy","floor":3},{"not_picked":["Slimebound:BestDefense","Slimebound:SplitBruiser"],"picked":"Slimebound:Repurpose","floor":4},{"not_picked":["Slimebound:GoopTackle","Slimebound:Schlurp"],"picked":"Slimebound:Grow","floor":5},{"not_picked":["Slimebound:Prepare","Slimebound:HauntingLick"],"picked":"Slimebound:Schlurp","floor":8},{"not_picked":["Slimebound:GoopTackle","Slimebound:Dissolve"],"picked":"Slimebound:SlimeBarrage","floor":12},{"not_picked":["Slimebound:ServeAndProtect","Slimebound:Prepare"],"picked":"Slimebound:SplitMire","floor":13},{"not_picked":["Slimebound:ProtectTheBoss","Slimebound:HauntingLick"],"picked":"Slimebound:RollThrough","floor":15},{"not_picked":["Slimebound:LeechLife","Slimebound:PrepareCrush"],"picked":"Slimebound:TagTeam","floor":16},{"not_picked":["Slimebound:LeechingTouch","Slimebound:ComboTackle"],"picked":"Slimebound:PressTheAttack","floor":19},{"not_picked":["Slimebound:ItLooksTasty","Slimebound:ComboTackle"],"picked":"Slimebound:AcidTongue+1","floor":20},{"not_picked":["Slimebound:SlimeTap+1","Slimebound:SlimeSpikes"],"picked":"Slimebound:AcidTongue","floor":21},{"not_picked":["Slimebound:ComboTackle","Slimebound:SplitBruiser"],"picked":"Slimebound:LivingWall","floor":23}],"player_experience":2086624,"relics_obtained":[{"floor":13,"key":"beaked:ShinyBauble"},{"floor":24,"key":"Dream Catcher"}],"event_choices":[{"damage_healed":0,"gold_gain":0,"player_choice":"Grow","damage_taken":0,"max_hp_gain":0,"max_hp_loss":0,"event_name":"Living Wall","floor":14,"gold_loss":0,"cards_upgraded":["Slimebound:SlimeBarrage"]}],"is_beta":false,"boss_relics":[{"not_picked":["Sozu","Snecko Eye"],"picked":"Black Star"}],"items_purged_floors":[],"is_endless":false,"potions_floor_spawned":[3,8,13,16,19,20],"killed_by":"Centurion and Healer","ascension_level":1}}