{"host":"3jpwrwmmgyabjceh","time":1612106011,"event":{"mods":["AchievementEnabler","BaseMod","Colored Map","Colored Powertips","Highlight Path","Minty Spire (QoL Compilation)","Quick Restart","Relic Stats","StSLib","SuperFastMode"],"gold_per_floor":[117,129,143,143,157,198,198,198,198],"floor_reached":8,"language":"ENG","playtime":170,"items_purged":[],"score":78,"play_id":"709d82e7-37d1-4945-b4b2-e7a9ec0a37c5","local_time":"20210131181331","is_ascension_mode":true,"campfire_choices":[{"data":"BowlingBash","floor":7,"key":"SMITH"}],"circlet_count":0,"master_deck":["Strike_P","Strike_P","Strike_P","Strike_P","Defend_P","Defend_P","Defend_P","Defend_P","Eruption","Vigilance","CrushJoints","Crescendo","BowlingBash+1","Protect","ClearTheMind"],"relics":["PureWater","NeowsBlessing","Golden Idol","Happy Flower"],"acts_visited":["Exordium"],"potions_floor_usage":[6,6,8],"damage_taken":[{"damage":0.0,"enemies":"Cultist","floor":1.0,"turns":1.0},{"damage":0.0,"enemies":"2 Louse","floor":2.0,"turns":1.0},{"damage":0.0,"enemies":"Small Slimes","floor":3.0,"turns":1.0},{"damage":3.0,"enemies":"Exordium Thugs","floor":5.0,"turns":3.0},{"damage":43,"enemies":"Lagavulin","floor":6,"turns":7},{"damage":37,"enemies":"Gremlin Nob","floor":8,"turns":3}],"seed_played":"1928159844928008908","potions_obtained":[{"floor":3.0,"key":"SpeedPotion"},{"floor":5.0,"key":"PowerPotion"},{"floor":6,"key":"GamblersBrew"}],"is_trial":false,"path_per_floor":["M","M","M","?","M","E","R","E"],"character_chosen":"WATCHER","items_purchased":[],"campfire_rested":0,"item_purchase_floors":[],"current_hp_per_floor":[65,65,65,65,62,19,19,0,0],"gold":198,"neow_bonus":"THREE_ENEMY_KILL","is_daily":false,"chose_seed":false,"campfire_upgraded":1,"win_rate":0.0,"timestamp":1612106011,"path_taken":["M","?","M","?","M","E","R","E"],"items_purchased_type":[],"build_version":"2020-12-22","purchased_purges":0,"victory":false,"max_hp_per_floor":[72,72,72,67,67,67,67,67,67],"relic_stats":{"Happy Flower":[1],"counters":[6,16],"Golden Idol":11,"obtain_stats":[{"NeowsBlessing":0,"Happy Flower":6,"Golden Idol":4,"PureWater":0},{"NeowsBlessing":0,"Happy Flower":5,"Golden Idol":3,"PureWater":0},{"NeowsBlessing":0,"Happy Flower":13,"Golden Idol":3,"PureWater":0}]},"card_choices":[{"not_picked":["SashWhip","Nirvana"],"picked":"CrushJoints","floor":1.0},{"not_picked":["Swivel","Collect","Crescendo"],"picked":"SKIP","floor":2.0},{"not_picked":["Swivel","Collect"],"picked":"Crescendo","floor":2.0},{"not_picked":["Halt","Swivel"],"picked":"BowlingBash","floor":3.0},{"not_picked":["Crescendo","BowlingBash"],"picked":"Protect","floor":5.0},{"not_picked":["Worship","FlurryOfBlows"],"picked":"ClearTheMind","floor":6}],"player_experience":310389,"relics_obtained":[{"floor":6,"key":"Happy Flower"}],"event_choices":[{"damage_healed":0.0,"max_hp_gain":0.0,"max_hp_loss":5.0,"gold_gain":0.0,"event_name":"Golden Idol","player_choice":"Lose Max HP","floor":4.0,"gold_loss":0.0,"damage_taken":0.0,"relics_obtained":["Golden Idol"]}],"is_beta":false,"boss_relics":[],"items_purged_floors":[],"is_endless":false,"potions_floor_spawned":[3,5,6],"killed_by":"Gremlin Nob","ascension_level":7}}