{"host":"t7mx8yfj1no5p62f","time":1612051275,"event":{"mods":["BaseMod","Colored Map","Colored Powertips","Minty Spire (QoL Compilation)","Relic Stats","StSLib"],"gold_per_floor":[115,127,202,222,202,202,227,74,74,74,101,119,119,149,149,221,221,236,236,251,265,265,265,265,295,295,295,295,295,315,49,49,124,124,135,135,135,135,154,154,184,209,232,245,270,295,295,295,295],"floor_reached":48,"language":"ENG","playtime":1828,"items_purged":["Strike_G","Strike_G+1"],"score":1269,"play_id":"2cc4ce77-075a-43d5-8565-a648c7be2179","local_time":"20210130190115","is_ascension_mode":true,"campfire_choices":[{"data":"Blade Dance","floor":6,"key":"SMITH"},{"data":"Noxious Fumes","floor":10,"key":"SMITH"},{"data":"Catalyst","floor":13,"key":"SMITH"},{"data":"Wraith Form v2","floor":15,"key":"SMITH"},{"data":"Night Terror","floor":23,"key":"SMITH"},{"data":"Prepared","floor":28,"key":"SMITH"},{"floor":32,"key":"REST"},{"floor":40,"key":"RECALL"}],"circlet_count":0,"master_deck":["AscendersBane","Defend_G+1","Defend_G+1","Defend_G+1","Defend_G+1","Defend_G+1","Survivor","Neutralize","Blade Dance+1","Choke","Endless Agony","Dash","Noxious Fumes+1","Acrobatics","Catalyst+1","Wraith Form v2+1","Night Terror+1","Underhanded Strike+1","Outmaneuver","Cloak And Dagger+1","RitualDagger","Prepared+1","Deflect","Deflect","After Image","Crippling Poison+1","Acrobatics","Leg Sweep","Backflip","Secret Technique"],"relics":["Ring of the Serpent","Lantern","Blood Vial","Letter Opener","Matryoshka","Bag of Preparation","White Beast Statue","Bronze Scales","Bottled Flame","Anchor","Pear","Fusion Hammer","Mercury Hourglass","Snake Skull","Du-Vu Doll","CaptainsWheel"],"acts_visited":["Exordium","TheCity","TheBeyond"],"potions_floor_usage":[7,16,20,25,25,30,33,46,48],"damage_taken":[{"damage":1,"enemies":"Cultist","floor":1,"turns":4},{"damage":0,"enemies":"Small Slimes","floor":2,"turns":3},{"damage":0,"enemies":"2 Louse","floor":4,"turns":2},{"damage":17,"enemies":"Lagavulin","floor":7,"turns":7},{"damage":0,"enemies":"3 Sentries","floor":11,"turns":7},{"damage":0,"enemies":"2 Fungi Beasts","floor":12,"turns":2},{"damage":20,"enemies":"Lagavulin","floor":14,"turns":7},{"damage":6,"enemies":"The Guardian","floor":16,"turns":9},{"damage":16,"enemies":"Shell Parasite","floor":18,"turns":6},{"damage":3,"enemies":"Spheric Guardian","floor":20,"turns":4},{"damage":16,"enemies":"Centurion and Healer","floor":21,"turns":7},{"damage":31,"enemies":"Slavers","floor":25,"turns":3},{"damage":13,"enemies":"Shelled Parasite and Fungi","floor":30,"turns":6},{"damage":0,"enemies":"Collector","floor":33,"turns":2},{"damage":0,"enemies":"3 Shapes","floor":35,"turns":4},{"damage":0,"enemies":"Orb Walker","floor":39,"turns":2},{"damage":60,"enemies":"Nemesis","floor":41,"turns":9},{"damage":0,"enemies":"Writhing Mass","floor":44,"turns":5},{"damage":11,"enemies":"Giant Head","floor":45,"turns":7},{"damage":0,"enemies":"Mind Bloom Boss Battle","floor":46,"turns":5},{"damage":26,"enemies":"Nemesis","floor":48,"turns":6}],"seed_played":"829696451645740030","potions_obtained":[{"floor":1,"key":"LiquidMemories"},{"floor":4,"key":"LiquidMemories"},{"floor":5,"key":"Fruit Juice"},{"floor":14,"key":"BlessingOfTheForge"},{"floor":18,"key":"SmokeBomb"},{"floor":20,"key":"LiquidMemories"},{"floor":21,"key":"SteroidPotion"},{"floor":25,"key":"ColorlessPotion"},{"floor":30,"key":"Poison Potion"},{"floor":33,"key":"CultistPotion"},{"floor":35,"key":"Strength Potion"},{"floor":39,"key":"DuplicationPotion"},{"floor":44,"key":"Regen Potion"},{"floor":46,"key":"SneckoOil"}],"is_trial":false,"path_per_floor":["M","M","?","M","?","R","E","$","T","R","E","M","R","E","R","B",null,"M","T","M","M","?","R","?","E","T","?","R","?","M","$","R","B",null,"M","?","?","$","M","R","E","T","T","M","E","?","?","E"],"character_chosen":"THE_SILENT","items_purchased":["Noxious Fumes","After Image"],"campfire_rested":1,"item_purchase_floors":[8,31],"current_hp_per_floor":[58,58,47,47,47,47,30,30,30,30,32,34,34,16,16,12,53,39,39,43,29,43,43,37,8,18,18,18,18,7,7,31,33,69,71,71,71,71,73,73,15,15,15,17,8,24,14,0,0],"gold":295,"neow_bonus":"RANDOM_COMMON_RELIC","is_daily":false,"chose_seed":false,"campfire_upgraded":6,"win_rate":0.0,"timestamp":1612051275,"path_taken":["M","M","?","M","?","R","E","$","T","R","E","M","R","E","R","BOSS","M","?","?","M","?","R","?","E","T","?","R","?","M","$","R","BOSS","M","?","?","?","?","R","E","?","T","M","E","?","?","E"],"items_purchased_type":["Card","Card"],"build_version":"2020-12-22","purchased_purges":2,"victory":false,"max_hp_per_floor":[66,66,66,66,66,66,66,66,66,66,66,66,66,66,66,66,66,66,66,71,71,71,71,71,71,81,81,81,81,81,81,81,81,81,81,81,81,81,81,81,81,81,81,81,81,81,81,81,81],"relic_stats":{"Blood Vial":34,"counters":[21,107],"Bronze Scales":[125],"Snake Skull":[26],"Bag of Preparation":[29],"Letter Opener":[174],"obtain_stats":[{"Lantern":0,"Pear":26,"Snake Skull":42,"Bag of Preparation":14,"Letter Opener":9,"White Beast Statue":19,"Mercury Hourglass":41,"Blood Vial":7,"Du-Vu Doll":45,"Bottled Flame":25,"Anchor":26,"CaptainsWheel":46,"Matryoshka":11,"Bronze Scales":19,"Fusion Hammer":34,"Ring of the Serpent":17,"Ring of the Snake":0},{"Lantern":0,"Pear":12,"Snake Skull":17,"Bag of Preparation":7,"Letter Opener":4,"White Beast Statue":9,"Mercury Hourglass":17,"Blood Vial":4,"Du-Vu Doll":19,"Bottled Flame":12,"Anchor":12,"CaptainsWheel":20,"Matryoshka":5,"Bronze Scales":9,"Fusion Hammer":14,"Ring of the Serpent":8,"Ring of the Snake":0},{"Lantern":0,"Pear":61,"Snake Skull":84,"Bag of Preparation":32,"Letter Opener":16,"White Beast Statue":47,"Mercury Hourglass":84,"Blood Vial":16,"Du-Vu Doll":96,"Bottled Flame":61,"Anchor":61,"CaptainsWheel":101,"Matryoshka":23,"Bronze Scales":47,"Fusion Hammer":69,"Ring of the Serpent":41,"Ring of the Snake":0}],"Mercury Hourglass":[57]},"card_choices":[{"not_picked":["Catalyst","Bane"],"picked":"Blade Dance","floor":1},{"not_picked":["Sucker Punch","Quick Slash"],"picked":"Choke","floor":2},{"not_picked":["Predator","Burst"],"picked":"Endless Agony","floor":4},{"not_picked":["Cloak And Dagger","Heel Hook"],"picked":"Dash","floor":7},{"not_picked":["Bane","Dodge and Roll"],"picked":"Acrobatics","floor":11},{"not_picked":["Sucker Punch","Underhanded Strike"],"picked":"Catalyst","floor":12},{"not_picked":["Infinite Blades","PiercingWail"],"picked":"Wraith Form v2","floor":14},{"not_picked":["Storm of Steel","Malaise"],"picked":"Night Terror","floor":16},{"not_picked":["Slice+1","Dodge and Roll"],"picked":"Underhanded Strike+1","floor":18},{"not_picked":["Terror","Riddle With Holes"],"picked":"Outmaneuver","floor":20},{"not_picked":["Prepared","Caltrops"],"picked":"Cloak And Dagger+1","floor":21},{"not_picked":["Distraction","Masterful Stab+1","Cloak And Dagger"],"picked":"SKIP","floor":25},{"not_picked":["Escape Plan","Dagger Throw"],"picked":"Deflect","floor":30},{"not_picked":["Flying Knee+1","Slice","Dagger Throw"],"picked":"SKIP","floor":35},{"not_picked":["Catalyst","Finisher"],"picked":"Crippling Poison+1","floor":39},{"not_picked":["Dagger Spray","Underhanded Strike"],"picked":"Acrobatics","floor":41},{"not_picked":["Blade Dance","Flechettes"],"picked":"Leg Sweep","floor":44},{"not_picked":["All Out Attack","Dash"],"picked":"Backflip","floor":45},{"not_picked":["Purity","Bandage Up"],"picked":"Secret Technique","floor":47}],"player_experience":1892171,"relics_obtained":[{"floor":7,"key":"Blood Vial"},{"floor":9,"key":"Letter Opener"},{"floor":11,"key":"Matryoshka"},{"floor":14,"key":"Bag of Preparation"},{"floor":19,"key":"White Beast Statue"},{"floor":19,"key":"Bronze Scales"},{"floor":25,"key":"Bottled Flame"},{"floor":26,"key":"Anchor"},{"floor":26,"key":"Pear"},{"floor":41,"key":"Mercury Hourglass"},{"floor":42,"key":"Snake Skull"},{"floor":45,"key":"Du-Vu Doll"},{"floor":46,"key":"CaptainsWheel"}],"event_choices":[{"damage_healed":0,"gold_gain":75,"player_choice":"Gather Gold","damage_taken":11,"max_hp_gain":0,"max_hp_loss":0,"event_name":"World of Goop","floor":3,"gold_loss":0},{"damage_healed":0,"gold_gain":0,"player_choice":"Bought 1 Potion","damage_taken":0,"max_hp_gain":0,"max_hp_loss":0,"event_name":"The Woman in Blue","floor":5,"gold_loss":0},{"damage_healed":14,"gold_gain":0,"player_choice":"Heal","damage_taken":0,"max_hp_gain":0,"max_hp_loss":0,"event_name":"The Library","floor":22,"gold_loss":0},{"damage_healed":0,"gold_gain":0,"player_choice":"Joined the Cult","damage_taken":6,"max_hp_gain":0,"max_hp_loss":0,"event_name":"Nest","floor":24,"gold_loss":0,"cards_obtained":["RitualDagger"]},{"damage_healed":0,"gold_gain":0,"cards_transformed":["Strike_G","Strike_G"],"player_choice":"Became Test Subject","damage_taken":0,"max_hp_gain":0,"max_hp_loss":0,"event_name":"Drug Dealer","floor":27,"gold_loss":0,"cards_obtained":["Prepared","Deflect"]},{"damage_healed":0,"gold_gain":0,"player_choice":"Simplicity","damage_taken":0,"max_hp_gain":0,"max_hp_loss":0,"event_name":"Back to Basics","floor":29,"gold_loss":0,"cards_upgraded":["Strike_G","Strike_G","Defend_G","Defend_G","Defend_G","Defend_G","Defend_G"]},{"damage_healed":0,"gold_gain":0,"player_choice":"Ignored","damage_taken":0,"max_hp_gain":0,"max_hp_loss":0,"event_name":"Tomb of Lord Red Mask","floor":36,"gold_loss":0},{"cards_removed":["Strike_G"],"damage_healed":0,"gold_gain":0,"player_choice":"Removed Attack","damage_taken":0,"max_hp_gain":0,"max_hp_loss":0,"event_name":"Falling","floor":37,"gold_loss":0},{"damage_healed":0,"gold_gain":0,"player_choice":"Fight","damage_taken":0,"max_hp_gain":0,"max_hp_loss":0,"event_name":"MindBloom","floor":46,"gold_loss":0},{"damage_healed":0,"gold_gain":0,"player_choice":"Memory 3","damage_taken":10,"max_hp_gain":0,"max_hp_loss":0,"event_name":"SensoryStone","floor":47,"gold_loss":0}],"is_beta":false,"boss_relics":[{"not_picked":["Sozu","WristBlade"],"picked":"Ring of the Serpent"},{"not_picked":["Astrolabe","SacredBark"],"picked":"Fusion Hammer"}],"items_purged_floors":[8,31],"is_endless":false,"potions_floor_spawned":[1,4,14,18,20,21,25,30,33,35,39,41,44,45,46],"killed_by":"Nemesis","ascension_level":20}}