{"host":"skr63qsdfgeey3it","time":1612063690,"event":{"mods":["BaseMod","Colored Map","Hubris","Minty Spire (QoL Compilation)","Replay The Spire","Spicy Shops","StSLib"],"gold_per_floor":[118,118,132,7,18,51,68,68,68,68,97,114,143,143,143,23,23,123,123,140,26,26,21,41,70,70,81,104,104,132,10,27,51,51,156,156,171,171,181,199,210,210,210],"floor_reached":42,"language":"ENG","playtime":2543,"items_purged":[],"score":737,"play_id":"aef4e93d-3a9d-4dce-8cab-0c7d548b4dc9","local_time":"20210130212810","is_ascension_mode":true,"campfire_choices":[{"data":"Genetic Algorithm","floor":8,"key":"SMITH"},{"data":"Darkness","floor":10,"key":"SMITH"},{"floor":17,"key":"REST"},{"data":"Creative AI","floor":26,"key":"SMITH"},{"data":"Tempest","floor":29,"key":"SMITH"},{"data":"Electrodynamics","floor":34,"key":"SMITH"}],"circlet_count":0,"master_deck":["Strike_B","Strike_B","Defend_B","Defend_B","Defend_B","Zap","Dualcast","Cold Snap","Sweeping Beam","hubris:EnhanceAbility+1","hubris:EnhanceAbility+1","Madness","White Noise","Darkness+1","Genetic Algorithm+1","Cold Snap","Creative AI+1","Conserve Battery+1","Loop","Glacier","Loop","Tempest+1","Electrodynamics+1","Amplify","Conserve Battery+1","Conserve Battery+1"],"relics":["Cracked Core","NeowsBlessing","ReplayTheSpireMod:ShopPack","The Courier","Replay:Bottled Eggs","Pen Nib","Carrot","Runic Capacitor","Snecko Eye","Replay:Rubber Ducky","hubris:SphereOfDissonance","hubris:ToyBattleship","Bottled Flame","Chemical X","hubris:TenFootPole"],"acts_visited":["Exordium","TheCity","TheBeyond"],"potions_floor_usage":[6,6,7,30,42,42],"damage_taken":[{"damage":0,"enemies":"Jaw Worm","floor":1,"turns":1},{"damage":0,"enemies":"Cultist","floor":3,"turns":1},{"damage":0,"enemies":"Small Slimes","floor":5,"turns":1},{"damage":2,"enemies":"Gremlin Nob","floor":6,"turns":4},{"damage":0,"enemies":"Gremlin Gang","floor":7,"turns":2},{"damage":23,"enemies":"Lagavulin","floor":11,"turns":8},{"damage":15,"enemies":"Lots of Slimes","floor":12,"turns":5},{"damage":19,"enemies":"3 Sentries","floor":13,"turns":7},{"damage":13,"enemies":"The Guardian","floor":18,"turns":9},{"damage":8,"enemies":"Spheric Guardian","floor":20,"turns":5},{"damage":4,"enemies":"2 Thieves","floor":23,"turns":5},{"damage":0,"enemies":"Centurion and Healer","floor":24,"turns":6},{"damage":5,"enemies":"Gremlin Leader","floor":25,"turns":9},{"damage":0,"enemies":"Snecko","floor":27,"turns":10},{"damage":1,"enemies":"Book of Stabbing","floor":30,"turns":4},{"damage":0,"enemies":"Snake Plant","floor":32,"turns":3},{"damage":0,"enemies":"Pondfish","floor":35,"turns":5},{"damage":0,"enemies":"Orb Walker","floor":37,"turns":2},{"damage":12,"enemies":"3 Darklings","floor":39,"turns":3},{"damage":0,"enemies":"4 Shapes","floor":40,"turns":2},{"damage":16,"enemies":"Spire Growth","floor":41,"turns":5},{"damage":40,"enemies":"Reptomancer","floor":42,"turns":2}],"seed_played":"-7242893482986290385","potions_obtained":[{"floor":1,"key":"Reflective Coating"},{"floor":3,"key":"ColorlessPotion"},{"floor":6,"key":"Explosive Potion"},{"floor":20,"key":"Ancient Potion"},{"floor":24,"key":"PotionOfCapacity"},{"floor":27,"key":"SkillPotion"},{"floor":30,"key":"Ancient Potion"}],"is_trial":false,"path_per_floor":["M","?","M","$","M","E","M","R","T","R","E","M","E","PTL","PTL","$","R","B",null,"M","$","?","M","M","E","R","M","T","R","E","$","M","T","R","B",null,"M","?","M","M","M","E"],"character_chosen":"DEFECT","items_purchased":["ReplayTheSpireMod:ShopPack","Runic Capacitor","Replay:Rubber Ducky","Chemical X"],"campfire_rested":1,"item_purchase_floors":[4,16,21,31],"current_hp_per_floor":[68,68,68,68,68,66,66,66,66,66,43,28,9,9,9,9,31,18,61,53,53,53,49,49,44,44,44,44,44,43,43,43,43,43,43,67,67,67,55,55,39,0,0],"gold":210,"neow_bonus":"THREE_ENEMY_KILL","is_daily":false,"chose_seed":false,"campfire_upgraded":5,"win_rate":0.0,"timestamp":1612063690,"path_taken":["M","?","M","$","M","E","M","R","T","R","E","?","E","PTL","PTL","$","R","BOSS","M","$","?","M","?","E","R","M","T","R","E","?","M","?","R","BOSS","M","?","M","M","M","E"],"items_purchased_type":["Relic","Relic","Relic","Relic"],"build_version":"2020-12-22","purchased_purges":0,"victory":false,"max_hp_per_floor":[75,75,75,75,75,75,75,75,75,75,75,75,75,75,75,75,75,75,75,75,75,75,75,75,75,75,75,75,75,75,75,75,75,75,75,75,75,75,75,75,75,75,75],"card_choices":[{"not_picked":["Tempest","FIFO Queue"],"picked":"Cold Snap","floor":1},{"not_picked":["Fusion","Rebound"],"picked":"Sweeping Beam","floor":3},{"not_picked":["Secret Technique","Master of Strategy"],"picked":"hubris:EnhanceAbility","floor":4},{"not_picked":["Replay:BasicMightCard","Deep Breath"],"picked":"hubris:EnhanceAbility","floor":4},{"not_picked":["Replay:Sssssssssshield","Replay:BasicMightCard"],"picked":"Madness","floor":4},{"not_picked":["Go for the Eyes","Streamline"],"picked":"White Noise","floor":5},{"not_picked":["Hologram","Panic Button"],"picked":"Darkness","floor":6},{"not_picked":["ReplaySort","Heatsinks"],"picked":"Genetic Algorithm","floor":7},{"not_picked":["Chill","Rebound","Ball Lightning"],"picked":"SKIP","floor":11},{"not_picked":["Meteor Strike","Barrage"],"picked":"Cold Snap","floor":12},{"not_picked":["BasicCrystalCard","Reinforced Body","Barrage"],"picked":"SKIP","floor":13},{"not_picked":["All For One","Electrodynamics"],"picked":"Creative AI","floor":18},{"not_picked":["Beam Cell","Genetic Algorithm"],"picked":"Conserve Battery+1","floor":20},{"not_picked":["Gash","ReplaySolidLightProjector"],"picked":"Glacier","floor":23},{"not_picked":["Redo","Barrage","Compile Driver"],"picked":"SKIP","floor":24},{"not_picked":["Barrage+1","Hello World"],"picked":"Loop","floor":25},{"not_picked":["hubris:Ukulele","Double Energy"],"picked":"Tempest","floor":27},{"not_picked":["Leap","Compile Driver"],"picked":"Electrodynamics","floor":30},{"not_picked":["Sweeping Beam+1","Hologram+1","Glacier"],"picked":"SKIP","floor":32},{"not_picked":["Mirror Shield","hubris:SpecializedCircuitry"],"picked":"Amplify","floor":35},{"not_picked":["Redo","Hologram"],"picked":"Conserve Battery+1","floor":37},{"not_picked":["Turbo+1","BasicCrystalCard"],"picked":"Conserve Battery+1","floor":39},{"not_picked":["Beam Cell+1","BasicCrystalCard","Recycle"],"picked":"SKIP","floor":40},{"not_picked":["Compile Driver+1","Go for the Eyes","Melter"],"picked":"SKIP","floor":41}],"player_experience":827102,"relics_obtained":[{"floor":6,"key":"The Courier"},{"floor":9,"key":"Replay:Bottled Eggs"},{"floor":11,"key":"Pen Nib"},{"floor":13,"key":"Carrot"},{"floor":25,"key":"hubris:SphereOfDissonance"},{"floor":28,"key":"hubris:ToyBattleship"},{"floor":30,"key":"Bottled Flame"},{"floor":33,"key":"hubris:TenFootPole"}],"event_choices":[{"cards_removed":["Strike_B"],"damage_healed":0,"gold_gain":0,"player_choice":"Purged","damage_taken":0,"max_hp_gain":0,"max_hp_loss":0,"event_name":"Purifier","floor":2,"gold_loss":0},{"damage_healed":0,"gold_gain":0,"cards_transformed":["Defend_B"],"player_choice":"Transformed","damage_taken":0,"max_hp_gain":0,"max_hp_loss":0,"event_name":"Transmorgrifier","floor":22,"gold_loss":0,"cards_obtained":["Loop"]},{"cards_removed":["Strike_B"],"damage_healed":0,"gold_gain":0,"player_choice":"Purged","damage_taken":0,"max_hp_gain":0,"max_hp_loss":0,"event_name":"Purifier","floor":38,"gold_loss":0}],"is_beta":false,"boss_relics":[{"not_picked":["Runic Dome","ReplayTheSpireMod:DimensionalGlitch"],"picked":"Snecko Eye"},{"not_picked":["Replay:Wanted Poster","hubris:BlackHole","Replay:Drink Me"]}],"items_purged_floors":[],"is_endless":false,"potions_floor_spawned":[1,3,6,20,24,27,30,39],"killed_by":"Reptomancer","ascension_level":9}}