{"host":"59ybwvz342rz5fw6","time":1612089717,"event":{"mods":["BaseMod","Colored Powertips","Minty Spire (QoL Compilation)","Relic Stats","Replay The Spire","RumiaBox-露米娅的神秘盒子","StSLib","Waifu the Spire","[功能]功能增强和修复MOD","simple","【功能Mod】混沌之环修复补丁"],"gold_per_floor":[2085,62,122,194,289,449,1199,1199,1199,188,343,488,488,613,613,3423,2923,2994,102,157,1532,24,24,124,269,519,684,819,954,954,5,5,2700,2700,2900,68,303,29,89,224,1864,2024,2254,2384,2534,2659,2659,2744,2744,2744,2764,2764,2764,902,1167,1554],"floor_reached":57,"language":"ZHS","playtime":3705,"items_purged":[],"score":4409,"play_id":"d50eaa46-d466-4c9e-839a-32f1bb5cfb17","local_time":"20210131184157","is_ascension_mode":true,"campfire_choices":[{"data":"Storm","floor":8.0,"key":"SMITH"},{"data":"Hello World","floor":8.0,"key":"SMITH"},{"data":"Buffer","floor":8.0,"key":"SMITH"},{"data":"Heatsinks","floor":8.0,"key":"SMITH"},{"data":"Consume","floor":8.0,"key":"SMITH"},{"data":"White Noise","floor":8.0,"key":"SMITH"},{"floor":8.0,"key":"RECALL"},{"data":"Strike_B","floor":15.0,"key":"PURGE"},{"data":"ReplayTheSpireMod:System Scan","floor":15.0,"key":"SMITH"},{"data":"Capacitor","floor":15.0,"key":"SMITH"},{"data":"Zap","floor":15.0,"key":"SMITH"},{"floor":15.0,"key":"REST"},{"data":"Echo Form","floor":30,"key":"SMITH"},{"floor":30,"key":"REST"},{"floor":32,"key":"DIG"},{"data":"1","floor":47,"key":"LIFT"},{"data":"2","floor":49,"key":"LIFT"},{"data":"3","floor":53,"key":"LIFT"}],"circlet_count":17,"master_deck":["AscendersBane","Leap+1","Heatsinks+1","White Noise+1","Storm+1","Buffer+1","Hello World+1","Consume+1","Conserve Battery","Capacitor+1","ReplayTheSpireMod:System Scan+1","ReplayTheSpireMod:Omega Cannon","Core Surge+1","Amplify","Creative AI","Echo Form+1","Biased Cognition+1","Crystallizer","Static Discharge","Pot Of Greed+1","Pot Of Greed+1","Pot Of Greed+1","Turbo+1","Coolheaded+1","ReplayTheSpireMod:Reroute Power+1","ReplayTheSpireMod:Brewmster+1","Capacitor","White Noise+1","Static Discharge","Pot Of Greed+1","Turbo+1","Machine Learning+1","Hyperbeam+1","Biased Cognition+1","Echo Form+1","Machine Learning+1","Biased Cognition+1","Machine Learning+1","Echo Form+1","Rainbow+1","Electrodynamics+1","Reboot+1","Pot Of Greed+1","Self Repair","Self Repair+1","Seek+1"],"relics":["Cracked Core","Peace Pipe","Ginger","Turnip","Unceasing Top","Omamori","Ice Cream","The Courier","GodSword7","Emotion Chip","Runic Capacitor","Symbiotic Virus","StoneCalendar","Mercury Hourglass","ChaoDraw","Mirror","Simple Rune","Torii","Garlic","Calipers","Baka2","Vajra","Cables","Medical Kit","Bottled Lightning","Mummified Hand","War Paint","InkBottle","GodSword6","MealTicket","Matryoshka","Regal Pillow","ReplayTheSpireMod:Ninjato","Strawberry","Bronze Scales","EctoplasmExtend","Prayer Wheel","WingedGreaves","Sling","Whetstone","PreservedInsect","ReplayFunnel","Bag of Preparation","Potion Belt","Boot","Toxic Egg 2","Bottled Tornado","Happy Flower","Lantern","Ccalipers","Pantograph","Pet Ghost","Replay:Rubber Ducky","Nunchaku","Blood Vial","Replay:Mystery Machine","Replay:Towering Pillar of Hats","MagicDraw4","Grinning Jar","GodSword1","Anchor","HornCleat","Golden Egg","PlanX","Geode","Chemical X","Replay:Antivirus Software","DataDisk","Art of War","Replay:PocketPolymizer","MagicDraw1","SSSystem","Quantum Egg","Akabeko","TungstenRod","Membership Card","Oddly Smooth Stone","SecretRecord","Orichalcum","Pen Nib","Dead Branch","Replay:Wax Seal","Toy Ornithopter","ReplayTheSpireMod:Lightbulb","Blue Doll","Replay:Bandana","Replay:WaspNest","SumBook","Replay:Baseball","Replay:Multitool","Juzu Bracelet","Girya","Gremlin Horn","EasyGame_NEW","Guide Book","Carrot","Replay:Bottled Steam","GodSword5","Blue Candle","Singing Bowl","Replay:Accelerometer","Counterbalance","MagicDraw3","Frozen Egg 2","ReplayTheSpireMod:Shallot","MagicDraw2","GodSword4","ReplayTheSpireMod:TigerMarble","Bottled Flame","Question Card","FossilizedHelix","GodSword3","Pear","Gambling Chip","Onion Ring","Kunai","Solar Panel","Thread and Needle","Chameleon Ring","Letter Opener","Molten Egg 2","Ornamental Fan","Replay:Ringing Soul","Shuriken","Replay:Arrowhead","Iron Hammer","Divine Protection","Replay:Bottled Eggs","Mango","Orrery","Prayer Wheel","Old Coin","CaptainsWheel","Pocketwatch","Du-Vu Doll","Replay:Kaleidoscope","Circlet","Raider\u0027s Mask","Replay:Mystery Machine"],"acts_visited":["Exordium","TheCity","TheBeyond","TheEnding"],"potions_floor_usage":[56,56],"damage_taken":[{"damage":0.0,"enemies":"2 Louse","floor":1.0,"turns":2.0},{"damage":1.0,"enemies":"Small Slimes","floor":3.0,"turns":4.0},{"damage":0.0,"enemies":"Cultist","floor":4.0,"turns":2.0},{"damage":0.0,"enemies":"Lots of Slimes","floor":5.0,"turns":1.0},{"damage":0.0,"enemies":"Lagavulin","floor":6.0,"turns":4.0},{"damage":0.0,"enemies":"3 Sentries","floor":11.0,"turns":3.0},{"damage":0.0,"enemies":"Looter","floor":12.0,"turns":2.0},{"damage":0.0,"enemies":"Lagavulin","floor":14.0,"turns":2.0},{"damage":0.0,"enemies":"Fading Forest","floor":16.0,"turns":6.0},{"damage":0.0,"enemies":"Shell Parasite","floor":18.0,"turns":2.0},{"damage":0.0,"enemies":"Chosen","floor":20.0,"turns":1.0},{"damage":0.0,"enemies":"Book of Stabbing","floor":23.0,"turns":1.0},{"damage":0.0,"enemies":"3 Cultists","floor":24.0,"turns":2.0},{"damage":0.0,"enemies":"Slavers","floor":25.0,"turns":1.0},{"damage":0.0,"enemies":"Gremlin Leader","floor":27.0,"turns":1.0},{"damage":0.0,"enemies":"Slavers","floor":28.0,"turns":1.0},{"damage":0,"enemies":"Gremlin Leader","floor":29,"turns":1},{"damage":0,"enemies":"Champ","floor":33,"turns":1},{"damage":0,"enemies":"3 Darklings","floor":35,"turns":1},{"damage":0,"enemies":"2 Orb Walkers","floor":37,"turns":1},{"damage":0,"enemies":"3 Shapes","floor":39,"turns":1},{"damage":0,"enemies":"R_Hoarder","floor":40,"turns":1},{"damage":0,"enemies":"Giant Head","floor":41,"turns":1},{"damage":0,"enemies":"R_Hoarder","floor":42,"turns":2},{"damage":0,"enemies":"Nemesis","floor":44,"turns":1},{"damage":0,"enemies":"R_Hoarder","floor":45,"turns":1},{"damage":0,"enemies":"Reptomancer","floor":46,"turns":1},{"damage":0,"enemies":"Jaw Worm Horde","floor":48,"turns":1},{"damage":0,"enemies":"Time Eater","floor":50,"turns":2},{"damage":0,"enemies":"Donu and Deca","floor":51,"turns":1},{"damage":0,"enemies":"Shield and Spear","floor":55,"turns":1},{"damage":0,"enemies":"The Heart","floor":56,"turns":2}],"seed_played":"1772788003437165837","potions_obtained":[{"floor":1.0,"key":"SpeedPotion"},{"floor":1.0,"key":"Milkshake"},{"floor":6.0,"key":"Energy Potion"},{"floor":18.0,"key":"Elixir"},{"floor":20.0,"key":"LifebloodPotion"},{"floor":25.0,"key":"EssenceOfSteel"},{"floor":28,"key":"Elixir"}],"is_trial":false,"path_per_floor":["M","$","M","M","M","E","?","R","T","$","E","M","?","E","R","B",null,"M","$","M","?","$","E","M","E","T","E","E","E","R","$","R","B",null,"M","$","?","$","M","E","E","E","T","E","E","E","R","M","R","B","B",null,"R","$","E","B",null],"character_chosen":"DEFECT","items_purchased":["GodSword7","Emotion Chip","Runic Capacitor","Symbiotic Virus","StoneCalendar","Mercury Hourglass","ChaoDraw","Mirror","Simple Rune","Torii","Garlic","Calipers","Heatsinks","Medical Kit","Bottled Lightning","Mummified Hand","War Paint","InkBottle","GodSword6","MealTicket","Matryoshka","Crystallizer","Static Discharge","WingedGreaves","Sling","Whetstone","PreservedInsect","ReplayFunnel","Bag of Preparation","Potion Belt","Boot","Toxic Egg 2","Bottled Tornado","Happy Flower","Lantern","Ccalipers","Pantograph","Pet Ghost","Replay:Rubber Ducky","Nunchaku","Blood Vial","Replay:Mystery Machine","Replay:Towering Pillar of Hats","MagicDraw4","Grinning Jar","GodSword1","Anchor","HornCleat","Golden Egg","PlanX","Geode","Chemical X","Replay:Antivirus Software","DataDisk","Art of War","Replay:PocketPolymizer","ReplayTheSpireMod:Brewmster","Membership Card","Oddly Smooth Stone","SecretRecord","Orichalcum","Pen Nib","Dead Branch","Replay:Wax Seal","Toy Ornithopter","ReplayTheSpireMod:Lightbulb","Blue Doll","Replay:Bandana","Replay:WaspNest","SumBook","Replay:Baseball","Replay:Multitool","Guide Book","Carrot","Replay:Bottled Steam","GodSword5","Blue Candle","Singing Bowl","Replay:Accelerometer","Counterbalance","MagicDraw3","Frozen Egg 2","ReplayTheSpireMod:Shallot","MagicDraw2","GodSword4","ReplayTheSpireMod:TigerMarble","Bottled Flame","Question Card","FossilizedHelix","GodSword3","Pear","Gambling Chip","Onion Ring","Kunai","Solar Panel","Thread and Needle","Chameleon Ring","Letter Opener","Molten Egg 2","Ornamental Fan","Replay:Ringing Soul","Shuriken","Iron Hammer","Divine Protection","Replay:Bottled Eggs","Mango","Orrery","Raider\u0027s Mask","Circlet","Circlet","Circlet","Circlet","Circlet","Circlet","Circlet","Circlet","Circlet","Circlet","Circlet","Circlet","Circlet"],"campfire_rested":2,"item_purchase_floors":[2,2,2,2,2,2,2,2,2,2,2,2,2,10,10,10,10,10,10,10,10,19,19,19,19,19,19,19,19,19,19,19,19,19,19,19,19,19,19,19,19,19,19,19,19,22,22,22,22,22,22,22,22,22,22,22,22,31,31,31,31,31,31,31,31,31,31,31,31,31,31,31,36,36,36,36,36,36,36,36,36,36,36,36,36,36,36,36,36,36,36,36,36,36,36,36,36,36,36,36,36,36,38,38,38,38,38,54,54,54,54,54,54,54,54,54,54,54,54,54,54],"current_hp_per_floor":[64,64,63,63,63,63,63,63,63,63,63,63,63,68,71,78,78,78,78,78,78,78,78,78,78,78,66,70,75,86,86,86,86,86,86,96,98,122,133,135,137,139,139,141,143,145,145,155,155,158,158,158,158,158,160,160],"gold":1554,"neow_bonus":"RANDOM_EVENT","is_daily":false,"chose_seed":false,"campfire_upgraded":10,"win_rate":0.0,"timestamp":1612089717,"path_taken":["M","$","M","M","M","E","?","R","T","$","E","M","?","E","R","BOSS","M","$","M","?","$","E","M","E","T","E","E","E","R","$","R","BOSS","M","$","?","$","M","E","E","E","T","E","E","E","R","M","R","BOSS","BOSS","R","$","E","BOSS"],"items_purchased_type":["Relic","Relic","Relic","Relic","Relic","Relic","Relic","Relic","Relic","Relic","Relic","Relic","Card","Relic","Relic","Relic","Relic","Relic","Relic","Relic","Relic","Card","Card","Relic","Relic","Relic","Relic","Relic","Relic","Relic","Relic","Relic","Relic","Relic","Relic","Relic","Relic","Relic","Relic","Relic","Relic","Relic","Relic","Relic","Relic","Relic","Relic","Relic","Relic","Relic","Relic","Relic","Relic","Relic","Relic","Relic","Card","Relic","Relic","Relic","Relic","Relic","Relic","Relic","Relic","Relic","Relic","Relic","Relic","Relic","Relic","Relic","Relic","Relic","Relic","Relic","Relic","Relic","Relic","Relic","Relic","Relic","Relic","Relic","Relic","Relic","Relic","Relic","Relic","Relic","Relic","Relic","Relic","Relic","Relic","Relic","Relic","Relic","Relic","Relic","Relic","Relic","Relic","Relic","Relic","Relic","Relic","Relic","Undefined","Undefined","Undefined","Undefined","Undefined","Undefined","Undefined","Undefined","Undefined","Undefined","Undefined","Undefined","Undefined"],"build_version":"2020-12-22","purchased_purges":0,"victory":true,"max_hp_per_floor":[71,71,71,71,71,71,71,71,71,71,71,71,71,71,71,78,78,78,78,78,78,78,78,78,78,78,86,86,86,86,86,86,86,86,86,96,98,122,133,135,137,139,139,141,143,145,145,155,155,158,158,158,158,158,160,160],"relic_stats":{"Regal Pillow":0,"Torii":37,"Gremlin Horn":[7,8],"Singing Bowl":44,"StoneCalendar":[0],"Bag of Preparation":[38],"Juzu Bracelet":1,"Ginger":[2],"Whetstone":["Strike_B","Strike_B"],"Boot":[23],"Blood Vial":6,"Emotion Chip":[2,1,0,1,0],"Nunchaku":[3],"Mummified Hand":[225],"Pantograph":0,"Gambling Chip":[0],"MealTicket":0,"Prayer Wheel":6,"Chemical X":[11],"Kunai":[4],"InkBottle":[54],"Happy Flower":[8],"counters":[32,53],"Dead Branch":[56],"Blue Candle":[0],"PreservedInsect":814,"Pen Nib":[1],"Letter Opener":[90],"War Paint":["Leap","Dualcast"],"Orichalcum":[48],"Medical Kit":[0],"Question Card":22,"Mercury Hourglass":[249],"Cables":[20,16,0,4,0],"Peace Pipe":1,"Ornamental Fan":[16],"Shuriken":[4],"Bronze Scales":[15],"Turnip":[8],"Art of War":[3],"obtain_stats":[{"Golden Egg":22,"Replay:Accelerometer":36,"Ginger":0,"Whetstone":19,"Bottled Tornado":19,"MagicDraw4":19,"Sling":19,"Boot":19,"MagicDraw3":36,"MagicDraw2":36,"MagicDraw1":25,"Old Coin":41,"Blood Vial":19,"Replay:Ringing Soul":36,"Baka2":3,"MealTicket":10,"Kunai":36,"Replay:Wax Seal":31,"Replay:Bottled Steam":36,"Pear":36,"Blue Candle":36,"Counterbalance":36,"Pen Nib":31,"Akabeko":28,"Cables":9,"Unceasing Top":0,"Solar Panel":36,"Regal Pillow":11,"Lantern":19,"Carrot":36,"Torii":2,"Singing Bowl":36,"StoneCalendar":2,"Blue Doll":31,"Bag of Preparation":19,"Replay:Multitool":31,"Pet Ghost":19,"Replay:Rubber Ducky":19,"Matryoshka":10,"WingedGreaves":19,"Chemical X":22,"Replay:Bottled Eggs":38,"InkBottle":10,"Potion Belt":19,"Circlet":44,"Thread and Needle":36,"The Courier":0,"PreservedInsect":19,"Omamori":0,"Geode":22,"Frozen Egg 2":36,"ChaoDraw":2,"Replay:Arrowhead":37,"Ornamental Fan":36,"Orrery":38,"Turnip":0,"Garlic":2,"Art of War":22,"Bottled Lightning":10,"ReplayTheSpireMod:Lightbulb":31,"Toy Ornithopter":31,"Ice Cream":0,"Divine Protection":38,"Calipers":2,"Gremlin Horn":33,"Vajra":6,"SSSystem":26,"Runic Capacitor":2,"Raider\u0027s Mask":54,"HornCleat":22,"Ccalipers":19,"Strawberry":16,"Prayer Wheel":18,"Iron Hammer":38,"Toxic Egg 2":19,"Girya":33,"EctoplasmExtend":17,"Happy Flower":19,"Dead Branch":31,"Oddly Smooth Stone":31,"Letter Opener":36,"Replay:Kaleidoscope":44,"War Paint":10,"Question Card":36,"Du-Vu Doll":43,"Replay:Baseball":31,"Bottled Flame":36,"ReplayTheSpireMod:Shallot":36,"Shuriken":36,"Bronze Scales":16,"PlanX":22,"Simple Rune":2,"Onion Ring":36,"Molten Egg 2":36,"GodSword7":2,"GodSword6":10,"ReplayTheSpireMod:TigerMarble":36,"GodSword5":36,"Grinning Jar":19,"GodSword4":36,"Symbiotic Virus":2,"Mirror":2,"GodSword3":36,"EasyGame_NEW":34,"GodSword1":22,"Pocketwatch":43,"ReplayFunnel":19,"Replay:PocketPolymizer":22,"Mango":38,"SecretRecord":31,"Juzu Bracelet":32,"Replay:Mystery Machine":19,"Emotion Chip":2,"Nunchaku":19,"Replay:Bandana":31,"Chameleon Ring":36,"Mummified Hand":10,"Pantograph":19,"Gambling Chip":36,"Replay:Antivirus Software":22,"Cracked Core":0,"SumBook":31,"ReplayTheSpireMod:Ninjato":14,"Replay:Towering Pillar of Hats":19,"Quantum Egg":27,"Guide Book":36,"Replay:WaspNest":31,"Baka":1,"Orichalcum":31,"Medical Kit":10,"Mercury Hourglass":2,"Peace Pipe":0,"Anchor":22,"DataDisk":22,"CaptainsWheel":42,"Membership Card":31,"TungstenRod":29,"FossilizedHelix":36},{"Golden Egg":11,"Replay:Accelerometer":19,"Ginger":0,"Whetstone":10,"Bottled Tornado":10,"MagicDraw4":10,"Sling":10,"Boot":10,"MagicDraw3":19,"MagicDraw2":19,"MagicDraw1":14,"Old Coin":23,"Blood Vial":10,"Replay:Ringing Soul":19,"Baka2":2,"MealTicket":5,"Kunai":19,"Replay:Wax Seal":17,"Replay:Bottled Steam":19,"Pear":19,"Blue Candle":19,"Counterbalance":19,"Pen Nib":17,"Akabeko":16,"Cables":5,"Unceasing Top":0,"Solar Panel":19,"Regal Pillow":6,"Lantern":10,"Carrot":19,"Torii":1,"Singing Bowl":19,"StoneCalendar":1,"Blue Doll":17,"Bag of Preparation":10,"Replay:Multitool":17,"Pet Ghost":10,"Replay:Rubber Ducky":10,"Matryoshka":5,"WingedGreaves":10,"Chemical X":11,"Replay:Bottled Eggs":20,"InkBottle":5,"Potion Belt":10,"Circlet":25,"Thread and Needle":19,"The Courier":0,"PreservedInsect":10,"Omamori":0,"Geode":11,"Frozen Egg 2":19,"ChaoDraw":1,"Replay:Arrowhead":20,"Ornamental Fan":19,"Orrery":20,"Turnip":0,"Garlic":1,"Art of War":11,"Bottled Lightning":5,"ReplayTheSpireMod:Lightbulb":17,"Toy Ornithopter":17,"Ice Cream":0,"Divine Protection":20,"Calipers":1,"Gremlin Horn":18,"Vajra":5,"SSSystem":14,"Runic Capacitor":1,"Raider\u0027s Mask":30,"HornCleat":11,"Ccalipers":10,"Strawberry":9,"Prayer Wheel":10,"Iron Hammer":20,"Toxic Egg 2":10,"Girya":18,"EctoplasmExtend":9,"Happy Flower":10,"Dead Branch":17,"Oddly Smooth Stone":17,"Letter Opener":19,"Replay:Kaleidoscope":25,"War Paint":5,"Question Card":19,"Du-Vu Doll":24,"Replay:Baseball":17,"Bottled Flame":19,"ReplayTheSpireMod:Shallot":19,"Shuriken":19,"Bronze Scales":9,"PlanX":11,"Simple Rune":1,"Onion Ring":19,"Molten Egg 2":19,"GodSword7":1,"GodSword6":5,"ReplayTheSpireMod:TigerMarble":19,"GodSword5":19,"Grinning Jar":10,"GodSword4":19,"Symbiotic Virus":1,"Mirror":1,"GodSword3":19,"EasyGame_NEW":18,"GodSword1":11,"Pocketwatch":24,"ReplayFunnel":10,"Replay:PocketPolymizer":11,"Mango":20,"SecretRecord":17,"Juzu Bracelet":17,"Replay:Mystery Machine":10,"Emotion Chip":1,"Nunchaku":10,"Replay:Bandana":17,"Chameleon Ring":19,"Mummified Hand":5,"Pantograph":10,"Gambling Chip":19,"Replay:Antivirus Software":11,"Cracked Core":0,"SumBook":17,"ReplayTheSpireMod:Ninjato":8,"Replay:Towering Pillar of Hats":10,"Quantum Egg":15,"Guide Book":19,"Replay:WaspNest":17,"Baka":1,"Orichalcum":17,"Medical Kit":5,"Mercury Hourglass":1,"Peace Pipe":0,"Anchor":11,"DataDisk":11,"CaptainsWheel":24,"Membership Card":17,"TungstenRod":17,"FossilizedHelix":19},{"Golden Egg":28,"Replay:Accelerometer":37,"Ginger":0,"Whetstone":27,"Bottled Tornado":27,"MagicDraw4":27,"Sling":27,"Boot":27,"MagicDraw3":37,"MagicDraw2":37,"MagicDraw1":32,"Old Coin":41,"Blood Vial":27,"Replay:Ringing Soul":37,"Baka2":5,"MealTicket":12,"Kunai":37,"Replay:Wax Seal":35,"Replay:Bottled Steam":37,"Pear":37,"Blue Candle":37,"Counterbalance":37,"Pen Nib":35,"Akabeko":34,"Cables":12,"Unceasing Top":0,"Solar Panel":37,"Regal Pillow":15,"Lantern":27,"Carrot":37,"Torii":2,"Singing Bowl":37,"StoneCalendar":2,"Blue Doll":35,"Bag of Preparation":27,"Replay:Multitool":35,"Pet Ghost":27,"Replay:Rubber Ducky":27,"Matryoshka":12,"WingedGreaves":27,"Chemical X":28,"Replay:Bottled Eggs":38,"InkBottle":12,"Potion Belt":27,"Circlet":44,"Thread and Needle":37,"The Courier":0,"PreservedInsect":27,"Omamori":0,"Geode":28,"Frozen Egg 2":37,"ChaoDraw":2,"Replay:Arrowhead":38,"Ornamental Fan":37,"Orrery":38,"Turnip":0,"Garlic":2,"Art of War":28,"Bottled Lightning":12,"ReplayTheSpireMod:Lightbulb":35,"Toy Ornithopter":35,"Ice Cream":0,"Divine Protection":38,"Calipers":2,"Gremlin Horn":36,"Vajra":12,"SSSystem":32,"Runic Capacitor":2,"Raider\u0027s Mask":50,"HornCleat":28,"Ccalipers":27,"Strawberry":25,"Prayer Wheel":26,"Iron Hammer":38,"Toxic Egg 2":27,"Girya":36,"EctoplasmExtend":25,"Happy Flower":27,"Dead Branch":35,"Oddly Smooth Stone":35,"Letter Opener":37,"Replay:Kaleidoscope":44,"War Paint":12,"Question Card":37,"Du-Vu Doll":43,"Replay:Baseball":35,"Bottled Flame":37,"ReplayTheSpireMod:Shallot":37,"Shuriken":37,"Bronze Scales":25,"PlanX":28,"Simple Rune":2,"Onion Ring":37,"Molten Egg 2":37,"GodSword7":2,"GodSword6":12,"ReplayTheSpireMod:TigerMarble":37,"GodSword5":37,"Grinning Jar":27,"GodSword4":37,"Symbiotic Virus":2,"Mirror":2,"GodSword3":37,"EasyGame_NEW":36,"GodSword1":28,"Pocketwatch":43,"ReplayFunnel":27,"Replay:PocketPolymizer":28,"Mango":38,"SecretRecord":35,"Juzu Bracelet":35,"Replay:Mystery Machine":27,"Emotion Chip":2,"Nunchaku":27,"Replay:Bandana":35,"Chameleon Ring":37,"Mummified Hand":12,"Pantograph":27,"Gambling Chip":37,"Replay:Antivirus Software":28,"Cracked Core":0,"SumBook":35,"ReplayTheSpireMod:Ninjato":19,"Replay:Towering Pillar of Hats":27,"Quantum Egg":33,"Guide Book":37,"Replay:WaspNest":35,"Baka":2,"Orichalcum":35,"Medical Kit":12,"Mercury Hourglass":2,"Peace Pipe":0,"Anchor":28,"DataDisk":28,"CaptainsWheel":43,"Membership Card":35,"TungstenRod":35,"FossilizedHelix":37}],"Unceasing Top":[72],"TungstenRod":8,"Toy Ornithopter":0,"Pocketwatch":[0]},"card_choices":[{"not_picked":["Panic Button","Ball Lightning"],"picked":"Leap","floor":1.0},{"not_picked":["Sweeping Beam","Beam Cell","Lockon"],"picked":"SKIP","floor":1.0},{"not_picked":["ReplayGash","Blizzard","Rebound"],"picked":"SKIP","floor":1.0},{"not_picked":["Redo","Doom and Gloom"],"picked":"White Noise","floor":3.0},{"not_picked":["Gash","BasicCrystalCard","Aggregate"],"picked":"SKIP","floor":3.0},{"not_picked":["Steam","Sunder","Go for the Eyes"],"picked":"SKIP","floor":3.0},{"not_picked":["Cold Snap","Panic Button"],"picked":"Storm","floor":4.0},{"not_picked":["Doom and Gloom","Coolheaded"],"picked":"Buffer","floor":4.0},{"not_picked":["Panic Button","BasicCrystalCard"],"picked":"Hello World","floor":4.0},{"not_picked":["Rebound","ReplayTheSpireMod:Calculation Training"],"picked":"Consume","floor":5.0},{"not_picked":["Auto Shields","Capacitor"],"picked":"Conserve Battery","floor":5.0},{"not_picked":["Go for the Eyes","Glacier","Steam Power"],"picked":"SKIP","floor":5.0},{"not_picked":["Double Energy","Buffer","Steam"],"picked":"SKIP","floor":6.0},{"not_picked":["ReplaySort","Streamline"],"picked":"Capacitor","floor":11.0},{"not_picked":["Beam Cell","Blizzard"],"picked":"ReplayTheSpireMod:System Scan","floor":12.0},{"not_picked":["Gash","Sweeping Beam","Compile Driver"],"picked":"SKIP","floor":12.0},{"not_picked":["Sweeping Beam","Stack","Auto Shields"],"picked":"SKIP","floor":12.0},{"not_picked":["Gash","Sweeping Beam","Compile Driver"],"picked":"SKIP","floor":12.0},{"not_picked":["Sweeping Beam","Stack","Auto Shields"],"picked":"SKIP","floor":12.0},{"not_picked":["Gash","Barrage","Doom and Gloom"],"picked":"SKIP","floor":14.0},{"not_picked":["ReplayRNGCard","Meteor Strike"],"picked":"Amplify","floor":16.0},{"not_picked":["Reboot","Fission"],"picked":"ReplayTheSpireMod:Fabricate Wheel","floor":16.0},{"not_picked":["Thunder Strike","Rainbow"],"picked":"Creative AI","floor":16.0},{"not_picked":["Meteor Strike","ReplayTheSpireMod:Omega Cannon"],"picked":"Echo Form","floor":16.0},{"not_picked":["ReplayTheSpireMod:Fabricate Wheel","Creative AI"],"picked":"Biased Cognition","floor":16.0},{"not_picked":["ReplayTheSpireMod:Reroute Power","Aggregate","Steam"],"picked":"SKIP","floor":18.0},{"not_picked":["Rebound","Hello World","Fusion"],"picked":"SKIP","floor":18.0},{"not_picked":["Leap","BasicCrystalCard","Stack"],"picked":"SKIP","floor":18.0},{"not_picked":["Sweeping Beam","Hologram","ReplayTheSpireMod:Fabricate Wheel"],"picked":"SKIP","floor":18.0},{"not_picked":["Gash","Barrage"],"picked":"Turbo+1","floor":20.0},{"not_picked":["BootSequence+1","Conserve Battery+1"],"picked":"Coolheaded+1","floor":20.0},{"not_picked":["Coolheaded+1","Barrage"],"picked":"ReplayTheSpireMod:Reroute Power+1","floor":20.0},{"not_picked":["Auto Shields+1","Streamline","BasicCrystalCard+1"],"picked":"SKIP","floor":20.0},{"not_picked":["Streamline","Mirror Shield+1","Scrape"],"picked":"SKIP","floor":23.0},{"not_picked":["Stack+1","ReplaySort+1"],"picked":"Capacitor","floor":24.0},{"not_picked":["Barrage","BasicCrystalCard+1"],"picked":"White Noise+1","floor":24.0},{"not_picked":["Reprogram+1","Cold Snap","Turbo+1"],"picked":"SKIP","floor":24.0},{"not_picked":["Lockon","Reinforced Body+1","Conserve Battery+1"],"picked":"SKIP","floor":24.0},{"not_picked":["Streamline","Gash+1","Go for the Eyes"],"picked":"SKIP","floor":25.0},{"not_picked":["Crystallizer","Barrage","Tempest+1"],"picked":"SKIP","floor":27.0},{"not_picked":["ReplayTheSpireMod:Calculation Training+1","Rebound"],"picked":"Rainbow+1","floor":28},{"not_picked":["Conserve Battery+1","Compile Driver"],"picked":"Static Discharge","floor":29},{"not_picked":["Thunder Strike","Meteor Strike"],"picked":"Rainbow+1","floor":33},{"not_picked":["Biased Cognition","ReplayTheSpireMod:Omega Cannon"],"picked":"Electrodynamics","floor":33},{"not_picked":["Meteor Strike","Machine Learning"],"picked":"Reboot+1","floor":33},{"not_picked":["Hello World+1","ReplayTheSpireMod:System Scan+1"],"picked":"Self Repair","floor":35},{"not_picked":["Capacitor","Redo+1","Rebound"],"picked":"SKIP","floor":35},{"not_picked":["Go for the Eyes","Electrodynamics","Storm"],"picked":"SKIP","floor":35},{"not_picked":["Time Bomb+1","Sunder","Scrape"],"picked":"SKIP","floor":35},{"not_picked":["Leap+1","Beam Cell+1","Double Energy+1","Recycle+1"],"picked":"Singing Bowl","floor":37},{"not_picked":["Compile Driver+1","Streamline+1","Conserve Battery+1","Steam+1"],"picked":"Singing Bowl","floor":38},{"not_picked":["White Noise+1","Ball Lightning+1","Steam+1","Barrage+1"],"picked":"Singing Bowl","floor":38},{"not_picked":["Tempest+1","Heatsinks+1","Coolheaded+1","Streamline+1"],"picked":"Singing Bowl","floor":38},{"not_picked":["Coolheaded+1","Ball Lightning+1","Beam Cell+1","Gash+1"],"picked":"Singing Bowl","floor":38},{"not_picked":["Auto Shields+1","Thunder Strike+1","Force Field+1","Glacier+1"],"picked":"Singing Bowl","floor":38},{"not_picked":["Steam+1","Sweeping Beam+1","Sunder+1","Conserve Battery+1"],"picked":"Singing Bowl","floor":39},{"not_picked":["Leap+1","Conserve Battery+1","FTL+1","Cold Snap+1"],"picked":"Singing Bowl","floor":39},{"not_picked":["Cold Snap+1","ReplayTheSpireMod:Repulse+1","Time Bomb+1","Chaos+1"],"picked":"Singing Bowl","floor":39},{"not_picked":["Hologram+1","Ball Lightning+1","Consume+1","Barrage+1"],"picked":"Singing Bowl","floor":39},{"not_picked":["Tempest+1","Skim+1","Reinforced Body+1","Go for the Eyes+1"],"picked":"Singing Bowl","floor":40},{"not_picked":["Cold Snap+1","Sweeping Beam+1","ReplayTheSpireMod:System Scan+1","Thunder Strike+1"],"picked":"Singing Bowl","floor":41},{"not_picked":["ReplayGash+1","ReplaySolidLightProjector+1","Reinforced Body+1","Go for the Eyes+1"],"picked":"Singing Bowl","floor":42},{"not_picked":["Chaos+1","Hologram+1","Multi-Cast+1","Gash+1"],"picked":"Singing Bowl","floor":44},{"not_picked":["Crystallizer+1","Steam+1","Capacitor+1","White Noise+1"],"picked":"Singing Bowl","floor":45},{"not_picked":["Turbo+1","Conserve Battery+1","Chaos+1","Sweeping Beam+1"],"picked":"Singing Bowl","floor":46},{"not_picked":["Steam+1","Cold Snap+1","Leap+1","Beam Cell+1"],"picked":"Singing Bowl","floor":48},{"not_picked":["Go for the Eyes+1","Hologram+1","Gash+1","Skim+1"],"picked":"Singing Bowl","floor":48},{"not_picked":["Stack+1","Compile Driver+1","Leap+1","ReplayTheSpireMod:GoodbyeWorld+1"],"picked":"Singing Bowl","floor":48},{"not_picked":["Hello World+1","BasicCrystalCard+1","Skim+1","ReplayTheSpireMod:GoodbyeWorld+1"],"picked":"Singing Bowl","floor":48},{"not_picked":["Sweeping Beam+1","Chaos+1","Coolheaded+1","ReplayTheSpireMod:Repulse+1"],"picked":"Singing Bowl","floor":48},{"not_picked":["Multi-Cast+1","Aggregate+1","Gash+1","Rainbow+1"],"picked":"Singing Bowl","floor":55}],"player_experience":60597,"relics_obtained":[{"floor":1.0,"key":"Baka"},{"floor":3.0,"key":"Baka2"},{"floor":6.0,"key":"Vajra"},{"floor":9.0,"key":"Cables"},{"floor":11.0,"key":"Regal Pillow"},{"floor":14.0,"key":"ReplayTheSpireMod:Ninjato"},{"floor":16.0,"key":"Strawberry"},{"floor":16.0,"key":"Bronze Scales"},{"floor":25.0,"key":"MagicDraw1"},{"floor":26.0,"key":"SSSystem"},{"floor":27.0,"key":"Quantum Egg"},{"floor":28,"key":"Akabeko"},{"floor":29,"key":"TungstenRod"},{"floor":32,"key":"Juzu Bracelet"},{"floor":33,"key":"Girya"},{"floor":33,"key":"Gremlin Horn"},{"floor":37,"key":"Replay:Arrowhead"},{"floor":40,"key":"Prayer Wheel"},{"floor":41,"key":"Old Coin"},{"floor":42,"key":"CaptainsWheel"},{"floor":43,"key":"Pocketwatch"},{"floor":43,"key":"Du-Vu Doll"},{"floor":44,"key":"Replay:Kaleidoscope"},{"floor":44,"key":"Circlet"},{"floor":45,"key":"Circlet"},{"floor":46,"key":"Circlet"},{"floor":55,"key":"Replay:Mystery Machine"},{"floor":55,"key":"Circlet"}],"event_choices":[{"damage_healed":0.0,"max_hp_gain":0.0,"max_hp_loss":0.0,"gold_gain":150.0,"event_name":"Liars Game","player_choice":"AGREE","floor":7.0,"gold_loss":0.0,"damage_taken":0.0,"cards_obtained":["Doubt"]},{"damage_healed":0.0,"max_hp_gain":0.0,"max_hp_loss":0.0,"gold_gain":0.0,"cards_transformed":["Gash"],"event_name":"Transmorgrifier","player_choice":"Transformed","floor":13.0,"gold_loss":0.0,"damage_taken":0.0,"cards_obtained":["ReplayTheSpireMod:Omega Cannon"]},{"damage_healed":0.0,"max_hp_gain":0.0,"max_hp_loss":0.0,"gold_gain":275.0,"event_name":"Golden Shrine","player_choice":"Desecrate","floor":21.0,"gold_loss":0.0,"damage_taken":0.0,"cards_obtained":["Regret"]},{"damage_healed":0,"gold_gain":0,"player_choice":"Fight","damage_taken":0,"max_hp_gain":0,"max_hp_loss":0,"event_name":"Mysterious Sphere","floor":37,"gold_loss":0}],"is_beta":false,"boss_relics":[{"not_picked":["Kintsugi","Fusion Hammer"],"picked":"EctoplasmExtend"},{"not_picked":["Inserter","Replay:Grab Bag"],"picked":"EasyGame_NEW"}],"items_purged_floors":[],"is_endless":false,"potions_floor_spawned":[1,1,3,4,5,6,11,11,12,12,14,16,18,20,23,24,24,25,27,28,28,29,35,37,39,40,40,41,44,44,45,48,55,55],"ascension_level":20}}