{"host":"aw6ta4ll26ap9lu8","time":1612067902,"event":{"mods":["AchievementEnabler","AlwaysNeverKeys","BaseMod","Bestiary","Block Reminder","Colored Map","Colored Powertips","Dark Map","DeckTracker","Highlight Path","Minty Spire (QoL Compilation)","Permanent Neow","Quick Restart","Relic Stats","StSLib"],"gold_per_floor":[11,11,26,26,26,26,56,111,111,111,111,111],"floor_reached":11,"language":"ENG","playtime":342,"items_purged":[],"score":106,"play_id":"395a8627-10c2-41c9-ab74-5a5288f01f43","local_time":"20210130233822","is_ascension_mode":true,"campfire_choices":[{"data":"Eruption","floor":6,"key":"SMITH"}],"circlet_count":0,"master_deck":["AscendersBane","Strike_P","Strike_P","Strike_P","Strike_P","Defend_P","Defend_P","Defend_P","Defend_P","Eruption+1","Vigilance","Halt","TalkToTheHand","EmptyBody"],"relics":["PureWater","Spirit Poop","Happy Flower","Boot","Bottled Flame"],"acts_visited":["Exordium"],"potions_floor_usage":[7,7,7],"damage_taken":[{"damage":0,"enemies":"Small Slimes","floor":1,"turns":3},{"damage":0,"enemies":"Cultist","floor":3,"turns":3},{"damage":36,"enemies":"3 Sentries","floor":7,"turns":8},{"damage":40,"enemies":"3 Sentries","floor":8,"turns":11},{"damage":3,"enemies":"Gremlin Nob","floor":11,"turns":2}],"seed_played":"-1758288406135413749","potions_obtained":[{"floor":3,"key":"EntropicBrew"},{"floor":8,"key":"Weak Potion"}],"is_trial":false,"path_per_floor":["M","?","M","?","$","R","E","?","T","?","E"],"character_chosen":"WATCHER","items_purchased":[],"campfire_rested":0,"item_purchase_floors":[],"current_hp_per_floor":[79,79,79,79,79,79,43,3,3,3,0,0],"gold":111,"neow_bonus":"TWENTY_PERCENT_HP_BONUS","is_daily":false,"chose_seed":false,"campfire_upgraded":1,"win_rate":0.0,"timestamp":1612067902,"path_taken":["M","?","?","?","?","R","E","?","T","?","E"],"items_purchased_type":[],"build_version":"2020-12-22","purchased_purges":0,"victory":false,"max_hp_per_floor":[86,86,86,86,86,86,86,86,86,86,86,86],"relic_stats":{"Happy Flower":[4],"counters":[5,27],"Boot":[0],"obtain_stats":[{"Bottled Flame":9,"Happy Flower":7,"Spirit Poop":4,"PureWater":0,"Boot":8},{"Bottled Flame":4,"Happy Flower":3,"Spirit Poop":2,"PureWater":0,"Boot":4},{"Bottled Flame":25,"Happy Flower":14,"Spirit Poop":6,"PureWater":0,"Boot":25}]},"card_choices":[{"not_picked":["EmptyFist","Protect"],"picked":"Halt","floor":1},{"not_picked":["DeceiveReality","Consecrate"],"picked":"TalkToTheHand","floor":3},{"not_picked":["BattleHymn","PathToVictory","FlurryOfBlows"],"picked":"SKIP","floor":7},{"not_picked":["JustLucky","FlurryOfBlows"],"picked":"EmptyBody","floor":8}],"player_experience":623126,"relics_obtained":[{"floor":7,"key":"Happy Flower"},{"floor":8,"key":"Boot"},{"floor":9,"key":"Bottled Flame"}],"event_choices":[{"damage_healed":0,"gold_gain":0,"player_choice":"Cursed","damage_taken":0,"max_hp_gain":0,"max_hp_loss":0,"event_name":"Wheel of Change","floor":2,"gold_loss":0,"cards_obtained":["Decay"]},{"cards_removed":["Decay"],"damage_healed":0,"gold_gain":0,"player_choice":"Offered Curse","damage_taken":0,"relics_obtained":["Spirit Poop"],"max_hp_gain":0,"max_hp_loss":0,"event_name":"Bonfire Elementals","floor":4,"gold_loss":0},{"damage_healed":0,"gold_gain":30,"player_choice":"Searched \u00273\u0027 times","damage_taken":0,"max_hp_gain":0,"max_hp_loss":0,"event_name":"Dead Adventurer","floor":8,"gold_loss":0},{"damage_healed":0,"gold_gain":0,"player_choice":"Fled","damage_taken":0,"max_hp_gain":0,"max_hp_loss":0,"event_name":"Scrap Ooze","floor":10,"gold_loss":0}],"is_beta":false,"boss_relics":[],"items_purged_floors":[],"is_endless":false,"potions_floor_spawned":[3,8],"killed_by":"Gremlin Nob","ascension_level":11}}