{"host":"ydh61a5ftgdajrbo","time":1612068983,"event":{"mods":["BaseMod","Colored Map","Downfall","Hermit","Minty Spire (QoL Compilation)","Spire Arcade","StSLib","The Cursed","The Servant 0.9.4"],"gold_per_floor":[111,129,129,139,149,149,178,194,218,218,168,188,34,50,50,150,150,164,164,164,177,177],"floor_reached":21,"language":"ZHS","playtime":1118,"items_purged":["hermit:Defend_Hermit"],"score":183,"play_id":"ffec1d09-61f9-45d1-b2ec-f7dcf49a65b7","local_time":"20210131125623","is_ascension_mode":false,"campfire_choices":[{"data":"hermit:Headshot","floor":6,"key":"SMITH"},{"floor":10,"key":"REST"},{"data":"hermit:Snapshot","floor":15,"key":"SMITH"}],"circlet_count":0,"master_deck":["hermit:Strike_Hermit","hermit:Strike_Hermit","hermit:Strike_Hermit","hermit:Defend_Hermit","hermit:Defend_Hermit","hermit:Defend_Hermit","hermit:Snapshot+1","hermit:Covet","hermit:GhostlyPresence","hermit:TrackingShot","Regret","hermit:Headshot+1","hermit:Brawl","hermit:WideOpen","hermit:Headshot","hermit:BigShot","hermit:TakeAim","hermit:Reprieve","hermit:Quickdraw","Decay","hermit:HoleUp+1"],"relics":["hermit:Momento","Regal Pillow","Vajra","Toy Ornithopter","Philosopher\u0027s Stone","PreservedInsect"],"acts_visited":["Exordium","TheCity"],"potions_floor_usage":[],"damage_taken":[{"damage":4,"enemies":"Jaw Worm","floor":1,"turns":4},{"damage":1,"enemies":"2 Louse","floor":2,"turns":4},{"damage":0,"enemies":"Small Slimes","floor":4,"turns":4},{"damage":1,"enemies":"Exordium Wildlife","floor":5,"turns":3},{"damage":42,"enemies":"Lagavulin","floor":7,"turns":8},{"damage":5,"enemies":"Looter","floor":8,"turns":2},{"damage":2,"enemies":"3 Louse","floor":12,"turns":3},{"damage":8,"enemies":"Gremlin Gang","floor":14,"turns":4},{"damage":24,"enemies":"The Guardian","floor":16,"turns":8},{"damage":24,"enemies":"Shell Parasite","floor":18,"turns":4},{"damage":20,"enemies":"2 Thieves","floor":21,"turns":4}],"seed_played":"7738960753818081934","potions_obtained":[{"floor":1,"key":"Swift Potion"},{"floor":2,"key":"FearPotion"},{"floor":8,"key":"Weak Potion"}],"is_trial":false,"path_per_floor":["M","M","?","M","M","R","E","M","T","R","?","M","$","M","R","B",null,"M","?","?","M"],"character_chosen":"HERMIT","items_purchased":["hermit:TakeAim"],"campfire_rested":1,"item_purchase_floors":[13],"current_hp_per_floor":[78,77,77,77,76,76,34,29,29,68,68,66,66,58,58,34,82,58,58,58,38,38],"gold":177,"neow_bonus":"TEN_PERCENT_HP_BONUS","is_daily":false,"chose_seed":false,"campfire_upgraded":2,"win_rate":0.0,"timestamp":1612068983,"path_taken":["M","M","?","M","M","R","E","M","T","R","?","M","?","M","R","BOSS","M","?","?","M"],"items_purchased_type":["Card"],"build_version":"2020-12-22","purchased_purges":1,"victory":false,"max_hp_per_floor":[82,82,82,82,82,82,82,82,82,82,82,82,82,82,82,82,82,82,82,82,82,82],"card_choices":[{"not_picked":["hermit:CalledShot","hermit:Maintenance"],"picked":"hermit:GhostlyPresence","floor":1},{"not_picked":["hermit:HoleUp","hermit:Combo"],"picked":"hermit:TrackingShot","floor":2},{"not_picked":["hermit:Feint","hermit:BodyArmor"],"picked":"hermit:Headshot","floor":4},{"not_picked":["hermit:Coalescence","hermit:CalledShot"],"picked":"hermit:Brawl","floor":5},{"not_picked":["hermit:EternalForm","hermit:Manifest"],"picked":"hermit:WideOpen","floor":7},{"not_picked":["hermit:Feint","hermit:Dive"],"picked":"hermit:Headshot","floor":8},{"not_picked":["hermit:Headshot","hermit:FinalCanter"],"picked":"hermit:BigShot","floor":12},{"not_picked":["hermit:Desperado","hermit:WideOpen","hermit:Roulette"],"picked":"SKIP","floor":14},{"not_picked":["hermit:Adapt","hermit:Gambit"],"picked":"hermit:Reprieve","floor":16},{"not_picked":["hermit:ItchyTrigger+1","hermit:Combo"],"picked":"hermit:Quickdraw","floor":18},{"not_picked":["hermit:Vantage","hermit:WideOpen+1"],"picked":"hermit:HoleUp+1","floor":21}],"player_experience":338123,"relics_obtained":[{"floor":7,"key":"Vajra"},{"floor":9,"key":"Toy Ornithopter"}],"event_choices":[{"damage_healed":0,"gold_gain":0,"player_choice":"Box","damage_taken":0,"relics_obtained":["Regal Pillow"],"max_hp_gain":0,"max_hp_loss":0,"event_name":"Big Fish","floor":3,"gold_loss":0,"cards_obtained":["Regret"]},{"cards_removed":["hermit:Strike_Hermit"],"damage_healed":0,"gold_gain":0,"player_choice":"Card Removal","damage_taken":0,"max_hp_gain":0,"max_hp_loss":0,"event_name":"The Cleric","floor":11,"gold_loss":50},{"damage_healed":0,"gold_gain":0,"player_choice":"Smashed Altar","damage_taken":0,"max_hp_gain":0,"max_hp_loss":0,"event_name":"Forgotten Altar","floor":19,"gold_loss":0,"cards_obtained":["Decay"]},{"damage_healed":0,"gold_gain":0,"player_choice":"Opened","damage_taken":0,"relics_obtained":["PreservedInsect"],"max_hp_gain":0,"max_hp_loss":0,"event_name":"The Mausoleum","floor":20,"gold_loss":0}],"is_beta":false,"boss_relics":[{"not_picked":["SlaversCollar","Velvet Choker"],"picked":"Philosopher\u0027s Stone"}],"items_purged_floors":[13],"is_endless":false,"potions_floor_spawned":[1,2,8,12,18],"killed_by":"2 Thieves","ascension_level":0}}