{"host":"8fnghcq8tvbg6z9e","time":1612093596,"event":{"mods":["BaseMod","Conspire","Downfall","Minty Spire (QoL Compilation)","Quick Restart","StSLib"],"gold_per_floor":[99,114,132,144,54,54,54,68,95,113,129,161,61,72,87,87,87,87],"floor_reached":16,"language":"ZHS","playtime":690,"items_purged":["sneckomod:Strike"],"score":141,"play_id":"527b0e22-3c30-4259-b91d-95b46d5fc3db","local_time":"20210131194636","is_ascension_mode":false,"campfire_choices":[{"data":"sneckomod:SnekBite","floor":1.0,"key":"SMITH"},{"floor":13,"key":"RECALL"}],"circlet_count":0,"master_deck":["sneckomod:Strike","sneckomod:Strike","sneckomod:Defend","sneckomod:Defend","sneckomod:TailWhip","sneckomod:SnekBite+1","sneckomod:Unknown","sneckomod:Unknown","sneckomod:Unknown1Cost","sneckomod:UnknownUncommonPower","sneckomod:IronFang","sneckomod:SlitherStrike","sneckomod:UnknownStrike+1","sneckomod:QuickBite+1","sneckomod:IronFang+1","sneckomod:IronFang+1","sneckomod:UnknownCommonAttack+1","sneckomod:Unknown3Cost","sneckomod:UnknownStrike+1"],"relics":["sneckomod:SneckoSoul","Molten Egg 2","Vajra","Letter Opener","downfall:HeartBlessingGreen"],"acts_visited":["Exordium"],"potions_floor_usage":[12,12],"damage_taken":[{"damage":0.0,"enemies":"2 Louse","floor":2.0,"turns":3.0},{"damage":2.0,"enemies":"Small Slimes","floor":3.0,"turns":3.0},{"damage":0.0,"enemies":"Cultist","floor":4.0,"turns":3.0},{"damage":0.0,"enemies":"downfall:FleeingMerchant","floor":5.0,"turns":4.0},{"damage":9.0,"enemies":"Exordium Wildlife","floor":8.0,"turns":3.0},{"damage":0.0,"enemies":"Gremlin Nob","floor":9.0,"turns":2.0},{"damage":6.0,"enemies":"3 Louse","floor":10.0,"turns":2.0},{"damage":2,"enemies":"Blue Slaver","floor":11,"turns":2},{"damage":6,"enemies":"3 Sentries","floor":12,"turns":5},{"damage":12,"enemies":"Exordium Wildlife","floor":14,"turns":4},{"damage":0,"enemies":"3 Louse","floor":15,"turns":2},{"damage":0,"enemies":"SI_SHIV_ARCHETYPE","floor":16,"turns":1}],"seed_played":"-2664022339798638500","potions_obtained":[{"floor":2.0,"key":"sneckomod:DiceRollPotion"},{"floor":8.0,"key":"champ:CounterPotion"},{"floor":9.0,"key":"SkillPotion"},{"floor":14,"key":"Fire Potion"}],"is_trial":false,"path_per_floor":["R","M","M","M","$","?","T","M","E","M","M","E","R","M","M","B"],"character_chosen":"THE_SNECKO","items_purchased":[],"campfire_rested":0,"item_purchase_floors":[],"current_hp_per_floor":[99,99,97,97,97,97,97,88,88,82,80,74,74,62,62,62,62,62],"gold":87,"neow_bonus":"TEN_PERCENT_HP_BONUS","is_daily":false,"chose_seed":false,"campfire_upgraded":1,"win_rate":0.0,"timestamp":1612093596,"path_taken":["R","M","M","M","$","?","T","M","E","M","M","E","R","M","M","BOSS"],"items_purchased_type":[],"build_version":"2020-12-22","purchased_purges":1,"victory":false,"max_hp_per_floor":[99,99,99,99,99,99,99,99,99,99,99,99,99,99,99,99,99,99],"card_choices":[{"not_picked":["sneckomod:SoulDraw","sneckomod:Nope"],"picked":"sneckomod:Unknown1Cost","floor":2.0},{"not_picked":["sneckomod:WideSting","sneckomod:SnekBeam"],"picked":"sneckomod:UnknownUncommonPower","floor":3.0},{"not_picked":["sneckomod:MasterEye","sneckomod:UnknownDraw"],"picked":"sneckomod:IronFang","floor":4.0},{"not_picked":["sneckomod:UnknownCommonAttack","sneckomod:UnknownStrike"],"picked":"sneckomod:SlitherStrike","floor":5.0},{"not_picked":["sneckomod:UnknownBlock","sneckomod:SoulCleanse"],"picked":"sneckomod:UnknownStrike+1","floor":8.0},{"not_picked":["sneckomod:Cheat","sneckomod:UnknownClassPURPLE"],"picked":"sneckomod:QuickBite+1","floor":9.0},{"not_picked":["sneckomod:UnknownClassRED","sneckomod:UnknownDraw"],"picked":"sneckomod:IronFang+1","floor":10.0},{"not_picked":["sneckomod:DefensiveFlair","sneckomod:UnknownClassPURPLE"],"picked":"sneckomod:IronFang+1","floor":11},{"not_picked":["sneckomod:Unknown2Cost","sneckomod:DefensiveFlair"],"picked":"sneckomod:UnknownCommonAttack+1","floor":12},{"not_picked":["sneckomod:Unknown1Cost","sneckomod:UnknownClassTHE_BRONZE_AUTOMATON"],"picked":"sneckomod:Unknown3Cost","floor":14},{"not_picked":["sneckomod:UnknownClassPURPLE","sneckomod:UnknownX"],"picked":"sneckomod:UnknownStrike+1","floor":15}],"player_experience":210019,"relics_obtained":[{"floor":7.0,"key":"Molten Egg 2"},{"floor":9.0,"key":"Vajra"},{"floor":12,"key":"Letter Opener"}],"event_choices":[{"cards_removed":["sneckomod:Defend"],"damage_healed":0.0,"max_hp_gain":0.0,"max_hp_loss":0.0,"gold_gain":0.0,"event_name":"The Cleric","player_choice":"Card Removal","floor":6.0,"gold_loss":0.0,"damage_taken":0.0}],"is_beta":false,"boss_relics":[],"items_purged_floors":[5],"is_endless":false,"potions_floor_spawned":[2,8,9,14],"killed_by":"SI_SHIV_ARCHETYPE","ascension_level":0}}