{"host":"u8jm3mkzbb0z8q6m","time":1612094810,"event":{"mods":["BaseMod","Challenge The Spire","Colored Powertips","Minty Spire (QoL Compilation)","Quick Restart","Replay The Spire","Spicy Shops","StSLib","¡¾ÒÅÎï¿¨ÅÆ¡¿REMEMod"],"gold_per_floor":[119,119,136,154,172,199,213,213,213,213,388,388,421,486,486,636,636,690,690,133,169,210,228,228],"floor_reached":23,"language":"ZHS","playtime":1898,"items_purged":["Doubt"],"score":317,"play_id":"c384b192-f75f-45e8-914f-5bb070ddb1e6","local_time":"20210131210650","is_ascension_mode":true,"campfire_choices":[{"floor":10,"key":"REST"},{"floor":12,"key":"REST"},{"floor":15,"key":"REST"}],"circlet_count":0,"master_deck":["Strike_G","Strike_G","Strike_G","Strike_G","Strike_G","Defend_G","Defend_G","Defend_G","Defend_G","Defend_G","Survivor","Neutralize","Apotheosis+1","Acrobatics","Acrobatics","Acrobatics","Hidden Blade","Tactician","Tactician","Hidden Blade","A Thousand Cuts","Outmaneuver","Slice","Underhanded Strike+1","ReplayTheSpireMod:Scrap Shanks","Violence","Slice+1","Hidden Blade+1","Tactician"],"relics":["Ring of the Snake","REME_ComplimentaryCards","NeowsBlessing","Prayer Wheel","Gremlin Horn","Replay:Bottled Snecko","REME_ArchaeologicalTools","Runic Dome","Spirit Poop","Kunai"],"acts_visited":["Exordium","TheCity"],"potions_floor_usage":[13,18,22,22],"damage_taken":[{"damage":0,"enemies":"Small Slimes","floor":1,"turns":2},{"damage":0,"enemies":"Jaw Worm","floor":3,"turns":1},{"damage":0,"enemies":"2 Louse","floor":4,"turns":1},{"damage":11,"enemies":"Blue Slaver","floor":5,"turns":5},{"damage":26,"enemies":"3 Sentries","floor":6,"turns":13},{"damage":7,"enemies":"Lots of Slimes","floor":7,"turns":3},{"damage":16,"enemies":"Gremlin Nob","floor":13,"turns":3},{"damage":0,"enemies":"3 Louse","floor":14,"turns":1},{"damage":0,"enemies":"Slime Boss","floor":16,"turns":5},{"damage":15,"enemies":"Shell Parasite","floor":18,"turns":6},{"damage":0,"enemies":"3 Byrds","floor":21,"turns":2},{"damage":18,"enemies":"Centurion and Healer","floor":22,"turns":4},{"damage":39,"enemies":"Book of Stabbing","floor":23,"turns":3}],"seed_played":"-6316235365125371625","potions_obtained":[{"floor":3,"key":"Death Potion"},{"floor":13,"key":"Ancient Potion"},{"floor":14,"key":"ColorlessPotion"},{"floor":16,"key":"Swift Potion"},{"floor":22,"key":"REME_GoldPotion"}],"is_trial":false,"path_per_floor":["M","?","M","M","M","E","M","?","T","R","?","R","E","M","R","B",null,"M","?","$","M","M","E"],"character_chosen":"THE_SILENT","items_purchased":["Kunai","ReplayTheSpireMod:Scrap Shanks","Violence"],"campfire_rested":3,"item_purchase_floors":[20,20,20],"current_hp_per_floor":[70,70,70,70,59,33,26,26,26,47,47,68,52,52,70,70,70,55,55,55,55,37,0,0],"gold":228,"neow_bonus":"THREE_ENEMY_KILL","is_daily":false,"chose_seed":false,"campfire_upgraded":0,"win_rate":0.0,"timestamp":1612094810,"path_taken":["M","?","M","M","M","E","M","?","T","R","?","R","E","M","R","BOSS","M","?","$","M","?","E"],"items_purchased_type":["Relic","Card","Card"],"build_version":"2020-12-22","purchased_purges":1,"victory":false,"max_hp_per_floor":[70,70,70,70,70,70,70,70,70,70,70,70,70,70,70,70,70,70,70,70,70,70,70,70],"card_choices":[{"not_picked":["Outmaneuver","Bane"],"picked":"Acrobatics","floor":1},{"not_picked":["Draining Mist","Dagger Throw"],"picked":"Acrobatics","floor":3},{"not_picked":["Dagger Throw","ReplayTheSpireMod:Exploit Weakness"],"picked":"Acrobatics","floor":3},{"not_picked":["All Out Attack","Underhanded Strike"],"picked":"Hidden Blade","floor":4},{"not_picked":["Poisoned Stab","Sucker Punch","Endless Agony"],"picked":"SKIP","floor":4},{"not_picked":["ReplayTheSpireMod:Exploit Weakness","Dagger Throw","Dodge and Roll"],"picked":"SKIP","floor":5},{"not_picked":["Dagger Spray","Replay:Poison Smokescreen","PiercingWail"],"picked":"SKIP","floor":5},{"not_picked":["Dagger Throw","Poisoned Stab"],"picked":"Tactician","floor":6},{"not_picked":["Dagger Throw","Flying Knee"],"picked":"Tactician","floor":7},{"not_picked":["Dagger Spray","Caltrops"],"picked":"Hidden Blade","floor":7},{"not_picked":["Bouncing Flask","Blade Dance","Terror"],"picked":"SKIP","floor":13},{"not_picked":["Backflip","Blade Dance"],"picked":"A Thousand Cuts","floor":14},{"not_picked":["Concentrate","Bouncing Flask"],"picked":"Outmaneuver","floor":14},{"not_picked":["Blade Dance","Bane"],"picked":"Slice","floor":18},{"not_picked":["Cloak And Dagger","Footwork"],"picked":"Underhanded Strike+1","floor":18},{"not_picked":["Flechettes","Backstab"],"picked":"Slice+1","floor":21},{"not_picked":["Skewer","Underhanded Strike+1"],"picked":"Hidden Blade+1","floor":21},{"not_picked":["Deadly Poison+1","Slice"],"picked":"Tactician","floor":22},{"not_picked":["Poisoned Stab+1","Underhanded Strike","Deflect+1"],"picked":"SKIP","floor":22}],"player_experience":21195,"relics_obtained":[{"floor":6,"key":"Gremlin Horn"},{"floor":9,"key":"Replay:Bottled Snecko"},{"floor":13,"key":"REME_ArchaeologicalTools"}],"event_choices":[{"damage_healed":0,"gold_gain":0,"player_choice":"Box","damage_taken":0,"relics_obtained":["Prayer Wheel"],"max_hp_gain":0,"max_hp_loss":0,"event_name":"Big Fish","floor":2,"gold_loss":0,"cards_obtained":["Regret"]},{"damage_healed":0,"gold_gain":0,"player_choice":"Grow","damage_taken":0,"max_hp_gain":0,"max_hp_loss":0,"event_name":"Living Wall","floor":8,"gold_loss":0,"cards_upgraded":["Apotheosis"]},{"damage_healed":0,"gold_gain":175,"player_choice":"AGREE","damage_taken":0,"max_hp_gain":0,"max_hp_loss":0,"event_name":"Liars Game","floor":11,"gold_loss":0,"cards_obtained":["Doubt"]},{"cards_removed":["Regret"],"damage_healed":0,"gold_gain":0,"player_choice":"Offered Curse","damage_taken":0,"relics_obtained":["Spirit Poop"],"max_hp_gain":0,"max_hp_loss":0,"event_name":"Bonfire Elementals","floor":19,"gold_loss":0}],"is_beta":false,"boss_relics":[{"not_picked":["REME_DuelDisc","Honey Jar"],"picked":"Runic Dome"}],"items_purged_floors":[20],"is_endless":false,"potions_floor_spawned":[3,13,14,16,22],"killed_by":"Book of Stabbing","ascension_level":1}}