{"host":"flk9eme3n59cnu2c","time":1612118224,"event":{"mods":["A Penny For Your Troubles","AchievementEnabler","BaseMod","Better-Laid Plans","Block Reminder","Colored Map","Googly Eyes","Minty Spire (QoL Compilation)","RNG Fix","Rare Cards Sparkle","Relic Stats","Reorder Act Four","Slay-I","StSLib","Weighted Paths"],"gold_per_floor":[109,122,18,18,18,52,52,84,165,183,183,213,226,243,243,319,319,333,348,87,102,52,52,84,84,110,110,25,40,53,134,134,208,208,227,242,262,287,303,335,335,335,360,360,1,1,15,50,62,75],"floor_reached":51,"language":"ENG","playtime":3267,"items_purged":["Strike_G","Strike_G","Quick Slash+1"],"score":1488,"play_id":"1f1f1121-0440-4e05-bb0b-2efe5800156a","local_time":"20210131123704","is_ascension_mode":true,"campfire_choices":[{"data":"Noxious Fumes","floor":7,"key":"SMITH"},{"data":"Catalyst","floor":15,"key":"SMITH"},{"data":"Neutralize","floor":23,"key":"SMITH"},{"data":"Footwork","floor":25,"key":"SMITH"},{"data":"Dash","floor":27,"key":"SMITH"},{"floor":32,"key":"REST"},{"data":"Adrenaline","floor":41,"key":"SMITH"},{"floor":44,"key":"REST"},{"data":"Burst","floor":49,"key":"SMITH"}],"circlet_count":0,"master_deck":["AscendersBane","Defend_G","Defend_G","Defend_G","Defend_G","Survivor","Neutralize+1","Malaise+1","Noxious Fumes+1","Dagger Spray","Dodge and Roll","Adrenaline+1","Catalyst+1","Glass Knife+1","After Image+1","Quick Slash+1","Dash+1","Footwork+1","Die Die Die","Escape Plan","Escape Plan+1","Catalyst+1","Backstab","Burst+1"],"relics":["Ring of the Serpent","WarpedTongs","Tiny Chest","Matryoshka","Toy Ornithopter","Mummified Hand","Pear","Astrolabe","Pen Nib","Meat on the Bone","Ornamental Fan","Centennial Puzzle","Dream Catcher","Letter Opener","Calipers","The Courier","Ancient Tea Set","DollysMirror","Art of War","Boot","MawBank"],"acts_visited":["Exordium","TheCity","TheBeyond"],"potions_floor_usage":[6,12,16,21,39,50,50],"damage_taken":[{"damage":6,"enemies":"Cultist","floor":1,"turns":6},{"damage":0,"enemies":"2 Louse","floor":2,"turns":4},{"damage":12,"enemies":"Lagavulin","floor":6,"turns":13},{"damage":16,"enemies":"3 Sentries","floor":8,"turns":7},{"damage":7,"enemies":"Jaw Worm","floor":10,"turns":4},{"damage":7,"enemies":"Lagavulin","floor":12,"turns":11},{"damage":0,"enemies":"Large Slime","floor":13,"turns":6},{"damage":0,"enemies":"Red Slaver","floor":14,"turns":5},{"damage":0,"enemies":"Hexaghost","floor":16,"turns":12},{"damage":8,"enemies":"Spheric Guardian","floor":18,"turns":6},{"damage":0,"enemies":"Shell Parasite","floor":19,"turns":4},{"damage":2,"enemies":"3 Cultists","floor":21,"turns":6},{"damage":12,"enemies":"Book of Stabbing","floor":24,"turns":8},{"damage":1,"enemies":"Cultist and Chosen","floor":29,"turns":6},{"damage":20,"enemies":"Chosen and Byrds","floor":30,"turns":6},{"damage":5,"enemies":"Automaton","floor":33,"turns":12},{"damage":0,"enemies":"Orb Walker","floor":35,"turns":3},{"damage":8,"enemies":"3 Darklings","floor":36,"turns":5},{"damage":5,"enemies":"Spire Growth","floor":37,"turns":6},{"damage":0,"enemies":"Mind Bloom Boss Battle","floor":38,"turns":8},{"damage":13,"enemies":"Writhing Mass","floor":39,"turns":9},{"damage":32,"enemies":"Nemesis","floor":40,"turns":12},{"damage":3,"enemies":"Sphere and 2 Shapes","floor":47,"turns":5},{"damage":8,"enemies":"Giant Head","floor":48,"turns":9},{"damage":5,"enemies":"Awakened One","floor":50,"turns":22}],"seed_played":"-1700210811517005088","potions_obtained":[{"floor":1,"key":"Energy Potion"},{"floor":8,"key":"BlessingOfTheForge"},{"floor":10,"key":"Weak Potion"},{"floor":12,"key":"ColorlessPotion"},{"floor":18,"key":"AttackPotion"},{"floor":29,"key":"PowerPotion"},{"floor":40,"key":"Weak Potion"},{"floor":47,"key":"Regen Potion"}],"is_trial":false,"path_per_floor":["M","M","$","?","?","E","R","E","T","M","?","E","M","M","R","B",null,"M","M","$","M","?","R","E","R","T","R","?","M","M","T","R","B",null,"M","M","M","?","M","E","R","?","T","R","$","T","M","E","R","B",null],"character_chosen":"THE_SILENT","items_purchased":["Dodge and Roll","Pen Nib","DollysMirror","Art of War"],"campfire_rested":2,"item_purchase_floors":[3,20,45,45],"current_hp_per_floor":[53,53,53,53,46,34,34,18,18,11,11,19,19,19,19,24,63,55,55,55,58,58,58,46,46,46,46,46,45,37,37,59,54,71,71,63,58,58,50,30,30,30,30,52,52,52,49,41,41,61],"gold":87,"neow_bonus":"ONE_RANDOM_RARE_CARD","is_daily":false,"chose_seed":false,"campfire_upgraded":7,"win_rate":0.0,"timestamp":1612118224,"path_taken":["M","M","$","?","?","E","R","E","T","M","?","E","M","M","R","BOSS","M","M","$","M","?","R","E","R","T","R","?","M","M","?","R","BOSS","M","M","M","?","?","E","R","?","T","R","$","?","?","E","R","BOSS"],"items_purchased_type":["Card","Relic","Relic","Relic"],"build_version":"2020-12-22","purchased_purges":3,"victory":true,"max_hp_per_floor":[66,66,66,66,66,66,66,66,66,66,66,76,76,76,76,76,76,76,76,76,76,76,76,76,76,76,76,76,76,76,76,76,76,76,76,76,76,76,76,76,76,76,76,76,76,76,76,76,76,76],"relic_stats":{"counters":[25,195],"Astrolabe":["After Image","Quick Slash","Quick Slash"],"Pen Nib":[18],"Letter Opener":[152],"Boot":[21],"MawBank":36,"WarpedTongs":[161],"Centennial Puzzle":[30],"Dream Catcher":2,"Mummified Hand":[52],"Ornamental Fan":[80],"Tiny Chest":2,"Art of War":[5],"obtain_stats":[{"Pear":12,"Calipers":38,"Astrolabe":17,"Pen Nib":20,"The Courier":40,"Letter Opener":31,"Ancient Tea Set":43,"Boot":46,"MawBank":48,"WarpedTongs":4,"Centennial Puzzle":26,"Dream Catcher":28,"Matryoshka":8,"Mummified Hand":9,"Ornamental Fan":26,"DollysMirror":45,"Tiny Chest":6,"Art of War":45,"Toy Ornithopter":9,"Ring of the Serpent":34,"Ring of the Snake":0,"Meat on the Bone":24},{"Pear":6,"Calipers":20,"Astrolabe":9,"Pen Nib":11,"The Courier":22,"Letter Opener":15,"Ancient Tea Set":22,"Boot":22,"MawBank":24,"WarpedTongs":2,"Centennial Puzzle":13,"Dream Catcher":13,"Matryoshka":4,"Mummified Hand":4,"Ornamental Fan":13,"DollysMirror":22,"Tiny Chest":3,"Art of War":22,"Toy Ornithopter":4,"Ring of the Serpent":16,"Ring of the Snake":0,"Meat on the Bone":13},{"Pear":45,"Calipers":138,"Astrolabe":68,"Pen Nib":78,"The Courier":159,"Letter Opener":104,"Ancient Tea Set":159,"Boot":159,"MawBank":173,"WarpedTongs":10,"Centennial Puzzle":92,"Dream Catcher":92,"Matryoshka":30,"Mummified Hand":30,"Ornamental Fan":92,"DollysMirror":159,"Tiny Chest":23,"Art of War":159,"Toy Ornithopter":30,"Ring of the Serpent":116,"Ring of the Snake":0,"Meat on the Bone":92}],"Toy Ornithopter":30,"Meat on the Bone":24},"card_choices":[{"not_picked":["Concentrate","Masterful Stab"],"picked":"Noxious Fumes","floor":1},{"not_picked":["Acrobatics","Slice"],"picked":"Dagger Spray","floor":2},{"not_picked":["Dodge and Roll","Underhanded Strike","Dagger Spray"],"picked":"SKIP","floor":6},{"not_picked":["Slice","Concentrate","Acrobatics"],"picked":"SKIP","floor":8},{"not_picked":["Deadly Poison","Bane"],"picked":"Adrenaline","floor":10},{"not_picked":["Backflip","Underhanded Strike"],"picked":"Catalyst","floor":12},{"not_picked":["Riddle With Holes","Bane","Slice"],"picked":"SKIP","floor":13},{"not_picked":["Finisher","Poisoned Stab","Deadly Poison"],"picked":"SKIP","floor":14},{"not_picked":["Malaise","A Thousand Cuts"],"picked":"Glass Knife","floor":16},{"not_picked":["Flechettes","Tactician","Prepared"],"picked":"SKIP","floor":18},{"not_picked":["Dodge and Roll","Dagger Throw+1","Flying Knee+1"],"picked":"SKIP","floor":19},{"not_picked":["Dagger Spray+1","Backstab"],"picked":"Dash","floor":21},{"not_picked":["Eviscerate","Backflip"],"picked":"Footwork","floor":24},{"not_picked":["Blur","Riddle With Holes","Finisher"],"picked":"SKIP","floor":29},{"not_picked":["Slice+1","Infinite Blades"],"picked":"Die Die Die","floor":30},{"not_picked":["Cloak And Dagger","Outmaneuver"],"picked":"Escape Plan","floor":32},{"not_picked":["Distraction","Poisoned Stab","Slice"],"picked":"SKIP","floor":35},{"not_picked":["Cloak And Dagger+1","Slice"],"picked":"Escape Plan+1","floor":36},{"not_picked":["Skewer","Concentrate+1","Backflip"],"picked":"SKIP","floor":37},{"not_picked":["Backflip+1","Outmaneuver","All Out Attack"],"picked":"SKIP","floor":39},{"not_picked":["Sucker Punch","Riddle With Holes","Cloak And Dagger"],"picked":"SKIP","floor":40},{"not_picked":["Skewer","Bane+1"],"picked":"Backstab","floor":47},{"not_picked":["Deadly Poison","Leg Sweep"],"picked":"Burst","floor":48}],"player_experience":917223,"relics_obtained":[{"floor":6,"key":"Tiny Chest"},{"floor":8,"key":"Matryoshka"},{"floor":9,"key":"Toy Ornithopter"},{"floor":9,"key":"Mummified Hand"},{"floor":12,"key":"Pear"},{"floor":24,"key":"Meat on the Bone"},{"floor":26,"key":"Ornamental Fan"},{"floor":26,"key":"Centennial Puzzle"},{"floor":31,"key":"Letter Opener"},{"floor":38,"key":"Calipers"},{"floor":40,"key":"The Courier"},{"floor":43,"key":"Ancient Tea Set"},{"floor":46,"key":"Boot"},{"floor":48,"key":"MawBank"}],"event_choices":[{"damage_healed":0,"gold_gain":0,"player_choice":"Rummage","damage_taken":0,"relics_obtained":["WarpedTongs"],"max_hp_gain":0,"max_hp_loss":0,"event_name":"Accursed Blacksmith","floor":4,"gold_loss":0,"cards_obtained":["Pain"]},{"cards_removed":["Pain"],"damage_healed":0,"gold_gain":0,"player_choice":"Card Removal","damage_taken":7,"max_hp_gain":0,"max_hp_loss":0,"event_name":"Golden Wing","floor":5,"gold_loss":0},{"damage_healed":0,"gold_gain":0,"player_choice":"Grow","damage_taken":0,"max_hp_gain":0,"max_hp_loss":0,"event_name":"Living Wall","floor":11,"gold_loss":0,"cards_upgraded":["Malaise"]},{"damage_healed":0,"gold_gain":0,"player_choice":"Upgrade","damage_taken":0,"max_hp_gain":0,"max_hp_loss":0,"event_name":"Designer","floor":22,"gold_loss":50,"cards_upgraded":["Glass Knife"]},{"damage_healed":0,"gold_gain":0,"player_choice":"Obtained Relic","damage_taken":0,"relics_obtained":["Dream Catcher"],"max_hp_gain":0,"max_hp_loss":0,"event_name":"Addict","floor":28,"gold_loss":85},{"damage_healed":0,"gold_gain":0,"player_choice":"Fight","damage_taken":0,"max_hp_gain":0,"max_hp_loss":0,"event_name":"MindBloom","floor":38,"gold_loss":0},{"cards_removed":["Defend_G"],"damage_healed":0,"gold_gain":0,"player_choice":"Removed Skill","damage_taken":0,"max_hp_gain":0,"max_hp_loss":0,"event_name":"Falling","floor":42,"gold_loss":0}],"is_beta":false,"boss_relics":[{"not_picked":["Calling Bell","Ectoplasm"],"picked":"Astrolabe"},{"not_picked":["Snecko Eye","Empty Cage"],"picked":"Ring of the Serpent"}],"items_purged_floors":[3,20,45],"is_endless":false,"potions_floor_spawned":[1,8,10,12,14,18,29,33,38,40,47,48],"ascension_level":18}}