{"host":"yecadp3kwkksam5a","time":1612075446,"event":{"mods":["100% Spire Juice","Arknights","BaseMod","Minty Spire (QoL Compilation)","StSLib","SuperFastMode","The Cursed","WarShipGirlsR/??á´Ò³R mod"],"gold_per_floor":[113,113,113,113,113,113,144,162,211,23,56,71,92,111,111,204,204,218,241,16,16,16,57,57,12,12,12,12,37,61,86,86,181,181,194,194,225,248,148,191,191,206,206,237,112,112,445,457,457,457,457],"floor_reached":50,"language":"KOR","playtime":1931,"items_purged":["Strike_R","Strike_R","Bash"],"score":1033,"play_id":"d77a466a-1844-42e3-a55c-d2fad87ecfac","local_time":"20210131154406","is_ascension_mode":true,"campfire_choices":[{"floor":6.0,"key":"RECALL"},{"data":"Dark Embrace","floor":15.0,"key":"SMITH"},{"floor":32.0,"key":"REST"},{"data":"Barricade","floor":46.0,"key":"SMITH"},{"floor":49.0,"key":"REST"}],"circlet_count":0,"master_deck":["AscendersBane","Defend_R","Defend_R","Defend_R","Defend_R","Armaments+1","Bludgeon","Second Wind","Power Through","Fire Breathing","Carnage","Dark Embrace+1","Body Slam","Barricade+1","Sentinel","Feel No Pain","Shrug It Off","Body Slam","Warcry","Evolve+1","Clothesline+1","Ghostly Armor+1","Shrug It Off","Finesse+1","Feel No Pain","Feel No Pain"],"relics":["Burning Blood","NeowsBlessing","Akabeko","Shuriken","Pen Nib","Sozu","Medical Kit","Kunai","Girya","HornCleat","Astrolabe","Turnip","Toxic Egg 2","Pocketwatch","Nunchaku"],"acts_visited":["Exordium","TheCity","TheBeyond"],"potions_floor_usage":[],"damage_taken":[{"damage":0.0,"enemies":"Small Slimes","floor":1.0,"turns":1.0},{"damage":0.0,"enemies":"Gremlin Nob","floor":7.0,"turns":1.0},{"damage":0.0,"enemies":"Jaw Worm","floor":8.0,"turns":1.0},{"damage":30.0,"enemies":"3 Sentries","floor":11.0,"turns":6.0},{"damage":0.0,"enemies":"Cultist","floor":12.0,"turns":4.0},{"damage":28.0,"enemies":"Lots of Slimes","floor":13.0,"turns":5.0},{"damage":3.0,"enemies":"Blue Slaver","floor":14.0,"turns":3.0},{"damage":7.0,"enemies":"Slime Boss","floor":16.0,"turns":9.0},{"damage":2.0,"enemies":"Chosen","floor":18.0,"turns":6.0},{"damage":6.0,"enemies":"2 Thieves","floor":19.0,"turns":4.0},{"damage":49.0,"enemies":"Slavers","floor":23.0,"turns":6.0},{"damage":12.0,"enemies":"Chosen and Byrds","floor":29.0,"turns":5.0},{"damage":12.0,"enemies":"Cultist and Chosen","floor":30.0,"turns":6.0},{"damage":13.0,"enemies":"Centurion and Healer","floor":31.0,"turns":8.0},{"damage":13.0,"enemies":"Champ","floor":33.0,"turns":9.0},{"damage":6.0,"enemies":"Orb Walker","floor":35.0,"turns":4.0},{"damage":0.0,"enemies":"Mind Bloom Boss Battle","floor":37.0,"turns":6.0},{"damage":0.0,"enemies":"3 Shapes","floor":38.0,"turns":6.0},{"damage":52.0,"enemies":"Reptomancer","floor":40.0,"turns":9.0},{"damage":0.0,"enemies":"Maw","floor":42.0,"turns":6.0},{"damage":1.0,"enemies":"Nemesis","floor":44.0,"turns":5.0},{"damage":7.0,"enemies":"3 Darklings","floor":48.0,"turns":5.0},{"damage":51,"enemies":"Awakened One","floor":50,"turns":3}],"seed_played":"485932240607507608","potions_obtained":[{"floor":7.0,"key":"ColorlessPotion"},{"floor":16.0,"key":"GamblersBrew"}],"is_trial":false,"path_per_floor":["M","?","?","T","?","R","E","M","T","$","E","M","M","M","R","B",null,"M","M","$","?","T","E","?","$","T","T","$","M","M","M","R","B",null,"M","?","?","M","$","E","?","M","T","E","$","R","?","M","R","B"],"character_chosen":"IRONCLAD","items_purchased":["Second Wind","Power Through","Fire Breathing","Medical Kit","Shrug It Off"],"campfire_rested":2,"item_purchase_floors":[10,10,10,20,25],"current_hp_per_floor":[74,56,56,56,56,56,62,68,68,68,44,50,28,31,31,30,64,68,68,68,68,68,25,25,25,25,25,25,19,13,7,29,22,62,62,62,68,74,74,28,18,24,24,29,29,29,29,28,50,0,0],"gold":457,"neow_bonus":"THREE_ENEMY_KILL","is_daily":false,"chose_seed":false,"campfire_upgraded":2,"win_rate":0.0,"timestamp":1612075446,"path_taken":["M","?","?","?","?","R","E","M","T","$","E","M","M","?","R","BOSS","M","M","?","?","?","E","?","$","T","?","?","M","?","M","R","BOSS","M","?","?","M","$","E","?","M","T","E","?","R","?","M","R","BOSS"],"items_purchased_type":["Card","Card","Card","Relic","Card"],"build_version":"2020-12-22","purchased_purges":3,"victory":false,"max_hp_per_floor":[75,75,75,75,75,75,75,75,75,75,75,75,75,75,75,75,75,75,75,75,75,75,75,75,75,75,75,75,75,75,75,75,75,75,75,75,75,75,75,75,75,75,75,75,75,75,75,75,75,75,75],"card_choices":[{"not_picked":["Body Slam","Wild Strike"],"picked":"Armaments","floor":1.0},{"not_picked":["Blood for Blood","Metallicize"],"picked":"Bludgeon","floor":7.0},{"not_picked":["Armaments","Wild Strike","Warcry"],"picked":"SKIP","floor":8.0},{"not_picked":["Warcry","Bludgeon"],"picked":"Carnage","floor":11.0},{"not_picked":["Clothesline","Heavy Blade","Headbutt"],"picked":"SKIP","floor":12.0},{"not_picked":["Sword Boomerang","Dropkick"],"picked":"Dark Embrace","floor":13.0},{"not_picked":["Combust","Heavy Blade"],"picked":"Body Slam","floor":14.0},{"not_picked":["Double Tap","Demon Form"],"picked":"Barricade","floor":16.0},{"not_picked":["Fire Breathing","Armaments+1","Headbutt+1"],"picked":"SKIP","floor":18.0},{"not_picked":["Anger","Thunderclap"],"picked":"Sentinel","floor":19.0},{"not_picked":["Twin Strike","Sword Boomerang","Flame Barrier"],"picked":"SKIP","floor":23.0},{"not_picked":["Armaments","Blood for Blood"],"picked":"Body Slam","floor":29.0},{"not_picked":["Inflame+1","Clothesline+1"],"picked":"Warcry","floor":30.0},{"not_picked":["Perfected Strike","Cleave","Rampage"],"picked":"SKIP","floor":31.0},{"not_picked":["Havoc","Headbutt"],"picked":"Shrug It Off","floor":35.0},{"not_picked":["Rage","Flame Barrier","Cleave"],"picked":"SKIP","floor":38.0},{"not_picked":["Reckless Charge","Fire Breathing","Wild Strike"],"picked":"SKIP","floor":40.0},{"not_picked":["Violence+1","The Bomb+1"],"picked":"Finesse+1","floor":41.0},{"not_picked":["Rupture","Fire Breathing"],"picked":"Feel No Pain","floor":42.0},{"not_picked":["Inflame","Flex+1"],"picked":"Feel No Pain","floor":44.0},{"not_picked":["Bloodletting+1","Clash","Wild Strike"],"picked":"SKIP","floor":48.0}],"player_experience":570337,"relics_obtained":[{"floor":4.0,"key":"Akabeko"},{"floor":7.0,"key":"Shuriken"},{"floor":11.0,"key":"Pen Nib"},{"floor":22.0,"key":"Kunai"},{"floor":23.0,"key":"Girya"},{"floor":26.0,"key":"HornCleat"},{"floor":37.0,"key":"Turnip"},{"floor":40.0,"key":"Toxic Egg 2"},{"floor":43.0,"key":"Pocketwatch"},{"floor":44.0,"key":"Nunchaku"}],"event_choices":[{"damage_healed":0.0,"max_hp_gain":0.0,"max_hp_loss":0.0,"gold_gain":0.0,"event_name":"Golden Idol","player_choice":"Take Damage","floor":2.0,"gold_loss":0.0,"damage_taken":18.0,"relics_obtained":["Golden Idol"]},{"damage_healed":0.0,"max_hp_gain":0.0,"max_hp_loss":0.0,"gold_gain":0.0,"event_name":"Liars Game","player_choice":"Ignored","floor":3.0,"gold_loss":0.0,"damage_taken":0.0},{"damage_healed":0.0,"max_hp_gain":0.0,"max_hp_loss":0.0,"gold_gain":0.0,"event_name":"Accursed Blacksmith","player_choice":"Forge","floor":5.0,"gold_loss":0.0,"damage_taken":0.0,"cards_upgraded":["Armaments"]},{"damage_healed":0.0,"max_hp_gain":0.0,"max_hp_loss":0.0,"gold_gain":0.0,"event_name":"The Library","player_choice":"Read","floor":24.0,"gold_loss":0.0,"damage_taken":0.0,"cards_obtained":["Feel No Pain"]},{"damage_healed":0.0,"max_hp_gain":0.0,"max_hp_loss":0.0,"gold_gain":0.0,"event_name":"Tomb of Lord Red Mask","player_choice":"Ignored","floor":36.0,"gold_loss":0.0,"damage_taken":0.0},{"damage_healed":0.0,"max_hp_gain":0.0,"max_hp_loss":0.0,"gold_gain":0.0,"event_name":"MindBloom","player_choice":"Fight","floor":37.0,"gold_loss":0.0,"damage_taken":0.0},{"damage_healed":0.0,"max_hp_gain":0.0,"max_hp_loss":0.0,"gold_gain":0.0,"event_name":"SensoryStone","player_choice":"Memory 3","floor":41.0,"gold_loss":0.0,"damage_taken":10.0},{"damage_healed":0.0,"max_hp_gain":0.0,"max_hp_loss":0.0,"gold_gain":333.0,"event_name":"The Moai Head","player_choice":"Gave Idol","floor":47.0,"relics_lost":["Golden Idol"],"gold_loss":0.0,"damage_taken":0.0}],"is_beta":false,"boss_relics":[{"not_picked":["Philosopher\u0027s Stone","Tiny House"],"picked":"Sozu"},{"not_picked":["SacredBark","Black Star"],"picked":"Astrolabe"}],"items_purged_floors":[20,39,45],"is_endless":false,"potions_floor_spawned":[7,16,19,29,31,37,42,48],"killed_by":"Awakened One","ascension_level":14}}