{"host":"niv6bi8ufjzyofbf","time":1612099545,"event":{"mods":["ATMod(∞¢Ë™Mod)","Act Like it!","BaseMod","Colored Powertips","Conspire","Gensokyo","Hermit","Mad Scientist","Marisa£®ÏF”Í°°ƒß¿Ì…≥£©","Minty Spire (QoL Compilation)","Quick Restart","Rare Cards Sparkle","Reimu£®≤©¿ˆ¡È√Œ£©","Relic Filter Mod","Reliquary","Replay The Spire","Shop Mod","Spicy Shops","StSLib","SuperFastMode","The Cursed","The Servant 0.9.4","Youmu£®ªÍ∆«—˝√Œ£©","°æ“≈ŒÔø®≈∆°øREMEMod","≤–¡Ù÷ÆŒÔ"],"gold_per_floor":[23333,21338,21354,21354,19847,19873,19893,19927,19951,19980,19992,19992,20006,20081,20081,20179,20179,20196,19069,19082,19101,19101,19132,19132,19166,19166,19194,19194,17794,17844,17930,17930,18075,18075,18095,18149,18182,16549,16549,16549,16549,16549,16549,16576,15213,15241,15241,15269,15269,15278],"floor_reached":51,"language":"ZHS","playtime":1843,"items_purged":["Double Tap","Parasite","hermit:Defend_Hermit","hermit:Defend_Hermit","hermit:Defend_Hermit","Parasite","hermit:Defend_Hermit+1"],"score":1380,"play_id":"5a1a06e5-1402-42fd-ba95-bb35c3e20836","local_time":"20210131212545","is_ascension_mode":true,"campfire_choices":[{"data":"hermit:Covet","floor":12,"key":"SMITH"},{"data":"hermit:Combo","floor":24,"key":"SMITH"},{"data":"hermit:GoldenBullet","floor":28,"key":"SMITH"},{"data":"hermit:EyeOfTheStorm","floor":32,"key":"SMITH"},{"data":"REME_EyeOfCthun","floor":40,"key":"SMITH"},{"data":"hermit:Malice","floor":42,"key":"SMITH"},{"data":"AT_EmpoweredMortalDraw","floor":47,"key":"SMITH"},{"data":"Master of Strategy","floor":49,"key":"SMITH"}],"circlet_count":0,"master_deck":["hermit:Strike_Hermit","hermit:Strike_Hermit","hermit:Strike_Hermit","hermit:Strike_Hermit","hermit:Snapshot","hermit:Covet+1","REME_HeartOfCthun+1","hermit:Showdown+1","hermit:TrackingShot","hermit:Gambit","hermit:Spite","AT_EmpoweredMortalDraw+1","hermit:GoldenBullet+1","AT_EmpoweredMortalDraw+1","hermit:Deadeye","hermit:Headshot","hermit:Combo+1","hermit:Defend_Hermit","hermit:FlashPowder+1","hermit:CalledShot+1","Master of Strategy+1","hermit:EyeOfTheStorm+1","hermit:RoundhouseKick","hermit:Enervate+1","hermit:GoldenBullet+1","hermit:Combo+1","hermit:Showdown+1","hermit:CursedWeapon+1","hermit:Malice+1","hermit:Malice+1","REME_EyeOfCthun+1","Trip","Trip","Master of Strategy+1","hermit:Spite+1"],"relics":["hermit:Momento","REME_ComplimentaryCards","AT_ATBox","AT_BellowingDragoncrestRing","TheAbacus","Bronze Scales","PureWhite:ReiMu","ReplayTheSpireMod:Lightbulb","MerchantsRug","conspire:Flyswatter","ClockworkSouvenir","AT_ChloranthyRing","reliquary:PrincelyHelmet","reliquary:BrokenClock","AT_RabadonDeathcap","Bag of Preparation","Dream Catcher","reliquary:SharkskinSheath","PlaceholderMod:DaolothFragment","AT_MortalBlade","Regal Pillow","Strawberry","reliquary:Bookmark","Chemical X","AT_ArchangelStaff","PreservedInsect","reliquary:PorcupineQuills","reliquary:TatteredRug","REME_ArchaeologicalTools","Sling","Medical Kit","Potion Belt","Nunchaku","AT_GuinsooRageblade","Blue Doll","REME_LowDesire","Orichalcum","Vajra","hermit:RedScarf","Divine Protection","Ginger","reliquary:BallBearing","Toy Ornithopter","Orrery","Replay:WaspNest","reliquary:PartyBalloon","reliquary:Stiletto","Guide Book","TentaclePot:ReiMu","Prayer Wheel"],"acts_visited":["Exordium","TheCity","TheBeyond"],"potions_floor_usage":[6,6,16,21,25,25,44,44,44,44,46],"damage_taken":[{"damage":12,"enemies":"conspire:RoseBush","floor":1,"turns":2},{"damage":0,"enemies":"Small Slimes","floor":3,"turns":1},{"damage":0,"enemies":"3 Sentries","floor":6,"turns":2},{"damage":0,"enemies":"Cultist","floor":7,"turns":1},{"damage":0,"enemies":"Replay:BlueRogue","floor":8,"turns":2},{"damage":0,"enemies":"3 Sentries","floor":10,"turns":2},{"damage":0,"enemies":"Lots of Slimes","floor":11,"turns":1},{"damage":0,"enemies":"Large Slime","floor":13,"turns":1},{"damage":0,"enemies":"Slime Boss","floor":16,"turns":5},{"damage":0,"enemies":"2 Thieves","floor":18,"turns":2},{"damage":0,"enemies":"Chosen","floor":20,"turns":1},{"damage":0,"enemies":"Snake Plant","floor":21,"turns":1},{"damage":0,"enemies":"conspire:Head Lice","floor":23,"turns":2},{"damage":0,"enemies":"Gremlin Leader","floor":25,"turns":2},{"damage":0,"enemies":"conspire:SneckoGhost","floor":27,"turns":2},{"damage":0,"enemies":"Centurion and Healer","floor":30,"turns":1},{"damage":0,"enemies":"3 Cultists","floor":31,"turns":1},{"damage":0,"enemies":"Automaton","floor":33,"turns":1},{"damage":0,"enemies":"Orb Walker","floor":35,"turns":1},{"damage":0,"enemies":"2 Orb Walkers","floor":36,"turns":1},{"damage":0,"enemies":"conspire:MimicChest","floor":37,"turns":2},{"damage":0,"enemies":"3 Shapes","floor":44,"turns":1},{"damage":0,"enemies":"3 Darklings","floor":46,"turns":1},{"damage":0,"enemies":"Writhing Mass","floor":48,"turns":2},{"damage":0,"enemies":"Donu and Deca","floor":50,"turns":1}],"seed_played":"-3860509357215546663","potions_obtained":[{"floor":7,"key":"Adrenaline Potion"},{"floor":18,"key":"Energy Potion"},{"floor":23,"key":"hermit:Tonic"},{"floor":27,"key":"LiquidBronze"}],"is_trial":false,"path_per_floor":["M","$","M","?","$","E","M","E","T","E","M","R","M","?","R","B",null,"M","$","M","M","?","E","R","E","T","E","R","$","M","M","R","B",null,"M","?","?","$","?","R","?","R","T","M","$","M","R","M","R","B",null],"character_chosen":"HERMIT","items_purchased":["AT_BellowingDragoncrestRing","TheAbacus","Bronze Scales","PureWhite:ReiMu","ReplayTheSpireMod:Lightbulb","MerchantsRug","PowerPotion","FearPotion","Weak Potion","Elixir","REME_HeartOfCthun","hermit:Showdown","hermit:TrackingShot","conspire:Flyswatter","ClockworkSouvenir","AT_ChloranthyRing","reliquary:PrincelyHelmet","reliquary:BrokenClock","AT_RabadonDeathcap","hermit:Tonic","AT_EmpoweredMortalDraw","Regal Pillow","Strawberry","reliquary:Bookmark","Chemical X","AT_ArchangelStaff","hermit:Deadeye","Sling","Medical Kit","Potion Belt","Nunchaku","AT_GuinsooRageblade","Blue Doll","PowerPotion","GrandPatriotsElixir:ReiMu","Elixir","Master of Strategy","Divine Protection","Ginger","reliquary:BallBearing","Toy Ornithopter","Orrery","hermit:Malice","REME_EyeOfCthun","Trip","reliquary:PartyBalloon","reliquary:Stiletto","Master of Strategy","Guide Book","TentaclePot:ReiMu","Prayer Wheel"],"campfire_rested":0,"item_purchase_floors":[2,2,2,2,2,2,2,2,2,2,2,2,2,5,5,5,5,5,5,5,19,19,19,19,19,19,19,29,29,29,29,29,29,29,29,29,29,38,38,38,38,38,38,38,38,45,45,45,45,45,45],"current_hp_per_floor":[77,77,77,59,59,59,59,59,59,59,59,59,59,48,73,73,86,86,93,93,93,93,93,93,93,93,93,93,93,93,93,93,93,93,93,93,93,90,90,90,90,90,90,90,90,90,90,90,90,90],"gold":15278,"neow_bonus":"TWENTY_PERCENT_HP_BONUS","is_daily":false,"chose_seed":false,"campfire_upgraded":8,"win_rate":0.0,"timestamp":1612099545,"path_taken":["M","$","M","?","$","E","M","E","T","E","M","R","M","?","R","BOSS","M","$","M","M","?","E","R","E","T","E","R","$","?","?","R","BOSS","M","?","?","$","?","R","?","R","T","M","$","M","R","M","R","BOSS"],"items_purchased_type":["Relic","Relic","Relic","Relic","Relic","Relic","Potion","Potion","Potion","Potion","Card","Card","Card","Relic","Relic","Relic","Relic","Relic","Relic","Potion","Card","Relic","Relic","Relic","Relic","Relic","Card","Relic","Relic","Relic","Relic","Relic","Relic","Potion","Potion","Potion","Card","Relic","Relic","Relic","Relic","Relic","Card","Card","Card","Relic","Relic","Card","Relic","Relic","Relic"],"build_version":"2020-12-22","purchased_purges":7,"victory":true,"max_hp_per_floor":[89,89,89,89,86,86,86,86,86,86,86,86,86,86,86,86,86,86,93,93,93,93,93,93,93,93,93,93,93,93,93,93,93,93,93,93,93,90,90,90,90,90,90,90,90,90,90,90,90,90],"card_choices":[{"not_picked":["hermit:Misfire","hermit:Maintenance","hermit:Shortfuse"],"picked":"SKIP","floor":1},{"not_picked":["hermit:Ricochet","hermit:Feint","hermit:Quickdraw"],"picked":"SKIP","floor":3},{"not_picked":["hermit:Roulette","hermit:Midnight","hermit:TakeCover"],"picked":"SKIP","floor":6},{"not_picked":["hermit:Dive","hermit:DeadMansHand","hermit:Desperado"],"picked":"SKIP","floor":7},{"not_picked":["hermit:ItchyTrigger","hermit:Maintenance","hermit:TakeCover"],"picked":"SKIP","floor":8},{"not_picked":["hermit:Quickdraw","hermit:HoleUp","hermit:Coalescence"],"picked":"SKIP","floor":10},{"not_picked":["hermit:Determination","hermit:TrackingShot","hermit:Spite"],"picked":"SKIP","floor":11},{"not_picked":["hermit:CursedWeapon","hermit:ItchyTrigger"],"picked":"hermit:Gambit","floor":13},{"not_picked":["hermit:Headshot","hermit:Misfire"],"picked":"hermit:Spite","floor":15},{"not_picked":["hermit:TrackingShot","hermit:Determination+1"],"picked":"hermit:GoldenBullet","floor":18},{"not_picked":["hermit:Snipe","hermit:Midnight"],"picked":"hermit:Headshot","floor":20},{"not_picked":["hermit:Grudge","hermit:GhostlyPresence"],"picked":"hermit:Combo","floor":21},{"not_picked":["hermit:EternalForm","hermit:Glare"],"picked":"hermit:FlashPowder+1","floor":23},{"not_picked":["hermit:GhostlyPresence","hermit:Shortfuse","hermit:FlashPowder"],"picked":"SKIP","floor":25},{"not_picked":["hermit:Dive","hermit:Midnight"],"picked":"hermit:CalledShot+1","floor":27},{"not_picked":["hermit:WideOpen","hermit:HighCaliber"],"picked":"hermit:EyeOfTheStorm","floor":30},{"not_picked":["hermit:Deadeye","hermit:GhostlyPresence+1","hermit:TrackingShot"],"picked":"SKIP","floor":31},{"not_picked":["hermit:HeroicBravado","hermit:Gambit"],"picked":"hermit:RoundhouseKick","floor":33},{"not_picked":["hermit:Feint","hermit:HighCaliber","conspire:Banana"],"picked":"hermit:Enervate+1","floor":35},{"not_picked":["hermit:ItchyTrigger+1","hermit:WideOpen","PanicButton+1"],"picked":"hermit:GoldenBullet+1","floor":36},{"not_picked":["hermit:Deadeye","hermit:BodyArmor+1","Poisoned Strike"],"picked":"hermit:Combo+1","floor":37},{"not_picked":["hermit:Dive+1","hermit:Adapt","Jack Of All Trades+1"],"picked":"hermit:Showdown+1","floor":38},{"not_picked":["hermit:OverwhelmingPower","hermit:BodyArmor","REME_EyeOfCthun"],"picked":"hermit:CursedWeapon+1","floor":38},{"not_picked":["hermit:Snipe","hermit:Midnight","Magnetism"],"picked":"hermit:Malice+1","floor":38},{"not_picked":["hermit:Vantage","hermit:Quickdraw+1","hermit:Dive+1","REME_ProfessionalPlagiarism"],"picked":"SKIP","floor":44},{"not_picked":["hermit:TrackingShot","hermit:BodyArmor+1","Madness+1"],"picked":"hermit:Spite+1","floor":46},{"not_picked":["hermit:Gestalt+1","hermit:Horror+1","hermit:Roulette+1","ReplayTheSpireMod:Private Reserves+1"],"picked":"SKIP","floor":46},{"not_picked":["hermit:HoleUp+1","hermit:SprayPray+1","hermit:DeadMansHand","Crow Ritual"],"picked":"SKIP","floor":48},{"not_picked":["hermit:Enervate+1","hermit:Brawl+1","hermit:Desperado","AT_FamilyPortrait"],"picked":"SKIP","floor":48}],"player_experience":597321,"relics_obtained":[{"floor":6,"key":"Bag of Preparation"},{"floor":8,"key":"Dream Catcher"},{"floor":9,"key":"reliquary:SharkskinSheath"},{"floor":10,"key":"PlaceholderMod:DaolothFragment"},{"floor":23,"key":"PreservedInsect"},{"floor":25,"key":"reliquary:PorcupineQuills"},{"floor":26,"key":"reliquary:TatteredRug"},{"floor":27,"key":"REME_ArchaeologicalTools"},{"floor":34,"key":"Orichalcum"},{"floor":34,"key":"Vajra"},{"floor":37,"key":"hermit:RedScarf"},{"floor":43,"key":"Replay:WaspNest"}],"event_choices":[{"damage_healed":0,"gold_gain":0,"player_choice":"Entered Light","damage_taken":18,"max_hp_gain":0,"max_hp_loss":0,"event_name":"Shining Light","floor":4,"gold_loss":0,"cards_upgraded":["hermit:Defend_Hermit","REME_HeartOfCthun"]},{"damage_healed":0,"gold_gain":75,"player_choice":"Gather Gold","damage_taken":11,"max_hp_gain":0,"max_hp_loss":0,"event_name":"World of Goop","floor":14,"gold_loss":0},{"damage_healed":0,"gold_gain":0,"player_choice":"Fight","damage_taken":0,"max_hp_gain":0,"max_hp_loss":0,"event_name":"Mysterious Sphere","floor":36,"gold_loss":0},{"damage_healed":0,"gold_gain":0,"player_choice":"Leave","damage_taken":0,"max_hp_gain":0,"max_hp_loss":0,"event_name":"conspire:Investor","floor":39,"gold_loss":0},{"damage_healed":0,"gold_gain":0,"player_choice":"Memory 1","damage_taken":0,"max_hp_gain":0,"max_hp_loss":0,"event_name":"SensoryStone","floor":41,"gold_loss":0}],"is_beta":false,"boss_relics":[{"not_picked":["SacredBark","Astrolabe"],"picked":"AT_MortalBlade"},{"not_picked":["Runic Pyramid","Honey Jar"],"picked":"REME_LowDesire"}],"items_purged_floors":[2,5,5,19,29,38,45],"is_endless":false,"potions_floor_spawned":[6,7,11,16,18,20,23,27,33,35,36,37],"ascension_level":3}}