{"host":"0qlrtuw7bw78ucw4","time":1612101503,"event":{"mods":["BaseMod","Downfall","Minty Spire (QoL Compilation)","StSLib"],"gold_per_floor":[99,115,126,139,289,300,300,21,21,21,53,53,53,88,102,204,204,104,117,131,131,131,161,185,201,217,117,117,2,2,34,54,155,155,155,168,187,237,282,293,319,353,253,253,265,295,313,372,385,385,385,410,9,9,9,9],"floor_reached":57,"language":"ENG","playtime":5999,"items_purged":["downfall:Icky","downfall:Bewildered","downfall:Malfunctioning","bronze:Strike"],"score":1441,"play_id":"feeacb3b-8d1b-4424-8408-57faff3c7b81","local_time":"20210201005823","is_ascension_mode":true,"campfire_choices":[{"floor":1.0,"key":"RECALL"},{"data":"bronze:CutThrough","floor":10.0,"key":"SMITH"},{"data":"bronze:MaxOutput","floor":12.0,"key":"SMITH"},{"data":"bronze:Invalidate","floor":18.0,"key":"SMITH"},{"data":"bronze:FindAndReplace","floor":27,"key":"SMITH"},{"data":"bronze:Frontload","floor":30,"key":"SMITH"},{"data":"bronze:Hardcode","floor":35,"key":"SMITH"},{"data":"bronze:Repulsor","floor":43,"key":"SMITH"},{"data":"bronze:Goto","floor":54,"key":"SMITH"}],"circlet_count":0,"master_deck":["bronze:Strike+1","bronze:Strike+1","bronze:Defend","bronze:Defend+1","bronze:Defend+1","bronze:Defend","bronze:Replicate+1","bronze:Goto+1","bronze:CutThrough+1","bronze:MaxOutput+1","bronze:ItsAFeature","bronze:Constructor","bronze:Overheat","bronze:ThunderWave","bronze:Iterate","bronze:FineTuning+1","bronze:FindAndReplace+1","bronze:Frontload+1","bronze:Repulsor+1","bronze:FunctionCard","bronze:Philosophize","bronze:Shell","bronze:Repulsor+1"],"relics":["bronze:PlatinumCore","Meat on the Bone","War Paint","Mercury Hourglass","Thread and Needle","downfall:HeartBlessingRed","hexamod:BolsterEngine","downfall:HeartBlessingBlue","sneckomod:BabySnecko","Pear","Coffee Dripper","Ice Cream","Ginger","Ancient Tea Set","StoneCalendar","downfall:HeartBlessingGreen","Bag of Preparation","Guardian:PocketSentry","Shuriken","ClockworkSouvenir"],"acts_visited":["Exordium","TheCity","TheBeyond","TheEnding"],"potions_floor_usage":[23,26,36,40,50],"damage_taken":[{"damage":0.0,"enemies":"Small Slimes","floor":2.0,"turns":3.0},{"damage":7.0,"enemies":"2 Louse","floor":3.0,"turns":3.0},{"damage":6.0,"enemies":"Jaw Worm","floor":4.0,"turns":4.0},{"damage":2.0,"enemies":"2 Fungi Beasts","floor":6.0,"turns":2.0},{"damage":0.0,"enemies":"downfall:FleeingMerchant","floor":8.0,"turns":4.0},{"damage":4.0,"enemies":"Gremlin Nob","floor":11.0,"turns":3.0},{"damage":5.0,"enemies":"3 Sentries","floor":14.0,"turns":5.0},{"damage":0.0,"enemies":"3 Louse","floor":15.0,"turns":2.0},{"damage":4.0,"enemies":"WA_ARCHETYPE_RETAIN","floor":16.0,"turns":6.0},{"damage":0.0,"enemies":"3 Byrds","floor":19.0,"turns":3.0},{"damage":0.0,"enemies":"Shell Parasite","floor":20.0,"turns":5.0},{"damage":22,"enemies":"Slavers","floor":23,"turns":4},{"damage":0,"enemies":"Cultist and Chosen","floor":25,"turns":5},{"damage":4,"enemies":"Snake Plant","floor":26,"turns":4},{"damage":0,"enemies":"downfall:FleeingMerchant","floor":29,"turns":4},{"damage":0,"enemies":"Gremlin Leader","floor":31,"turns":5},{"damage":4,"enemies":"Sentry and Sphere","floor":32,"turns":3},{"damage":34,"enemies":"SI_MIRROR_ARCHETYPE","floor":33,"turns":10},{"damage":25,"enemies":"Orb Walker","floor":36,"turns":5},{"damage":0,"enemies":"3 Shapes","floor":37,"turns":4},{"damage":0,"enemies":"3 Shapes","floor":38,"turns":5},{"damage":0,"enemies":"2 Orb Walkers","floor":39,"turns":3},{"damage":7,"enemies":"Writhing Mass","floor":40,"turns":6},{"damage":0,"enemies":"Nemesis","floor":42,"turns":7},{"damage":0,"enemies":"Sphere and 2 Shapes","floor":45,"turns":4},{"damage":2,"enemies":"Reptomancer","floor":46,"turns":5},{"damage":1,"enemies":"Maw","floor":47,"turns":5},{"damage":0,"enemies":"downfall:FleeingMerchant","floor":48,"turns":4},{"damage":0,"enemies":"Transient","floor":49,"turns":5},{"damage":14,"enemies":"DF_ARCHETYPE_ORBS","floor":50,"turns":7},{"damage":65,"enemies":"downfall:CharBossMerchant","floor":52,"turns":9},{"damage":5,"enemies":"downfall:NeowBoss","floor":55,"turns":12},{"damage":0,"enemies":"downfall:NeowBossFinal","floor":56,"turns":8}],"seed_played":"4820810905439729623","potions_obtained":[{"floor":3.0,"key":"hexamod:SoulburnPotion"},{"floor":11.0,"key":"ColorlessPotion"},{"floor":14.0,"key":"DistilledChaos"},{"floor":16.0,"key":"BlessingOfTheForge"},{"floor":20.0,"key":"Guardian:BlockOnCardUsePotion"},{"floor":23,"key":"AttackPotion"},{"floor":25,"key":"bronze:CleanCodePotion"},{"floor":31,"key":"Ancient Potion"},{"floor":38,"key":"SpeedPotion"},{"floor":39,"key":"Swift Potion"},{"floor":45,"key":"ColorlessPotion"}],"is_trial":false,"path_per_floor":["R","M","M","M","?","M","T","$","?","R","E","R","?","E","M","B",null,"R","M","M","?","?","E","T","M","M","R","?","$","R","E","M","B",null,"R","M","M","?","?","M","T","E","R","?","M","E","M","$","M","B",null,"E","$","R","B","B",null],"character_chosen":"THE_AUTOMATON","items_purchased":["War Paint","bronze:Constructor","Guardian:PocketSentry","FairyPotion","ClockworkSouvenir"],"campfire_rested":0,"item_purchase_floors":[8,8,48,53,53],"current_hp_per_floor":[70,70,63,57,57,55,55,55,55,55,51,51,51,46,46,42,70,70,70,70,70,57,47,47,47,43,53,53,53,53,63,59,37,95,95,70,70,70,70,63,63,63,63,63,63,61,60,60,60,58,95,42,42,42,49,49],"gold":9,"neow_bonus":"UPGRADE_CARD","is_daily":false,"chose_seed":false,"campfire_upgraded":8,"win_rate":0.0,"timestamp":1612101503,"path_taken":["R","M","M","M","?","M","T","$","?","R","E","R","?","E","M","BOSS","R","M","M","?","?","E","T","M","M","R","?","$","R","E","M","BOSS","R","M","M","?","?","M","T","E","R","?","M","E","?","$","M","BOSS","E","$","R","BOSS","BOSS"],"items_purchased_type":["Relic","Card","Relic","Potion","Relic"],"build_version":"2020-12-22","purchased_purges":4,"victory":true,"max_hp_per_floor":[70,70,70,70,70,70,70,70,70,70,70,70,70,70,70,70,70,70,70,70,70,75,75,75,75,75,85,85,85,85,95,95,95,95,95,95,95,95,95,95,95,95,95,95,95,95,95,95,95,95,95,95,95,95,95,95],"card_choices":[{"not_picked":["bronze:Invalidate","bronze:DelayedSlice"],"picked":"bronze:Deprecate","floor":2.0},{"not_picked":["bronze:BuggyMess","bronze:Safeguard"],"picked":"bronze:WhirlingStrike","floor":3.0},{"not_picked":["bronze:BitShift","bronze:Turbo"],"picked":"bronze:CutThrough","floor":4.0},{"not_picked":["bronze:Branch","bronze:BugBarrage"],"picked":"bronze:MaxOutput","floor":6.0},{"not_picked":["bronze:BuggyMess","bronze:Constructor"],"picked":"bronze:ItsAFeature","floor":8.0},{"not_picked":["bronze:BuggyMess","bronze:Return"],"picked":"bronze:Overheat","floor":11.0},{"not_picked":["bronze:Repair","bronze:WhirlingStrike"],"picked":"bronze:Invalidate","floor":14.0},{"not_picked":["bronze:Invalidate","bronze:BitShift","bronze:Turbo"],"picked":"SKIP","floor":15.0},{"not_picked":["bronze:Format","bronze:Library"],"picked":"bronze:ThunderWave","floor":16.0},{"not_picked":["bronze:Allocate","bronze:Overload+1"],"picked":"bronze:Iterate","floor":19.0},{"not_picked":["bronze:Deprecate+1","bronze:DelayedGuard"],"picked":"bronze:BronzeArmor","floor":20.0},{"not_picked":["bronze:DelayedGuard","bronze:Constructor"],"picked":"bronze:FineTuning+1","floor":23},{"not_picked":["bronze:Shell","bronze:Constructor"],"picked":"bronze:FindAndReplace","floor":25},{"not_picked":["bronze:Return+1","bronze:WhirlingStrike+1"],"picked":"bronze:Frontload","floor":26},{"not_picked":["bronze:WhirlingStrike+1","bronze:OilSpill","bronze:Frontload"],"picked":"SKIP","floor":29},{"not_picked":["bronze:BugBarrage+1","bronze:Separator+1","bronze:Deprecate+1"],"picked":"SKIP","floor":31},{"not_picked":["bronze:DelayedSlice","bronze:ChosenStrike"],"picked":"bronze:Repulsor","floor":32},{"not_picked":["bronze:HyperBeam","bronze:CleanCode"],"picked":"bronze:Hardcode","floor":33},{"not_picked":["bronze:Repair+1","bronze:Fortify","bronze:Refactor"],"picked":"SKIP","floor":36},{"not_picked":["bronze:WhirlingStrike+1","bronze:CutThrough","bronze:WildBeam+1"],"picked":"SKIP","floor":37},{"not_picked":["bronze:Deprecate+1","bronze:WhirlingStrike","bronze:BuggyMess+1"],"picked":"SKIP","floor":40},{"not_picked":["bronze:Fortify+1","bronze:Constructor+1","bronze:AlphaBuild"],"picked":"SKIP","floor":42},{"not_picked":["bronze:Frontload","bronze:Allocate+1"],"picked":"bronze:Philosophize","floor":45},{"not_picked":["bronze:Flail+1","bronze:WhirlingStrike+1","bronze:FineTuning"],"picked":"SKIP","floor":46},{"not_picked":["bronze:Refactor","bronze:ItsAFeature","bronze:BuggyMess+1"],"picked":"SKIP","floor":47},{"not_picked":["bronze:Deprecate+1","bronze:Invalidate"],"picked":"bronze:Shell","floor":48},{"not_picked":["bronze:WildBeam+1","bronze:DelayedSlice+1"],"picked":"bronze:Repulsor+1","floor":49},{"not_picked":["bronze:Optimize","bronze:Terminator","bronze:BronzeArmor"],"picked":"SKIP","floor":52}],"player_experience":916683,"relics_obtained":[{"floor":7.0,"key":"Meat on the Bone"},{"floor":11.0,"key":"Mercury Hourglass"},{"floor":14.0,"key":"Thread and Needle"},{"floor":23,"key":"hexamod:BolsterEngine"},{"floor":31,"key":"Pear"},{"floor":38,"key":"Ice Cream"},{"floor":39,"key":"Ginger"},{"floor":41,"key":"Ancient Tea Set"},{"floor":42,"key":"StoneCalendar"},{"floor":46,"key":"Bag of Preparation"},{"floor":52,"key":"Shuriken"}],"event_choices":[{"damage_healed":0.0,"max_hp_gain":0.0,"max_hp_loss":0.0,"gold_gain":0.0,"event_name":"Ghosts","player_choice":"Ignored","floor":21.0,"gold_loss":0.0,"damage_taken":0.0},{"damage_healed":0,"gold_gain":0,"player_choice":"Fight","damage_taken":0,"max_hp_gain":0,"max_hp_loss":0,"event_name":"Mysterious Sphere","floor":39,"gold_loss":0},{"cards_removed":["bronze:WhirlingStrike"],"damage_healed":0,"gold_gain":0,"player_choice":"Removed Attack","damage_taken":0,"max_hp_gain":0,"max_hp_loss":0,"event_name":"Falling","floor":44,"gold_loss":0}],"is_beta":false,"boss_relics":[{"not_picked":["Snecko Eye","Black Star"],"picked":"bronze:PlatinumCore"},{"not_picked":["Runic Dome","Velvet Choker"],"picked":"Coffee Dripper"}],"items_purged_floors":[8,29,48,53],"is_endless":false,"potions_floor_spawned":[3,11,14,16,20,23,25,31,32,33,38,39,45,49],"ascension_level":2}}