{"host":"g1qzxxy7a24sg3a3","time":1612101806,"event":{"mods":["ATMod(阿瑾Mod)","Act Like it!","Arknights","BaseMod","Custom Start","Gensokyo","GungeonMod","Hallownest","Lobotomy","LobotomyExtend","Minty Spire (QoL Compilation)","MostiFishMod","Pale of the Ancients","Replay The Spire","SOS（斯巴达之子）","Shop Mod","Spicy Shops","StSLib","TestMod","The Administrix","The Bug Knight","Waifu the Spire","WarShipGirlsR/战舰少女R mod","【遗物卡牌】REMEMod","残留之物"],"gold_per_floor":[115,115,115,115,115,149,163,163,163,198,198,198,212,212,212,316,316,332,332,348,367,385,385,416,416,442,442,31,131,157,169,169,272,272,284,106,106,126,138,138,138,138,165,165,56,74,133,143,143,143],"floor_reached":51,"language":"ZHS","playtime":2794,"items_purged":[],"score":1041,"play_id":"79a76fcf-625f-4922-870b-30f8e5ba5daa","local_time":"20210131220326","is_ascension_mode":false,"campfire_choices":[{"floor":12,"key":"REST"},{"floor":15,"key":"DIG"},{"data":"PlaceholderMod:ThreeBenzyolStart","floor":23,"key":"SMITH"},{"data":"PlaceholderMod:FinalSpray","floor":25,"key":"SMITH"},{"floor":27,"key":"RECALL"},{"data":"Gensokyo:LittleGreenMen","floor":32,"key":"SMITH"},{"data":"PlaceholderMod:Inner","floor":40,"key":"SMITH"},{"data":"Gensokyo:TekeTeke","floor":42,"key":"SMITH"},{"floor":49,"key":"DIG"}],"circlet_count":0,"master_deck":["PlaceholderMod:Inner+1","PlaceholderMod:HealingAttack","Gensokyo:PrivateSquare","Pride","PlaceholderMod:PoisonBlast","PlaceholderMod:MultipleOxi","PlaceholderMod:PoisonAbsorb","PlaceholderMod:HardStinger+1","PlaceholderMod:ProliferateStrike+1","PlaceholderMod:SprayAttack"],"relics":["PlaceholderMod:Tancle","AT_ATBox","DaveBox","testmod-TestBox","REME_ComplimentaryCards","ExusiaiGun","testmod-CrystalShield","SynthV:TestCard","Gensokyo:CelestialsFlawlessClothing","Gensokyo:LunaticRedEyes","Replay:Rubber Ducky","Gensokyo:YoukaiFlower","DemoMod:PartiallyEatenCheese","AT_LudenTempest","DemoMod:Orange","xbg","LetterFromLob","AT_RedTearstoneRing","Replay:Multitool","Prayer Wheel","ReplayFunnel","AT_TrinityForce","HollowMod:PaleOreRelic","DemoMod:ClearGuonStone","AT_ForceNature"],"acts_visited":["Gensokyo:Gensokyo","Gensokyo:Gensokyoer","Gensokyo:Gensokyoest"],"potions_floor_usage":[30,51],"damage_taken":[{"damage":1,"enemies":"Gensokyo:Gryphon","floor":1,"turns":3},{"damage":2,"enemies":"Gensokyo:Cirno","floor":6,"turns":5},{"damage":0,"enemies":"Gensokyo:2_Kodama","floor":7,"turns":1},{"damage":6,"enemies":"Gensokyo:Mamizou","floor":10,"turns":3},{"damage":5,"enemies":"Gensokyo:3_Fairies","floor":13,"turns":4},{"damage":7,"enemies":"Gensokyo:Yukari","floor":16,"turns":3},{"damage":6,"enemies":"Gensokyo:Chomper","floor":18,"turns":2},{"damage":13,"enemies":"Gensokyo:AngelMirror","floor":20,"turns":1},{"damage":12,"enemies":"Gensokyo:Swordslinger","floor":21,"turns":1},{"damage":0,"enemies":"Gensokyo:Monolith_and_Dog","floor":22,"turns":1},{"damage":0,"enemies":"Gensokyo:Reisen","floor":24,"turns":2},{"damage":0,"enemies":"Gensokyo:Reisen","floor":29,"turns":2},{"damage":0,"enemies":"Gensokyo:Tenshi","floor":30,"turns":1},{"damage":14,"enemies":"Gensokyo:Wraith","floor":31,"turns":4},{"damage":54,"enemies":"Gensokyo:Eternal_Rivals","floor":33,"turns":7},{"damage":0,"enemies":"Gensokyo:3_Bats","floor":35,"turns":2},{"damage":21,"enemies":"Gensokyo:AncientGuardian","floor":38,"turns":3},{"damage":4,"enemies":"Gensokyo:Sharpion","floor":39,"turns":2},{"damage":0,"enemies":"Gensokyo:3_Boulders","floor":46,"turns":5},{"damage":0,"enemies":"Gensokyo:4_Bats","floor":48,"turns":4},{"damage":6,"enemies":"Gensokyo:Shinki","floor":50,"turns":7},{"damage":10,"enemies":"Malkuth","floor":51,"turns":5},{"damage":24,"enemies":"Hod","floor":51,"turns":5},{"damage":250,"enemies":"Geburah","floor":51,"turns":16},{"damage":96,"enemies":"Binah","floor":51,"turns":13},{"damage":97,"enemies":"Angela","floor":51,"turns":8}],"seed_played":"6161809880919732210","potions_obtained":[{"floor":10,"key":"testmod-SpacePotion"},{"floor":29,"key":"DemoMod:LeadSkinPotion"},{"floor":47,"key":"Weak Potion"}],"is_trial":false,"path_per_floor":["M","?","?","?","COS","E","M","?","T","E","?","R","M","?","R","B",null,"M","?","M","M","M","R","E","R","T","R","COS","?","E","M","R","B",null,"M","$","?","M","M","R","M","R","T","?","$","M","R","M","R","B",null],"character_chosen":"THE_PLACEHOLDER","items_purchased":["Poisoned Strike","PlaceholderMod:PoisonBlast"],"campfire_rested":1,"item_purchase_floors":[36,45],"current_hp_per_floor":[77,66,47,47,47,45,45,45,45,39,39,62,57,57,69,62,90,84,75,62,50,50,50,50,50,50,50,50,50,50,75,75,47,90,90,90,90,69,65,65,65,65,65,90,90,90,54,90,90,84],"gold":143,"neow_bonus":"","is_daily":false,"chose_seed":false,"campfire_upgraded":5,"win_rate":0.0,"timestamp":1612101806,"path_taken":["M","?","?","?","COS","E","M","?","T","E","?","R","?","?","R","BOSS","M","?","M","M","?","R","E","R","T","R","COS","?","E","?","R","BOSS","M","$","?","M","M","R","?","R","T","?","$","M","R","M","R","BOSS"],"items_purchased_type":["Card","Card"],"build_version":"2020-12-22","purchased_purges":0,"victory":true,"max_hp_per_floor":[78,78,78,78,78,78,78,78,78,78,78,78,78,78,90,90,90,90,90,90,90,90,90,90,90,90,90,90,90,90,90,90,90,90,90,90,90,90,90,90,90,90,90,90,90,90,90,90,90,90],"card_choices":[{"not_picked":["PlaceholderMod:HardStrike","PlaceholderMod:PoisonExcitation"],"picked":"PlaceholderMod:SeverePoisonStrike","floor":1},{"not_picked":["PlaceholderMod:NearChange","PlaceholderMod:HardStrike","PlaceholderMod:HealingAttack","PlaceholderMod:UnpureUse","PlaceholderMod:HardStinger"],"picked":"SKIP","floor":6},{"not_picked":["PlaceholderMod:ProliferateStrike","PlaceholderMod:AttackAsDefend","PlaceholderMod:ParasiteChange","PlaceholderMod:HardStinger","PlaceholderMod:DiffusionChemical"],"picked":"SKIP","floor":7},{"not_picked":["PlaceholderMod:UnpureUse","PlaceholderMod:Stratification","PlaceholderMod:Hyperplasia","PlaceholderMod:DissolvingSpikes","PlaceholderMod:ComplexForm"],"picked":"SKIP","floor":10},{"not_picked":["PlaceholderMod:Internalization","PlaceholderMod:StrongAcid","PlaceholderMod:DirectingGroup","PlaceholderMod:DiffusionChemical"],"picked":"PlaceholderMod:SpinBlade","floor":13},{"not_picked":["PlaceholderMod:GrowthForm","PlaceholderMod:MultiReaction","PlaceholderMod:PericyclicReaction","PlaceholderMod:Activation"],"picked":"PlaceholderMod:Inner","floor":16},{"not_picked":["PlaceholderMod:DiffusionChemical","PlaceholderMod:TriggerStrike","PlaceholderMod:DissolvingSpikes","PlaceholderMod:Sweep"],"picked":"PlaceholderMod:StressReaction","floor":18},{"not_picked":["PlaceholderMod:ProliferateStrike+1","PlaceholderMod:HardStrike","PlaceholderMod:Hyperplasia","PlaceholderMod:ConsolidateHit+1"],"picked":"PlaceholderMod:ThreeBenzyolStart","floor":20},{"not_picked":["PlaceholderMod:StrongAcid","PlaceholderMod:SprayAttack","PlaceholderMod:DissolvingSpikes","PlaceholderMod:AttackAsDefend"],"picked":"PlaceholderMod:HighConcentration","floor":21},{"not_picked":["PlaceholderMod:DirectingGroup","PlaceholderMod:EnergyAbsorb","PlaceholderMod:Hyperplasia+1","PlaceholderMod:Polyp"],"picked":"PlaceholderMod:HealingAttack","floor":22},{"not_picked":["PlaceholderMod:HardStinger","PlaceholderMod:AngryAttack","PlaceholderMod:NearChange","PlaceholderMod:Stratification"],"picked":"PlaceholderMod:FinalSpray","floor":24},{"not_picked":["PlaceholderMod:ContinueSpray","PlaceholderMod:DissolvingSpikes","PlaceholderMod:SelectReaction","PlaceholderMod:Stable"],"picked":"PlaceholderMod:ComplexForm+1","floor":29},{"not_picked":["PlaceholderMod:OHStrongAttack+1","PlaceholderMod:EnergyAbsorb","PlaceholderMod:SprayAttack","PlaceholderMod:ParasiteChange"],"picked":"PlaceholderMod:AbsorbTouch","floor":30},{"not_picked":["PlaceholderMod:ConsolidateHit","PlaceholderMod:HardStrike","PlaceholderMod:HornyCollision","PlaceholderMod:ProliferateStrike"],"picked":"PlaceholderMod:PoisonExcitation+1","floor":31},{"not_picked":["PlaceholderMod:SubstitutionNucleophilic1+1","PlaceholderMod:Sweep+1","PlaceholderMod:TriggerStrike","PlaceholderMod:Turn","PlaceholderMod:ContinueSpray"],"picked":"SKIP","floor":31},{"not_picked":["PlaceholderMod:Internalization","PlaceholderMod:RadicalHit","PlaceholderMod:Hard+1","PlaceholderMod:StrongAcid","PlaceholderMod:SubstitutionNucleophilic1"],"picked":"SKIP","floor":35},{"not_picked":["PlaceholderMod:Polyp","PlaceholderMod:HardStrike","PlaceholderMod:Internalization+1","PlaceholderMod:PoisonExcitation+1","PlaceholderMod:SpinBlade"],"picked":"SKIP","floor":35},{"not_picked":["PlaceholderMod:SpinBlade+1","PlaceholderMod:CrystallizationStrike","PlaceholderMod:SprayAttack","PlaceholderMod:Inner"],"picked":"PlaceholderMod:MultipleOxi+1","floor":38},{"not_picked":["PlaceholderMod:UnpureUse","PlaceholderMod:Sweep+1","PlaceholderMod:SelectReaction","PlaceholderMod:SpinBlade"],"picked":"PlaceholderMod:Turn","floor":38},{"not_picked":["PlaceholderMod:SprayAttack+1","PlaceholderMod:Sweep","PlaceholderMod:SevereHeat","PlaceholderMod:Corrosion","PlaceholderMod:DirectingGroup"],"picked":"SKIP","floor":39},{"not_picked":["PlaceholderMod:AngryAttack+1","PlaceholderMod:DissolvingSpikes","PlaceholderMod:AttackAsDefend","PlaceholderMod:InnerStable+1","PlaceholderMod:TriggerStrike+1"],"picked":"SKIP","floor":39},{"not_picked":["PlaceholderMod:FastReaction+1","PlaceholderMod:Hard+1","PlaceholderMod:PoisonAbsorb","PlaceholderMod:DissolvingSpikes+1"],"picked":"PlaceholderMod:MultipleOxi","floor":46},{"not_picked":["PlaceholderMod:NutritionAbsorb","PlaceholderMod:PoisonBlast","PlaceholderMod:StressReaction+1","PlaceholderMod:DirectingGroup"],"picked":"PlaceholderMod:PoisonAbsorb","floor":46},{"not_picked":["PlaceholderMod:ParasiteChange+1","PlaceholderMod:DirectingGroup","PlaceholderMod:SpinBlade","PlaceholderMod:Sweep"],"picked":"PlaceholderMod:HardStinger+1","floor":47},{"not_picked":["PlaceholderMod:ConsolidateHit","PlaceholderMod:Internalization+1","PlaceholderMod:SelectReaction+1","PlaceholderMod:UnpureUse+1"],"picked":"PlaceholderMod:ProliferateStrike+1","floor":48},{"not_picked":["PlaceholderMod:Corrosion+1","PlaceholderMod:Hard+1","PlaceholderMod:EvolutionSpray","PlaceholderMod:ParasiteChange"],"picked":"PlaceholderMod:SprayAttack","floor":48}],"player_experience":62789,"relics_obtained":[{"floor":1,"key":"SynthV:TestCard"},{"floor":6,"key":"Replay:Rubber Ducky"},{"floor":9,"key":"DemoMod:PartiallyEatenCheese"},{"floor":10,"key":"AT_LudenTempest"},{"floor":15,"key":"DemoMod:Orange"},{"floor":20,"key":"LetterFromLob"},{"floor":24,"key":"AT_RedTearstoneRing"},{"floor":29,"key":"Replay:Multitool"},{"floor":29,"key":"Prayer Wheel"},{"floor":30,"key":"ReplayFunnel"},{"floor":43,"key":"HollowMod:PaleOreRelic"},{"floor":47,"key":"DemoMod:ClearGuonStone"},{"floor":49,"key":"AT_ForceNature"}],"event_choices":[{"damage_healed":0,"gold_gain":0,"player_choice":"Ignored","damage_taken":9,"max_hp_gain":0,"max_hp_loss":0,"event_name":"恩洛斯的盘子","floor":19,"gold_loss":0}],"is_beta":false,"boss_relics":[{"not_picked":["testmod-KeyOfTheVoid","Empty Cage"],"picked":"xbg"},{"not_picked":["testmod-EnergyCheck","Fusion Hammer"],"picked":"AT_TrinityForce"}],"items_purged_floors":[],"is_endless":false,"potions_floor_spawned":[6,10,13,16,22,24,29,31,46,48],"ascension_level":0}}