{"host":"gmrw3hv4wligmwgo","time":1612109970,"event":{"mods":["2.2 Compatiblity","BaseMod","Colored Map","Highlight Path","Minty Spire (QoL Compilation)","Relic Stats","StSLib","Synergy Search","Td1madao Mod","The Animator"],"gold_per_floor":[112,62,62,78,253,253,178,196,220,220,120,139,139,167,167,267,267,278,153,153,3,183,215,215,235,235,245,245,70,81,96,96,197,197,215,15,29,29,29,56,56,56,56,84,96,112,112,112,112,112],"floor_reached":51,"language":"ENG","playtime":8437,"items_purged":["Doubt","Defend_R","Juggernaut+1","Bludgeon+1","Defend_R","Bash+1"],"score":971,"play_id":"c71d4da7-8839-4b00-874c-7abbd233897d","local_time":"20210131171930","is_ascension_mode":false,"campfire_choices":[{"data":"Shrug It Off","floor":6.0,"key":"SMITH"},{"data":"Bash","floor":10.0,"key":"SMITH"},{"data":"Defend_R","floor":15.0,"key":"SMITH"},{"floor":24.0,"key":"REST"},{"data":"Dual Wield","floor":32.0,"key":"SMITH"},{"floor":41.0,"key":"REST"},{"floor":49,"key":"REST"}],"circlet_count":0,"master_deck":["Dropkick+1","Shrug It Off+1","Thunderclap+1"],"relics":["Astrolabe","Tiny Chest","Bag of Marbles","Cursed Key","Darkstone Periapt","Runic Pyramid","CeramicFish","Bottled Flame"],"acts_visited":["Exordium","TheCity","TheBeyond"],"potions_floor_usage":[50,50],"damage_taken":[{"damage":0.0,"enemies":"Jaw Worm","floor":1.0,"turns":1.0},{"damage":6.0,"enemies":"2 Louse","floor":4.0,"turns":3.0},{"damage":6.0,"enemies":"Small Slimes","floor":8.0,"turns":3.0},{"damage":2.0,"enemies":"Red Slaver","floor":12.0,"turns":3.0},{"damage":11.0,"enemies":"Gremlin Nob","floor":14.0,"turns":3.0},{"damage":12.0,"enemies":"Hexaghost","floor":16.0,"turns":6.0},{"damage":29.0,"enemies":"3 Byrds","floor":18.0,"turns":4.0},{"damage":0.0,"enemies":"Slavers","floor":23.0,"turns":7.0},{"damage":0.0,"enemies":"Shell Parasite","floor":25.0,"turns":2.0},{"damage":0.0,"enemies":"Shelled Parasite and Fungi","floor":27.0,"turns":3.0},{"damage":0.0,"enemies":"Snake Plant","floor":30.0,"turns":1.0},{"damage":0.0,"enemies":"Centurion and Healer","floor":31.0,"turns":3.0},{"damage":0.0,"enemies":"Champ","floor":33.0,"turns":1.0},{"damage":0.0,"enemies":"Orb Walker","floor":35.0,"turns":1.0},{"damage":0.0,"enemies":"3 Shapes","floor":37.0,"turns":1.0},{"damage":0.0,"enemies":"Giant Head","floor":40.0,"turns":1.0},{"damage":0.0,"enemies":"Reptomancer","floor":44.0,"turns":1.0},{"damage":0.0,"enemies":"Sphere and 2 Shapes","floor":45.0,"turns":3.0},{"damage":0.0,"enemies":"3 Darklings","floor":46.0,"turns":1.0},{"damage":1,"enemies":"Awakened One","floor":50,"turns":21}],"seed_played":"3968588392687737046","potions_obtained":[{"floor":4.0,"key":"DistilledChaos"},{"floor":8.0,"key":"SkillPotion"},{"floor":27.0,"key":"Dexterity Potion"},{"floor":31.0,"key":"ColorlessPotion"},{"floor":45.0,"key":"Block Potion"},{"floor":46.0,"key":"Weak Potion"}],"is_trial":false,"path_per_floor":["M","?","?","M","?","R","$","M","T","R","$","M","?","E","R","B",null,"M","$","?","$","?","E","R","M","T","M","T","$","M","M","R","B",null,"M","$","M","?","$","E","R","$","T","E","M","M","$","?","R","B",null],"character_chosen":"IRONCLAD","items_purchased":[],"campfire_rested":3,"item_purchase_floors":[],"current_hp_per_floor":[80,80,73,67,67,67,67,61,61,61,61,59,59,48,48,36,80,51,51,51,51,32,32,56,56,56,56,56,56,56,56,56,56,80,80,80,80,80,80,80,80,80,80,80,80,80,80,80,80,79],"gold":112,"neow_bonus":"BOSS_RELIC","is_daily":false,"chose_seed":false,"campfire_upgraded":4,"win_rate":0.0,"timestamp":1612109970,"path_taken":["M","?","?","M","?","R","$","M","T","R","$","M","?","E","R","BOSS","M","$","?","$","?","E","R","M","T","M","?","$","M","M","R","BOSS","M","$","M","?","$","E","R","?","T","E","M","M","$","?","R","BOSS"],"items_purchased_type":[],"build_version":"2020-12-22","purchased_purges":6,"victory":true,"max_hp_per_floor":[80,80,80,80,80,80,80,80,80,80,80,80,80,80,80,80,80,80,80,80,80,80,80,80,80,80,80,80,80,80,80,80,80,80,80,80,80,80,80,80,80,80,80,80,80,80,80,80,80,80],"relic_stats":{"Darkstone Periapt":0,"counters":[20,69],"Astrolabe":["Bludgeon","Juggernaut","Dropkick"],"CeramicFish":0,"Tiny Chest":1,"Cursed Key":0,"obtain_stats":[{"Darkstone Periapt":23,"Bottled Flame":44,"Astrolabe":0,"CeramicFish":40,"Tiny Chest":9,"Bag of Marbles":14,"Cursed Key":17,"Burning Blood":0,"Runic Pyramid":34},{"Darkstone Periapt":8,"Bottled Flame":17,"Astrolabe":0,"CeramicFish":16,"Tiny Chest":3,"Bag of Marbles":5,"Cursed Key":6,"Burning Blood":0,"Runic Pyramid":13},{"Darkstone Periapt":30,"Bottled Flame":44,"Astrolabe":0,"CeramicFish":43,"Tiny Chest":7,"Bag of Marbles":13,"Cursed Key":19,"Burning Blood":0,"Runic Pyramid":40}]},"card_choices":[{"not_picked":["Anger","Clash"],"picked":"Shrug It Off","floor":1.0},{"not_picked":["Hemokinesis","Heavy Blade","Flame Barrier"],"picked":"SKIP","floor":4.0},{"not_picked":["Flex","Heavy Blade","Disarm"],"picked":"SKIP","floor":8.0},{"not_picked":["Body Slam","Havoc","Fire Breathing"],"picked":"SKIP","floor":12.0},{"not_picked":["Feel No Pain","Impervious","Metallicize"],"picked":"SKIP","floor":14.0},{"not_picked":["Sword Boomerang","Bloodletting","Rage"],"picked":"SKIP","floor":18.0},{"not_picked":["Twin Strike","Body Slam"],"picked":"Dual Wield","floor":23.0},{"not_picked":["Heavy Blade","Twin Strike","Dual Wield"],"picked":"SKIP","floor":25.0},{"not_picked":["Inflame","Wild Strike+1","Clothesline"],"picked":"SKIP","floor":27.0},{"not_picked":["Hemokinesis","Wild Strike+1","Second Wind+1"],"picked":"SKIP","floor":30.0},{"not_picked":["Body Slam","Battle Trance"],"picked":"Thunderclap+1","floor":31.0},{"not_picked":["Fire Breathing","Feel No Pain+1","Iron Wave"],"picked":"SKIP","floor":35.0},{"not_picked":["Wild Strike+1","Armaments+1","Shrug It Off"],"picked":"SKIP","floor":37.0},{"not_picked":["Wild Strike+1","Armaments+1","Shrug It Off"],"picked":"SKIP","floor":37.0},{"not_picked":["Shrug It Off","Anger","Headbutt+1"],"picked":"SKIP","floor":40.0},{"not_picked":["True Grit","Bludgeon","Sword Boomerang"],"picked":"SKIP","floor":44.0},{"not_picked":["Havoc+1","Sword Boomerang","Iron Wave+1"],"picked":"SKIP","floor":45.0},{"not_picked":["True Grit","Burning Pact+1","Infernal Blade+1"],"picked":"SKIP","floor":46.0}],"player_experience":689900,"relics_obtained":[{"floor":9.0,"key":"Tiny Chest"},{"floor":14.0,"key":"Bag of Marbles"},{"floor":23.0,"key":"Darkstone Periapt"},{"floor":40.0,"key":"CeramicFish"},{"floor":44.0,"key":"Bottled Flame"}],"event_choices":[{"cards_removed":["Strike_R"],"damage_healed":0.0,"max_hp_gain":0.0,"max_hp_loss":0.0,"gold_gain":0.0,"event_name":"The Cleric","player_choice":"Card Removal","floor":2.0,"gold_loss":50.0,"damage_taken":0.0},{"cards_removed":["Strike_R"],"damage_healed":0.0,"max_hp_gain":0.0,"max_hp_loss":0.0,"gold_gain":0.0,"event_name":"Golden Wing","player_choice":"Card Removal","floor":3.0,"gold_loss":0.0,"damage_taken":7.0},{"damage_healed":0.0,"max_hp_gain":0.0,"max_hp_loss":0.0,"gold_gain":175.0,"event_name":"Liars Game","player_choice":"AGREE","floor":5.0,"gold_loss":0.0,"damage_taken":0.0,"cards_obtained":["Doubt"]},{"cards_removed":["Defend_R"],"damage_healed":0.0,"max_hp_gain":0.0,"max_hp_loss":0.0,"gold_gain":0.0,"event_name":"Purifier","player_choice":"Purged","floor":13.0,"gold_loss":0.0,"damage_taken":0.0},{"damage_healed":0.0,"max_hp_gain":0.0,"max_hp_loss":0.0,"gold_gain":0.0,"event_name":"Cursed Tome","player_choice":"Ignored","floor":20.0,"gold_loss":0.0,"damage_taken":0.0},{"damage_healed":0.0,"max_hp_gain":0.0,"max_hp_loss":0.0,"gold_gain":180.0,"event_name":"Knowing Skull","player_choice":"GOLD GOLD ","floor":22.0,"potions_obtained":[],"gold_loss":0.0,"damage_taken":19.0,"cards_obtained":[]},{"cards_removed":["Defend_R"],"damage_healed":0.0,"max_hp_gain":0.0,"max_hp_loss":0.0,"gold_gain":0.0,"event_name":"Purifier","player_choice":"Purged","floor":38.0,"gold_loss":0.0,"damage_taken":0.0},{"cards_removed":["Dual Wield"],"damage_healed":0,"gold_gain":0,"player_choice":"Removed Skill","damage_taken":0,"max_hp_gain":0,"max_hp_loss":0,"event_name":"Falling","floor":48,"gold_loss":0}],"is_beta":false,"boss_relics":[{"not_picked":["Sozu","Coffee Dripper"],"picked":"Cursed Key"},{"not_picked":["SacredBark","Fusion Hammer"],"picked":"Runic Pyramid"}],"items_purged_floors":[7,11,19,21,29,36],"is_endless":false,"potions_floor_spawned":[4,8,27,31,45,46],"ascension_level":0}}