{"host":"x5w9zppki4gdwvc7","time":1612103839,"event":{"mods":["AchievementEnabler","BaseMod","Colored Powertips","DeckTracker","Minty Spire (QoL Compilation)","Relic Sorter","SuperFastMode"],"gold_per_floor":[210,223,242,20,20,20,39,39,39,66,86,100,100,114,114,218,218,230,34,34,46,58,58,92,92,92,92,92],"floor_reached":27,"language":"ENG","playtime":3661,"items_purged":["Strike_R","Strike_R"],"score":259,"play_id":"17334fbb-304d-4454-8b49-3a38aae7b5ef","local_time":"20210131153719","is_ascension_mode":true,"campfire_choices":[{"data":"Whirlwind","floor":6,"key":"SMITH"},{"data":"Iron Wave","floor":8,"key":"SMITH"},{"data":"Warcry","floor":13,"key":"SMITH"},{"data":"Ghostly Armor","floor":15,"key":"SMITH"},{"data":"Madness","floor":23,"key":"SMITH"},{"floor":25,"key":"REST"}],"circlet_count":0,"master_deck":["Strike_R","Strike_R","Strike_R","Defend_R","Defend_R","Defend_R","Defend_R","Bash","Ghostly Armor+1","Whirlwind+1","Iron Wave+1","Flex","Warcry+1","Iron Wave+1","Juggernaut","Anger+1","Madness+1","True Grit","Warcry+1","Warcry"],"relics":["Burning Blood","Oddly Smooth Stone","Molten Egg 2","Unceasing Top","Runic Pyramid","Sundial","Thread and Needle"],"acts_visited":["Exordium","TheCity"],"potions_floor_usage":[16,16,24,24,24,24],"damage_taken":[{"damage":3,"enemies":"2 Louse","floor":1,"turns":4},{"damage":1,"enemies":"Cultist","floor":2,"turns":4},{"damage":5,"enemies":"Small Slimes","floor":3,"turns":3},{"damage":0,"enemies":"3 Louse","floor":7,"turns":1},{"damage":10,"enemies":"3 Sentries","floor":10,"turns":6},{"damage":7,"enemies":"2 Fungi Beasts","floor":11,"turns":3},{"damage":0,"enemies":"Lots of Slimes","floor":12,"turns":1},{"damage":0,"enemies":"Exordium Wildlife","floor":14,"turns":3},{"damage":20,"enemies":"Slime Boss","floor":16,"turns":7},{"damage":29,"enemies":"Spheric Guardian","floor":18,"turns":6},{"damage":12,"enemies":"Chosen","floor":21,"turns":4},{"damage":20,"enemies":"Centurion and Healer","floor":22,"turns":8},{"damage":30,"enemies":"Gremlin Leader","floor":24,"turns":8},{"damage":60,"enemies":"Slavers","floor":27,"turns":6}],"seed_played":"4023066691698909805","potions_obtained":[{"floor":1,"key":"EntropicBrew"},{"floor":3,"key":"SkillPotion"},{"floor":5,"key":"Strength Potion"},{"floor":21,"key":"SkillPotion"},{"floor":22,"key":"SpeedPotion"}],"is_trial":false,"path_per_floor":["M","M","M","$","?","R","M","R","T","E","M","M","R","M","R","B",null,"M","$","?","M","M","R","E","R","T","E"],"character_chosen":"IRONCLAD","items_purchased":["Oddly Smooth Stone","Madness"],"campfire_rested":1,"item_purchase_floors":[4,19],"current_hp_per_floor":[80,80,80,80,80,80,80,80,80,76,75,80,80,80,80,66,80,57,57,57,51,37,37,28,52,52,0,0],"gold":92,"neow_bonus":"HUNDRED_GOLD","is_daily":false,"chose_seed":false,"campfire_upgraded":5,"win_rate":0.0,"timestamp":1612103839,"path_taken":["M","M","M","$","?","R","?","R","T","E","M","M","R","M","R","BOSS","M","$","?","M","M","R","E","R","T","E"],"items_purchased_type":["Relic","Card"],"build_version":"2020-12-22","purchased_purges":2,"victory":false,"max_hp_per_floor":[80,80,80,80,80,80,80,80,80,80,80,80,80,80,80,80,80,80,80,80,80,80,80,80,80,80,80,80],"card_choices":[{"not_picked":["Havoc","Reckless Charge"],"picked":"Ghostly Armor","floor":1},{"not_picked":["Wild Strike","Heavy Blade"],"picked":"Whirlwind","floor":2},{"not_picked":["Armaments","Fire Breathing"],"picked":"Iron Wave","floor":3},{"not_picked":["Heavy Blade","Infernal Blade","Clash"],"picked":"SKIP","floor":7},{"not_picked":["Fire Breathing","Perfected Strike+1"],"picked":"Flex","floor":10},{"not_picked":["Cleave+1","Heavy Blade+1"],"picked":"Warcry","floor":11},{"not_picked":["Corruption","Battle Trance","Thunderclap+1"],"picked":"SKIP","floor":12},{"not_picked":["Entrench","Hemokinesis+1"],"picked":"Iron Wave+1","floor":14},{"not_picked":["Exhume","Barricade"],"picked":"Juggernaut","floor":16},{"not_picked":["Heavy Blade+1","Thunderclap+1"],"picked":"Anger+1","floor":18},{"not_picked":["Carnage+1","Uppercut+1"],"picked":"Warcry+1","floor":21},{"not_picked":["Spot Weakness","Perfected Strike+1"],"picked":"Warcry","floor":22},{"not_picked":["Clothesline+1","Pummel+1","Iron Wave+1"],"picked":"SKIP","floor":24}],"player_experience":317612,"relics_obtained":[{"floor":9,"key":"Molten Egg 2"},{"floor":10,"key":"Unceasing Top"},{"floor":24,"key":"Sundial"},{"floor":26,"key":"Thread and Needle"}],"event_choices":[{"damage_healed":0,"gold_gain":0,"player_choice":"Got Potions","damage_taken":0,"max_hp_gain":0,"max_hp_loss":0,"event_name":"Lab","floor":5,"gold_loss":0},{"damage_healed":0,"gold_gain":0,"player_choice":"Read","damage_taken":0,"max_hp_gain":0,"max_hp_loss":0,"event_name":"The Library","floor":20,"gold_loss":0,"cards_obtained":["True Grit"]}],"is_beta":false,"boss_relics":[{"not_picked":["Pandora\u0027s Box","Velvet Choker"],"picked":"Runic Pyramid"}],"items_purged_floors":[4,19],"is_endless":false,"potions_floor_spawned":[1,3,11,21,22],"killed_by":"Slavers","ascension_level":2}}