{"host":"ekyl8r8j8fco3zlk","time":1612099228,"event":{"mods":["ATMod(∞¢Ë™Mod)","Act Like it!","Arknights","BaseMod","CapriCore","Decade(Õı–°√˜)","Dota2Spire","Friendly Minions","Gensokyo","Marisa£®ÏF”Í°°ƒß¿Ì…≥£©","Minty Spire (QoL Compilation)","READ ME - Guardian Mod","Rare Cards Sparkle","Reimu£®≤©¿ˆ¡È√Œ£©","StSLib","The Alterego","The Immortal","The Jungle","The Senshi","TheWitcher","Waifu the Spire","WarShipGirlsR/’ΩΩ¢…Ÿ≈ÆR mod","Yakumo Yukari mod","°æ“≈ŒÔø®≈∆°øREMEMod"],"gold_per_floor":[122,150,174,198,223,223,239,239,239,11,11,22,55,127,127,127,127],"floor_reached":16,"language":"ZHS","playtime":420,"items_purged":[],"score":104,"play_id":"dcc15859-3344-4543-b3ce-7256b80b391e","local_time":"20210131212028","is_ascension_mode":false,"campfire_choices":[{"data":"alterego_mod:Venus","floor":6,"key":"SMITH"},{"data":"SnafuTest:PhantomMemory","floor":8,"key":"SMITH"},{"data":"SnafuTest:SignIgni","floor":11,"key":"SMITH"},{"data":"SnafuTest:BombDimeritium","floor":15,"key":"SMITH"}],"circlet_count":0,"master_deck":["SnafuTest:DefaultCommonAttack","SnafuTest:DefaultCommonAttack","SnafuTest:DefaultCommonAttack","SnafuTest:BountyHunt","SnafuTest:DefaultCommonSkill","SnafuTest:DefaultCommonSkill","SnafuTest:DefaultCommonSkill","SnafuTest:SignIgni+1","SnafuTest:PowerFireDamnation","SnafuTest:MercilessReaper","alterego_mod:Venus+1","SnafuTest:PhantomMemory+1","SnafuTest:SignQuen","SnafuTest:PowerEternalFlame","SnafuTest:BombDimeritium+1","SnafuTest:BombMoonDust","SnafuTest:WeddingDance"],"relics":["SnafuTest:UnstableMutagenRelic","AT_ATBox","REME_ComplimentaryCards","NeowsBlessing","Bronze Scales","AT_SpeedBoots","CrazyTorch:ReiMu"],"acts_visited":["Exordium"],"potions_floor_usage":[12,13,16],"damage_taken":[{"damage":0,"enemies":"Cultist","floor":1,"turns":1},{"damage":0,"enemies":"Jaw Worm","floor":2,"turns":1},{"damage":0,"enemies":"Small Slimes","floor":3,"turns":1},{"damage":13,"enemies":"Exordium Wildlife","floor":4,"turns":4},{"damage":28,"enemies":"Exordium Thugs","floor":5,"turns":4},{"damage":1,"enemies":"2 Fungi Beasts","floor":7,"turns":3},{"damage":13,"enemies":"Gremlin Gang","floor":12,"turns":2},{"damage":4,"enemies":"Lagavulin","floor":13,"turns":6},{"damage":35,"enemies":"Slime Boss","floor":16,"turns":3}],"seed_played":"9097605081605000391","potions_obtained":[{"floor":2,"key":"BlessingOfTheForge"},{"floor":3,"key":"Explosive Potion"},{"floor":12,"key":"Dota2Spire:HealingSalve"},{"floor":13,"key":"SpeedPotion"}],"is_trial":false,"path_per_floor":["M","M","M","M","M","R","M","R","T","$","R","M","E","T","R","B"],"character_chosen":"THE_WITCHER","items_purchased":["SnafuTest:PowerEternalFlame","SnafuTest:BombDimeritium","SnafuTest:BombMoonDust"],"campfire_rested":0,"item_purchase_floors":[10,10,10],"current_hp_per_floor":[75,75,75,62,34,34,33,33,33,33,33,20,31,31,31,0,0],"gold":127,"neow_bonus":"THREE_ENEMY_KILL","is_daily":false,"chose_seed":false,"campfire_upgraded":4,"win_rate":0.0,"timestamp":1612099228,"path_taken":["M","?","?","M","M","R","M","R","T","$","R","M","E","?","R","BOSS"],"items_purchased_type":["Card","Card","Card"],"build_version":"2020-12-22","purchased_purges":0,"victory":false,"max_hp_per_floor":[75,75,75,75,75,75,75,75,75,75,75,75,75,75,75,75,75],"card_choices":[{"not_picked":["SnafuTest:Oriole","SnafuTest:PowerAlwaysOnRoads","SnafuTest:SpellSageOmniscience"],"picked":"SKIP","floor":1},{"not_picked":["SnafuTest:WeddingDance","SnafuTest:MCSongOfPeace"],"picked":"SnafuTest:PowerFireDamnation","floor":2},{"not_picked":["SnafuTest:PayAlchemyMaster","SnafuTest:DesperateRemediation"],"picked":"SnafuTest:MercilessReaper","floor":3},{"not_picked":["SnafuTest:SpellButterflyIllusion","SnafuTest:ExcessiveLevies"],"picked":"SnafuTest:PhantomMemory","floor":4},{"not_picked":["SnafuTest:SpellIncendiaryShower","SnafuTest:PayWeaponShop"],"picked":"SnafuTest:SignQuen","floor":5},{"not_picked":["SnafuTest:DesperateRemediation","SnafuTest:SpellDarkMirror","SnafuTest:WorldMap"],"picked":"SKIP","floor":7},{"not_picked":["SnafuTest:FirstAid","SnafuTest:ExcessiveLevies"],"picked":"SnafuTest:WeddingDance","floor":12},{"not_picked":["SnafuTest:ExcessiveLevies","SnafuTest:Awake","SnafuTest:SpellButterflyIllusion"],"picked":"SKIP","floor":13}],"player_experience":584540,"relics_obtained":[{"floor":9,"key":"Bronze Scales"},{"floor":13,"key":"AT_SpeedBoots"},{"floor":14,"key":"CrazyTorch:ReiMu"}],"event_choices":[],"is_beta":false,"boss_relics":[],"items_purged_floors":[],"is_endless":false,"potions_floor_spawned":[2,3,12,13],"killed_by":"Slime Boss","ascension_level":0}}