{"host":"8is2j71l4wmybkoi","time":1612083065,"event":{"mods":["AchievementEnabler","BaseMod","Colored Map","Minty Spire (QoL Compilation)","Rare Cards Sparkle","StSLib","SuperFastMode"],"gold_per_floor":[116,191,191,203,235,247,286,298,335,347,392,404,427,452,464,476,476],"floor_reached":16,"language":"KOR","playtime":478,"items_purged":[],"score":189,"play_id":"ec055d42-3bc2-4ded-a8fc-305a77958600","local_time":"20210131175105","is_ascension_mode":true,"campfire_choices":[{"data":"True Grit","floor":6,"key":"SMITH"},{"data":"Thunderclap","floor":8,"key":"SMITH"},{"floor":10,"key":"REST"},{"data":"Bash","floor":12,"key":"SMITH"},{"data":"Pommel Strike","floor":15,"key":"SMITH"}],"circlet_count":0,"master_deck":["AscendersBane","Strike_R","Strike_R","Strike_R","Strike_R","Strike_R","Defend_R","Defend_R","Defend_R","Defend_R","Bash+1","Dark Shackles","Pommel Strike+1","True Grit+1","Thunderclap+1","Headbutt","Shrug It Off","Bloodletting"],"relics":["Burning Blood","MawBank","TungstenRod","Pen Nib","The Courier"],"acts_visited":["Exordium"],"potions_floor_usage":[7,11],"damage_taken":[{"damage":3,"enemies":"Jaw Worm","floor":1,"turns":3},{"damage":0,"enemies":"Small Slimes","floor":5,"turns":4},{"damage":38,"enemies":"3 Sentries","floor":7,"turns":11},{"damage":7,"enemies":"Gremlin Nob","floor":11,"turns":3},{"damage":0,"enemies":"2 Louse","floor":13,"turns":2},{"damage":2,"enemies":"Looter","floor":14,"turns":3},{"damage":85,"enemies":"The Guardian","floor":16,"turns":11}],"seed_played":"5905800341592538009","potions_obtained":[{"floor":1,"key":"SkillPotion"},{"floor":7,"key":"Strength Potion"}],"is_trial":false,"path_per_floor":["M","?","?","?","M","R","E","R","T","R","E","R","M","M","R","B"],"character_chosen":"IRONCLAD","items_purchased":[],"campfire_rested":1,"item_purchase_floors":[],"current_hp_per_floor":[71,60,42,47,53,53,21,21,21,45,44,44,50,54,54,0,0],"gold":476,"neow_bonus":"RANDOM_COLORLESS","is_daily":false,"chose_seed":false,"campfire_upgraded":4,"win_rate":0.0,"timestamp":1612083065,"path_taken":["M","?","?","?","M","R","E","R","T","R","E","R","M","M","R","BOSS"],"items_purchased_type":[],"build_version":"2020-12-22","purchased_purges":0,"victory":false,"max_hp_per_floor":[75,75,75,80,80,80,80,80,80,80,80,80,80,80,80,80,80],"card_choices":[{"not_picked":["Forethought","Bandage Up"],"picked":"Dark Shackles","floor":0},{"not_picked":["Combust","Warcry"],"picked":"Pommel Strike","floor":1},{"not_picked":["Clash","Cleave"],"picked":"True Grit","floor":5},{"not_picked":["Dual Wield","Cleave"],"picked":"Thunderclap","floor":7},{"not_picked":["Havoc","Hemokinesis"],"picked":"Headbutt","floor":11},{"not_picked":["Seeing Red","Hemokinesis"],"picked":"Shrug It Off","floor":13},{"not_picked":["Warcry","Pommel Strike"],"picked":"Bloodletting","floor":14}],"player_experience":877551,"relics_obtained":[{"floor":7,"key":"TungstenRod"},{"floor":9,"key":"Pen Nib"},{"floor":11,"key":"The Courier"}],"event_choices":[{"damage_healed":0,"gold_gain":75,"player_choice":"Gather Gold","damage_taken":11,"max_hp_gain":0,"max_hp_loss":0,"event_name":"World of Goop","floor":2,"gold_loss":0},{"damage_healed":0,"gold_gain":0,"player_choice":"Success","damage_taken":18,"relics_obtained":["MawBank"],"max_hp_gain":0,"max_hp_loss":0,"event_name":"Scrap Ooze","floor":3,"gold_loss":0},{"damage_healed":0,"gold_gain":0,"player_choice":"Donut","damage_taken":0,"max_hp_gain":5,"max_hp_loss":0,"event_name":"Big Fish","floor":4,"gold_loss":0}],"is_beta":false,"boss_relics":[],"items_purged_floors":[],"is_endless":false,"potions_floor_spawned":[1,7],"killed_by":"The Guardian","ascension_level":15}}