{"host":"sc0o2qwpf9j16a4i","time":1612101745,"event":{"mods":["AchievementEnabler","BaseMod","BetterRewards","Block Reminder","Colored Map","Colored Powertips","Custom Start","Highlight Path","Minty Spire (QoL Compilation)","Relic Stats"],"gold_per_floor":[113,113,123,123,136,168,13,27,27,38,49,74,74,91,91,193,193,210,224,243,72,83,117,117,117,170,187,187,200,219,248,248,344,344,361,371,389,402,415,415,465,465,465,138,138,151,184,218,218,218],"floor_reached":51,"language":"ENG","playtime":2496,"items_purged":[],"score":940,"play_id":"fbc6ecce-20b5-4930-9c98-b9ba1fb28525","local_time":"20210131160225","daily_mods":["SealedDeck","Uncertain Future","DeadlyEvents"],"is_ascension_mode":false,"campfire_choices":[{"data":"Armaments","floor":13,"key":"SMITH"},{"data":"Battle Trance","floor":15,"key":"SMITH"},{"floor":25,"key":"REST"},{"data":"Pommel Strike","floor":28,"key":"SMITH"},{"data":"Disarm","floor":32,"key":"SMITH"},{"data":"True Grit","floor":40,"key":"SMITH"},{"floor":42,"key":"DIG"},{"floor":49,"key":"DIG"}],"circlet_count":0,"master_deck":["Ghostly Armor","Headbutt","Armaments+1","Seeing Red","Pommel Strike+1","Whirlwind+1","Thunderclap","Battle Trance+1","Shockwave","Battle Trance","Juggernaut","Disarm+1","Warcry","Feed+1","Uppercut","True Grit+1","Inflame","Combust","Shrug It Off","Armaments+1","Spot Weakness","Barricade","Warcry+1","Body Slam","Rupture","Reaper","Pommel Strike+1","Shockwave+1","Entrench+1","Seeing Red","Reaper","Dark Embrace","Evolve+1"],"relics":["Burning Blood","Regal Pillow","Lantern","Self Forming Clay","StrikeDummy","Runic Pyramid","Bottled Flame","Art of War","Whetstone","Philosopher\u0027s Stone","Shovel","Bronze Scales","Red Skull","Cauldron","Bottled Tornado","Ancient Tea Set","Gremlin Horn"],"acts_visited":["Exordium","TheCity","TheBeyond"],"potions_floor_usage":[6,16,20,22,23,30,50,50],"damage_taken":[{"damage":0,"enemies":"Small Slimes","floor":1,"turns":2},{"damage":0,"enemies":"2 Louse","floor":3,"turns":2},{"damage":1,"enemies":"Jaw Worm","floor":5,"turns":2},{"damage":17,"enemies":"3 Sentries","floor":6,"turns":5},{"damage":0,"enemies":"Large Slime","floor":8,"turns":4},{"damage":0,"enemies":"Blue Slaver","floor":10,"turns":4},{"damage":0,"enemies":"3 Louse","floor":11,"turns":1},{"damage":3,"enemies":"Gremlin Nob","floor":12,"turns":3},{"damage":0,"enemies":"Lots of Slimes","floor":14,"turns":2},{"damage":0,"enemies":"Slime Boss","floor":16,"turns":4},{"damage":0,"enemies":"3 Byrds","floor":18,"turns":4},{"damage":9,"enemies":"Spheric Guardian","floor":19,"turns":4},{"damage":5,"enemies":"3 Cultists","floor":20,"turns":4},{"damage":7,"enemies":"Snake Plant","floor":22,"turns":5},{"damage":38,"enemies":"Slavers","floor":23,"turns":6},{"damage":1,"enemies":"Snecko","floor":27,"turns":4},{"damage":5,"enemies":"Centurion and Healer","floor":29,"turns":6},{"damage":10,"enemies":"Shelled Parasite and Fungi","floor":30,"turns":7},{"damage":0,"enemies":"Book of Stabbing","floor":31,"turns":8},{"damage":23,"enemies":"Champ","floor":33,"turns":11},{"damage":22,"enemies":"Orb Walker","floor":35,"turns":4},{"damage":8,"enemies":"3 Darklings","floor":36,"turns":4},{"damage":5,"enemies":"Transient","floor":37,"turns":5},{"damage":9,"enemies":"Writhing Mass","floor":38,"turns":8},{"damage":20,"enemies":"Jaw Worm Horde","floor":39,"turns":4},{"damage":3,"enemies":"Mind Bloom Boss Battle","floor":41,"turns":5},{"damage":19,"enemies":"3 Darklings","floor":46,"turns":5},{"damage":0,"enemies":"Giant Head","floor":47,"turns":10},{"damage":37,"enemies":"Reptomancer","floor":48,"turns":7},{"damage":37,"enemies":"Donu and Deca","floor":50,"turns":8}],"seed_played":"-1746297479172219792","potions_obtained":[{"floor":1,"key":"DistilledChaos"},{"floor":6,"key":"ElixirPotion"},{"floor":10,"key":"FairyPotion"},{"floor":14,"key":"DistilledChaos"},{"floor":16,"key":"SkillPotion"},{"floor":22,"key":"Regen Potion"},{"floor":23,"key":"SteroidPotion"},{"floor":30,"key":"Fruit Juice"},{"floor":41,"key":"GamblersBrew"},{"floor":44,"key":"Ancient Potion"},{"floor":44,"key":"Ancient Potion"}],"is_trial":true,"path_per_floor":["M","?","M","?","M","E","$","M","T","M","M","E","R","M","R","B",null,"M","M","M","$","M","E","?","R","T","M","R","M","M","E","R","B",null,"M","M","M","M","M","R","?","R","T","$","?","M","E","E","R","B",null],"character_chosen":"IRONCLAD","items_purchased":["Lantern","Combust","Block Potion","Shrug It Off","Reaper","Dark Embrace","Cauldron"],"campfire_rested":1,"item_purchase_floors":[7,21,21,21,44,44,44],"current_hp_per_floor":[80,80,80,80,80,69,69,75,75,80,80,80,80,80,80,80,80,84,85,90,90,93,79,79,100,100,104,104,104,109,117,117,104,121,125,123,125,126,116,116,123,123,123,123,123,141,145,149,149,153],"gold":218,"neow_bonus":"","is_daily":false,"chose_seed":false,"campfire_upgraded":5,"win_rate":0.0,"timestamp":1612101745,"path_taken":["M","?","M","?","M","E","$","M","T","M","M","?","R","M","R","BOSS","M","M","M","$","M","E","?","R","T","?","R","M","M","?","R","BOSS","M","M","M","M","M","R","?","R","T","$","?","M","E","?","R","BOSS"],"items_purchased_type":["Relic","Card","Potion","Card","Card","Card","Relic"],"build_version":"2020-12-22","purchased_purges":0,"victory":true,"max_hp_per_floor":[80,80,80,80,80,80,80,80,80,80,80,80,80,80,80,80,80,84,88,92,92,96,100,100,100,100,104,104,104,113,117,117,121,121,125,125,125,129,133,133,137,137,137,137,137,141,145,149,149,153],"relic_stats":{"Regal Pillow":0,"Shovel":2,"Gremlin Horn":[0,1],"counters":[30,148],"Self Forming Clay":[210],"Bronze Scales":[90],"Art of War":[27],"Whetstone":["Feed","Whirlwind"],"obtain_stats":[{"Regal Pillow":6,"Lantern":7,"Gremlin Horn":49,"Self Forming Clay":9,"Whetstone":31,"Bottled Tornado":47,"Ancient Tea Set":48,"Burning Blood":0,"Cauldron":44,"Bottled Flame":23,"Shovel":41,"Bronze Scales":42,"Philosopher\u0027s Stone":34,"Art of War":26,"StrikeDummy":12,"Red Skull":43,"Runic Pyramid":17},{"Regal Pillow":4,"Lantern":4,"Gremlin Horn":29,"Self Forming Clay":5,"Whetstone":19,"Bottled Tornado":28,"Ancient Tea Set":29,"Burning Blood":0,"Cauldron":26,"Bottled Flame":15,"Shovel":26,"Bronze Scales":26,"Philosopher\u0027s Stone":20,"Art of War":15,"StrikeDummy":8,"Red Skull":26,"Runic Pyramid":10},{"Regal Pillow":11,"Lantern":11,"Gremlin Horn":140,"Self Forming Clay":15,"Whetstone":77,"Bottled Tornado":133,"Ancient Tea Set":140,"Burning Blood":0,"Cauldron":118,"Bottled Flame":52,"Shovel":118,"Bronze Scales":118,"Philosopher\u0027s Stone":88,"Art of War":52,"StrikeDummy":23,"Red Skull":118,"Runic Pyramid":29}],"Burning Blood":101},"card_choices":[{"not_picked":["Shrug It Off","Warcry"],"picked":"Battle Trance","floor":1},{"not_picked":["Sword Boomerang","True Grit"],"picked":"Juggernaut","floor":3},{"not_picked":["Cleave","Havoc","Clash"],"picked":"SKIP","floor":5},{"not_picked":["Body Slam","Feel No Pain"],"picked":"Disarm","floor":6},{"not_picked":["Sentinel","Pommel Strike","Whirlwind"],"picked":"SKIP","floor":8},{"not_picked":["Body Slam","Feel No Pain","Flex"],"picked":"SKIP","floor":10},{"not_picked":["Power Through","Dual Wield","Dropkick"],"picked":"SKIP","floor":11},{"not_picked":["Rampage","Dual Wield","Iron Wave"],"picked":"SKIP","floor":12},{"not_picked":["Cleave","Pommel Strike"],"picked":"Warcry","floor":14},{"not_picked":["Limit Break","Bludgeon"],"picked":"Feed","floor":16},{"not_picked":["Twin Strike+1","Clash+1"],"picked":"Uppercut","floor":18},{"not_picked":["Iron Wave+1","Warcry"],"picked":"True Grit","floor":19},{"not_picked":["Cleave","Armaments"],"picked":"Inflame","floor":20},{"not_picked":["Heavy Blade","Carnage+1"],"picked":"Armaments+1","floor":22},{"not_picked":["Clothesline","Warcry"],"picked":"Spot Weakness","floor":23},{"not_picked":["Sword Boomerang","Body Slam+1"],"picked":"Barricade","floor":27},{"not_picked":["Fire Breathing","Heavy Blade"],"picked":"Warcry+1","floor":29},{"not_picked":["Havoc+1","Clash"],"picked":"Body Slam","floor":30},{"not_picked":["Reckless Charge","Perfected Strike+1"],"picked":"Rupture","floor":31},{"not_picked":["Limit Break","Brutality"],"picked":"Reaper","floor":33},{"not_picked":["Thunderclap","Warcry","Sword Boomerang+1"],"picked":"SKIP","floor":35},{"not_picked":["Twin Strike+1","Clash","Flex"],"picked":"SKIP","floor":36},{"not_picked":["Perfected Strike+1","Thunderclap+1"],"picked":"Pommel Strike+1","floor":37},{"not_picked":["Demon Form","Iron Wave"],"picked":"Shockwave+1","floor":38},{"not_picked":["Cleave+1","Headbutt+1"],"picked":"Entrench+1","floor":39},{"not_picked":["Pommel Strike","Ghostly Armor"],"picked":"Seeing Red","floor":41},{"not_picked":["Ghostly Armor+1","Shockwave+1","Anger"],"picked":"SKIP","floor":46},{"not_picked":["Perfected Strike","Wild Strike","Thunderclap+1"],"picked":"SKIP","floor":47},{"not_picked":["Ghostly Armor+1","Juggernaut"],"picked":"Evolve+1","floor":48}],"player_experience":1118121,"relics_obtained":[{"floor":6,"key":"Regal Pillow"},{"floor":9,"key":"Self Forming Clay"},{"floor":12,"key":"StrikeDummy"},{"floor":23,"key":"Bottled Flame"},{"floor":26,"key":"Art of War"},{"floor":31,"key":"Whetstone"},{"floor":41,"key":"Shovel"},{"floor":42,"key":"Bronze Scales"},{"floor":43,"key":"Red Skull"},{"floor":47,"key":"Bottled Tornado"},{"floor":48,"key":"Ancient Tea Set"},{"floor":49,"key":"Gremlin Horn"}],"event_choices":[{"damage_healed":0,"gold_gain":0,"player_choice":"Ignored","damage_taken":0,"max_hp_gain":0,"max_hp_loss":0,"event_name":"Golden Wing","floor":2,"gold_loss":0},{"damage_healed":0,"gold_gain":0,"player_choice":"Ignored","damage_taken":0,"max_hp_gain":0,"max_hp_loss":0,"event_name":"Purifier","floor":4,"gold_loss":0},{"cards_removed":["Flex"],"damage_healed":0,"gold_gain":0,"player_choice":"Elegance","damage_taken":0,"max_hp_gain":0,"max_hp_loss":0,"event_name":"Back to Basics","floor":24,"gold_loss":0},{"damage_healed":0,"gold_gain":0,"player_choice":"Fight","damage_taken":0,"max_hp_gain":0,"max_hp_loss":0,"event_name":"MindBloom","floor":41,"gold_loss":0},{"damage_healed":0,"gold_gain":0,"player_choice":"Ignored","damage_taken":0,"max_hp_gain":0,"max_hp_loss":0,"event_name":"NoteForYourself","floor":45,"gold_loss":0}],"is_beta":false,"boss_relics":[{"not_picked":["Empty Cage","Busted Crown"],"picked":"Runic Pyramid"},{"not_picked":["Snecko Eye","SlaversCollar"],"picked":"Philosopher\u0027s Stone"}],"items_purged_floors":[],"is_endless":false,"potions_floor_spawned":[1,6,10,14,16,19,22,23,30,41,46,47,48],"ascension_level":0}}