{"host":"87mnajev72vv2sjg","time":1612076000,"event":{"mods":["BaseMod","BetterRewards","Colored Map","Curses Come First","Infinite Spire","Minty Spire (QoL Compilation)","Shop Mod","StSLib","SuperFastMode","The Wild Card"],"gold_per_floor":[119,131,148,161,436,471,483,483,483,483,494,512,96,107,107,107,107],"floor_reached":16,"language":"ENG","playtime":1190,"items_purged":["Regret"],"score":156,"play_id":"dd379ec8-7700-4554-af87-0874f0dbcc6d","local_time":"20210131015320","is_ascension_mode":false,"campfire_choices":[{"floor":8,"key":"REST"},{"data":"theWildCard:PowerOfTheArcana","floor":15,"key":"SMITH"}],"circlet_count":0,"master_deck":["theWildCard:BasicStrike","theWildCard:BasicStrike","theWildCard:BasicStrike+1","theWildCard:BasicStrike","theWildCard:BasicDefend","theWildCard:BasicDefend","theWildCard:BasicDefend","theWildCard:BasicDefend","theWildCard:CallToAdventure","theWildCard:Arsene","theWildCard:SeveringSlash+1","theWildCard:ArcanaArtistry","theWildCard:Polydeuces","theWildCard:Scathach","theWildCard:UnendingRitual","theWildCard:PowerOfTheArcana+1","theWildCard:ArcanaArtistry","theWildCard:StingingStrike","Parasite","theWildCard:PaleRider","theWildCard:Sakuya","theWildCard:SeveringSlash","theWildCard:ArcaneArts"],"relics":["theWildCard:VelvetContract","HornCleat","Bottled Tornado","Whetstone","Art of War"],"acts_visited":["Exordium"],"potions_floor_usage":[6,11],"damage_taken":[{"damage":0,"enemies":"2 Louse","floor":1,"turns":2},{"damage":0,"enemies":"Cultist","floor":2,"turns":3},{"damage":3,"enemies":"Jaw Worm","floor":3,"turns":4},{"damage":7,"enemies":"Large Slime","floor":4,"turns":8},{"damage":38,"enemies":"Lagavulin","floor":6,"turns":16},{"damage":11,"enemies":"Looter","floor":7,"turns":4},{"damage":0,"enemies":"3 Louse","floor":11,"turns":3},{"damage":0,"enemies":"Red Slaver","floor":12,"turns":3},{"damage":3,"enemies":"2 Fungi Beasts","floor":14,"turns":4},{"damage":35,"enemies":"Slime Boss","floor":16,"turns":8}],"seed_played":"-5648893696014453195","potions_obtained":[{"floor":2,"key":"SpeedPotion"},{"floor":3,"key":"LiquidMemories"},{"floor":6,"key":"Energy Potion"},{"floor":7,"key":"Block Potion"},{"floor":11,"key":"EntropicBrew"}],"is_trial":false,"path_per_floor":["M","M","M","M","?","E","M","R","T","?","M","M","$","M","R","B"],"character_chosen":"THE_WILD_CARD","items_purchased":["theWildCard:SeveringSlash","theWildCard:ArcanaArtistry","Whetstone","Art of War","theWildCard:SeveringSlash"],"campfire_rested":1,"item_purchase_floors":[0,0,13,13,13],"current_hp_per_floor":[60,60,60,56,56,21,10,28,28,43,47,47,47,44,44,31,31],"gold":107,"neow_bonus":"","is_daily":false,"chose_seed":false,"campfire_upgraded":1,"win_rate":0.0,"timestamp":1612076000,"path_taken":["M","M","M","M","?","E","?","R","T","?","M","M","$","M","R","BOSS"],"items_purchased_type":["Card","Card","Relic","Relic","Card"],"build_version":"2020-12-22","purchased_purges":1,"victory":false,"max_hp_per_floor":[60,60,60,60,60,60,60,60,60,60,60,60,60,60,60,60,60],"card_choices":[{"not_picked":["theWildCard:StingingStrike","theWildCard:StalwartBlade"],"picked":"theWildCard:Polydeuces","floor":1},{"not_picked":["theWildCard:Proficiency","theWildCard:Polydeuces"],"picked":"theWildCard:Scathach","floor":2},{"not_picked":["theWildCard:EnergizedStroke","theWildCard:Sakuya"],"picked":"theWildCard:UnendingRitual","floor":3},{"not_picked":["theWildCard:SeveringSlash","theWildCard:Salvation"],"picked":"theWildCard:PowerOfTheArcana","floor":4},{"not_picked":["theWildCard:MagicalMight","theWildCard:ArcaneArts"],"picked":"theWildCard:ArcanaArtistry","floor":6},{"not_picked":["theWildCard:TheGreatSeal","theWildCard:Unburden"],"picked":"theWildCard:StingingStrike","floor":7},{"not_picked":["theWildCard:Sakuya","theWildCard:Loki"],"picked":"theWildCard:PaleRider","floor":11},{"not_picked":["theWildCard:EnergyTheft","theWildCard:StingingStrike"],"picked":"theWildCard:Sakuya","floor":12},{"not_picked":["theWildCard:BladeOfGenerations","theWildCard:PaleRider"],"picked":"theWildCard:ArcaneArts","floor":14}],"player_experience":318910,"relics_obtained":[{"floor":6,"key":"HornCleat"},{"floor":9,"key":"Bottled Tornado"}],"event_choices":[{"damage_healed":0,"gold_gain":275,"player_choice":"Desecrate","damage_taken":0,"max_hp_gain":0,"max_hp_loss":0,"event_name":"Golden Shrine","floor":5,"gold_loss":0,"cards_obtained":["Regret"]},{"damage_healed":15,"gold_gain":0,"player_choice":"Healed and dodged fight","damage_taken":0,"max_hp_gain":0,"max_hp_loss":0,"event_name":"Mushrooms","floor":10,"gold_loss":0,"cards_obtained":["Parasite"]}],"is_beta":false,"boss_relics":[],"items_purged_floors":[13],"is_endless":false,"potions_floor_spawned":[2,3,6,7,11],"killed_by":"Slime Boss","ascension_level":0}}