{"host":"utqe55yv0jihe4d6","time":1612052189,"event":{"mods":["2.2 Compatiblity","AchievementEnabler","BaseMod","Block Reminder","Colored Map","Colored Powertips","Minty Spire (QoL Compilation)","Quick Restart","Rare Cards Sparkle","Relic Stats","SuperFastMode"],"gold_per_floor":[14,14,33,56,56,56,89,49,98,98,119,119,135,175,175,265,265,279,329,329,353,353,353,353,353],"floor_reached":24,"language":"ENG","playtime":633,"items_purged":[],"score":408,"play_id":"c9922696-ab58-49e7-bceb-f7590467e5ad","local_time":"20210130191629","is_ascension_mode":true,"campfire_choices":[{"data":"Bludgeon","floor":6.0,"key":"SMITH"},{"floor":12.0,"key":"REST"},{"data":"Uppercut","floor":15.0,"key":"SMITH"},{"floor":23,"key":"DIG"}],"circlet_count":0,"master_deck":["AscendersBane","Strike_R","Strike_R","Strike_R","Defend_R","Defend_R","Defend_R","Defend_R","Bash","Flame Barrier","Clothesline","Bludgeon+1","Uppercut+1","Rupture","Power Through","Inflame","Corruption","Dark Embrace+1","Twin Strike","Bloodletting"],"relics":["Burning Blood","Shovel","Golden Idol","Juzu Bracelet","MealTicket","Gambling Chip","Sozu","Peace Pipe"],"acts_visited":["Exordium","TheCity"],"potions_floor_usage":[16,16],"damage_taken":[{"damage":4.0,"enemies":"2 Louse","floor":1.0,"turns":3.0},{"damage":1.0,"enemies":"Small Slimes","floor":3.0,"turns":4.0},{"damage":9.0,"enemies":"Jaw Worm","floor":4.0,"turns":5.0},{"damage":30.0,"enemies":"3 Sentries","floor":7.0,"turns":9.0},{"damage":1.0,"enemies":"Looter","floor":8.0,"turns":4.0},{"damage":7.0,"enemies":"Blue Slaver","floor":11.0,"turns":4.0},{"damage":18.0,"enemies":"Exordium Wildlife","floor":13.0,"turns":5.0},{"damage":22.0,"enemies":"Gremlin Nob","floor":14.0,"turns":4.0},{"damage":26,"enemies":"Hexaghost","floor":16,"turns":10},{"damage":22,"enemies":"Shell Parasite","floor":18,"turns":4},{"damage":14,"enemies":"2 Thieves","floor":21,"turns":5},{"damage":42,"enemies":"Slavers","floor":24,"turns":3}],"seed_played":"-1358607847048133835","potions_obtained":[{"floor":1.0,"key":"Strength Potion"},{"floor":3.0,"key":"ElixirPotion"},{"floor":11.0,"key":"HeartOfIron"}],"is_trial":false,"path_per_floor":["M","?","M","M","?","R","E","M","T","?","M","R","M","E","R","B",null,"M","?","?","M","?","R","E"],"character_chosen":"IRONCLAD","items_purchased":[],"campfire_rested":1,"item_purchase_floors":[],"current_hp_per_floor":[70,44,49,46,51,51,27,32,32,32,31,55,43,27,27,7,62,46,46,46,38,38,38,0,0],"gold":353,"neow_bonus":"ONE_RARE_RELIC","is_daily":false,"chose_seed":false,"campfire_upgraded":2,"win_rate":0.0,"timestamp":1612052189,"path_taken":["M","?","M","M","?","R","E","M","T","?","M","R","M","E","R","BOSS","M","?","?","M","?","R","E"],"items_purchased_type":[],"build_version":"2020-12-22","purchased_purges":0,"victory":false,"max_hp_per_floor":[75,75,75,75,80,80,80,80,80,80,80,80,80,80,80,80,80,80,80,80,80,80,80,80,80],"relic_stats":{"Sozu":1,"Peace Pipe":0,"Shovel":1,"counters":[12,60],"Golden Idol":57,"Gambling Chip":[8],"MealTicket":0,"Juzu Bracelet":0,"obtain_stats":[{"Sozu":17,"Peace Pipe":23,"Shovel":0,"Golden Idol":2,"Gambling Chip":14,"MealTicket":9,"Juzu Bracelet":7,"Burning Blood":0},{"Sozu":9,"Peace Pipe":11,"Shovel":0,"Golden Idol":1,"Gambling Chip":8,"MealTicket":5,"Juzu Bracelet":4,"Burning Blood":0},{"Sozu":48,"Peace Pipe":57,"Shovel":0,"Golden Idol":3,"Gambling Chip":38,"MealTicket":25,"Juzu Bracelet":21,"Burning Blood":0}],"Burning Blood":66},"card_choices":[{"not_picked":["Clash","Clothesline"],"picked":"Flame Barrier","floor":1.0},{"not_picked":["Pummel","Heavy Blade"],"picked":"Clothesline","floor":3.0},{"not_picked":["Anger","Iron Wave"],"picked":"Bludgeon","floor":4.0},{"not_picked":["Havoc","Blood for Blood"],"picked":"Uppercut","floor":7.0},{"not_picked":["Thunderclap","Bloodletting","Iron Wave"],"picked":"SKIP","floor":8.0},{"not_picked":["Burning Pact","Heavy Blade"],"picked":"Rupture","floor":11.0},{"not_picked":["Warcry","Anger"],"picked":"Power Through","floor":13.0},{"not_picked":["Entrench","Heavy Blade"],"picked":"Inflame","floor":14.0},{"not_picked":["Barricade","Berserk"],"picked":"Corruption","floor":16},{"not_picked":["Heavy Blade","Second Wind","Twin Strike"],"picked":"SKIP","floor":18},{"not_picked":["Clothesline","Thunderclap"],"picked":"Dark Embrace+1","floor":21}],"player_experience":2961402,"relics_obtained":[{"floor":7.0,"key":"Juzu Bracelet"},{"floor":9.0,"key":"MealTicket"},{"floor":14.0,"key":"Gambling Chip"},{"floor":23,"key":"Peace Pipe"}],"event_choices":[{"damage_healed":0.0,"max_hp_gain":0.0,"max_hp_loss":0.0,"gold_gain":0.0,"event_name":"Golden Idol","player_choice":"Take Damage","floor":2.0,"gold_loss":0.0,"damage_taken":26.0,"relics_obtained":["Golden Idol"]},{"damage_healed":0.0,"max_hp_gain":5.0,"max_hp_loss":0.0,"gold_gain":0.0,"event_name":"Big Fish","player_choice":"Donut","floor":5.0,"gold_loss":0.0,"damage_taken":0.0},{"damage_healed":0.0,"max_hp_gain":0.0,"max_hp_loss":0.0,"gold_gain":0.0,"event_name":"Liars Game","player_choice":"Ignored","floor":10.0,"gold_loss":0.0,"damage_taken":0.0},{"damage_healed":0,"gold_gain":50,"player_choice":"Stole From Cult","damage_taken":0,"max_hp_gain":0,"max_hp_loss":0,"event_name":"Nest","floor":19,"gold_loss":0},{"damage_healed":0,"gold_gain":0,"player_choice":"Ignored","damage_taken":0,"max_hp_gain":0,"max_hp_loss":0,"event_name":"Ghosts","floor":20,"gold_loss":0},{"damage_healed":0,"gold_gain":0,"cards_transformed":["Strike_R","Strike_R"],"player_choice":"Became Test Subject","damage_taken":0,"max_hp_gain":0,"max_hp_loss":0,"event_name":"Drug Dealer","floor":22,"gold_loss":0,"cards_obtained":["Twin Strike","Bloodletting"]}],"is_beta":false,"boss_relics":[{"not_picked":["Philosopher\u0027s Stone","Calling Bell"],"picked":"Sozu"}],"items_purged_floors":[],"is_endless":false,"potions_floor_spawned":[1,3,11,13,14,21],"killed_by":"Slavers","ascension_level":20}}