{"host":"pi8b3ffzwvxqztac","time":1612131827,"event":{"mods":["BaseMod","Colored Map","Custom Start","Downfall","Minty Spire (QoL Compilation)","StSLib"],"gold_per_floor":[114,127,52,52,71,71,83,99,99,99,125,125,135,135,135,230,280,266,280,299,313,327,327,358,358,358,358,49,66,98,14,14,117,117,134,146,146,46,321,321,332,332,414,425,438,456,456,0,0,0],"floor_reached":51,"language":"ENG","playtime":4271,"items_purged":["Strike_P","Pray"],"score":733,"play_id":"180e39dd-3e10-4c43-8fa7-4cec5fddcae6","local_time":"20210201112347","is_ascension_mode":true,"campfire_choices":[{"data":"Eruption","floor":6,"key":"SMITH"},{"data":"Prostrate","floor":10,"key":"SMITH"},{"data":"SashWhip","floor":12,"key":"SMITH"},{"floor":15,"key":"REST"},{"data":"Vigilance","floor":23,"key":"SMITH"},{"data":"MentalFortress","floor":27,"key":"SMITH"},{"floor":32,"key":"REST"},{"data":"Scrawl","floor":40,"key":"SMITH"},{"floor":42,"key":"REST"},{"data":"EmptyMind","floor":47,"key":"SMITH"},{"data":"Consecrate","floor":49,"key":"SMITH"}],"circlet_count":0,"master_deck":["Eruption+1","Vigilance+1","Prostrate+1","FollowUp+1","FollowUp+1","InnerPeace","FearNoEvil","SashWhip+1","Consecrate+1","DeusExMachina","MentalFortress+1","EmptyMind+1","ThirdEye+1","MentalFortress+1","EmptyFist+1","Protect+1","FlurryOfBlows","Meditate+1","Scrawl+1","Pray+1","DeceiveReality","EmptyBody","DeceiveReality","InnerPeace+1","Evaluate+1","FlurryOfBlows+1","Consecrate+1","BattleHymn+1"],"relics":["PureWater","Omamori","Pantograph","bronze:DecasWashers","Kunai","Tiny House","Sundial","Potion Belt","champ:Barbells","Oddly Smooth Stone","hexamod:BolsterEngine","Pandora\u0027s Box","Gremlin Horn","Red Mask"],"acts_visited":["Exordium","TheCity","TheBeyond"],"potions_floor_usage":[2,7,13,18,24,24,50,50,50],"damage_taken":[{"damage":7,"enemies":"Cultist","floor":1,"turns":6},{"damage":12,"enemies":"Jaw Worm","floor":2,"turns":3},{"damage":0,"enemies":"Small Slimes","floor":5,"turns":4},{"damage":8,"enemies":"Gremlin Gang","floor":7,"turns":5},{"damage":5,"enemies":"Red Slaver","floor":8,"turns":4},{"damage":13,"enemies":"Lagavulin","floor":11,"turns":6},{"damage":5,"enemies":"2 Fungi Beasts","floor":13,"turns":3},{"damage":28,"enemies":"The Guardian","floor":16,"turns":13},{"damage":8,"enemies":"2 Thieves","floor":18,"turns":4},{"damage":0,"enemies":"Spheric Guardian","floor":19,"turns":1},{"damage":13,"enemies":"Snecko","floor":20,"turns":5},{"damage":12,"enemies":"Snake Plant","floor":21,"turns":4},{"damage":0,"enemies":"Chosen and Byrds","floor":22,"turns":6},{"damage":4,"enemies":"Slavers","floor":24,"turns":7},{"damage":5,"enemies":"Centurion and Healer","floor":29,"turns":7},{"damage":23,"enemies":"Book of Stabbing","floor":30,"turns":8},{"damage":9,"enemies":"Champ","floor":33,"turns":12},{"damage":1,"enemies":"3 Shapes","floor":35,"turns":6},{"damage":18,"enemies":"3 Darklings","floor":36,"turns":9},{"damage":7,"enemies":"Writhing Mass","floor":41,"turns":10},{"damage":9,"enemies":"4 Shapes","floor":44,"turns":5},{"damage":0,"enemies":"Spire Growth","floor":45,"turns":5},{"damage":1,"enemies":"Transient","floor":46,"turns":5},{"damage":18,"enemies":"Donu and Deca","floor":50,"turns":8}],"seed_played":"-8242370326746052586","potions_obtained":[{"floor":1,"key":"AttackPotion"},{"floor":5,"key":"Ancient Potion"},{"floor":11,"key":"Swift Potion"},{"floor":17,"key":"SkillPotion"},{"floor":20,"key":"LiquidMemories"},{"floor":21,"key":"StancePotion"},{"floor":24,"key":"Dexterity Potion"},{"floor":33,"key":"DuplicationPotion"},{"floor":35,"key":"BottledMiracle"},{"floor":41,"key":"SteroidPotion"},{"floor":46,"key":"DistilledChaos"}],"is_trial":false,"path_per_floor":["M","M","$","?","M","R","M","M","T","R","E","R","M","?","R","B",null,"M","M","M","M","M","R","E","?","T","R","$","M","E","$","R","B",null,"M","M","?","$","?","R","M","R","T","M","M","M","R","?","R","B",null],"character_chosen":"WATCHER","items_purchased":["champ:Barbells","Oddly Smooth Stone","FlurryOfBlows","Meditate"],"campfire_rested":3,"item_purchase_floors":[28,28,31,31],"current_hp_per_floor":[65,53,53,46,46,46,38,33,33,33,20,20,15,8,29,26,77,69,69,56,44,44,44,40,40,40,40,40,35,12,12,35,51,77,76,58,58,58,58,58,51,74,74,65,65,64,64,64,64,59],"gold":0,"neow_bonus":"RANDOM_COMMON_RELIC","is_daily":false,"chose_seed":false,"campfire_upgraded":8,"win_rate":0.0,"timestamp":1612131827,"path_taken":["M","?","$","?","M","R","M","M","T","R","E","R","M","?","R","BOSS","M","M","M","M","M","R","E","?","T","R","$","?","E","?","R","BOSS","M","?","?","$","?","R","?","R","T","M","M","M","R","?","R","BOSS"],"items_purchased_type":["Relic","Relic","Card","Card"],"build_version":"2020-12-22","purchased_purges":2,"victory":true,"max_hp_per_floor":[72,72,72,72,72,72,72,72,72,72,72,72,72,72,72,72,77,77,77,77,77,77,77,77,77,77,77,77,77,77,77,77,77,77,77,77,77,77,77,77,77,77,77,77,77,77,77,77,77,77],"card_choices":[{"not_picked":["Collect","ClearTheMind"],"picked":"Prostrate","floor":1},{"not_picked":["Conclude","Fasting2"],"picked":"FollowUp","floor":2},{"not_picked":["ClearTheMind","Crescendo"],"picked":"FollowUp","floor":5},{"not_picked":["FlurryOfBlows","JustLucky"],"picked":"InnerPeace","floor":7},{"not_picked":["Crescendo","SashWhip"],"picked":"FearNoEvil","floor":8},{"not_picked":["Worship","Swivel"],"picked":"SashWhip","floor":11},{"not_picked":["ConjureBlade","CrushJoints"],"picked":"Consecrate","floor":13},{"not_picked":["MasterReality","LessonLearned"],"picked":"DeusExMachina","floor":16},{"not_picked":["Nirvana","FlyingSleeves"],"picked":"MentalFortress","floor":17},{"not_picked":["BowlingBash","EmptyBody"],"picked":"EmptyMind","floor":18},{"not_picked":["WindmillStrike+1","JustLucky","ThirdEye"],"picked":"SKIP","floor":19},{"not_picked":["PathToVictory+1","Establishment"],"picked":"ThirdEye+1","floor":20},{"not_picked":["FollowUp","Crescendo","ReachHeaven"],"picked":"SKIP","floor":21},{"not_picked":["EmptyBody","Prostrate"],"picked":"MentalFortress","floor":22},{"not_picked":["EmptyBody","SandsOfTime","EmptyFist"],"picked":"SKIP","floor":24},{"not_picked":["EmptyBody","SandsOfTime"],"picked":"EmptyFist","floor":24},{"not_picked":["BowlingBash","TalkToTheHand+1","Conclude+1"],"picked":"SKIP","floor":29},{"not_picked":["SashWhip","SignatureMove"],"picked":"Protect+1","floor":30},{"not_picked":["Judgement","Omniscience"],"picked":"Scrawl","floor":33},{"not_picked":["SashWhip","CutThroughFate"],"picked":"InnerPeace+1","floor":35},{"not_picked":["SashWhip+1","Protect"],"picked":"Evaluate+1","floor":36},{"not_picked":["CutThroughFate","WheelKick","EmptyBody"],"picked":"SKIP","floor":41},{"not_picked":["PathToVictory+1","Nirvana+1"],"picked":"FlurryOfBlows+1","floor":44},{"not_picked":["FollowUp+1","Fasting2"],"picked":"Consecrate+1","floor":45},{"not_picked":["DeceiveReality+1","SashWhip"],"picked":"BattleHymn+1","floor":46}],"player_experience":679020,"relics_obtained":[{"floor":9,"key":"Pantograph"},{"floor":11,"key":"bronze:DecasWashers"},{"floor":24,"key":"Sundial"},{"floor":26,"key":"Potion Belt"},{"floor":30,"key":"hexamod:BolsterEngine"},{"floor":43,"key":"Gremlin Horn"}],"event_choices":[{"cards_removed":["Strike_P"],"damage_healed":0,"gold_gain":0,"player_choice":"Card Removal","damage_taken":7,"max_hp_gain":0,"max_hp_loss":0,"event_name":"Golden Wing","floor":4,"gold_loss":0},{"damage_healed":0,"gold_gain":0,"player_choice":"Success","damage_taken":7,"relics_obtained":["Kunai"],"max_hp_gain":0,"max_hp_loss":0,"event_name":"Scrap Ooze","floor":14,"gold_loss":0},{"damage_healed":0,"gold_gain":0,"player_choice":"Upgraded","damage_taken":0,"max_hp_gain":0,"max_hp_loss":0,"event_name":"Upgrade Shrine","floor":25,"gold_loss":0,"cards_upgraded":["MentalFortress"]},{"cards_removed":["Fasting2"],"damage_healed":0,"gold_gain":0,"player_choice":"Removed Power","damage_taken":0,"max_hp_gain":0,"max_hp_loss":0,"event_name":"Falling","floor":37,"gold_loss":0},{"damage_healed":0,"gold_gain":275,"player_choice":"Desecrate","damage_taken":0,"max_hp_gain":0,"max_hp_loss":0,"event_name":"Golden Shrine","floor":39,"gold_loss":0,"cards_obtained":["Regret"]},{"damage_healed":0,"gold_gain":0,"player_choice":"Paid","damage_taken":0,"relics_obtained":["Red Mask"],"max_hp_gain":0,"max_hp_loss":0,"event_name":"Tomb of Lord Red Mask","floor":48,"gold_loss":456}],"is_beta":false,"boss_relics":[{"not_picked":["Philosopher\u0027s Stone","bronze:MakeshiftBattery"],"picked":"Tiny House"},{"not_picked":["Velvet Choker","Runic Dome"],"picked":"Pandora\u0027s Box"}],"items_purged_floors":[3,38],"is_endless":false,"potions_floor_spawned":[1,5,11,20,21,24,33,35,41,46],"ascension_level":2}}