{"host":"51f0ad793vly1w6u","time":1612086320,"event":{"mods":["BaseMod","Colored Map","DeckTracker","Minty Spire (QoL Compilation)","Replay The Spire","StSLib","SuperFastMode"],"gold_per_floor":[110,210,227,241,253,288,288,288,288,363,363,363,538,242,242,365,365,386,109,129,154,4,4,40,40,40,40,40,40,54,79,79,79,79],"floor_reached":33,"language":"KOR","playtime":639,"items_purged":["Delirium","Doubt","Strike_G","Defend_G"],"score":276,"play_id":"f92bc730-4226-4557-b260-abf0cc613544","local_time":"20210131184520","is_ascension_mode":true,"campfire_choices":[{"data":"Deadly Poison","floor":7.0,"key":"SMITH"},{"data":"Skewer","floor":12.0,"key":"SMITH"},{"data":"Dagger Spray","floor":15.0,"key":"SMITH"},{"floor":23.0,"key":"REST"},{"data":"Footwork","floor":25,"key":"SMITH"},{"floor":28,"key":"REST"},{"floor":32,"key":"REST"}],"circlet_count":0,"master_deck":["Strike_G","Strike_G","Strike_G","Defend_G","Defend_G","Defend_G","Defend_G","Survivor","Neutralize","Quick Slash","Dagger Spray+1","Deadly Poison+1","Skewer+1","After Image+1","ReplayTheSpireMod:Necrosis+1","Footwork+1","Backflip+1","Deadly Poison+1","Necronomicurse","Shame"],"relics":["Ring of the Snake","StrikeDummy","Golden Idol","InkBottle","ReplayTheSpireMod:CursedCoin","Nunchaku","Ring of Chaos","Guide Book","Replay:Bottled Snecko","Tough Bandages","Necronomicon","Anchor"],"acts_visited":["Exordium","TheCity"],"potions_floor_usage":[30],"damage_taken":[{"damage":0.0,"enemies":"Jaw Worm","floor":1.0,"turns":5.0},{"damage":0.0,"enemies":"Cultist","floor":3.0,"turns":4.0},{"damage":0.0,"enemies":"Small Slimes","floor":4.0,"turns":2.0},{"damage":4.0,"enemies":"Exordium Wildlife","floor":5.0,"turns":3.0},{"damage":8.0,"enemies":"Replay:BlueRogue","floor":6.0,"turns":7.0},{"damage":22.0,"enemies":"Slime Boss","floor":16.0,"turns":8.0},{"damage":10.0,"enemies":"Shell Parasite","floor":18.0,"turns":8.0},{"damage":12.0,"enemies":"2 Thieves","floor":20.0,"turns":4.0},{"damage":18.0,"enemies":"3 Cultists","floor":21.0,"turns":5.0},{"damage":7.0,"enemies":"Gremlin Leader","floor":24.0,"turns":7.0},{"damage":4,"enemies":"Snake Plant","floor":30,"turns":3},{"damage":3,"enemies":"Cultist and Chosen","floor":31,"turns":4},{"damage":46,"enemies":"Automaton","floor":33,"turns":7}],"seed_played":"-2931753551056488922","potions_obtained":[{"floor":4.0,"key":"Block Potion"},{"floor":16.0,"key":"CultistPotion"},{"floor":18.0,"key":"AttackPotion"},{"floor":20.0,"key":"Energy Potion"}],"is_trial":false,"path_per_floor":["M","?","M","M","M","E","R","?","T","$","?","R","?","$","R","B",null,"M","$","M","M","$","R","E","R","T","?","R","?","M","M","R","B"],"character_chosen":"THE_SILENT","items_purchased":["ReplayTheSpireMod:CursedCoin","Nunchaku","Poison Potion","Guide Book"],"campfire_rested":3,"item_purchase_floors":[10,14,14,19],"current_hp_per_floor":[70,70,70,70,69,61,61,61,61,61,54,54,54,54,54,32,65,55,55,43,25,25,44,37,37,37,21,40,40,36,33,52,6,6],"gold":79,"neow_bonus":"THREE_CARDS","is_daily":false,"chose_seed":false,"campfire_upgraded":4,"win_rate":0.0,"timestamp":1612086320,"path_taken":["M","?","M","?","M","E","R","?","T","$","?","R","?","$","R","BOSS","M","$","M","M","$","R","E","R","T","?","R","?","M","M","R","BOSS"],"items_purchased_type":["Relic","Relic","Potion","Relic"],"build_version":"2020-12-22","purchased_purges":4,"victory":false,"max_hp_per_floor":[70,70,70,70,70,70,70,65,65,65,65,65,65,65,65,65,65,65,65,65,65,65,65,65,65,65,65,65,65,65,65,65,65,65],"card_choices":[{"not_picked":["Deflect","Slice"],"picked":"Quick Slash","floor":0.0},{"not_picked":["Quick Slash","Sucker Punch"],"picked":"Dagger Spray","floor":1.0},{"not_picked":["Slice","Dodge and Roll","Dagger Spray"],"picked":"SKIP","floor":3.0},{"not_picked":["ReplayTheSpireMod:Tripwire","Hidden Blade"],"picked":"Deadly Poison","floor":4.0},{"not_picked":["Deflect","Underhanded Strike"],"picked":"Skewer","floor":5.0},{"not_picked":["Replay:Poison Smokescreen","Outmaneuver"],"picked":"After Image","floor":6.0},{"not_picked":["Unload","Night Terror"],"picked":"ReplayTheSpireMod:Necrosis","floor":16.0},{"not_picked":["Outmaneuver","Sucker Punch"],"picked":"Footwork","floor":18.0},{"not_picked":["Blade Dance","Atom Bomb","Dodge and Roll"],"picked":"SKIP","floor":20.0},{"not_picked":["Prepared","Underhanded Strike"],"picked":"Backflip+1","floor":21.0},{"not_picked":["ReplayTheSpireMod:Tripwire","Accuracy"],"picked":"Deadly Poison+1","floor":24},{"not_picked":["Hidden Blade","Quick Slash","ReplayTheSpireMod:The Works"],"picked":"SKIP","floor":30},{"not_picked":["Night Terror","Hidden Blade","ReplayTheSpireMod:Shiv Toss"],"picked":"SKIP","floor":31}],"player_experience":1428312,"relics_obtained":[{"floor":6.0,"key":"StrikeDummy"},{"floor":9.0,"key":"InkBottle"},{"floor":24,"key":"Replay:Bottled Snecko"},{"floor":26,"key":"Tough Bandages"},{"floor":27,"key":"Necronomicon"}],"event_choices":[{"damage_healed":0.0,"max_hp_gain":0.0,"max_hp_loss":0.0,"gold_gain":100.0,"event_name":"Golden Shrine","player_choice":"Pray","floor":2.0,"gold_loss":0.0,"damage_taken":0.0},{"damage_healed":0.0,"max_hp_gain":0.0,"max_hp_loss":5.0,"gold_gain":0.0,"event_name":"Golden Idol","player_choice":"Lose Max HP","floor":8.0,"gold_loss":0.0,"damage_taken":0.0,"relics_obtained":["Golden Idol"]},{"cards_removed":["Strike_G"],"damage_healed":0.0,"max_hp_gain":0.0,"max_hp_loss":0.0,"gold_gain":0.0,"event_name":"Golden Wing","player_choice":"Card Removal","floor":11.0,"gold_loss":0.0,"damage_taken":7.0},{"damage_healed":0.0,"max_hp_gain":0.0,"max_hp_loss":0.0,"gold_gain":175.0,"event_name":"Liars Game","player_choice":"AGREE","floor":13.0,"gold_loss":0.0,"damage_taken":0.0,"cards_obtained":["Doubt"]},{"damage_healed":0,"gold_gain":0,"player_choice":"Obtained Book","damage_taken":16,"max_hp_gain":0,"max_hp_loss":0,"event_name":"Cursed Tome","floor":27,"gold_loss":0},{"damage_healed":0,"gold_gain":0,"player_choice":"Stole Relic","damage_taken":0,"relics_obtained":["Anchor"],"max_hp_gain":0,"max_hp_loss":0,"event_name":"Addict","floor":29,"gold_loss":0,"cards_obtained":["Shame"]}],"is_beta":false,"boss_relics":[{"not_picked":["Honey Jar","Snecko Scales"],"picked":"Ring of Chaos"}],"items_purged_floors":[10,14,19,22],"is_endless":false,"potions_floor_spawned":[4,16,18,20],"killed_by":"Automaton","ascension_level":1}}