{"host":"AZZAM","time":1612127141,"event":{"mods":["BaseMod","Colored Map","Highlight Path","Minty Spire (QoL Compilation)","Relic Stats","Unceasing Turn Reminder"],"gold_per_floor":[20,20,20,34,34,34,70,70,95,20,38,38,54,95,95,223,223,248,20,44,44,44,44,74,74,97,128,4,33,44,57,57,154,154,170,189,239,239,239],"floor_reached":38,"language":"ENG","playtime":1213,"items_purged":["Strike_R","Strike_R"],"score":528,"play_id":"e8dca744-0200-4ab5-89c3-2667c8e4af76","local_time":"20210201000541","is_ascension_mode":true,"campfire_choices":[{"data":"Defend_R","floor":6,"key":"PURGE"},{"data":"Whirlwind","floor":8,"key":"SMITH"},{"data":"Strike_R","floor":15,"key":"PURGE"},{"data":"Armaments","floor":23,"key":"SMITH"},{"floor":32,"key":"RECALL"}],"circlet_count":0,"master_deck":["Strike_R","Strike_R","Defend_R","Defend_R","Defend_R","Bash","Reaper","Whirlwind+1","Thunderclap","Anger","Seeing Red","Whirlwind+1","Pommel Strike+1","Corruption","Spot Weakness","Rupture","Armaments+1","Clothesline+1","Double Tap","Inflame","Heavy Blade+1","Exhume","Barricade","Shrug It Off","Shrug It Off+1"],"relics":["Burning Blood","Bloody Idol","Peace Pipe","Akabeko","Molten Egg 2","Potion Belt","Runic Dome","Cauldron","Shovel","Singing Bowl","Smiling Mask","Nunchaku","Magic Flower","Runic Pyramid","Charon\u0027s Ashes"],"acts_visited":["Exordium","TheCity","TheBeyond"],"potions_floor_usage":[14,16,24,29,30,31,33,33,33,33,33,37,37,38],"damage_taken":[{"damage":11,"enemies":"2 Louse","floor":1,"turns":4},{"damage":10,"enemies":"Small Slimes","floor":4,"turns":5},{"damage":45,"enemies":"3 Sentries","floor":7,"turns":5},{"damage":9,"enemies":"Cultist","floor":11,"turns":5},{"damage":19,"enemies":"Blue Slaver","floor":13,"turns":4},{"damage":16,"enemies":"Gremlin Nob","floor":14,"turns":3},{"damage":64,"enemies":"Slime Boss","floor":16,"turns":8},{"damage":0,"enemies":"3 Byrds","floor":18,"turns":2},{"damage":35,"enemies":"Shell Parasite","floor":20,"turns":4},{"damage":39,"enemies":"Book of Stabbing","floor":24,"turns":4},{"damage":37,"enemies":"Gremlin Leader","floor":27,"turns":6},{"damage":56,"enemies":"Book of Stabbing","floor":29,"turns":5},{"damage":0,"enemies":"Snake Plant","floor":30,"turns":1},{"damage":13,"enemies":"Chosen and Byrds","floor":31,"turns":4},{"damage":61,"enemies":"Champ","floor":33,"turns":9},{"damage":47,"enemies":"3 Darklings","floor":35,"turns":5},{"damage":62,"enemies":"3 Shapes","floor":36,"turns":6},{"damage":64,"enemies":"2 Orb Walkers","floor":37,"turns":4},{"damage":38,"enemies":"Writhing Mass","floor":38,"turns":4}],"seed_played":"-7090059186761896441","potions_obtained":[{"floor":1,"key":"BloodPotion"},{"floor":11,"key":"ColorlessPotion"},{"floor":19,"key":"Energy Potion"},{"floor":19,"key":"Regen Potion"},{"floor":19,"key":"Fire Potion"},{"floor":19,"key":"Dexterity Potion"},{"floor":19,"key":"Strength Potion"},{"floor":20,"key":"EntropicBrew"},{"floor":29,"key":"SteroidPotion"},{"floor":31,"key":"Weak Potion"},{"floor":33,"key":"LiquidBronze"},{"floor":36,"key":"HeartOfIron"},{"floor":37,"key":"SkillPotion"}],"is_trial":false,"path_per_floor":["M","?","?","M","?","R","E","R","T","$","M","T","M","E","R","B",null,"M","$","M","?","?","R","E","?","T","E","$","E","M","M","R","B",null,"M","M","?","M"],"character_chosen":"IRONCLAD","items_purchased":["Cauldron","Rupture","Inflame"],"campfire_rested":0,"item_purchase_floors":[19,19,28],"current_hp_per_floor":[78,74,56,56,61,61,37,37,37,37,46,46,45,41,41,14,79,79,79,55,55,55,55,48,48,53,53,53,17,31,59,59,32,81,81,55,33,0,0],"gold":239,"neow_bonus":"THREE_RARE_CARDS","is_daily":false,"chose_seed":false,"campfire_upgraded":2,"win_rate":0.0,"timestamp":1612127141,"path_taken":["M","?","?","M","?","R","E","R","T","$","M","?","M","E","R","BOSS","M","$","M","?","?","R","E","?","T","E","$","E","M","M","R","BOSS","M","M","?","M"],"items_purchased_type":["Relic","Card","Card"],"build_version":"2020-12-18","purchased_purges":2,"victory":false,"max_hp_per_floor":[80,74,74,74,79,79,79,79,79,79,79,79,79,79,79,79,79,79,79,79,79,79,79,79,79,79,79,79,81,81,81,81,81,81,81,83,83,83,83],"relic_stats":{"Peace Pipe":2,"Nunchaku":[5],"Shovel":0,"Singing Bowl":4,"counters":[19,88],"Bloody Idol":50,"Magic Flower":[52],"Charon\u0027s Ashes":[3],"Smiling Mask":50,"obtain_stats":[{"Potion Belt":14,"Singing Bowl":25,"Golden Idol":2,"Magic Flower":29,"Charon\u0027s Ashes":37,"Smiling Mask":26,"Burning Blood":0,"Akabeko":7,"Peace Pipe":3,"Runic Dome":17,"Cauldron":19,"Nunchaku":27,"Shovel":24,"Bloody Idol":21,"Molten Egg 2":12,"Runic Pyramid":34},{"Potion Belt":6,"Singing Bowl":10,"Golden Idol":1,"Magic Flower":12,"Charon\u0027s Ashes":18,"Smiling Mask":10,"Burning Blood":0,"Akabeko":3,"Peace Pipe":1,"Runic Dome":7,"Cauldron":8,"Nunchaku":11,"Shovel":10,"Bloody Idol":9,"Molten Egg 2":4,"Runic Pyramid":15},{"Potion Belt":26,"Singing Bowl":44,"Golden Idol":4,"Magic Flower":55,"Charon\u0027s Ashes":84,"Smiling Mask":44,"Burning Blood":0,"Akabeko":14,"Peace Pipe":4,"Runic Dome":34,"Cauldron":36,"Nunchaku":50,"Shovel":44,"Bloody Idol":40,"Molten Egg 2":19,"Runic Pyramid":69}],"Burning Blood":120},"card_choices":[{"not_picked":["Barricade","Offering"],"picked":"Reaper","floor":0},{"not_picked":["Thunderclap","Body Slam"],"picked":"Whirlwind","floor":1},{"not_picked":["Body Slam","Metallicize"],"picked":"Thunderclap","floor":4},{"not_picked":["Flex","Wild Strike"],"picked":"Anger","floor":7},{"not_picked":["Barricade","Clash"],"picked":"Seeing Red","floor":11},{"not_picked":["Heavy Blade+1","True Grit"],"picked":"Whirlwind+1","floor":13},{"not_picked":["Cleave+1","Iron Wave+1"],"picked":"Pommel Strike+1","floor":14},{"not_picked":["Barricade","Exhume"],"picked":"Corruption","floor":16},{"not_picked":["Headbutt+1","Anger+1"],"picked":"Spot Weakness","floor":18},{"not_picked":["Blood for Blood+1","Evolve"],"picked":"Armaments","floor":20},{"not_picked":["Pommel Strike+1","Perfected Strike+1"],"picked":"Clothesline+1","floor":24},{"not_picked":["Intimidate","Perfected Strike+1"],"picked":"Double Tap","floor":27},{"not_picked":["Clothesline+1","Reckless Charge+1","Blood for Blood+1"],"picked":"Singing Bowl","floor":29},{"not_picked":["Metallicize","Flex"],"picked":"Heavy Blade+1","floor":30},{"not_picked":["Shrug It Off","Ghostly Armor"],"picked":"Exhume","floor":31},{"not_picked":["Immolate+1","Fiend Fire+1"],"picked":"Barricade","floor":33},{"not_picked":["Wild Strike+1","Thunderclap+1"],"picked":"Shrug It Off","floor":35},{"not_picked":["Clothesline+1","Blood for Blood+1","Wild Strike+1"],"picked":"Singing Bowl","floor":36},{"not_picked":["Iron Wave+1","Havoc"],"picked":"Shrug It Off+1","floor":37}],"player_experience":79006,"relics_obtained":[{"floor":7,"key":"Akabeko"},{"floor":12,"key":"Molten Egg 2"},{"floor":14,"key":"Potion Belt"},{"floor":24,"key":"Shovel"},{"floor":26,"key":"Smiling Mask"},{"floor":27,"key":"Nunchaku"},{"floor":29,"key":"Magic Flower"},{"floor":37,"key":"Charon\u0027s Ashes"}],"event_choices":[{"damage_healed":0,"gold_gain":0,"player_choice":"Lose Max HP","damage_taken":0,"relics_obtained":["Golden Idol"],"max_hp_gain":0,"max_hp_loss":6,"event_name":"Golden Idol","floor":2,"gold_loss":0},{"damage_healed":0,"gold_gain":0,"player_choice":"Success","damage_taken":18,"relics_obtained":["Peace Pipe"],"max_hp_gain":0,"max_hp_loss":0,"event_name":"Scrap Ooze","floor":3,"gold_loss":0},{"damage_healed":0,"gold_gain":0,"player_choice":"Donut","damage_taken":0,"max_hp_gain":5,"max_hp_loss":0,"event_name":"Big Fish","floor":5,"gold_loss":0},{"damage_healed":0,"gold_gain":0,"player_choice":"Gave Idol","damage_taken":0,"relics_obtained":["Bloody Idol"],"max_hp_gain":0,"max_hp_loss":0,"event_name":"Forgotten Altar","floor":21,"relics_lost":["Golden Idol"],"gold_loss":0},{"damage_healed":0,"gold_gain":0,"player_choice":"Ignored","damage_taken":0,"max_hp_gain":0,"max_hp_loss":0,"event_name":"Ghosts","floor":22,"gold_loss":0},{"damage_healed":0,"gold_gain":0,"player_choice":"Opened","damage_taken":0,"relics_obtained":["Singing Bowl"],"max_hp_gain":0,"max_hp_loss":0,"event_name":"The Mausoleum","floor":25,"gold_loss":0},{"damage_healed":0,"gold_gain":0,"player_choice":"Fight","damage_taken":0,"max_hp_gain":0,"max_hp_loss":0,"event_name":"Mysterious Sphere","floor":37,"gold_loss":0}],"is_beta":true,"boss_relics":[{"not_picked":["Tiny House","Runic Cube"],"picked":"Runic Dome"},{"not_picked":["Busted Crown","Black Blood"],"picked":"Runic Pyramid"}],"items_purged_floors":[10,28],"is_endless":false,"potions_floor_spawned":[1,11,20,29,31,33,36,37],"killed_by":"Writhing Mass","ascension_level":4}}