{"host":"cbu6enf2xtq4r7r3","time":1612091215,"event":{"mods":["2.2 Compatiblity","AlwaysNeverKeys","BaseMod","Better Match","Better Note","Better Sensory Stone","Better Skull","Better Third Choice","Colored Map","Colored Powertips","Defuse TimeMaze Blight","Emptier Cage","Minty Spire (QoL Compilation)","Permanent Neow","Quick Restart","Random Character Button","Relic Sorter","Reorder Act Four","Shop Mod","StSLib"],"gold_per_floor":[111,61,61,72,87,117,117,146,146,146,166,166,24,36,36,134,134,149,166,166,184,196,196,196,196,196,196,210,228,257,257,257,360,410,430,447,101,120,138,138,138,138,183,183,200,227,238,250,250,250],"floor_reached":51,"language":"ENG","playtime":1819,"items_purged":["Strike_G"],"score":1026,"play_id":"18f3f84c-bd10-4abf-be97-eb89d6596316","local_time":"20210131120655","is_ascension_mode":true,"campfire_choices":[{"data":"Noxious Fumes","floor":7,"key":"SMITH"},{"data":"Neutralize","floor":10,"key":"SMITH"},{"data":"Deadly Poison","floor":12,"key":"SMITH"},{"data":"Catalyst","floor":15,"key":"SMITH"},{"data":"Blur","floor":23,"key":"SMITH"},{"data":"Survivor","floor":25,"key":"SMITH"},{"floor":27,"key":"DIG"},{"floor":32,"key":"DIG"},{"data":"Dodge and Roll","floor":40,"key":"SMITH"},{"data":"Leg Sweep","floor":42,"key":"SMITH"},{"floor":44,"key":"DIG"},{"floor":49,"key":"DIG"}],"circlet_count":0,"master_deck":["Strike_G","Defend_G","Defend_G","Defend_G","Defend_G","Defend_G","Survivor+1","Neutralize+1","Dagger Throw+1","Noxious Fumes+1","Deadly Poison+1","Poisoned Stab","Blur+1","Catalyst+1","Backstab+1","Die Die Die","Backflip+1","Cloak And Dagger+1","Quick Slash+1","Leg Sweep+1","Prepared+1","Underhanded Strike+1","Dodge and Roll+1","Dodge and Roll+1"],"relics":["Coffee Dripper","Calipers","Tingsha","Shovel","SacredBark","Pear","Bag of Preparation","Lantern","Oddly Smooth Stone","MerchantsRug","Whetstone","Boot","Gremlin Horn","Anchor"],"acts_visited":["Exordium","TheCity","TheBeyond"],"potions_floor_usage":[5,8,21,22,29,31,37,39,50,50],"damage_taken":[{"damage":2,"enemies":"Jaw Worm","floor":1,"turns":4},{"damage":2,"enemies":"Cultist","floor":4,"turns":5},{"damage":0,"enemies":"2 Louse","floor":5,"turns":2},{"damage":24,"enemies":"Lagavulin","floor":6,"turns":9},{"damage":18,"enemies":"Gremlin Nob","floor":8,"turns":4},{"damage":0,"enemies":"Large Slime","floor":11,"turns":5},{"damage":9,"enemies":"2 Fungi Beasts","floor":14,"turns":3},{"damage":2,"enemies":"Hexaghost","floor":16,"turns":6},{"damage":0,"enemies":"Shell Parasite","floor":18,"turns":3},{"damage":0,"enemies":"Chosen","floor":19,"turns":3},{"damage":0,"enemies":"Shelled Parasite and Fungi","floor":21,"turns":3},{"damage":17,"enemies":"Sentry and Sphere","floor":22,"turns":5},{"damage":17,"enemies":"Cultist and Chosen","floor":28,"turns":5},{"damage":0,"enemies":"Centurion and Healer","floor":29,"turns":4},{"damage":28,"enemies":"Slavers","floor":30,"turns":5},{"damage":28,"enemies":"Collector","floor":33,"turns":6},{"damage":0,"enemies":"Orb Walker","floor":35,"turns":3},{"damage":0,"enemies":"3 Darklings","floor":36,"turns":1},{"damage":12,"enemies":"Spire Growth","floor":38,"turns":5},{"damage":0,"enemies":"4 Shapes","floor":39,"turns":3},{"damage":13,"enemies":"Writhing Mass","floor":45,"turns":5},{"damage":20,"enemies":"Giant Head","floor":46,"turns":9},{"damage":0,"enemies":"Maw","floor":47,"turns":1},{"damage":0,"enemies":"Jaw Worm Horde","floor":48,"turns":1},{"damage":55,"enemies":"Time Eater","floor":50,"turns":14}],"seed_played":"-7005192405117712854","potions_obtained":[{"floor":4,"key":"SteroidPotion"},{"floor":5,"key":"Regen Potion"},{"floor":16,"key":"DuplicationPotion"},{"floor":19,"key":"DistilledChaos"},{"floor":28,"key":"SteroidPotion"},{"floor":30,"key":"Fruit Juice"},{"floor":33,"key":"FairyPotion"},{"floor":34,"key":"Swift Potion"},{"floor":35,"key":"SpeedPotion"},{"floor":38,"key":"BlessingOfTheForge"},{"floor":46,"key":"DuplicationPotion"}],"is_trial":false,"path_per_floor":["M","?","?","M","M","E","R","E","T","R","M","R","$","M","R","B",null,"M","M","?","M","M","R","?","R","T","R","M","M","E","?","R","B",null,"M","M","$","M","M","R","?","R","T","R","M","E","M","M","R","B",null],"character_chosen":"THE_SILENT","items_purchased":["Catalyst","Backstab","Oddly Smooth Stone","MerchantsRug","Fruit Juice"],"campfire_rested":0,"item_purchase_floors":[13,13,37,37,37],"current_hp_per_floor":[61,61,61,59,59,35,35,31,31,31,31,31,31,22,22,20,58,58,58,58,58,41,41,41,41,51,51,34,34,6,16,16,62,88,88,88,98,86,86,86,105,105,105,105,92,72,72,72,72,17],"gold":250,"neow_bonus":"BOSS_RELIC","is_daily":false,"chose_seed":false,"campfire_upgraded":8,"win_rate":0.0,"timestamp":1612091215,"path_taken":["M","?","?","M","M","E","R","E","T","R","?","R","$","?","R","BOSS","M","M","?","M","M","R","?","R","T","R","M","?","E","?","R","BOSS","M","M","$","M","M","R","?","R","T","R","?","E","M","M","R","BOSS"],"items_purchased_type":["Card","Card","Relic","Relic","Potion"],"build_version":"2020-12-22","purchased_purges":1,"victory":true,"max_hp_per_floor":[70,70,70,70,70,70,70,70,70,70,70,70,70,70,70,70,70,70,70,70,70,70,70,70,70,80,80,80,80,80,90,90,90,95,95,95,105,105,105,105,105,105,105,105,105,105,105,105,105,105],"card_choices":[{"not_picked":["Bane","Finisher"],"picked":"Dagger Throw","floor":1},{"not_picked":["Bouncing Flask","Backflip"],"picked":"Noxious Fumes","floor":4},{"not_picked":["Underhanded Strike","Blade Dance"],"picked":"Deadly Poison","floor":5},{"not_picked":["Terror","Outmaneuver"],"picked":"Poisoned Stab","floor":6},{"not_picked":["Terror","Deflect"],"picked":"Poisoned Stab","floor":8},{"not_picked":["Eviscerate","Deadly Poison"],"picked":"Blur","floor":11},{"not_picked":["Dagger Throw","Reflex","Dodge and Roll"],"picked":"SKIP","floor":14},{"not_picked":["Venomology","Storm of Steel"],"picked":"Die Die Die","floor":16},{"not_picked":["Expertise","Acrobatics"],"picked":"Backflip+1","floor":18},{"not_picked":["Bane","Outmaneuver"],"picked":"Cloak And Dagger+1","floor":19},{"not_picked":["Outmaneuver","Finisher+1","Underhanded Strike"],"picked":"SKIP","floor":21},{"not_picked":["Cloak And Dagger","Accuracy","Slice+1"],"picked":"SKIP","floor":22},{"not_picked":["Dodge and Roll","Bouncing Flask+1"],"picked":"Quick Slash+1","floor":28},{"not_picked":["Expertise","Underhanded Strike"],"picked":"Leg Sweep","floor":29},{"not_picked":["Blur","Masterful Stab+1","Terror+1"],"picked":"SKIP","floor":30},{"not_picked":["Outmaneuver","Choke+1"],"picked":"Prepared+1","floor":34},{"not_picked":["Underhanded Strike+1","Bouncing Flask","Dagger Throw"],"picked":"SKIP","floor":35},{"not_picked":["Bouncing Flask","Dagger Throw"],"picked":"Underhanded Strike+1","floor":35},{"not_picked":["Underhanded Strike","Bane+1","Flying Knee"],"picked":"SKIP","floor":36},{"not_picked":["Well Laid Plans+1","Dagger Throw","Prepared"],"picked":"SKIP","floor":38},{"not_picked":["PiercingWail","Infinite Blades"],"picked":"Dodge and Roll","floor":39},{"not_picked":["Finisher+1","Poisoned Stab+1","Prepared+1"],"picked":"SKIP","floor":45},{"not_picked":["Bouncing Flask+1","Predator","All Out Attack"],"picked":"SKIP","floor":46},{"not_picked":["Sucker Punch","Corpse Explosion"],"picked":"Dodge and Roll+1","floor":47},{"not_picked":["Bane+1","Expertise","Sucker Punch+1"],"picked":"SKIP","floor":48}],"player_experience":118880,"relics_obtained":[{"floor":6,"key":"Calipers"},{"floor":8,"key":"Tingsha"},{"floor":9,"key":"Shovel"},{"floor":26,"key":"Pear"},{"floor":27,"key":"Dream Catcher"},{"floor":30,"key":"Bag of Preparation"},{"floor":32,"key":"Lantern"},{"floor":43,"key":"Whetstone"},{"floor":44,"key":"Boot"},{"floor":46,"key":"Gremlin Horn"},{"floor":49,"key":"Anchor"}],"event_choices":[{"cards_removed":["Strike_G"],"damage_healed":0,"gold_gain":0,"player_choice":"Card Removal","damage_taken":0,"max_hp_gain":0,"max_hp_loss":0,"event_name":"The Cleric","floor":2,"gold_loss":50},{"cards_removed":["Strike_G"],"damage_healed":0,"gold_gain":0,"player_choice":"Purged","damage_taken":0,"max_hp_gain":0,"max_hp_loss":0,"event_name":"Purifier","floor":3,"gold_loss":0},{"damage_healed":0,"gold_gain":0,"cards_transformed":["Strike_G"],"player_choice":"Transformed","damage_taken":0,"max_hp_gain":0,"max_hp_loss":0,"event_name":"Transmorgrifier","floor":20,"gold_loss":0,"cards_obtained":["Masterful Stab"]},{"cards_removed":["Poisoned Stab"],"damage_healed":0,"gold_gain":0,"player_choice":"Gave Card","damage_taken":0,"relics_obtained":["Regal Pillow"],"max_hp_gain":0,"max_hp_loss":0,"event_name":"WeMeetAgain","floor":24,"gold_loss":0},{"damage_healed":0,"gold_gain":0,"player_choice":"Cursed","damage_taken":0,"max_hp_gain":0,"max_hp_loss":0,"event_name":"Wheel of Change","floor":31,"gold_loss":0,"cards_obtained":["Decay"]},{"cards_removed":["Masterful Stab"],"damage_healed":19,"gold_gain":0,"player_choice":"Offered Uncommon","damage_taken":0,"max_hp_gain":0,"max_hp_loss":0,"event_name":"Bonfire Elementals","floor":41,"gold_loss":0}],"is_beta":false,"boss_relics":[{"not_picked":["Runic Dome","SlaversCollar"],"picked":"SacredBark"},{"not_picked":["Velvet Choker","Sozu"],"picked":"Tiny House"}],"items_purged_floors":[37],"is_endless":false,"potions_floor_spawned":[4,5,16,19,28,30,33,35,38,46,48],"ascension_level":7}}