{"host":"d6gsnuetzz7j8con","time":1612065046,"event":{"mods":["AchievementEnabler","BaseMod","BetterRewards","Evolution","Minty Spire (QoL Compilation)","Permanent Neow","Remove Card Discount Mod","Shop Mod","StSLib"],"gold_per_floor":[113,113,130,130,148,148,174,174,174,174,187,220,234,234,234,338,338,351,351,351,370,370,370,35,45,69,103,123,149,169,169,169,270,270,288,288,141,157,157,187,237,237,262,281,56,72,84,135,135,135],"floor_reached":51,"language":"ENG","playtime":7400,"items_purged":["Writhe"],"score":800,"play_id":"7a4ed7b4-d5fe-46f9-919d-b95135e88cdc","local_time":"20210130225046","is_ascension_mode":false,"campfire_choices":[{"data":"Genetic Algorithm","floor":6.0,"key":"SMITH"},{"data":"Heatsinks","floor":8.0,"key":"SMITH"},{"floor":15.0,"key":"REST"},{"floor":23.0,"key":"REST"},{"floor":32.0,"key":"REST"},{"data":"Hello World","floor":49,"key":"SMITH"}],"circlet_count":0,"master_deck":["Strike_B+1","Strike_B+1","Strike_B+1","Strike_B+1","Defend_B+1","Defend_B+1","Defend_B+1","Defend_B+1","Zap+1","Dualcast","Lockon","Heatsinks+1","Genetic Algorithm+1","Self Repair","Sweeping Beam","Auto Shields","Zap","Fusion+1","Sweeping Beam","Heatsinks","Biased Cognition","Fusion","Necronomicurse","Amplify","Panacea","Defragment","Blizzard","Streamline","Doom and Gloom","Multi-Cast","Lockon","Hello World","Chill+1","Sweeping Beam+1","Thunder Strike","Capacitor","White Noise+1","Buffer","Streamline+1","Parasite","Capacitor+1","Hello World+1","HandOfGreed","Venomology","EmptyMind+1","Finesse+1"],"relics":["FrozenCore","EVO:Axolotl","Bird Faced Urn","Incense Burner","Lizard Tail","Kunai","Cursed Key","Necronomicon","Eternal Feather","Oddly Smooth Stone","InkBottle","Ice Cream","Calipers","MerchantsRug","PrismaticShard","StoneCalendar"],"acts_visited":["Exordium","TheCity","TheBeyond"],"potions_floor_usage":[45,50,50,50],"damage_taken":[{"damage":6.0,"enemies":"Jaw Worm","floor":1.0,"turns":2.0},{"damage":0.0,"enemies":"2 Louse","floor":3.0,"turns":3.0},{"damage":4.0,"enemies":"Cultist","floor":5.0,"turns":4.0},{"damage":17.0,"enemies":"Lagavulin","floor":7.0,"turns":6.0},{"damage":7.0,"enemies":"Blue Slaver","floor":11.0,"turns":2.0},{"damage":39.0,"enemies":"Gremlin Nob","floor":12.0,"turns":5.0},{"damage":2.0,"enemies":"2 Fungi Beasts","floor":13.0,"turns":4.0},{"damage":48.0,"enemies":"Slime Boss","floor":16.0,"turns":10.0},{"damage":0.0,"enemies":"Spheric Guardian","floor":18.0,"turns":3.0},{"damage":8.0,"enemies":"Shell Parasite","floor":21.0,"turns":7.0},{"damage":25.0,"enemies":"Snake Plant","floor":25.0,"turns":5.0},{"damage":52.0,"enemies":"Slavers","floor":27.0,"turns":5.0},{"damage":2.0,"enemies":"Centurion and Healer","floor":28.0,"turns":6.0},{"damage":41.0,"enemies":"Book of Stabbing","floor":29.0,"turns":6.0},{"damage":27.0,"enemies":"Shelled Parasite and Fungi","floor":30.0,"turns":5.0},{"damage":84.0,"enemies":"Collector","floor":33.0,"turns":9.0},{"damage":22.0,"enemies":"Orb Walker","floor":35.0,"turns":5.0},{"damage":10.0,"enemies":"3 Shapes","floor":38.0,"turns":5.0},{"damage":37.0,"enemies":"Reptomancer","floor":40.0,"turns":6.0},{"damage":0,"enemies":"Mind Bloom Boss Battle","floor":41,"turns":7},{"damage":9,"enemies":"Jaw Worm Horde","floor":44,"turns":6},{"damage":27,"enemies":"Transient","floor":46,"turns":5},{"damage":5,"enemies":"3 Darklings","floor":47,"turns":6},{"damage":38,"enemies":"2 Orb Walkers","floor":48,"turns":5},{"damage":27,"enemies":"Time Eater","floor":50,"turns":12}],"seed_played":"-4105432371622549936","potions_obtained":[{"floor":7.0,"key":"LiquidBronze"},{"floor":13.0,"key":"GamblersBrew"},{"floor":25.0,"key":"GamblersBrew"},{"floor":29.0,"key":"Explosive Potion"},{"floor":40,"key":"Weak Potion"},{"floor":46,"key":"LiquidBronze"},{"floor":47,"key":"Fire Potion"},{"floor":48,"key":"ColorlessPotion"}],"is_trial":false,"path_per_floor":["M","?","M","?","M","R","E","R","T","?","M","E","M","?","R","B",null,"M","?","?","M","?","R","$","M","T","E","M","E","M","?","R","B",null,"M","?","$","M","?","E","?","T","T","M","$","M","M","?","R","B",null],"character_chosen":"DEFECT","items_purchased":["Bird Faced Urn","Pear","Lockon","Heatsinks","Eternal Feather","Panacea","Orrery","Hello World","MerchantsRug","Fruit Juice","PrismaticShard","HandOfGreed"],"campfire_rested":3,"item_purchase_floors":[0,0,0,0,24,24,37,45,45,45,45,45],"current_hp_per_floor":[81,81,83,66,73,73,67,67,67,67,60,32,41,41,66,31,85,85,69,53,60,60,87,87,83,83,50,67,43,31,31,76,9,90,72,72,72,81,81,66,89,89,89,90,95,85,95,69,95,88],"gold":135,"neow_bonus":"","is_daily":false,"chose_seed":false,"campfire_upgraded":3,"win_rate":0.0,"timestamp":1612065046,"path_taken":["M","?","M","?","M","R","E","R","T","?","?","E","M","?","R","BOSS","M","?","?","M","?","R","$","M","T","E","M","E","?","?","R","BOSS","M","?","$","?","?","E","?","?","T","M","$","M","?","?","R","BOSS"],"items_purchased_type":["Relic","Relic","Card","Card","Relic","Card","Relic","Card","Relic","Potion","Relic","Card"],"build_version":"2020-12-22","purchased_purges":1,"victory":true,"max_hp_per_floor":[85,85,85,85,85,85,85,85,85,85,85,85,85,85,85,85,85,85,85,90,90,90,90,90,90,90,90,90,90,90,90,90,90,90,90,90,90,90,90,90,90,90,90,90,95,95,95,95,95,95],"card_choices":[{"not_picked":["Chaos","Steam"],"picked":"Genetic Algorithm","floor":1.0},{"not_picked":["Conserve Battery","Rip and Tear"],"picked":"Self Repair","floor":3.0},{"not_picked":["Stack","Compile Driver"],"picked":"Sweeping Beam","floor":5.0},{"not_picked":["FTL","Redo"],"picked":"Auto Shields","floor":7.0},{"not_picked":["Leap","Scrape"],"picked":"Fusion","floor":11.0},{"not_picked":["Steam","Stack"],"picked":"Sweeping Beam","floor":12.0},{"not_picked":["Cold Snap","Redo"],"picked":"Heatsinks","floor":13.0},{"not_picked":["Machine Learning","Thunder Strike"],"picked":"Biased Cognition","floor":16.0},{"not_picked":["Beam Cell","Compile Driver"],"picked":"Fusion","floor":18.0},{"not_picked":["Redo","Conserve Battery"],"picked":"Amplify","floor":21.0},{"not_picked":["Hologram","Gash"],"picked":"Defragment","floor":25.0},{"not_picked":["Streamline","Rip and Tear"],"picked":"FTL+1","floor":27.0},{"not_picked":["Ball Lightning","Cold Snap"],"picked":"Blizzard","floor":28.0},{"not_picked":["Conserve Battery","Leap"],"picked":"Streamline","floor":29.0},{"not_picked":["Melter","Cold Snap+1"],"picked":"Doom and Gloom","floor":30.0},{"not_picked":["Seek","Fission"],"picked":"Multi-Cast","floor":33.0},{"not_picked":["BootSequence","Cold Snap"],"picked":"Lockon","floor":35.0},{"not_picked":["Coolheaded","Leap"],"picked":"Hello World","floor":37.0},{"not_picked":["Steam","Hologram+1"],"picked":"Chill+1","floor":37.0},{"not_picked":["Scrape","Barrage+1"],"picked":"Sweeping Beam+1","floor":37.0},{"not_picked":["Sweeping Beam","Hologram+1"],"picked":"Thunder Strike","floor":37.0},{"not_picked":["Steam","Conserve Battery"],"picked":"Capacitor","floor":37.0},{"not_picked":["Sweeping Beam","Steam"],"picked":"White Noise+1","floor":38.0},{"not_picked":["Redo","Coolheaded+1"],"picked":"Buffer","floor":40},{"not_picked":["Compile Driver+1","Stack"],"picked":"Streamline+1","floor":41},{"not_picked":["Streamline+1","Stack"],"picked":"Capacitor+1","floor":44},{"not_picked":["BowlingBash+1","Blind"],"picked":"Venomology","floor":46},{"not_picked":["Conserve Battery+1","Cleave"],"picked":"EmptyMind+1","floor":47},{"not_picked":["EmptyFist","Prepared"],"picked":"Finesse+1","floor":48}],"player_experience":24552,"relics_obtained":[{"floor":7.0,"key":"Lizard Tail"},{"floor":9.0,"key":"WingedGreaves"},{"floor":12.0,"key":"Kunai"},{"floor":19.0,"key":"Necronomicon"},{"floor":26.0,"key":"Oddly Smooth Stone"},{"floor":27.0,"key":"InkBottle"},{"floor":29.0,"key":"Gremlin Horn"},{"floor":40,"key":"Ice Cream"},{"floor":41,"key":"Torii"},{"floor":42,"key":"Calipers"},{"floor":43,"key":"Toy Ornithopter"},{"floor":48,"key":"StoneCalendar"}],"event_choices":[{"damage_healed":0.0,"max_hp_gain":0.0,"max_hp_loss":0.0,"gold_gain":0.0,"event_name":"The Cleric","player_choice":"Leave","floor":2.0,"gold_loss":0.0,"damage_taken":0.0},{"damage_healed":0.0,"max_hp_gain":0.0,"max_hp_loss":0.0,"gold_gain":0.0,"event_name":"Shining Light","player_choice":"Entered Light","floor":4.0,"gold_loss":0.0,"damage_taken":17.0,"cards_upgraded":["Strike_B","Zap"]},{"damage_healed":0.0,"max_hp_gain":0.0,"max_hp_loss":0.0,"gold_gain":0.0,"event_name":"Match and Keep!","player_choice":"1 cards matched","floor":10.0,"gold_loss":0.0,"damage_taken":0.0,"cards_obtained":["Zap"]},{"damage_healed":0.0,"max_hp_gain":0.0,"max_hp_loss":0.0,"gold_gain":0.0,"event_name":"Living Wall","player_choice":"Grow","floor":14.0,"gold_loss":0.0,"damage_taken":0.0,"cards_upgraded":["Fusion"]},{"damage_healed":0.0,"max_hp_gain":0.0,"max_hp_loss":0.0,"gold_gain":0.0,"event_name":"Cursed Tome","player_choice":"Obtained Book","floor":19.0,"gold_loss":0.0,"damage_taken":16.0},{"damage_healed":0.0,"max_hp_gain":5.0,"max_hp_loss":0.0,"gold_gain":0.0,"event_name":"Forgotten Altar","player_choice":"Shed Blood","floor":20.0,"gold_loss":0.0,"damage_taken":21.0},{"damage_healed":0.0,"max_hp_gain":0.0,"max_hp_loss":0.0,"gold_gain":0.0,"event_name":"The Mausoleum","player_choice":"Opened","floor":22.0,"gold_loss":0.0,"damage_taken":0.0,"relics_obtained":["Peace Pipe"]},{"damage_healed":0.0,"max_hp_gain":0.0,"max_hp_loss":0.0,"gold_gain":0.0,"event_name":"Back to Basics","player_choice":"Simplicity","floor":31.0,"gold_loss":0.0,"damage_taken":0.0,"cards_upgraded":["Strike_B","Strike_B","Strike_B","Defend_B","Defend_B","Defend_B","Defend_B"]},{"cards_removed":["Clumsy"],"damage_healed":0.0,"max_hp_gain":0.0,"max_hp_loss":0.0,"gold_gain":0.0,"event_name":"Wheel of Change","player_choice":"Card Removal","floor":36.0,"gold_loss":0.0,"damage_taken":0.0},{"cards_removed":["FTL"],"damage_healed":0.0,"max_hp_gain":0.0,"max_hp_loss":0.0,"gold_gain":0.0,"event_name":"Falling","player_choice":"Removed Attack","floor":39.0,"gold_loss":0.0,"damage_taken":0.0},{"damage_healed":0,"gold_gain":0,"player_choice":"Fight","damage_taken":0,"max_hp_gain":0,"max_hp_loss":0,"event_name":"MindBloom","floor":41,"gold_loss":0},{"damage_healed":0,"gold_gain":0,"player_choice":"Fight","damage_taken":0,"max_hp_gain":0,"max_hp_loss":0,"event_name":"Mysterious Sphere","floor":48,"gold_loss":0}],"is_beta":false,"boss_relics":[{"not_picked":["SacredBark","Sozu"],"picked":"Cursed Key"},{"not_picked":["Astrolabe","Runic Pyramid"],"picked":"FrozenCore"}],"items_purged_floors":[45],"is_endless":false,"potions_floor_spawned":[7,13,25,29,30,40,46,47,48],"ascension_level":0}}