{"host":"ijtyqc57s6c9mbij","time":1612062009,"event":{"mods":["BaseMod","Colored Map","Downfall","Minty Spire (QoL Compilation)","StSLib"],"gold_per_floor":[99,99,99,199,199,99,147,179,79,92,92,118,218,210,238,238,238,238],"floor_reached":16,"language":"ENG","playtime":850,"items_purged":[],"score":109,"play_id":"82ebdb43-da39-40ee-8c2f-f2d1f414f785","local_time":"20210130190009","is_ascension_mode":true,"campfire_choices":[{"floor":1,"key":"RECALL"},{"data":"hexamod:FlamesFromBeyond","floor":6,"key":"SMITH"},{"data":"1","floor":9,"key":"LIFT"}],"circlet_count":0,"master_deck":["hexamod:Strike","hexamod:Strike","hexamod:Strike","hexamod:Strike","hexamod:Defend","hexamod:Defend","hexamod:Defend","hexamod:Defend","hexamod:Sear","hexamod:Float","hexamod:AdvancingGuard","hexamod:ShieldOfDarkness","hexamod:PhantomCloak","hexamod:NecessarySacrifice","hexamod:SpectralSpark","hexamod:FirstSeal","hexamod:SecondSeal","hexamod:ThirdSeal","hexamod:FourthSeal","hexamod:HeatMetal","hexamod:FastForward"],"relics":["hexamod:SpiritBrand","downfall:HeartsMalice","downfall:HeartBlessingRed","Girya","downfall:HeartBlessingGreen","White Beast Statue","Letter Opener"],"acts_visited":["Exordium"],"potions_floor_usage":[16],"damage_taken":[{"damage":0,"enemies":"Jaw Worm","floor":2,"turns":1},{"damage":0,"enemies":"Cultist","floor":3,"turns":1},{"damage":0,"enemies":"2 Louse","floor":5,"turns":1},{"damage":8,"enemies":"Lagavulin","floor":8,"turns":8},{"damage":2,"enemies":"2 Fungi Beasts","floor":10,"turns":3},{"damage":14,"enemies":"3 Sentries","floor":12,"turns":9},{"damage":9,"enemies":"Exordium Wildlife","floor":15,"turns":5},{"damage":36,"enemies":"SI_SHIV_ARCHETYPE","floor":16,"turns":7}],"seed_played":"-1785671277947273236","potions_obtained":[{"floor":12,"key":"FearPotion"},{"floor":15,"key":"Weak Potion"},{"floor":15,"key":"sneckomod:MuddlingPotion"}],"is_trial":false,"path_per_floor":["R","M","M","?","M","R","T","E","R","M","?","E","?","?","M","B"],"character_chosen":"THE_SPIRIT","items_purchased":[],"campfire_rested":0,"item_purchase_floors":[],"current_hp_per_floor":[70,70,70,70,70,70,70,62,62,60,53,39,39,32,30,0,0,0],"gold":238,"neow_bonus":"THREE_ENEMY_KILL","is_daily":false,"chose_seed":false,"campfire_upgraded":1,"win_rate":0.0,"timestamp":1612062009,"path_taken":["R","M","M","?","?","R","T","E","R","M","?","E","?","?","M","BOSS"],"items_purchased_type":[],"build_version":"2020-12-22","purchased_purges":0,"victory":false,"max_hp_per_floor":[70,70,70,70,70,70,70,70,70,70,70,70,70,70,70,70,70,70],"card_choices":[{"not_picked":["hexamod:NightmareGuise","hexamod:ChargedBarrage"],"picked":"hexamod:AdvancingGuard","floor":2},{"not_picked":["hexamod:GhostLash","hexamod:BurningTouch"],"picked":"hexamod:FlamesFromBeyond","floor":3},{"not_picked":["hexamod:NightmareGuise","hexamod:GhostflameBarrier"],"picked":"hexamod:ShieldOfDarkness","floor":5},{"not_picked":["hexamod:SwordOfDarkness","hexamod:HeatShield"],"picked":"hexamod:PhantomCloak","floor":8},{"not_picked":["hexamod:BurningTouch","hexamod:HauntingEcho"],"picked":"hexamod:NecessarySacrifice","floor":10},{"not_picked":["hexamod:NightmareStrike","hexamod:Toasty"],"picked":"hexamod:SpectralSpark","floor":12},{"not_picked":["hexamod:Incineration","hexamod:ShieldOfDarkness"],"picked":"hexamod:HeatMetal","floor":15},{"not_picked":["hexamod:BacktrackSmack","hexamod:AdvancingGuard"],"picked":"hexamod:FastForward","floor":15}],"player_experience":922023,"relics_obtained":[{"floor":8,"key":"Girya"},{"floor":12,"key":"Letter Opener"}],"event_choices":[{"damage_healed":0,"gold_gain":0,"player_choice":"Success","damage_taken":7,"relics_obtained":["White Beast Statue"],"max_hp_gain":0,"max_hp_loss":0,"event_name":"Scrap Ooze","floor":11,"gold_loss":0}],"is_beta":false,"boss_relics":[],"items_purged_floors":[],"is_endless":false,"potions_floor_spawned":[12,15],"killed_by":"SI_SHIV_ARCHETYPE","ascension_level":1}}