{"host":"rolltorest","time":1612064678,"event":{"mods":["BaseMod","Gremlin Mod","Jorbs\u0027s Wanderer Trilogy","Koishi","Minty Spire (QoL Compilation)","Relic Stats","Robot Space Explorer","Slay the Relics Exporter","StSLib","The Servant 0.9.4"],"gold_per_floor":[119,119,119,119,132,167,181,181,181,181,212,212,247,282,282,360,360,379,396,396,446,248,278,278,291,291,291,291,319,351,369,369,443,443,454,454,182,195,195,195,227,243,269,269,269,303,320,346,346,346,346,346],"floor_reached":51,"language":"ENG","playtime":1653,"items_purged":["Koishi:BasicStrike","Koishi:RorschachInDanmaku"],"score":1834,"play_id":"8310418c-aa6a-427d-87a4-0a9e9409a396","local_time":"20210130194438","is_ascension_mode":true,"campfire_choices":[{"data":"Koishi:StrangeCloudFist","floor":8,"key":"SMITH"},{"data":"Koishi:JumpScare","floor":10,"key":"SMITH"},{"data":"Koishi:PerfectMindControl","floor":12,"key":"SMITH"},{"data":"Koishi:CatchAndRose","floor":15,"key":"SMITH"},{"data":"Koishi:Whimsy","floor":24,"key":"SMITH"},{"data":"Koishi:UnseenTerror","floor":28,"key":"SMITH"},{"data":"Koishi:Possession","floor":32,"key":"SMITH"},{"data":"Koishi:TerrifyingSpectre","floor":40,"key":"SMITH"},{"data":"Koishi:Heartbroken","floor":44,"key":"SMITH"},{"floor":49,"key":"RECALL"}],"circlet_count":0,"master_deck":["AscendersBane","Koishi:HauntingSlash","Koishi:SpiritedAway+1","Koishi:ParalyzingFear","Koishi:StrangeCloudFist+1","Koishi:JumpScare+1","Koishi:PerfectMindControl+1","Koishi:LastRemote","Koishi:CatchAndRose+1","Koishi:SilentAndRestless","Koishi:Jaunt+1","Koishi:PhantomBarrier","Koishi:UnseenTerror+1","Koishi:MindNumbingTerror","Koishi:Whimsy+1","Koishi:VengefulSpirit","Koishi:FleetingPhantom+1","Koishi:Possession+1","Koishi:Prune","Koishi:GrowingPain","Koishi:EmbersOfLove","Koishi:StrangeCloudFist","Koishi:Heartbroken+1","Koishi:SubconsciousSweep","Koishi:LastRemote","Koishi:TerrifyingSpectre+1","Koishi:BloodcurdlingScream","Koishi:Jaunt+1","Koishi:TremblingHands","Koishi:GrowingPain","Koishi:RoseHell"],"relics":["Koishi:ImaginaryFriend","NeowsBlessing","Kunai","CaptainsWheel","White Beast Statue","WingedGreaves","Letter Opener","Toy Ornithopter","Philosopher\u0027s Stone","Gremlin Horn","Sundial","Bird Faced Urn","PreservedInsect","Pandora\u0027s Box","Centennial Puzzle","Lantern","Ornamental Fan","Dead Branch"],"acts_visited":["Exordium","TheCity","TheBeyond"],"potions_floor_usage":[11,14,16,18,19,23,29,31,33,50],"damage_taken":[{"damage":0,"enemies":"2 Louse","floor":1,"turns":2},{"damage":0,"enemies":"Jaw Worm","floor":5,"turns":1},{"damage":0,"enemies":"Gremlin Nob","floor":6,"turns":1},{"damage":0,"enemies":"Small Slimes","floor":7,"turns":3},{"damage":15,"enemies":"3 Sentries","floor":11,"turns":8},{"damage":7,"enemies":"Lagavulin","floor":13,"turns":9},{"damage":0,"enemies":"3 Sentries","floor":14,"turns":6},{"damage":8,"enemies":"The Guardian","floor":16,"turns":11},{"damage":6,"enemies":"Shell Parasite","floor":18,"turns":6},{"damage":0,"enemies":"3 Byrds","floor":19,"turns":4},{"damage":0,"enemies":"Gremlin Leader","floor":23,"turns":4},{"damage":0,"enemies":"Centurion and Healer","floor":25,"turns":3},{"damage":37,"enemies":"Slavers","floor":29,"turns":5},{"damage":0,"enemies":"Gremlin Leader","floor":30,"turns":3},{"damage":0,"enemies":"Sentry and Sphere","floor":31,"turns":3},{"damage":6,"enemies":"Champ","floor":33,"turns":10},{"damage":1,"enemies":"3 Shapes","floor":35,"turns":4},{"damage":24,"enemies":"Orb Walker","floor":38,"turns":3},{"damage":2,"enemies":"Reptomancer","floor":41,"turns":3},{"damage":0,"enemies":"Spire Growth","floor":42,"turns":4},{"damage":0,"enemies":"Nemesis","floor":46,"turns":5},{"damage":0,"enemies":"Transient","floor":47,"turns":6},{"damage":16,"enemies":"Reptomancer","floor":48,"turns":3},{"damage":64,"enemies":"Time Eater","floor":50,"turns":11},{"damage":0,"enemies":"Awakened One","floor":51,"turns":1}],"seed_played":"4814225306208759583","potions_obtained":[{"floor":1,"key":"Block Potion"},{"floor":11,"key":"BlessingOfTheForge"},{"floor":13,"key":"LiquidMemories"},{"floor":14,"key":"SkillPotion"},{"floor":16,"key":"Block Potion"},{"floor":18,"key":"Ancient Potion"},{"floor":19,"key":"Dexterity Potion"},{"floor":23,"key":"DistilledChaos"},{"floor":25,"key":"PowerPotion"},{"floor":29,"key":"SneckoOil"},{"floor":30,"key":"ColorlessPotion"},{"floor":31,"key":"GamblersBrew"},{"floor":33,"key":"ColorlessPotion"},{"floor":35,"key":"SteroidPotion"}],"is_trial":false,"path_per_floor":["M","?","T","?","M","E","M","R","T","R","E","R","E","E","R","B",null,"M","M","?","?","$","E","R","M","T","?","R","E","E","M","R","B",null,"M","?","$","M","?","R","E","M","T","R","?","E","M","E","R","B","B"],"character_chosen":"KOISHI","items_purchased":["Koishi:UnseenTerror","Koishi:MindNumbingTerror","Centennial Puzzle"],"campfire_rested":0,"item_purchase_floors":[22,22,37],"current_hp_per_floor":[51,51,51,34,34,34,35,35,35,35,22,22,22,25,25,26,49,57,57,57,57,57,57,57,57,57,42,42,18,25,30,30,47,58,61,61,61,46,46,46,58,62,62,62,59,59,59,49,49,5,5,5],"gold":346,"neow_bonus":"THREE_ENEMY_KILL","is_daily":false,"chose_seed":false,"campfire_upgraded":9,"win_rate":0.0,"timestamp":1612064678,"path_taken":["M","?","?","?","M","E","M","R","T","R","E","R","E","E","R","BOSS","M","M","?","?","$","E","R","M","T","?","R","E","E","M","R","BOSS","M","?","$","M","?","R","E","M","T","R","?","E","M","E","R","BOSS","BOSS"],"items_purchased_type":["Card","Card","Relic"],"build_version":"2020-12-18","purchased_purges":2,"victory":false,"max_hp_per_floor":[57,57,57,57,57,57,57,57,57,57,57,57,57,57,57,57,57,57,57,57,57,57,57,57,57,57,62,62,62,62,62,62,62,62,62,62,62,62,62,62,62,62,62,62,59,59,59,59,59,59,59,59],"relic_stats":{"Gremlin Horn":[17,17],"counters":[25,119],"Dead Branch":[8],"PreservedInsect":171,"Letter Opener":[160],"Centennial Puzzle":[12],"Sundial":[6],"Ornamental Fan":[40],"Bird Faced Urn":[29],"Pandora\u0027s Box":["Koishi:EmbersOfLove","Koishi:RorschachInDanmaku","Koishi:StrangeCloudFist","Koishi:Heartbroken","Koishi:SubconsciousSweep","Koishi:LastRemote","Koishi:TerrifyingSpectre"],"Kunai":[37],"obtain_stats":[{"Lantern":41,"NeowsBlessing":0,"Gremlin Horn":23,"Dead Branch":48,"PreservedInsect":30,"Letter Opener":13,"White Beast Statue":9,"CaptainsWheel":6,"Centennial Puzzle":37,"Sundial":26,"Ornamental Fan":46,"Bird Faced Urn":29,"Philosopher\u0027s Stone":17,"Pandora\u0027s Box":34,"WingedGreaves":11,"Kunai":3,"Toy Ornithopter":14,"Koishi:ImaginaryFriend":0},{"Lantern":19,"NeowsBlessing":0,"Gremlin Horn":11,"Dead Branch":23,"PreservedInsect":14,"Letter Opener":6,"White Beast Statue":4,"CaptainsWheel":3,"Centennial Puzzle":17,"Sundial":12,"Ornamental Fan":21,"Bird Faced Urn":13,"Philosopher\u0027s Stone":8,"Pandora\u0027s Box":16,"WingedGreaves":5,"Kunai":1,"Toy Ornithopter":7,"Koishi:ImaginaryFriend":0},{"Lantern":89,"NeowsBlessing":0,"Gremlin Horn":55,"Dead Branch":107,"PreservedInsect":66,"Letter Opener":24,"White Beast Statue":7,"CaptainsWheel":4,"Centennial Puzzle":83,"Sundial":58,"Ornamental Fan":98,"Bird Faced Urn":63,"Philosopher\u0027s Stone":41,"Pandora\u0027s Box":79,"WingedGreaves":15,"Kunai":2,"Toy Ornithopter":30,"Koishi:ImaginaryFriend":0}],"Toy Ornithopter":30},"card_choices":[{"not_picked":["Koishi:FidgetySnatcher","Koishi:UnansweredLove"],"picked":"Koishi:SpiritedAway","floor":1},{"not_picked":["Koishi:SubconsciousSweep","Koishi:VengefulSpirit"],"picked":"Koishi:ParalyzingFear","floor":5},{"not_picked":["Koishi:SpiritedAway","Koishi:CatchAndRose"],"picked":"Koishi:StrangeCloudFist","floor":6},{"not_picked":["Koishi:UnconsciousUprising","Koishi:StrangeCloudFist"],"picked":"Koishi:JumpScare","floor":7},{"not_picked":["Koishi:Bloodlust","Koishi:JumpScare"],"picked":"Koishi:PerfectMindControl","floor":11},{"not_picked":["Koishi:RacingHeart","Koishi:SubterraneanRose"],"picked":"Koishi:LastRemote","floor":13},{"not_picked":["Koishi:ParalyzingFear","Koishi:IdleWhim"],"picked":"Koishi:CatchAndRose","floor":14},{"not_picked":["Koishi:Ego","Koishi:PerfectMindControl"],"picked":"Koishi:SilentAndRestless","floor":16},{"not_picked":["Koishi:RacingHeart","Koishi:UnansweredLove"],"picked":"Koishi:Jaunt+1","floor":18},{"not_picked":["Koishi:UnansweredLove","Koishi:SpiritedAway"],"picked":"Koishi:PhantomBarrier","floor":19},{"not_picked":["Koishi:UnansweredLove+1","Koishi:Jaunt+1"],"picked":"Koishi:Whimsy","floor":23},{"not_picked":["Koishi:DreadfulBlow","Koishi:ReleaseOfTheId"],"picked":"Koishi:VengefulSpirit","floor":25},{"not_picked":["Koishi:Jaunt","Koishi:ReflexRadar"],"picked":"Koishi:FleetingPhantom+1","floor":29},{"not_picked":["Koishi:ParalyzingFear","Koishi:FreudianInstinct"],"picked":"Koishi:Possession","floor":30},{"not_picked":["Koishi:PhantomBarrier","Koishi:SubterraneanRose"],"picked":"Koishi:Prune","floor":31},{"not_picked":["Koishi:SuperEgo","Koishi:Ego"],"picked":"Koishi:GrowingPain","floor":33},{"not_picked":["Koishi:RacingHeart","Koishi:EmbersOfLove"],"picked":"Koishi:BloodcurdlingScream","floor":35},{"not_picked":["Koishi:RacingHeart","Koishi:UnansweredLove"],"picked":"Koishi:Jaunt+1","floor":38},{"not_picked":["Koishi:FourthEye","Koishi:SubterraneanRose+1"],"picked":"Koishi:TremblingHands","floor":41},{"not_picked":["Koishi:FleetingPhantom","Koishi:UnconsciousUprising"],"picked":"Koishi:GrowingPain","floor":42},{"not_picked":["Koishi:UnconsciousUprising","Koishi:ReflexRadar","Koishi:Possession"],"picked":"SKIP","floor":46},{"not_picked":["Koishi:RacingHeart","Koishi:RorschachInDanmaku","Koishi:GeneticsOfTheUnconscious"],"picked":"SKIP","floor":47},{"not_picked":["Koishi:PredatoryInstincts","Koishi:ParalyzingFear"],"picked":"Koishi:RoseHell","floor":48}],"player_experience":2358828,"relics_obtained":[{"floor":3,"key":"Kunai"},{"floor":6,"key":"CaptainsWheel"},{"floor":9,"key":"White Beast Statue"},{"floor":11,"key":"WingedGreaves"},{"floor":13,"key":"Letter Opener"},{"floor":14,"key":"Toy Ornithopter"},{"floor":23,"key":"Gremlin Horn"},{"floor":26,"key":"Sundial"},{"floor":29,"key":"Bird Faced Urn"},{"floor":30,"key":"PreservedInsect"},{"floor":41,"key":"Lantern"},{"floor":46,"key":"Ornamental Fan"},{"floor":48,"key":"Dead Branch"}],"event_choices":[{"damage_healed":0,"gold_gain":0,"player_choice":"Grow","damage_taken":0,"max_hp_gain":0,"max_hp_loss":0,"event_name":"Living Wall","floor":2,"gold_loss":0,"cards_upgraded":["Koishi:SpiritedAway"]},{"damage_healed":0,"gold_gain":0,"player_choice":"Entered Light","damage_taken":17,"max_hp_gain":0,"max_hp_loss":0,"event_name":"Shining Light","floor":4,"gold_loss":0,"cards_upgraded":["Koishi:BasicDefend","Koishi:Provoke"]},{"damage_healed":0,"gold_gain":0,"player_choice":"Ignored","damage_taken":0,"max_hp_gain":0,"max_hp_loss":0,"event_name":"Vampires","floor":20,"gold_loss":0},{"damage_healed":0,"gold_gain":50,"player_choice":"Stole From Cult","damage_taken":0,"max_hp_gain":0,"max_hp_loss":0,"event_name":"Nest","floor":21,"gold_loss":0},{"damage_healed":0,"gold_gain":0,"player_choice":"Shed Blood","damage_taken":20,"max_hp_gain":5,"max_hp_loss":0,"event_name":"Forgotten Altar","floor":27,"gold_loss":0},{"damage_healed":0,"gold_gain":0,"player_choice":"Memory 1","damage_taken":0,"max_hp_gain":0,"max_hp_loss":0,"event_name":"SensoryStone","floor":36,"gold_loss":0},{"cards_removed":["Koishi:Provoke"],"damage_healed":0,"gold_gain":0,"player_choice":"Removed Skill","damage_taken":0,"max_hp_gain":0,"max_hp_loss":0,"event_name":"Falling","floor":39,"gold_loss":0},{"damage_healed":0,"gold_gain":0,"player_choice":"Max HP","damage_taken":0,"max_hp_gain":0,"max_hp_loss":3,"event_name":"Winding Halls","floor":45,"gold_loss":0}],"is_beta":true,"boss_relics":[{"not_picked":["Tiny House","SlaversCollar"],"picked":"Philosopher\u0027s Stone"},{"not_picked":["Empty Cage","Runic Pyramid"],"picked":"Pandora\u0027s Box"}],"items_purged_floors":[22,37],"is_endless":false,"potions_floor_spawned":[1,11,13,14,16,18,19,23,25,29,30,31,33,35,38,41,42,46,47,48],"killed_by":"Awakened One","ascension_level":20}}