{"host":"nowlnq08cups5y6x","time":1612133314,"event":{"mods":["2.2 Compatiblity","AchievementEnabler","Aspiration","BaseMod","Beaked The Cultist","Better Altar","Better Match","Better Note","Better Sensory Stone","Better Silent Start","Better Skull","Better Third Choice","BetterRewards","Card Forge","Colored Map","Colored Powertips","Conspire","Curses Come First","Defuse TimeMaze Blight","Energized Spire","Gold Saver","Grow up Mod","Halation","Highlight Path","Hubris","Infinite Spire","Minty Spire (QoL Compilation)","Permanent Neow","Rare Cards Sparkle","Reliquary","Remove Card Discount Mod","Replay The Spire","SacredBarkPlus","Shop Mod","Spicy Shops","StS++","StSLib","The Cursed","Transform Curses","UnlockEverythingMod"],"gold_per_floor":[1146,1321,1321,1337,1351,1351,1351,1368,1368,1399,1409,1419,1447,1464,1464,1568,1568,1578,1594,1594,1609,1628,1628,1658,1658,1682,1693,1693,1713,1713,1663,1663,1759,1759,1779,1779,1879,1879,1889,1919,1939,1952,1952,1967,1967,1979,1908,1926,1926,2027,2027,2027],"floor_reached":51,"language":"ENG","playtime":6169,"items_purged":[],"score":840,"play_id":"fc260252-adc3-4542-96a7-a0fe18e061f9","local_time":"20210131174834","is_ascension_mode":false,"campfire_choices":[{"data":"Strike_P","floor":6.0,"key":"SMITH"},{"floor":15.0,"key":"REST"},{"data":"Strike_P","floor":23.0,"key":"SMITH"},{"floor":25.0,"key":"REST"},{"data":"Replay:AtTheReady","floor":28.0,"key":"SMITH"},{"floor":32.0,"key":"REST"},{"floor":45,"key":"REST"},{"data":"1","floor":49,"key":"LIFT"}],"circlet_count":0,"master_deck":["Strike_P+1","Strike_P+1","Strike_P","Strike_P","Defend_P+1","Defend_P+1","Defend_P+1","Defend_P+1","Eruption+1","Vigilance+1","BowlingBash+1","Study+1","Scrawl+1","Ragnarok+1","MasterReality+1","Omniscience+1","Nirvana+1","Replay:LoomingThreat+1","Replay:Hum+1","Wireheading+1","Protect+1","Replay:LoomingThreat+1","Replay:ManipulateFuture+1","Pray+1","Weave+1","FollowUp+1","Worship+1","SignatureMove+1","StSpp:Faith+1","EmptyFist+1","Protect+1","Replay:AtTheReady+1","WindmillStrike+1","hubris:InfiniteBlow+958","Omniscience+1","FollowUp+1","infinitespire:SevenWalls+1","ClearTheMind+1","hubris:InfiniteBlow+958","FollowUp+1","CutThroughFate+1","Scrawl+1","Replay:DivineShield+1"],"relics":["PureWater","Hammer of Thor","Seething Fire","Anvil of the Gods","WarpedTongs","aspiration:Lifesprig","Golden Egg","Busted Crown","Replay:WaspNest","halation:PrussianBluePaint","Singing Bowl","halation:MonkeysPaw","OrangePellets","Girya","ReplayTheSpireMod:TigerMarble","MealTicket","hubris:EmptyBottle","energizedSpire:CrystalSphere"],"acts_visited":["Exordium","TheCity","TheBeyond","Exordium"],"potions_floor_usage":[50,50,50],"damage_taken":[{"damage":0.0,"enemies":"2 Louse","floor":1.0,"turns":2.0},{"damage":1.0,"enemies":"conspire:RoseBush","floor":4.0,"turns":6.0},{"damage":0.0,"enemies":"Cultist","floor":5.0,"turns":4.0},{"damage":13.0,"enemies":"2 Fungi Beasts","floor":8.0,"turns":3.0},{"damage":9.0,"enemies":"Replay:BlueRogue","floor":10.0,"turns":4.0},{"damage":15.0,"enemies":"Lots of Slimes","floor":11.0,"turns":3.0},{"damage":28.0,"enemies":"Exordium Thugs","floor":12.0,"turns":3.0},{"damage":19.0,"enemies":"3 Sentries","floor":13.0,"turns":5.0},{"damage":10.0,"enemies":"Looter","floor":14.0,"turns":2.0},{"damage":0.0,"enemies":"Slime Boss","floor":16.0,"turns":5.0},{"damage":0.0,"enemies":"Spheric Guardian","floor":18.0,"turns":3.0},{"damage":12.0,"enemies":"3 Byrds","floor":19.0,"turns":4.0},{"damage":18.0,"enemies":"Centurion and Healer","floor":21.0,"turns":3.0},{"damage":27.0,"enemies":"Shelled Parasite and Fungi","floor":22.0,"turns":3.0},{"damage":67.0,"enemies":"Gremlin Leader","floor":24.0,"turns":5.0},{"damage":18.0,"enemies":"3 Cultists","floor":27.0,"turns":3.0},{"damage":3.0,"enemies":"Snecko","floor":29.0,"turns":4.0},{"damage":24.0,"enemies":"Champ","floor":33.0,"turns":4.0},{"damage":46,"enemies":"3 Darklings","floor":35,"turns":5},{"damage":53,"enemies":"infinitespire:Three Voidlings","floor":37,"turns":3},{"damage":0,"enemies":"Nightmare_Alpha","floor":37,"turns":1},{"damage":0,"enemies":"Orb Walker","floor":39,"turns":1},{"damage":127,"enemies":"Reptomancer","floor":40,"turns":5},{"damage":56,"enemies":"Jaw Worm Horde","floor":41,"turns":4},{"damage":40,"enemies":"Spire Growth","floor":42,"turns":3},{"damage":16,"enemies":"4 Shapes","floor":44,"turns":3},{"damage":30,"enemies":"Jaw Worm Horde","floor":46,"turns":3},{"damage":14,"enemies":"Transient","floor":48,"turns":4},{"damage":11,"enemies":"Donu and Deca","floor":50,"turns":3}],"seed_played":"4000353640162958923","potions_obtained":[{"floor":1.0,"key":"Energy Potion"},{"floor":4.0,"key":"BottledMiracle"},{"floor":10.0,"key":"Energy Potion"},{"floor":13.0,"key":"Energy Potion"},{"floor":18.0,"key":"Strength Potion"}],"is_trial":false,"path_per_floor":["M","?","?","M","M","R","?","M","T","E","M","M","E","M","R","B",null,"M","M","?","M","M","R","E","R","T","M","R","M","AVR","?","R","B",null,"M","AVR","?","?","M","E","M","M","T","M","R","M","$","M","R","B",null],"character_chosen":"WATCHER","items_purchased":["hubris:EmptyBottle"],"campfire_rested":4,"item_purchase_floors":[47],"current_hp_per_floor":[92,102,122,131,141,151,161,158,168,169,164,146,137,137,216,226,262,272,270,280,272,255,265,208,317,327,319,329,336,346,356,412,398,432,396,406,363,373,383,268,222,192,202,198,368,350,375,371,381,382,600,600],"gold":2027,"neow_bonus":"ONE_RANDOM_RARE_CARD","is_daily":false,"chose_seed":false,"campfire_upgraded":3,"win_rate":0.0,"timestamp":1612133314,"path_taken":["M","?","?","?","M","R","?","?","T","E","M","M","E","M","R","BOSS","M","M","?","?","M","R","E","R","T","M","R","M","AVR","?","R","BOSS","M","AVR","?","?","?","E","M","M","T","?","R","M","?","M","R","BOSS"],"items_purchased_type":["Relic"],"build_version":"2020-12-22","purchased_purges":0,"victory":false,"max_hp_per_floor":[92,102,122,132,142,152,162,172,182,192,202,212,222,232,242,252,262,272,282,292,302,312,322,332,342,352,362,372,382,392,402,412,422,432,442,452,462,472,482,494,504,514,524,536,546,558,568,578,588,600,600,600],"card_choices":[{"not_picked":["Collect","SashWhip"],"picked":"BowlingBash","floor":1.0},{"not_picked":["EmptyFist","StSpp:Renounce"],"picked":"Protect","floor":4.0},{"not_picked":["Replay:AtTheReady","SashWhip","Indignation"],"picked":"SKIP","floor":5.0},{"not_picked":["Collect","StSpp:LatentStrike"],"picked":"Pray","floor":8.0},{"not_picked":["Replay:AtTheReady","FollowUp"],"picked":"Weave","floor":10.0},{"not_picked":["EmptyFist","StSpp:LatentStrike"],"picked":"FollowUp","floor":11.0},{"not_picked":["Replay:BluntJabs","Replay:AtTheReady"],"picked":"Worship","floor":12.0},{"not_picked":["Worship","Wallop"],"picked":"SignatureMove","floor":13.0},{"not_picked":["CrushJoints","Halt","StSpp:Purify"],"picked":"SKIP","floor":14.0},{"not_picked":["ConjureBlade","MasterReality"],"picked":"StSpp:Faith","floor":16.0},{"not_picked":[],"picked":"EmptyFist","floor":18.0},{"not_picked":["EmptyFist"],"picked":"SKIP","floor":19.0},{"not_picked":["Halt+1"],"picked":"SKIP","floor":21.0},{"not_picked":[],"picked":"Protect","floor":22.0},{"not_picked":[],"picked":"Replay:AtTheReady","floor":24.0},{"not_picked":["FearNoEvil"],"picked":"SKIP","floor":27.0},{"not_picked":[],"picked":"WindmillStrike","floor":29.0},{"not_picked":[],"picked":"Omniscience","floor":33.0},{"not_picked":[],"picked":"FollowUp+1","floor":35},{"not_picked":["infinitespire:TheBestDefense","infinitespire:UltimateForm"],"picked":"infinitespire:SevenWalls","floor":37},{"not_picked":[],"picked":"ClearTheMind","floor":37},{"not_picked":[],"picked":"FollowUp+1","floor":39},{"not_picked":["Crescendo"],"picked":"Singing Bowl","floor":40},{"not_picked":[],"picked":"CutThroughFate+1","floor":41},{"not_picked":[],"picked":"Scrawl","floor":42},{"not_picked":["Halt"],"picked":"Singing Bowl","floor":44},{"not_picked":["Replay:BluntJabs+1"],"picked":"Singing Bowl","floor":46},{"not_picked":[],"picked":"Replay:DivineShield+1","floor":48},{"not_picked":["Blasphemy"],"picked":"Singing Bowl","floor":50}],"player_experience":507066,"relics_obtained":[{"floor":9.0,"key":"aspiration:Lifesprig"},{"floor":13.0,"key":"Golden Egg"},{"floor":24.0,"key":"Replay:WaspNest"},{"floor":26.0,"key":"halation:PrussianBluePaint"},{"floor":37,"key":"Girya"},{"floor":40,"key":"ReplayTheSpireMod:TigerMarble"},{"floor":43,"key":"MealTicket"}],"event_choices":[{"damage_healed":0.0,"max_hp_gain":0.0,"max_hp_loss":0.0,"gold_gain":175.0,"event_name":"betterThird:BetterSerpent","player_choice":"AGREE","floor":2.0,"gold_loss":0.0,"damage_taken":1146.0},{"cards_removed":["Omniscience"],"damage_healed":0.0,"max_hp_gain":10.0,"max_hp_loss":0.0,"gold_gain":0.0,"event_name":"Bonfire Elementals","player_choice":"Offered Rare","floor":3.0,"gold_loss":0.0,"damage_taken":0.0},{"damage_healed":0.0,"max_hp_gain":0.0,"max_hp_loss":0.0,"gold_gain":0.0,"event_name":"Accursed Blacksmith","player_choice":"Rummage","floor":7.0,"gold_loss":0.0,"damage_taken":0.0,"relics_obtained":["WarpedTongs"],"cards_obtained":["Pain"]},{"damage_healed":0.0,"max_hp_gain":0.0,"max_hp_loss":0.0,"gold_gain":0.0,"event_name":"The Woman in Blue","player_choice":"Bought 0 Potions","floor":20.0,"gold_loss":0.0,"damage_taken":0.0},{"damage_healed":0.0,"max_hp_gain":0.0,"max_hp_loss":0.0,"gold_gain":0.0,"event_name":"The Joust","player_choice":"Bet on Murderer","floor":31.0,"gold_loss":50.0,"damage_taken":0.0},{"damage_healed":0,"gold_gain":0,"player_choice":"Copied","damage_taken":0,"max_hp_gain":0,"max_hp_loss":0,"event_name":"Duplicator","floor":38,"gold_loss":0,"cards_obtained":["hubris:InfiniteBlow"]}],"is_beta":false,"boss_relics":[{"not_picked":["energizedSpire:BlackCloud","Pandora\u0027s Box"],"picked":"Busted Crown"},{"not_picked":["reliquary:KinkedSpring","SlaversCollar"],"picked":"halation:MonkeysPaw"},{"not_picked":["Ring of Chaos","Replay:Drink Me"],"picked":"energizedSpire:CrystalSphere"}],"items_purged_floors":[],"is_endless":true,"potions_floor_spawned":[1,4,10,13,18,22,29,33,37,39,41,42,44,46],"ascension_level":0}}