{"host":"v0xbo920qxoewo3e","time":1612098231,"event":{"mods":["Act Like it!","Aspiration","Astrologer","BaseMod","Conspire","Downfall","Friendly Minions","GifTheSpireLib","Halation","Hermit","Hubris","Infinite Spire","Jedi Mod","Jorbs\u0027s Wanderer Trilogy","Koishi","Marisa????????","Minty Spire (QoL Compilation)","Potionbrewer","Rare Cards Sparkle","Reimu??????","Remilia??????","Replay The Spire","StSLib","Stuff the Spire","The Animator","The Blackbeard","The Bladedancer","The Bug Knight","The Construct","The Cursed","The Disciple","The Gatherer","The Jungle","The Problem Sleuth","The Runesmith","The Servant 0.9.4","TheBandit","Unceasing Turn Reminder"],"gold_per_floor":[111,141,73,87,119,119,176,176,223,252,252,294,150,185,185,295,295,309,334,334,334,278,278,66,100,146,146,146,146,146,157,157,271,271,307,335,335,335,335,335,370,370,370,370,374,374],"floor_reached":45,"language":"ENG","playtime":8330,"items_purged":["animator:Strike","animator:Strike","Sickly"],"score":743,"play_id":"5a8beca3-6df2-4bb8-9749-c400961b0de9","local_time":"20210131150351","is_ascension_mode":true,"campfire_choices":[{"data":"animator:Evileye","floor":6,"key":"SMITH"},{"data":"animator:IrohaTamaki","floor":8,"key":"SMITH"},{"floor":15,"key":"REST"},{"floor":23,"key":"REST"},{"floor":28,"key":"REST"},{"floor":30,"key":"REST"},{"floor":32,"key":"REST"},{"data":"animator:Shiro","floor":40,"key":"SMITH"},{"data":"hubris:Rewind","floor":42,"key":"SMITH"},{"data":"animator:Evileye","floor":44,"key":"SMITH"}],"circlet_count":0,"master_deck":["AscendersBane","animator:Strike_MadokaMagica","animator:Defend_MadokaMagica","animator:Defend","animator:Defend","animator:IrohaTamaki+1","animator:YuiTsuruno","animator:Shiro+1","animator:Evileye+1","animator:ElricEdward","animator:Togame","animator:Chris","animator:SayakaMiki","animator:WinryRockbell","animator:Evileye+1","animator:FielNirvalen","animator:Rena","animator:Envy","animator:KyokoSakura","animator:WinryRockbell","animator:Arpeggio","animator:ElricAlphonse","animator:ElricAlphonse","animator:Wiz","infinitespire:DeathsTouch","animator:Darkness+1","animator:Verdia","animator:YuiTsuruno","animator:Kyubey","jedi:frostbite","animator:MadokaKaname","animator:MisakiNakahara","infinitespire:Menacing","animator:SuzuneAmano+1","animator:MumenRider+1","animator:Arpeggio","animator:HinaKagiyama+1","animator:Curse_Dizziness","hubris:Rewind+1","animator:YuiTsuruno"],"relics":["animator:LivingPicture","animator:TheMissingPiece","animator:PurgingStone","Dream Catcher","StuffTheSpire:OldFever","hubris:PeanutButter","aspiration:AnachronicSnailShell","infinitespire:Cupcake","ReplayTheSpireMod:TigerMarble","StuffTheSpire:Experiment12","infinitespire:Joker Card","Happy Flower","Prayer Wheel","hubris:KleinBottle","ReplayTheSpireMod:SealedPack","Incense Burner","CloakClasp"],"acts_visited":["Exordium","TheCity","TheBeyond"],"potions_floor_usage":[31,35,45],"damage_taken":[{"damage":1,"enemies":"Cultist","floor":1,"turns":5},{"damage":18,"enemies":"Jaw Worm","floor":2,"turns":6},{"damage":1,"enemies":"2 Louse","floor":4,"turns":4},{"damage":0,"enemies":"Large Slime","floor":5,"turns":6},{"damage":5,"enemies":"3 Sentries","floor":7,"turns":16},{"damage":0,"enemies":"Blue Slaver","floor":10,"turns":6},{"damage":2,"enemies":"Lagavulin","floor":12,"turns":10},{"damage":5,"enemies":"3 Sentries","floor":14,"turns":12},{"damage":4,"enemies":"Hexaghost","floor":16,"turns":8},{"damage":28,"enemies":"3 Byrds","floor":18,"turns":6},{"damage":0,"enemies":"2 Thieves","floor":22,"turns":4},{"damage":25,"enemies":"Gremlin Leader","floor":25,"turns":6},{"damage":1,"enemies":"3 Cultists","floor":31,"turns":6},{"damage":8,"enemies":"conspire:MysteriousRune","floor":33,"turns":9},{"damage":23,"enemies":"3 Darklings","floor":35,"turns":9},{"damage":0,"enemies":"Orb Walker","floor":36,"turns":6},{"damage":6,"enemies":"Nightmare","floor":41,"turns":10},{"damage":68,"enemies":"4 Shapes","floor":45,"turns":3}],"seed_played":"-1627993634947440026","potions_obtained":[{"floor":2,"key":"potionbrewer:BoundlessPotion"},{"floor":7,"key":"Dexterity Potion"},{"floor":25,"key":"ColorlessPotion"},{"floor":33,"key":"champ:CounterPotion"},{"floor":41,"key":"Block Potion"}],"is_trial":false,"path_per_floor":["M","M","$","M","M","R","?","R","T","M","?","E","$","E","R","B",null,"M","T","?","?","M","R","$","E","T","T","R","$","R","M","R","B",null,"M","M","?","?","?","R","NM","R","T","R","M"],"character_chosen":"THE_ANIMATOR","items_purchased":["animator:Togame","animator:FielNirvalen","animator:Arpeggio","animator:ElricAlphonse","hubris:KleinBottle"],"campfire_rested":5,"item_purchase_floors":[3,13,24,24,29],"current_hp_per_floor":[58,40,40,39,39,39,34,34,34,35,35,33,33,28,48,44,61,34,34,34,34,34,54,54,29,29,29,49,25,45,44,64,56,66,55,64,64,64,64,64,58,58,58,58,0,0],"gold":374,"neow_bonus":"ONE_RANDOM_RARE_CARD","is_daily":false,"chose_seed":false,"campfire_upgraded":5,"win_rate":0.0,"timestamp":1612098231,"path_taken":["M","M","$","M","M","R","?","R","T","M","?","E","$","E","R","BOSS","M","?","?","?","M","R","?","E","T","?","R","?","R","M","R","BOSS","M","M","?","?","?","R","NM","R","T","R","M"],"items_purchased_type":["Card","Card","Card","Card","Relic"],"build_version":"2020-12-22","purchased_purges":3,"victory":false,"max_hp_per_floor":[66,66,66,66,66,66,66,66,66,67,67,67,67,67,67,67,67,68,68,68,68,68,68,68,68,68,68,68,68,68,68,68,68,69,69,69,69,69,69,69,69,69,69,69,69,69],"card_choices":[{"not_picked":["animator:YunYun","animator:Tyuule"],"picked":"animator:Evileye","floor":1},{"not_picked":["animator:IrohaTamaki","animator:Emonzaemon"],"picked":"animator:ElricEdward","floor":2},{"not_picked":["animator:Azekura","animator:YunYun"],"picked":"animator:Chris","floor":4},{"not_picked":["animator:OrikoMikuni","animator:IrohaTamaki"],"picked":"animator:SayakaMiki","floor":5},{"not_picked":["animator:Darkness","animator:DolaSchwi"],"picked":"animator:WinryRockbell","floor":10},{"not_picked":["animator:IrohaTamaki","animator:ElricEdward"],"picked":"animator:Evileye","floor":12},{"not_picked":["animator:Ciel","animator:OrikoMikuni"],"picked":"animator:Rena","floor":15},{"not_picked":["animator:Albedo","animator:Shiro"],"picked":"animator:Envy","floor":16},{"not_picked":["animator:Genos+1","animator:LeleiLaLalena"],"picked":"animator:KyokoSakura","floor":18},{"not_picked":["animator:ElricEdward","animator:DolaRiku"],"picked":"animator:WinryRockbell","floor":22},{"not_picked":["animator:ElricAlphonse","animator:YunYun+1","animator:Sloth"],"picked":"SKIP","floor":25},{"not_picked":["animator:UneriGinkaku","animator:Chung"],"picked":"animator:Wiz","floor":28},{"not_picked":["ReplayTheSpireMod:Chaos Vortex","infinitespire:FinalStrike"],"picked":"infinitespire:DeathsTouch","floor":29},{"not_picked":["animator:Chris","animator:Genos"],"picked":"animator:Darkness+1","floor":31},{"not_picked":["animator:Aqua","animator:Darkness"],"picked":"animator:Verdia","floor":31},{"not_picked":["animator:Tatsumaki+1","animator:Sonic+1"],"picked":"animator:YuiTsuruno","floor":32},{"not_picked":["animator:HigakiRinne","animator:Elesis"],"picked":"animator:Kyubey","floor":33},{"not_picked":["animator:Shiro","animator:Hans"],"picked":"animator:MadokaKaname","floor":34},{"not_picked":["animator:Kuroyukihime","animator:IchigoKurosaki"],"picked":"animator:MisakiNakahara","floor":34},{"not_picked":["ReplayTheSpireMod:Haul","ReplayTheSpireMod:Chaos Vortex"],"picked":"infinitespire:Menacing","floor":34},{"not_picked":["animator:Sloth+1","animator:Elesis"],"picked":"animator:SuzuneAmano+1","floor":35},{"not_picked":["animator:YunYun","animator:OrikoMikuni","animator:Verdia"],"picked":"SKIP","floor":35},{"not_picked":["animator:KyokoSakura+1","animator:Darkness"],"picked":"animator:MumenRider+1","floor":36},{"not_picked":["animator:Mitsurugi+1","animator:Sloth+1"],"picked":"animator:Arpeggio","floor":36},{"not_picked":["infinitespire:TheBestDefense","hubris:InfiniteBlow"],"picked":"hubris:Rewind","floor":41},{"not_picked":["animator:Shichika+1","animator:ElricAlphonse"],"picked":"animator:YuiTsuruno","floor":41}],"player_experience":1446716,"relics_obtained":[{"floor":9,"key":"StuffTheSpire:OldFever"},{"floor":12,"key":"hubris:PeanutButter"},{"floor":14,"key":"aspiration:AnachronicSnailShell"},{"floor":19,"key":"ReplayTheSpireMod:TigerMarble"},{"floor":25,"key":"infinitespire:Joker Card"},{"floor":26,"key":"Happy Flower"},{"floor":27,"key":"Prayer Wheel"},{"floor":41,"key":"Incense Burner"},{"floor":43,"key":"CloakClasp"}],"event_choices":[{"damage_healed":0,"gold_gain":0,"player_choice":"Searched \u00273\u0027 times","damage_taken":0,"relics_obtained":["Dream Catcher"],"max_hp_gain":0,"max_hp_loss":0,"event_name":"Dead Adventurer","floor":7,"gold_loss":0},{"cards_removed":["animator:Strike"],"damage_healed":0,"gold_gain":0,"player_choice":"Purged","damage_taken":0,"max_hp_gain":0,"max_hp_loss":0,"event_name":"Purifier","floor":11,"gold_loss":0},{"cards_removed":["animator:Defend"],"damage_healed":0,"gold_gain":0,"player_choice":"Removed Skill","damage_taken":0,"max_hp_gain":0,"max_hp_loss":0,"event_name":"Falling","floor":37,"gold_loss":0},{"damage_healed":0,"gold_gain":0,"player_choice":"Upgraded","damage_taken":0,"max_hp_gain":0,"max_hp_loss":0,"event_name":"Upgrade Shrine","floor":39,"gold_loss":0,"cards_upgraded":["animator:HinaKagiyama"]}],"is_beta":false,"boss_relics":[{"not_picked":["aspiration:SecretTechniqueScroll","ReplayTheSpireMod:DimensionalGlitch"],"picked":"infinitespire:Cupcake"},{"not_picked":["halation:ForbiddenBikini","hubris:Backtick"],"picked":"ReplayTheSpireMod:SealedPack"}],"items_purged_floors":[13,24,29],"is_endless":false,"potions_floor_spawned":[2,7,12,25,33,41],"killed_by":"4 Shapes","ascension_level":11}}