{"host":"627up2rvtmm0cf0r","time":1612078275,"event":{"mods":["ATMod(°¢èªMod)","Act Like it!","BaseMod","Better Vampires","CapriCore","Card Filter","Card Forge","Colored Powertips","DeckTracker","Dota2Spire","Downfall","Energized Spire","Friendly Minions","Highlight Path","Infinite Spire","Jedi Mod","Minty Spire (QoL Compilation)","MostiFishMod","Permanent Neow","Practice Mode","Quick Restart","Relic Stats","Reliquary","Shop Mod","Spicy Shops","StSLib","SuperFastMode","TestMod","¡¾ÒÅÎï¿¨ÅÆ¡¿REMEMod","óô»ðÖ¸ÄÏ"],"gold_per_floor":[99,117,117,137,148,159,159,174,207,225,225,253,253,269,282,383,383,308,320,337,337,405,405,455,484,529,572,627,627,627,684,726,895,895,255,284,312,312,338,338,363,408,128,171,193,221,221,105,138,277],"floor_reached":51,"language":"ZHS","playtime":2437,"items_purged":["hexamod:Defend","hexamod:Strike","hexamod:Strike","hexamod:HeatMetal"],"score":1268,"play_id":"f5530b9c-36f0-44a3-a4b9-7bc5a9f55cdd","local_time":"20210131153115","is_ascension_mode":true,"campfire_choices":[{"data":"hexamod:Sear","floor":1,"key":"SMITH"},{"data":"AT_DarkMatter","floor":13,"key":"SMITH"},{"floor":30,"key":"REST"}],"circlet_count":0,"master_deck":["hexamod:Defend","hexamod:Defend","hexamod:Sear+1","hexamod:Float+1","AT_DarkMatter+1","hexamod:FlameSwitch+1","hexamod:SoulSteal+1","hexamod:SkipABeat+1","hexamod:Rewind+1","hexamod:GhostflameInferno+1","hexamod:PowerFromBeyond+1","hexamod:Hexaguard+1"],"relics":["hexamod:SpiritBrand","Hammer of Thor","Seething Fire","Anvil of the Gods","DaveBox","testmod-TestBox","REME_ComplimentaryCards","AT_ATBox","testmod-Muramasa","EGODaCapo","Toxic Egg 2","testmod-ConstraintPeriapt","Dota2Spire:MaskOfMadness","Empty Cage","REME_ArchaeologicalTools","testmod-AssaultLearning","AT_GuinsooRageblade","Juzu Bracelet","jedi:gremlinknob","hexamod:TheBrokenSeal","Runic Dome","BrkXgEgg","AT_ChloranthyRing","HandDrill","AT_EbonyIvory","Dota2Spire:Vanguard","Strawberry","reliquary:Stiletto","Girya","infinitespire:Bottled Soul","reliquary:IridiumChain","AT_TheCollector"],"acts_visited":["Exordium","TheCity","TheBeyond"],"potions_floor_usage":[9,28,28,31,44],"damage_taken":[{"damage":0,"enemies":"2 Louse","floor":2,"turns":3},{"damage":1,"enemies":"Small Slimes","floor":4,"turns":3},{"damage":0,"enemies":"Jaw Worm","floor":5,"turns":3},{"damage":5,"enemies":"Exordium Thugs","floor":6,"turns":4},{"damage":1,"enemies":"Blue Slaver","floor":8,"turns":4},{"damage":0,"enemies":"Gremlin Nob","floor":9,"turns":1},{"damage":3,"enemies":"2 Fungi Beasts","floor":10,"turns":3},{"damage":1,"enemies":"3 Sentries","floor":12,"turns":4},{"damage":0,"enemies":"Blue Slaver","floor":14,"turns":3},{"damage":0,"enemies":"Gremlin Gang","floor":15,"turns":4},{"damage":67,"enemies":"WA_ARCHETYPE_RETAIN","floor":16,"turns":9},{"damage":16,"enemies":"Shell Parasite","floor":19,"turns":4},{"damage":7,"enemies":"Chosen","floor":20,"turns":4},{"damage":6,"enemies":"Snecko","floor":22,"turns":4},{"damage":8,"enemies":"3 Cultists","floor":25,"turns":4},{"damage":38,"enemies":"REME_1_Revenger","floor":26,"turns":6},{"damage":10,"enemies":"Cultist and Chosen","floor":27,"turns":5},{"damage":11,"enemies":"Gremlin Leader","floor":28,"turns":7},{"damage":27,"enemies":"Book of Stabbing","floor":31,"turns":5},{"damage":28,"enemies":"Centurion and Healer","floor":32,"turns":4},{"damage":0,"enemies":"DF_ARCHETYPE_CLAW","floor":33,"turns":5},{"damage":0,"enemies":"3 Shapes","floor":36,"turns":2},{"damage":0,"enemies":"3 Darklings","floor":37,"turns":2},{"damage":0,"enemies":"Jaw Worm Horde","floor":39,"turns":2},{"damage":3,"enemies":"Nemesis","floor":42,"turns":5},{"damage":0,"enemies":"Reptomancer","floor":44,"turns":3},{"damage":0,"enemies":"Sphere and 2 Shapes","floor":45,"turns":2},{"damage":0,"enemies":"4 Shapes","floor":46,"turns":3},{"damage":0,"enemies":"downfall:FleeingMerchant","floor":48,"turns":3},{"damage":0,"enemies":"Writhing Mass","floor":49,"turns":2},{"damage":3,"enemies":"SI_POISON_ARCHETYPE","floor":50,"turns":3}],"seed_played":"-2395295446315445448","potions_obtained":[{"floor":4,"key":"Block Potion"},{"floor":5,"key":"champ:CounterPotion"},{"floor":8,"key":"testmod-EscapePotion"},{"floor":10,"key":"Weak Potion"},{"floor":16,"key":"EntropicBrew"},{"floor":29,"key":"CultistPotion"},{"floor":31,"key":"Fire Potion"},{"floor":32,"key":"infinitespire:BlackPotion"},{"floor":44,"key":"DistilledChaos"}],"is_trial":false,"path_per_floor":["R","M","?","M","M","M","T","M","E","M","?","E","R","M","M","B",null,"R","M","M","?","M","?","T","M","E","M","E","?","R","E","M","B",null,"R","M","M","?","M","?","T","E","R","E","M","M","AVR","$","M","B",null],"character_chosen":"THE_SPIRIT","items_purchased":["BrkXgEgg","AT_ChloranthyRing","HandDrill","AT_EbonyIvory","reliquary:Stiletto","reliquary:IridiumChain","AT_TheCollector"],"campfire_rested":1,"item_purchase_floors":[35,35,35,35,43,48,48],"current_hp_per_floor":[70,70,70,69,69,64,64,63,63,61,61,66,66,67,68,4,70,70,55,59,59,62,62,62,55,27,27,27,27,48,33,80,80,80,80,80,80,70,72,72,72,79,79,82,84,87,87,87,87,84],"gold":277,"neow_bonus":"UPGRADE_CARD","is_daily":false,"chose_seed":false,"campfire_upgraded":2,"win_rate":0.0,"timestamp":1612078275,"path_taken":["R","M","?","M","M","M","T","M","E","M","?","E","R","M","M","BOSS","R","M","M","?","?","?","T","M","E","M","E","?","R","E","M","BOSS","R","M","M","?","M","?","T","E","R","E","M","M","AVR","?","M","BOSS"],"items_purchased_type":["Relic","Relic","Relic","Relic","Relic","Relic","Relic"],"build_version":"2020-12-22","purchased_purges":4,"victory":true,"max_hp_per_floor":[70,70,70,70,70,70,70,70,70,70,70,70,70,70,70,70,70,70,70,70,70,70,70,70,70,70,70,70,70,70,70,80,80,80,80,80,80,80,80,80,80,87,87,87,87,87,87,87,87,87],"relic_stats":{"counters":[31,116],"Juzu Bracelet":0,"HandDrill":[22],"obtain_stats":[{"Dota2Spire:MaskOfMadness":12,"AT_ATBox":0,"DaveBox":0,"Hammer of Thor":0,"Dota2Spire:Vanguard":41,"Juzu Bracelet":28,"Empty Cage":17,"infinitespire:Bottled Soul":47,"Strawberry":42,"REME_ArchaeologicalTools":21,"HandDrill":35,"Toxic Egg 2":3,"AT_GuinsooRageblade":26,"hexamod:SpiritBrand":0,"AT_ChloranthyRing":35,"jedi:command_uncommon":21,"Girya":44,"testmod-Muramasa":0,"testmod-TestBox":0,"jedi:gremlinknob":31,"hexamod:TheBrokenSeal":32,"BrkXgEgg":35,"AT_EbonyIvory":35,"Seething Fire":0,"testmod-ConstraintPeriapt":9,"reliquary:IridiumChain":48,"Runic Dome":34,"Anvil of the Gods":0,"EGODaCapo":0,"AT_TheCollector":48,"testmod-AssaultLearning":24,"reliquary:Stiletto":43,"REME_ComplimentaryCards":0},{"Dota2Spire:MaskOfMadness":8,"AT_ATBox":0,"DaveBox":0,"Hammer of Thor":0,"Dota2Spire:Vanguard":24,"Juzu Bracelet":18,"Empty Cage":11,"infinitespire:Bottled Soul":28,"Strawberry":25,"REME_ArchaeologicalTools":13,"HandDrill":21,"Toxic Egg 2":1,"AT_GuinsooRageblade":16,"hexamod:SpiritBrand":0,"AT_ChloranthyRing":21,"jedi:command_uncommon":13,"Girya":26,"testmod-Muramasa":0,"testmod-TestBox":0,"jedi:gremlinknob":19,"hexamod:TheBrokenSeal":20,"BrkXgEgg":21,"AT_EbonyIvory":21,"Seething Fire":0,"testmod-ConstraintPeriapt":6,"reliquary:IridiumChain":29,"Runic Dome":21,"Anvil of the Gods":0,"EGODaCapo":0,"AT_TheCollector":29,"testmod-AssaultLearning":14,"reliquary:Stiletto":25,"REME_ComplimentaryCards":0},{"Dota2Spire:MaskOfMadness":25,"AT_ATBox":0,"DaveBox":0,"Hammer of Thor":0,"Dota2Spire:Vanguard":95,"Juzu Bracelet":75,"Empty Cage":41,"infinitespire:Bottled Soul":108,"Strawberry":100,"REME_ArchaeologicalTools":49,"HandDrill":89,"Toxic Egg 2":3,"AT_GuinsooRageblade":63,"hexamod:SpiritBrand":0,"AT_ChloranthyRing":89,"jedi:command_uncommon":49,"Girya":103,"testmod-Muramasa":0,"testmod-TestBox":0,"jedi:gremlinknob":80,"hexamod:TheBrokenSeal":83,"BrkXgEgg":89,"AT_EbonyIvory":89,"Seething Fire":0,"testmod-ConstraintPeriapt":18,"reliquary:IridiumChain":111,"Runic Dome":89,"Anvil of the Gods":0,"EGODaCapo":0,"AT_TheCollector":111,"testmod-AssaultLearning":53,"reliquary:Stiletto":100,"REME_ComplimentaryCards":0}]},"card_choices":[{"not_picked":["hexamod:Hexaguard","hexamod:Firestarter"],"picked":"hexamod:HeatMetal","floor":2},{"not_picked":["hexamod:GhostLash","hexamod:Firestarter","hexamod:AdvancingGuard+1"],"picked":"SKIP","floor":4},{"not_picked":["hexamod:ChargedBarrage+1","hexamod:BurningTouch+1","hexamod:SpectralAdrenaline+1"],"picked":"SKIP","floor":5},{"not_picked":["hexamod:Incineration","hexamod:ThirdSeal"],"picked":"hexamod:FlameSwitch+1","floor":6},{"not_picked":["hexamod:HeatShield+1","hexamod:SwordOfDarkness","hexamod:GhostLash"],"picked":"SKIP","floor":8},{"not_picked":["hexamod:BacktrackSmack","hexamod:PhantomCloak","hexamod:FastForward+1"],"picked":"SKIP","floor":9},{"not_picked":["hexamod:TurnItUp+1","hexamod:CatchUp+1","hexamod:PhantomCloak"],"picked":"SKIP","floor":10},{"not_picked":["hexamod:AdvancingGuard+1","hexamod:ThermalTransfer"],"picked":"hexamod:SoulSteal+1","floor":12},{"not_picked":["hexamod:ExtraCrispy","hexamod:FastForward+1"],"picked":"hexamod:SkipABeat+1","floor":14},{"not_picked":["hexamod:BacktrackSmack","hexamod:SpectersWail","hexamod:InspiringFlames+1"],"picked":"SKIP","floor":15},{"not_picked":["hexamod:UnleashSpirits","hexamod:GhostOfSpirePresent"],"picked":"hexamod:FifthSeal","floor":16},{"not_picked":["hexamod:FourthSeal","hexamod:SecondSeal"],"picked":"hexamod:FirstSeal","floor":19},{"not_picked":["hexamod:ThermalTransfer+1","hexamod:GhostShield+1","hexamod:FlamesFromBeyond+1"],"picked":"SKIP","floor":19},{"not_picked":["hexamod:FourthSeal","hexamod:FirstSeal"],"picked":"hexamod:ThirdSeal","floor":20},{"not_picked":["hexamod:HeatMetal","hexamod:ThermalTransfer","hexamod:Haunt+1"],"picked":"SKIP","floor":20},{"not_picked":["hexamod:ThirdSeal","hexamod:SecondSeal"],"picked":"hexamod:FourthSeal","floor":22},{"not_picked":["hexamod:AdvancingGuard+1","hexamod:ShieldOfDarkness+1"],"picked":"hexamod:Rewind+1","floor":22},{"not_picked":["hexamod:GhostShield+1","hexamod:RetreatToShadows+1","hexamod:FourthSeal"],"picked":"SKIP","floor":22},{"not_picked":["hexamod:BurningTouch+1","hexamod:FlameSwitch+1","hexamod:ThermalTransfer"],"picked":"SKIP","floor":25},{"not_picked":["hexamod:GhostflameBarrier+1","hexamod:FastForward+1","hexamod:AdvancingGuard+1"],"picked":"SKIP","floor":26},{"not_picked":["hexamod:RecurringNightmare+1","hexamod:HauntingEcho","hexamod:ThermalTransfer"],"picked":"SKIP","floor":27},{"not_picked":["hexamod:NecessarySacrifice+1","hexamod:BacktrackSmack","hexamod:RecurringNightmare+1"],"picked":"SKIP","floor":27},{"not_picked":["hexamod:NightmareGuise+1","hexamod:HeatMetal"],"picked":"hexamod:GhostflameInferno+1","floor":28},{"not_picked":["hexamod:EtherealExpedition+1","hexamod:ThirdSeal"],"picked":"hexamod:PowerFromBeyond+1","floor":28},{"not_picked":["hexamod:ShieldOfDarkness+1","hexamod:ExtraCrispy"],"picked":"hexamod:SecondSeal","floor":31},{"not_picked":["hexamod:HauntingEcho","hexamod:NightmareGuise+1","hexamod:UnleashSpirits"],"picked":"SKIP","floor":31},{"not_picked":["hexamod:InspiringFlames+1","hexamod:GhostOfSpireFuture","hexamod:SwordOfDarkness"],"picked":"SKIP","floor":32},{"not_picked":["hexamod:GhostShield+1","hexamod:PowerFromBeyond+1","hexamod:FlamesFromBeyond+1"],"picked":"SKIP","floor":36},{"not_picked":["hexamod:GhostLash","hexamod:AdvancingGuard+1","hexamod:BurningTouch+1"],"picked":"SKIP","floor":37},{"not_picked":["hexamod:ChargedBarrage+1","hexamod:SpectralAdrenaline+1","hexamod:BacktrackSmack+1"],"picked":"SKIP","floor":39},{"not_picked":["hexamod:FlameSwitch+1","hexamod:ShieldOfDarkness+1","hexamod:SuperheatedStrike"],"picked":"SKIP","floor":42},{"not_picked":["hexamod:SwordOfDarkness+1","hexamod:ChargedBarrage+1","hexamod:DynamicBlow+1"],"picked":"SKIP","floor":44},{"not_picked":["hexamod:UnleashSpirits+1","hexamod:HeatMetal+1","hexamod:InspiringFlames+1"],"picked":"SKIP","floor":45},{"not_picked":["hexamod:GhostOfSpirePast+1","hexamod:InspiringFlames+1","hexamod:StepThrough+1"],"picked":"SKIP","floor":46},{"not_picked":["hexamod:BurningTouch+1","hexamod:CatchUp+1"],"picked":"hexamod:Hexaguard+1","floor":48},{"not_picked":["hexamod:SwordOfDarkness","hexamod:ChargedBarrage+1","hexamod:RecurringNightmare+1"],"picked":"SKIP","floor":49}],"player_experience":127153,"relics_obtained":[{"floor":3,"key":"Toxic Egg 2"},{"floor":9,"key":"testmod-ConstraintPeriapt"},{"floor":12,"key":"Dota2Spire:MaskOfMadness"},{"floor":24,"key":"testmod-AssaultLearning"},{"floor":26,"key":"AT_GuinsooRageblade"},{"floor":28,"key":"Juzu Bracelet"},{"floor":31,"key":"jedi:gremlinknob"},{"floor":41,"key":"Dota2Spire:Vanguard"},{"floor":42,"key":"Strawberry"},{"floor":44,"key":"Girya"}],"event_choices":[{"cards_removed":["hexamod:Strike"],"damage_healed":0,"gold_gain":0,"player_choice":"Forget","damage_taken":0,"max_hp_gain":0,"max_hp_loss":0,"event_name":"Living Wall","floor":11,"gold_loss":0},{"damage_healed":0,"gold_gain":0,"player_choice":"Read","damage_taken":0,"max_hp_gain":0,"max_hp_loss":0,"event_name":"The Library","floor":23,"gold_loss":0,"cards_obtained":["hexamod:SixthSeal"]}],"is_beta":false,"boss_relics":[{"not_picked":["ChiXiaoBlade","PatriotShield"],"picked":"Empty Cage"},{"not_picked":["jedi:battlestandard","infinitespire:Cupcake"],"picked":"Runic Dome"}],"items_purged_floors":[18,35,43,47],"is_endless":false,"potions_floor_spawned":[4,5,8,10,15,16,19,22,27,31,32,37,44,45,49],"ascension_level":3}}