{"host":"9yytxrqt6bgetens","time":1612109496,"event":{"mods":["2.2 Compatiblity","BaseMod","Clawfect","Ironclad Rager","Minty Spire (QoL Compilation)","StSLib"],"gold_per_floor":[110,125,125,125,139,166,166,184,184,184,184,211,68,88,88,193,193,203,47,65,78,78,78,78,78,78,78,94,19,29,29,29,131,131,143,156,156,0,0,35,35,35,35,48,68,68,68],"floor_reached":46,"language":"ENG","playtime":1665,"items_purged":["Decay"],"score":473,"play_id":"b2dc20c1-655e-425b-8e6e-28be1c187a8b","local_time":"20210131111136","is_ascension_mode":false,"campfire_choices":[{"floor":7,"key":"REST"},{"floor":10,"key":"REST"},{"floor":15,"key":"REST"},{"floor":23,"key":"REST"},{"floor":25,"key":"REST"},{"data":"Creative AI","floor":27,"key":"SMITH"},{"floor":32,"key":"REST"},{"floor":41,"key":"REST"}],"circlet_count":0,"master_deck":["Gash","Gash","Gash","Gash","Gash","Defend_B","Defend_B","Defend_B","Defend_B","Defend_B","Clawfect:Clawline","Clawfect:ClawSnap","FTL","Coolheaded","Clawfect:ClawAndTear","Gash","Echo Form","Hologram","Creative AI+1","Auto Shields","Glacier+1","Clawfect:ClawLightning","Turbo+1","Core Surge","Storm","Clawfect:Clawter+1","Clawfect:ClawingBeam","Clawfect:ClawCell","Rebound+1"],"relics":["Clawfect:DRClaw","DataDisk","Bird Faced Urn","Boot","Bag of Marbles","Vajra","SacredBark","CaptainsWheel","Nuclear Battery","MealTicket","Blood Vial","Bottled Flame"],"acts_visited":["Exordium","TheCity","TheBeyond"],"potions_floor_usage":[28,33,45],"damage_taken":[{"damage":0,"enemies":"Cultist","floor":1,"turns":4},{"damage":17,"enemies":"Small Slimes","floor":2,"turns":4},{"damage":3,"enemies":"2 Louse","floor":5,"turns":3},{"damage":25,"enemies":"Gremlin Nob","floor":6,"turns":5},{"damage":7,"enemies":"Looter","floor":8,"turns":3},{"damage":13,"enemies":"Exordium Thugs","floor":14,"turns":4},{"damage":2,"enemies":"Slime Boss","floor":16,"turns":7},{"damage":33,"enemies":"3 Byrds","floor":18,"turns":5},{"damage":26,"enemies":"2 Thieves","floor":20,"turns":4},{"damage":17,"enemies":"Cultist and Chosen","floor":21,"turns":7},{"damage":16,"enemies":"Snake Plant","floor":28,"turns":6},{"damage":30,"enemies":"3 Cultists","floor":30,"turns":6},{"damage":69,"enemies":"Collector","floor":33,"turns":9},{"damage":25,"enemies":"3 Shapes","floor":35,"turns":6},{"damage":22,"enemies":"Orb Walker","floor":36,"turns":4},{"damage":41,"enemies":"Giant Head","floor":40,"turns":7},{"damage":32,"enemies":"Spire Growth","floor":44,"turns":6},{"damage":39,"enemies":"4 Shapes","floor":45,"turns":8},{"damage":8,"enemies":"3 Darklings","floor":46,"turns":1}],"seed_played":"-3531103406282069142","potions_obtained":[{"floor":2,"key":"EssenceOfSteel"},{"floor":5,"key":"FairyPotion"},{"floor":16,"key":"LiquidMemories"},{"floor":21,"key":"PotionOfCapacity"},{"floor":30,"key":"DuplicationPotion"},{"floor":33,"key":"Dexterity Potion"},{"floor":44,"key":"Explosive Potion"},{"floor":45,"key":"LiquidMemories"}],"is_trial":false,"path_per_floor":["M","M","?","?","M","E","R","M","T","R","?","T","$","M","R","B",null,"M","$","M","M","?","R","?","R","T","R","M","$","M","$","R","B",null,"M","M","?","$","?","E","R","$","T","M","M","M"],"character_chosen":"DEFECT","items_purchased":["Vajra","Creative AI","MealTicket"],"campfire_rested":7,"item_purchase_floors":[13,19,38],"current_hp_per_floor":[82,65,65,53,50,25,49,42,42,66,66,66,66,53,77,75,82,49,49,23,6,6,30,30,54,54,54,46,46,18,18,42,39,82,71,67,67,67,67,28,52,67,67,41,6,0,0],"gold":68,"neow_bonus":"TEN_PERCENT_HP_BONUS","is_daily":false,"chose_seed":false,"campfire_upgraded":1,"win_rate":0.0,"timestamp":1612109496,"path_taken":["M","?","?","?","M","E","R","M","T","R","?","?","$","M","R","BOSS","M","$","M","M","?","R","?","R","T","R","M","?","M","$","R","BOSS","M","?","?","$","?","E","R","$","T","M","?","M"],"items_purchased_type":["Relic","Card","Relic"],"build_version":"2020-12-22","purchased_purges":1,"victory":false,"max_hp_per_floor":[82,82,82,82,82,82,82,82,82,82,82,82,82,82,82,82,82,82,82,82,82,82,82,82,82,82,82,82,82,82,82,82,82,82,82,82,82,82,82,82,82,82,82,82,82,82,82],"card_choices":[{"not_picked":["Steam","Coolheaded"],"picked":"Clawfect:Clawline","floor":1},{"not_picked":["Rebound","Clawfect:ClawCell"],"picked":"Clawfect:ClawSnap","floor":2},{"not_picked":["Steam Power","Fusion"],"picked":"FTL","floor":5},{"not_picked":["Clawfect:Clawline","Recycle"],"picked":"Coolheaded","floor":6},{"not_picked":["Rebound","BootSequence"],"picked":"Clawfect:ClawAndTear","floor":8},{"not_picked":["Static Discharge","Hologram"],"picked":"Gash","floor":14},{"not_picked":["Hyperbeam","Meteor Strike"],"picked":"Echo Form","floor":16},{"not_picked":["Heatsinks","Recycle"],"picked":"Hologram","floor":18},{"not_picked":["Hologram","Stack"],"picked":"Auto Shields","floor":20},{"not_picked":["Sunder","Recycle+1"],"picked":"Glacier+1","floor":21},{"not_picked":["Clawfect:ScrapingClaw","Steam"],"picked":"Clawfect:ClawLightning","floor":28},{"not_picked":["Skim+1","Reprogram"],"picked":"Turbo+1","floor":30},{"not_picked":["Biased Cognition","Meteor Strike"],"picked":"Core Surge","floor":33},{"not_picked":["Clawfect:ClawSnap","FTL"],"picked":"Storm","floor":35},{"not_picked":["Tempest+1","Clawfect:ClawCell"],"picked":"Clawfect:Clawter+1","floor":36},{"not_picked":["Redo","Tempest"],"picked":"Clawfect:ClawingBeam","floor":40},{"not_picked":["Steam+1","Turbo"],"picked":"Clawfect:ClawCell","floor":44},{"not_picked":["Recycle+1","Clawfect:Clawline+1"],"picked":"Rebound+1","floor":45}],"player_experience":595883,"relics_obtained":[{"floor":6,"key":"Bird Faced Urn"},{"floor":12,"key":"Bag of Marbles"},{"floor":26,"key":"CaptainsWheel"},{"floor":40,"key":"Blood Vial"},{"floor":43,"key":"Bottled Flame"}],"event_choices":[{"damage_healed":0,"gold_gain":0,"player_choice":"Leave","damage_taken":0,"max_hp_gain":0,"max_hp_loss":0,"event_name":"The Cleric","floor":3,"gold_loss":0},{"damage_healed":0,"gold_gain":0,"player_choice":"Success","damage_taken":12,"relics_obtained":["DataDisk"],"max_hp_gain":0,"max_hp_loss":0,"event_name":"Scrap Ooze","floor":4,"gold_loss":0},{"damage_healed":0,"gold_gain":0,"player_choice":"Searched \u00272\u0027 times","damage_taken":0,"relics_obtained":["Boot"],"max_hp_gain":0,"max_hp_loss":0,"event_name":"Dead Adventurer","floor":11,"gold_loss":0},{"damage_healed":0,"gold_gain":0,"player_choice":"Smashed Altar","damage_taken":0,"max_hp_gain":0,"max_hp_loss":0,"event_name":"Forgotten Altar","floor":22,"gold_loss":0,"cards_obtained":["Decay"]},{"damage_healed":0,"gold_gain":0,"player_choice":"Ignored","damage_taken":0,"max_hp_gain":0,"max_hp_loss":0,"event_name":"Ghosts","floor":24,"gold_loss":0},{"damage_healed":0,"gold_gain":0,"player_choice":"Ignored","damage_taken":0,"max_hp_gain":0,"max_hp_loss":0,"event_name":"Tomb of Lord Red Mask","floor":37,"gold_loss":0},{"damage_healed":0,"gold_gain":0,"player_choice":"Ignored","damage_taken":0,"max_hp_gain":0,"max_hp_loss":0,"event_name":"Purifier","floor":39,"gold_loss":0}],"is_beta":false,"boss_relics":[{"not_picked":["Inserter","Busted Crown"],"picked":"SacredBark"},{"not_picked":["Empty Cage","Runic Dome"],"picked":"Nuclear Battery"}],"items_purged_floors":[29],"is_endless":false,"potions_floor_spawned":[2,5,16,21,30,33,44,45],"killed_by":"3 Darklings","ascension_level":0}}