{"host":"7qqg3hyzrz6apiso","time":1612070547,"event":{"mods":["AchievementEnabler","BaseMod","Better Debug","Colored Map","Keyboard Shortcuts","Minty Spire (QoL Compilation)","Permanent Neow","Quick Restart","StSLib","SuperFastMode"],"gold_per_floor":[117,136,136,155,54,54,54,71,71,84,84,103,115,40,40,139,189,201,213,10,28,46,74,74,99,99,99,116,132,147,164,164,266,266,277,325,325,325,69,69,89,89,138,138,158,105,119,67,67,67],"floor_reached":51,"language":"KOR","playtime":2156,"items_purged":["Defend_R","Defend_R"],"score":857,"play_id":"9adaf237-c0bf-4c23-93fd-dbed64794280","local_time":"20210131142227","is_ascension_mode":true,"campfire_choices":[{"data":"Perfected Strike","floor":6.0,"key":"SMITH"},{"data":"Demon Form","floor":11.0,"key":"SMITH"},{"data":"Perfected Strike","floor":15.0,"key":"SMITH"},{"data":"Bash","floor":24.0,"key":"SMITH"},{"data":"Shrug It Off","floor":27.0,"key":"SMITH"},{"floor":32.0,"key":"REST"},{"data":"Shrug It Off","floor":40.0,"key":"SMITH"},{"data":"Iron Wave","floor":42.0,"key":"SMITH"},{"data":"Blind","floor":49,"key":"SMITH"}],"circlet_count":0,"master_deck":["Strike_R","Strike_R","Strike_R+1","Strike_R","Strike_R","Defend_R","Defend_R","Bash+1","Demon Form+1","Perfected Strike+1","Pommel Strike","Twin Strike","Iron Wave","Perfected Strike+1","Shrug It Off+1","Twin Strike","Pommel Strike","Iron Wave+1","Shrug It Off+1","Pommel Strike","Flex+1","Blind+1","Pommel Strike","Pommel Strike"],"relics":["Burning Blood","Pear","Bag of Marbles","Tiny House","Sling","Bottled Lightning","Nunchaku","Pocketwatch","Busted Crown","Mango","Centennial Puzzle","Potion Belt"],"acts_visited":["Exordium","TheCity","TheBeyond"],"potions_floor_usage":[50,50],"damage_taken":[{"damage":7.0,"enemies":"Small Slimes","floor":1.0,"turns":4.0},{"damage":9.0,"enemies":"Jaw Worm","floor":2.0,"turns":3.0},{"damage":11.0,"enemies":"Cultist","floor":4.0,"turns":4.0},{"damage":28.0,"enemies":"Lots of Slimes","floor":8.0,"turns":6.0},{"damage":2.0,"enemies":"2 Fungi Beasts","floor":10.0,"turns":2.0},{"damage":0.0,"enemies":"3 Louse","floor":12.0,"turns":2.0},{"damage":0.0,"enemies":"Exordium Wildlife","floor":13.0,"turns":2.0},{"damage":27.0,"enemies":"The Guardian","floor":16.0,"turns":6.0},{"damage":7.0,"enemies":"Chosen","floor":18.0,"turns":2.0},{"damage":14.0,"enemies":"2 Thieves","floor":19.0,"turns":3.0},{"damage":4.0,"enemies":"Cultist and Chosen","floor":21.0,"turns":4.0},{"damage":0.0,"enemies":"Centurion and Healer","floor":22.0,"turns":4.0},{"damage":41.0,"enemies":"Book of Stabbing","floor":23.0,"turns":5.0},{"damage":12.0,"enemies":"Gremlin Leader","floor":25.0,"turns":4.0},{"damage":13.0,"enemies":"Snecko","floor":28.0,"turns":3.0},{"damage":18.0,"enemies":"Shelled Parasite and Fungi","floor":29.0,"turns":7.0},{"damage":2.0,"enemies":"3 Cultists","floor":30.0,"turns":4.0},{"damage":6.0,"enemies":"Centurion and Healer","floor":31.0,"turns":4.0},{"damage":44.0,"enemies":"Champ","floor":33.0,"turns":10.0},{"damage":0.0,"enemies":"Orb Walker","floor":35.0,"turns":2.0},{"damage":42.0,"enemies":"2 Orb Walkers","floor":36.0,"turns":4.0},{"damage":1.0,"enemies":"3 Shapes","floor":41.0,"turns":3.0},{"damage":5.0,"enemies":"Jaw Worm Horde","floor":45.0,"turns":4.0},{"damage":6,"enemies":"4 Shapes","floor":47,"turns":5},{"damage":74,"enemies":"Awakened One","floor":50,"turns":9}],"seed_played":"4513301986211335823","potions_obtained":[{"floor":8.0,"key":"EntropicBrew"},{"floor":10.0,"key":"Dexterity Potion"},{"floor":13.0,"key":"Strength Potion"},{"floor":16.0,"key":"Strength Potion"},{"floor":17.0,"key":"GamblersBrew"},{"floor":21.0,"key":"SkillPotion"},{"floor":22.0,"key":"FairyPotion"},{"floor":23.0,"key":"DistilledChaos"},{"floor":29.0,"key":"Block Potion"},{"floor":41.0,"key":"CultistPotion"},{"floor":45.0,"key":"Regen Potion"}],"is_trial":false,"path_per_floor":["M","M","?","M","$","R","T","M","T","M","R","M","M","$","R","B",null,"M","M","$","M","M","E","R","E","T","R","M","M","M","M","R","B",null,"M","?","?","?","$","R","M","R","T","?","M","$","M","$","R","B",null],"character_chosen":"IRONCLAD","items_purchased":["Pommel Strike","Twin Strike","Sling","Pommel Strike","Centennial Puzzle","Pommel Strike","Pommel Strike"],"campfire_rested":1,"item_purchase_floors":[5,5,20,20,39,46,48],"current_hp_per_floor":[79,76,76,71,71,71,81,59,59,63,63,69,75,75,75,54,92,91,83,83,85,91,56,56,50,50,50,43,31,35,35,62,24,92,92,70,70,70,70,70,75,75,75,75,76,76,76,76,76,23],"gold":67,"neow_bonus":"THREE_RARE_CARDS","is_daily":false,"chose_seed":false,"campfire_upgraded":8,"win_rate":0.0,"timestamp":1612070547,"path_taken":["M","M","?","M","$","R","?","M","T","M","R","?","M","$","R","BOSS","M","M","$","M","M","E","R","E","T","R","M","M","M","?","R","BOSS","M","?","?","?","$","R","?","R","T","?","M","?","?","$","R","BOSS"],"items_purchased_type":["Card","Card","Relic","Card","Relic","Card","Card"],"build_version":"2020-12-22","purchased_purges":2,"victory":true,"max_hp_per_floor":[80,80,77,77,77,77,87,87,87,87,87,87,87,87,87,87,92,92,92,92,92,92,92,92,92,92,92,92,92,92,92,92,92,92,92,106,101,101,101,101,101,101,101,101,101,101,101,101,101,101],"card_choices":[{"not_picked":["Double Tap","Immolate"],"picked":"Demon Form","floor":0.0},{"not_picked":["Dropkick","Pommel Strike"],"picked":"Perfected Strike","floor":1.0},{"not_picked":["Warcry","Wild Strike","Havoc"],"picked":"SKIP","floor":2.0},{"not_picked":["Hemokinesis","Dark Embrace","Power Through"],"picked":"SKIP","floor":4.0},{"not_picked":["Warcry","Intimidate"],"picked":"Iron Wave","floor":8.0},{"not_picked":["Dark Embrace","Anger","Corruption"],"picked":"SKIP","floor":10.0},{"not_picked":["Wild Strike","Flex"],"picked":"Perfected Strike","floor":12.0},{"not_picked":["Body Slam","Headbutt"],"picked":"Shrug It Off","floor":13.0},{"not_picked":["Headbutt","Fire Breathing"],"picked":"Twin Strike","floor":17.0},{"not_picked":["Whirlwind","Thunderclap+1","Anger"],"picked":"SKIP","floor":18.0},{"not_picked":["Combust","Sword Boomerang","Warcry"],"picked":"SKIP","floor":19.0},{"not_picked":["Double Tap","Anger+1"],"picked":"Iron Wave","floor":21.0},{"not_picked":["Heavy Blade","Armaments"],"picked":"Shrug It Off","floor":22.0},{"not_picked":["Body Slam","Warcry","Fiend Fire"],"picked":"SKIP","floor":23.0},{"not_picked":["True Grit","Bloodletting+1"],"picked":"Pommel Strike","floor":25.0},{"not_picked":["Second Wind","Warcry","Cleave"],"picked":"SKIP","floor":28.0},{"not_picked":["Clash+1","Iron Wave","Reckless Charge"],"picked":"SKIP","floor":29.0},{"not_picked":["Reckless Charge","Evolve+1","Blood for Blood"],"picked":"SKIP","floor":30.0},{"not_picked":["Feed","Body Slam"],"picked":"Flex+1","floor":31.0},{"not_picked":["Wild Strike+1"],"picked":"SKIP","floor":35.0},{"not_picked":["Thunderclap"],"picked":"SKIP","floor":41.0},{"not_picked":[],"picked":"Blind","floor":44.0},{"not_picked":["Wild Strike"],"picked":"SKIP","floor":45.0},{"not_picked":["Body Slam"],"picked":"SKIP","floor":47}],"player_experience":179397,"relics_obtained":[{"floor":7.0,"key":"Pear"},{"floor":9.0,"key":"Bag of Marbles"},{"floor":23.0,"key":"Bottled Lightning"},{"floor":25.0,"key":"Nunchaku"},{"floor":26.0,"key":"Pocketwatch"},{"floor":36.0,"key":"Mango"},{"floor":43.0,"key":"Potion Belt"}],"event_choices":[{"cards_removed":["Parasite"],"damage_healed":0.0,"max_hp_gain":0.0,"max_hp_loss":0.0,"gold_gain":0.0,"event_name":"Living Wall","player_choice":"Forget","floor":3.0,"gold_loss":0.0,"damage_taken":0.0},{"damage_healed":0.0,"max_hp_gain":0.0,"max_hp_loss":0.0,"gold_gain":0.0,"event_name":"Mysterious Sphere","player_choice":"Fight","floor":36.0,"gold_loss":0.0,"damage_taken":0.0},{"damage_healed":0.0,"max_hp_gain":0.0,"max_hp_loss":5.0,"gold_gain":0.0,"event_name":"Winding Halls","player_choice":"Max HP","floor":37.0,"gold_loss":0.0,"damage_taken":0.0},{"damage_healed":0.0,"max_hp_gain":0.0,"max_hp_loss":0.0,"gold_gain":0.0,"event_name":"Tomb of Lord Red Mask","player_choice":"Ignored","floor":38.0,"gold_loss":0.0,"damage_taken":0.0},{"damage_healed":0.0,"max_hp_gain":0.0,"max_hp_loss":0.0,"gold_gain":0.0,"event_name":"SensoryStone","player_choice":"Memory 1","floor":44.0,"gold_loss":0.0,"damage_taken":0.0}],"is_beta":false,"boss_relics":[{"not_picked":["Runic Cube","Velvet Choker"],"picked":"Tiny House"},{"not_picked":["Sozu","Cursed Key"],"picked":"Busted Crown"}],"items_purged_floors":[14,39],"is_endless":false,"potions_floor_spawned":[8,10,13,16,21,22,23,29,41,45],"ascension_level":3}}