{"host":"kiczkwpc36uxnkg8","time":1612111495,"event":{"mods":["AchievementEnabler","Act Like it!","Aspiration","BaseMod","Colored Powertips","Energized Spire","GifTheSpireLib","Hubris","Infinite Spire","Koishi","Minty Spire (QoL Compilation)","Pale of the Ancients","Permanent Neow","Quick Restart","Relic Filter","Remilia??????","Replay The Spire","Spicy Shops","StSLib","Stuff the Spire","The Bug Knight","The Servant 0.9.4","Wandering Minibosses"],"gold_per_floor":[118,43,57,57,69,69,102,102,129,129,129,157,168,68,68,68,68],"floor_reached":16,"language":"ENG","playtime":666,"items_purged":["Dualcast","Strike_B"],"score":146,"play_id":"29ca4c46-687d-4e5b-9cd4-76cc7125b0c6","local_time":"20210131164455","is_ascension_mode":true,"campfire_choices":[{"floor":6,"key":"REST"},{"floor":8,"key":"REST"},{"data":"Strike_B","floor":15,"key":"PURGE"}],"circlet_count":0,"master_deck":["Strike_B","Defend_B+1","Defend_B","Defend_B","Zap+1","Coolheaded+1","Conserve Battery"],"relics":["Cracked Core","infinitespire:ShieldingShard","Orichalcum","Bag of Marbles"],"acts_visited":["Exordium"],"potions_floor_usage":[16,16],"damage_taken":[{"damage":2,"enemies":"Jaw Worm","floor":1,"turns":3},{"damage":0,"enemies":"2 Louse","floor":3,"turns":4},{"damage":0,"enemies":"Cultist","floor":5,"turns":4},{"damage":33,"enemies":"3 Sentries","floor":7,"turns":9},{"damage":14,"enemies":"Gremlin Nob","floor":12,"turns":4},{"damage":2,"enemies":"3 Louse","floor":13,"turns":4},{"damage":36,"enemies":"Fading Forest","floor":16,"turns":9}],"seed_played":"-2707845134019636196","potions_obtained":[{"floor":1,"key":"Swift Potion"},{"floor":5,"key":"Languid Potion"},{"floor":12,"key":"Adrenaline Potion"}],"is_trial":false,"path_per_floor":["M","$","M","?","M","R","E","R","T","?","?","E","M","$","R","B"],"character_chosen":"DEFECT","items_purchased":[],"campfire_rested":2,"item_purchase_floors":[],"current_hp_per_floor":[48,48,48,48,48,70,37,59,59,44,44,30,28,28,28,0,0],"gold":68,"neow_bonus":"REMOVE_TWO","is_daily":false,"chose_seed":false,"campfire_upgraded":0,"win_rate":0.0,"timestamp":1612111495,"path_taken":["M","$","M","?","M","R","E","R","T","?","?","E","M","?","R","BOSS"],"items_purchased_type":[],"build_version":"2020-12-22","purchased_purges":2,"victory":false,"max_hp_per_floor":[75,75,75,75,75,75,75,75,75,75,75,75,75,75,75,75,75],"card_choices":[{"not_picked":["Leap","Consume","ReplaySolidLightProjector"],"picked":"SKIP","floor":1},{"not_picked":["Gash","ReplayTheSpireMod:System Scan"],"picked":"Coolheaded","floor":3},{"not_picked":["ReplaySolidLightProjector","Redo","Rebound"],"picked":"SKIP","floor":5},{"not_picked":["Redo","Steam Power","FTL"],"picked":"SKIP","floor":7},{"not_picked":["StuffTheSpire:GlassShard","Leap"],"picked":"Conserve Battery","floor":12},{"not_picked":["Genetic Algorithm","Glacier","Hologram"],"picked":"SKIP","floor":13}],"player_experience":664187,"relics_obtained":[{"floor":7,"key":"infinitespire:ShieldingShard"},{"floor":9,"key":"Orichalcum"},{"floor":12,"key":"Bag of Marbles"}],"event_choices":[{"damage_healed":0,"gold_gain":0,"player_choice":"Entered Light","damage_taken":15,"max_hp_gain":0,"max_hp_loss":0,"event_name":"Shining Light","floor":10,"gold_loss":0,"cards_upgraded":["Defend_B","Zap"]},{"damage_healed":0,"gold_gain":0,"player_choice":"Grow","damage_taken":0,"max_hp_gain":0,"max_hp_loss":0,"event_name":"Living Wall","floor":11,"gold_loss":0,"cards_upgraded":["Coolheaded"]}],"is_beta":false,"boss_relics":[],"items_purged_floors":[2,14],"is_endless":false,"potions_floor_spawned":[1,5,12],"killed_by":"Fading Forest","ascension_level":7}}