{"host":"5kxsp73ljq8rs5p9","time":1612114534,"event":{"mods":["BaseMod","Challenge The Spire","Colored Powertips","Energized Spire","HololiveMod","Minty Spire (QoL Compilation)","Quick Restart","Relic Stats","Replay The Spire","StSLib"],"gold_per_floor":[284,39,71,99,134,134,134,47,47,47],"floor_reached":9,"language":"ZHS","playtime":411,"items_purged":[],"score":300,"play_id":"c9208cec-4237-4003-9489-de84edb161c0","local_time":"20210201013534","daily_mods":["challengethespire:Platinum Difficulty","challengethespire:Modded Elite Rush","Uncertain Future"],"is_ascension_mode":true,"campfire_choices":[{"data":"Hololive_Rebirth","floor":7,"key":"SMITH"}],"circlet_count":0,"master_deck":["AscendersBane","Hololive_Strike","Hololive_Strike","Hololive_Defend","Hololive_Defend","Hololive_OvertimeWork","Hololive_CallMoonaHoshinova","Hololive_CallUsadaPekora","Hololive_CallYozoraMel","Hololive_CallNekomataOkayu","Hololive_CallAiraniIofifteen","Hololive_CallAmaneKanata","Hololive_ScarfAndHalo","Hololive_CallAiraniIofifteen","Pot Of Greed","Pot Of Greed","Hololive_CallAyundaRisu","Hololive_CallShiranuiFlare","Hololive_Rebirth+1","Hololive_CallOzoraSubaru"],"relics":["Hololive_TheStar","Black Star","Sling","PreservedInsect","ReplayTheSpireMod:Shallot","Blue Doll","Eternal Feather","Grinning Jar","Divine Protection","Omamori","TungstenRod","Boot","energizedSpire:EnergizedDie"],"acts_visited":["Exordium"],"potions_floor_usage":[9],"damage_taken":[{"damage":0,"enemies":"Lagavulin","floor":3,"turns":4},{"damage":0,"enemies":"Replay:BlueRogue","floor":4,"turns":5},{"damage":0,"enemies":"Gremlin Nob","floor":5,"turns":4},{"damage":40,"enemies":"Slavers","floor":9,"turns":4}],"seed_played":"-3190765728843795118","potions_obtained":[{"floor":3,"key":"Adrenaline Potion"},{"floor":5,"key":"Fire Potion"}],"is_trial":true,"path_per_floor":["$","$","E","E","E","T","R","$","E"],"character_chosen":"Hololive_HololiveCharacter","items_purchased":["Hololive_CallAmaneKanata","Hololive_ScarfAndHalo","ReplayTheSpireMod:Shallot","Blue Doll","Hololive_CallAiraniIofifteen","Hololive_CallOzoraSubaru"],"campfire_rested":0,"item_purchase_floors":[1,1,1,2,2,8],"current_hp_per_floor":[27,27,27,30,33,33,36,36,0,0],"gold":47,"neow_bonus":"","is_daily":false,"chose_seed":false,"campfire_upgraded":1,"win_rate":0.0,"timestamp":1612114534,"path_taken":["$","$","E","E","E","T","R","$","E"],"items_purchased_type":["Card","Card","Relic","Relic","Card","Card"],"build_version":"2020-12-22","purchased_purges":0,"victory":false,"max_hp_per_floor":[30,30,30,33,36,36,36,36,39,39],"relic_stats":{"counters":[4,17],"Eternal Feather":3,"PreservedInsect":120,"Black Star":3,"Boot":[22],"obtain_stats":[{"Divine Protection":4,"energizedSpire:EnergizedDie":6,"Blue Doll":2,"Eternal Feather":3,"PreservedInsect":0,"Omamori":4,"Sling":0,"Boot":5,"ReplayTheSpireMod:Shallot":1,"Hololive_TheStar":0,"Black Star":0,"Grinning Jar":3,"TungstenRod":5},{"Divine Protection":2,"energizedSpire:EnergizedDie":3,"Blue Doll":0,"Eternal Feather":1,"PreservedInsect":0,"Omamori":2,"Sling":0,"Boot":3,"ReplayTheSpireMod:Shallot":0,"Hololive_TheStar":0,"Black Star":0,"Grinning Jar":1,"TungstenRod":3},{"Divine Protection":9,"energizedSpire:EnergizedDie":13,"Blue Doll":0,"Eternal Feather":4,"PreservedInsect":0,"Omamori":9,"Sling":0,"Boot":13,"ReplayTheSpireMod:Shallot":0,"Hololive_TheStar":0,"Black Star":0,"Grinning Jar":4,"TungstenRod":13}],"TungstenRod":3},"card_choices":[],"player_experience":179916,"relics_obtained":[{"floor":3,"key":"Eternal Feather"},{"floor":3,"key":"Grinning Jar"},{"floor":4,"key":"Divine Protection"},{"floor":4,"key":"Omamori"},{"floor":5,"key":"TungstenRod"},{"floor":5,"key":"Boot"}],"event_choices":[],"is_beta":false,"boss_relics":[{"not_picked":["Kintsugi","Hololive_ChaosS"],"picked":"energizedSpire:EnergizedDie"}],"items_purged_floors":[],"is_endless":false,"potions_floor_spawned":[3,5],"killed_by":"Slavers","ascension_level":20}}