{"host":"w05x4i13f2m9joq1","time":1612083142,"event":{"mods":["Act Like it!","Bard","BaseMod","Better Altar","Better Match","Better Note","Better Sensory Stone","Better Skull","Better Third Choice","BetterRewards","CapriCore","Colored Map","Colored Powertips","Decade(???)","Defective Defect","Duelist Mod","Gensokyo","GifTheSpireLib","Googly Eyes","Infinite Spire","Ironclad Rager","Lobotomy","LobotomyExtend","Marisa????????","Melee Mod","Minty Spire (QoL Compilation)","Morshu Shopkeeper - ENHANCED","MostiFishMod","Quick Restart","Rare Cards Sparkle","Replay The Spire","Shop Mod","Spicy Shops","Spire Birthday Party","StSLib","Td1madao Mod","The Construct","The IronCluck","TheBandit","Uncapped","everything is the same but u backflip on backflip","slay the spire mod where everything is the same but ironclad has a cowboy hat"],"gold_per_floor":[110,35,47,64,64,64,94,114,187,187,32,32,32,43,43,43,43],"floor_reached":16,"language":"ENG","playtime":1234,"items_purged":[],"score":115,"play_id":"d4c6180c-7282-4087-9f5e-ae99dbd34670","local_time":"20210131035222","is_ascension_mode":true,"campfire_choices":[{"floor":15,"key":"DIG"}],"circlet_count":0,"master_deck":["SpecialBullet","SpecialBullet","SpecialBullet","SpecialBullet","SpecialBullet","SpecialBullet","SpecialBullet","InformationCode","DisciplinaryCode","TrainingCode","Mimicry+1","ShedSkin","Twilight+1","Adoration+1","CENSORED_ego+1","Wingbeat","Lamp+1","OldLady","Amita","Scorched","Harvest","MagicBullet+1","WelfareCode","Pleasure"],"relics":["CogitoBucket","DaveBox","HollowDreamFlower","SynthV:TestCard","LetterFromLob","MostiFishMod:Haymaker","Kunai","Toolbox","BehaviorAdjustment","Bag of Marbles"],"acts_visited":["Exordium"],"potions_floor_usage":[14,16],"damage_taken":[{"damage":6,"enemies":"Cultist","floor":1,"turns":3},{"damage":5,"enemies":"infinitespire:Voidling","floor":3,"turns":5},{"damage":0,"enemies":"2 Louse","floor":4,"turns":2},{"damage":21,"enemies":"Lagavulin","floor":7,"turns":7},{"damage":14,"enemies":"Exordium Thugs","floor":8,"turns":4},{"damage":42,"enemies":"Red Slaver","floor":14,"turns":3},{"damage":23,"enemies":"Hexaghost","floor":16,"turns":2}],"seed_played":"-7413476106231142264","potions_obtained":[{"floor":1,"key":"PowerPotion"},{"floor":7,"key":"SpeedPotion"},{"floor":8,"key":"SpeedPotion"},{"floor":14,"key":"ColorlessPotion"}],"is_trial":false,"path_per_floor":["M","?","M","M","?","R","E","M","T","R","$","?","R","M","R_BF","B"],"character_chosen":"Angela","items_purchased":["Toolbox"],"campfire_rested":0,"item_purchase_floors":[11],"current_hp_per_floor":[64,64,70,70,70,70,49,39,39,39,39,39,39,5,5,0,0],"gold":43,"neow_bonus":"ONE_RANDOM_RARE_CARD","is_daily":false,"chose_seed":false,"campfire_upgraded":0,"win_rate":0.0,"timestamp":1612083142,"path_taken":["M","?","M","M","?","R","E","?","T","R","?","?","R","M","R_BF","BOSS"],"items_purchased_type":["Relic"],"build_version":"2020-12-22","purchased_purges":0,"victory":false,"max_hp_per_floor":[70,70,70,70,70,70,70,70,70,70,70,70,70,70,70,70,70],"card_choices":[{"not_picked":["SwordSharpenedByTears"],"picked":"ShedSkin","floor":1},{"not_picked":["Justitia+1","Adoration+1","Mimicry+1"],"picked":"Twilight+1","floor":2},{"not_picked":["Pinks+1","Twilight+1","CENSORED_ego+1"],"picked":"Adoration+1","floor":2},{"not_picked":["Adoration+1","Justitia+1","TheSmile+1"],"picked":"CENSORED_ego+1","floor":2},{"not_picked":["VoidDream","PunishingBird"],"picked":"OSAHOGD","floor":3},{"not_picked":["Soda","ShedSkin","Beak"],"picked":"Wingbeat","floor":3},{"not_picked":["Noise","Lantern","GrinderMk4"],"picked":"Lamp","floor":4},{"not_picked":["SnowQueen","BeautyBeast"],"picked":"OldLady","floor":7},{"not_picked":["SwordSharpenedByTears","Diffraction","Lamp"],"picked":"Amita","floor":7},{"not_picked":["SpiderBud","Funeral"],"picked":"Scorched","floor":8},{"not_picked":["FeatherOfHonor","Wingbeat","FourthMatchFlame"],"picked":"Harvest","floor":8},{"not_picked":["Lantern","RedEyes","BloodyDesire"],"picked":"Pleasure","floor":14}],"player_experience":165796,"relics_obtained":[{"floor":1,"key":"SynthV:TestCard"},{"floor":1,"key":"LetterFromLob"},{"floor":7,"key":"MostiFishMod:Haymaker"},{"floor":9,"key":"Kunai"},{"floor":15,"key":"Bag of Marbles"}],"event_choices":[{"damage_healed":0,"gold_gain":0,"player_choice":"3","damage_taken":0,"max_hp_gain":0,"max_hp_loss":0,"event_name":"betterMatch:BetterMatch","floor":2,"gold_loss":0,"cards_obtained":["betterMatch:RareCard"]},{"damage_healed":0,"gold_gain":0,"player_choice":"Forge","damage_taken":0,"max_hp_gain":0,"max_hp_loss":0,"event_name":"Accursed Blacksmith","floor":5,"gold_loss":0,"cards_upgraded":["Mimicry"]}],"is_beta":false,"boss_relics":[],"items_purged_floors":[],"is_endless":false,"potions_floor_spawned":[1,7,8,14],"killed_by":"Hexaghost","ascension_level":3}}