{"host":"Jinnai","time":1612056001,"event":{"mods":["BaseMod","Bestiary","Block Reminder","Colored Map","Colored Powertips","Highlight Path","Minty Spire (QoL Compilation)","Quick Restart","Relic Stats","StSLib"],"gold_per_floor":[116,133,151,76,88,88,113,113,140,156,183,183,111,140,140,217,217,235,252,1,1,1],"floor_reached":21,"language":"ENG","playtime":773,"items_purged":["Defend_R"],"score":378,"play_id":"846237e7-3395-4283-b55a-997353a9738b","local_time":"20210130202001","is_ascension_mode":true,"campfire_choices":[{"data":"Apotheosis","floor":6,"key":"SMITH"},{"data":"Spot Weakness","floor":8,"key":"SMITH"},{"data":"Perfected Strike","floor":15,"key":"SMITH"}],"circlet_count":0,"master_deck":["AscendersBane","Strike_R","Strike_R","Strike_R","Strike_R","Strike_R","Defend_R","Defend_R","Defend_R","Bash","Apotheosis+1","Spot Weakness+1","Cleave","Perfected Strike+1","Headbutt","Sword Boomerang","Pummel","Perfected Strike","Bludgeon","Feed","CurseOfTheBell","Second Wind","Immolate"],"relics":["Burning Blood","Dream Catcher","Odd Mushroom","Bronze Scales","WingedGreaves","Calling Bell","Strawberry","Letter Opener","Calipers","Happy Flower"],"acts_visited":["Exordium","TheCity"],"potions_floor_usage":[7,16,19,19,21],"damage_taken":[{"damage":3,"enemies":"2 Louse","floor":1,"turns":4},{"damage":6,"enemies":"Cultist","floor":2,"turns":3},{"damage":4,"enemies":"Small Slimes","floor":3,"turns":4},{"damage":7,"enemies":"3 Louse","floor":5,"turns":3},{"damage":22,"enemies":"3 Sentries","floor":7,"turns":5},{"damage":14,"enemies":"Red Slaver","floor":10,"turns":2},{"damage":13,"enemies":"The Mushroom Lair","floor":11,"turns":3},{"damage":8,"enemies":"Gremlin Nob","floor":14,"turns":3},{"damage":10,"enemies":"Hexaghost","floor":16,"turns":7},{"damage":11,"enemies":"Spheric Guardian","floor":18,"turns":3},{"damage":30,"enemies":"Shell Parasite","floor":19,"turns":4},{"damage":44,"enemies":"Cultist and Chosen","floor":21,"turns":3}],"seed_played":"-2572351766844069447","potions_obtained":[{"floor":1,"key":"SkillPotion"},{"floor":3,"key":"Explosive Potion"},{"floor":16,"key":"EntropicBrew"}],"is_trial":false,"path_per_floor":["M","M","M","$","M","R","E","R","T","M","?","?","?","E","R","B",null,"M","M","$","M"],"character_chosen":"IRONCLAD","items_purchased":["Immolate","Happy Flower"],"campfire_rested":0,"item_purchase_floors":[20,20],"current_hp_per_floor":[53,53,55,55,54,54,38,38,38,30,23,23,23,21,21,17,68,63,39,39,0,0],"gold":1,"neow_bonus":"RANDOM_COLORLESS_2","is_daily":false,"chose_seed":false,"campfire_upgraded":3,"win_rate":0.0,"timestamp":1612056001,"path_taken":["M","M","M","$","M","R","E","R","T","M","?","?","?","E","R","BOSS","M","M","$","M"],"items_purchased_type":["Card","Relic"],"build_version":"2020-12-18","purchased_purges":1,"victory":false,"max_hp_per_floor":[75,75,75,75,75,75,75,75,75,75,75,75,75,75,75,75,82,82,82,82,82,82],"relic_stats":{"Dream Catcher":0,"Happy Flower":[1],"counters":[12,44],"Bronze Scales":[51],"Letter Opener":[0],"obtain_stats":[{"Calling Bell":17,"Dream Catcher":7,"Calipers":17,"Happy Flower":20,"Bronze Scales":13,"Strawberry":17,"WingedGreaves":14,"Letter Opener":17,"Odd Mushroom":11,"Burning Blood":0},{"Calling Bell":9,"Dream Catcher":5,"Calipers":9,"Happy Flower":11,"Bronze Scales":7,"Strawberry":9,"WingedGreaves":8,"Letter Opener":9,"Odd Mushroom":7,"Burning Blood":0},{"Calling Bell":34,"Dream Catcher":19,"Calipers":34,"Happy Flower":41,"Bronze Scales":24,"Strawberry":34,"WingedGreaves":27,"Letter Opener":34,"Odd Mushroom":24,"Burning Blood":0}],"Burning Blood":66},"card_choices":[{"not_picked":["Metamorphosis","Chrysalis"],"picked":"Apotheosis","floor":0},{"not_picked":["Pummel","Armaments"],"picked":"Spot Weakness","floor":1},{"not_picked":["Thunderclap","Flame Barrier"],"picked":"Cleave","floor":2},{"not_picked":["Sentinel","Blood for Blood"],"picked":"Perfected Strike","floor":3},{"not_picked":["Shrug It Off","Cleave"],"picked":"Headbutt","floor":5},{"not_picked":["Sentinel","Blood for Blood"],"picked":"Sword Boomerang","floor":7},{"not_picked":["Blood for Blood","Clash"],"picked":"Pummel","floor":10},{"not_picked":["Clothesline","Pommel Strike"],"picked":"Perfected Strike","floor":11},{"not_picked":["Iron Wave","Immolate"],"picked":"Bludgeon","floor":14},{"not_picked":["Bludgeon","Impervious"],"picked":"Feed","floor":16},{"not_picked":["Body Slam","Perfected Strike","Flex"],"picked":"SKIP","floor":18},{"not_picked":["Evolve","Body Slam"],"picked":"Second Wind","floor":19}],"player_experience":1612851,"relics_obtained":[{"floor":7,"key":"Dream Catcher"},{"floor":11,"key":"Odd Mushroom"},{"floor":14,"key":"WingedGreaves"},{"floor":17,"key":"Strawberry"},{"floor":17,"key":"Letter Opener"},{"floor":17,"key":"Calipers"}],"event_choices":[{"damage_healed":0,"gold_gain":0,"player_choice":"Fought Mushrooms","damage_taken":0,"max_hp_gain":0,"max_hp_loss":0,"event_name":"Mushrooms","floor":11,"gold_loss":0},{"damage_healed":0,"gold_gain":0,"player_choice":"Ignored","damage_taken":0,"max_hp_gain":0,"max_hp_loss":0,"event_name":"Liars Game","floor":12,"gold_loss":0},{"damage_healed":0,"gold_gain":0,"player_choice":"Paid Gold","damage_taken":0,"relics_obtained":["Bronze Scales"],"max_hp_gain":0,"max_hp_loss":0,"event_name":"WeMeetAgain","floor":13,"gold_loss":72}],"is_beta":true,"boss_relics":[{"not_picked":["SlaversCollar","SacredBark"],"picked":"Calling Bell"}],"items_purged_floors":[4],"is_endless":false,"potions_floor_spawned":[1,3,5,16],"killed_by":"Cultist and Chosen","ascension_level":20}}