{"host":"u9h06qdlnp3wgzsw","time":1612066942,"event":{"mods":["Act Like it!","BaseMod","Conspire","Curses Come First","Downfall","Hallownest","Hermit","Hubris","Minty Spire (QoL Compilation)","Quick Restart","Rare Cards Sparkle","Replay The Spire","Shop Mod","StSLib","The Disciple","The Hierophant","The Servant 0.9.4"],"gold_per_floor":[117,117,135,153,180,180,196,196,196,212,245,264,283,12,12,12,12],"floor_reached":16,"language":"ENG","playtime":1471,"items_purged":["Strike_R"],"score":114,"play_id":"5c11ec07-475c-4932-a107-3835cb24db41","local_time":"20210130232222","is_ascension_mode":false,"campfire_choices":[{"floor":6,"key":"REST"},{"floor":8,"key":"REST"}],"circlet_count":0,"master_deck":["Strike_R","Strike_R","Strike_R","Defend_R","Defend_R","Defend_R","Defend_R","Bash","Life Link","Searing Blow+1","Run Through","Uppercut"],"relics":["Burning Blood","Hallownest:DreamNailRelic","ReplayTheSpireMod:Spearhead","Replay:Bottled Steam","ReplayFunnel","MerchantsRug"],"acts_visited":["Exordium"],"potions_floor_usage":[5,5,5,5,11,11,16,16],"damage_taken":[{"damage":7,"enemies":"Hallownest:2_MossCreeps","floor":1,"turns":8},{"damage":16,"enemies":"Hallownest:2_Tiktiks_and_1_Crawlid","floor":3,"turns":8},{"damage":22,"enemies":"Hallownest:monsterHuskGuard","floor":4,"turns":4},{"damage":25,"enemies":"Hallownest:eliteCrystalGuardian","floor":5,"turns":7},{"damage":35,"enemies":"Hallownest:2_Tiktiks_1_Baldur_1_Crawlid","floor":7,"turns":11},{"damage":6,"enemies":"Hallownest:MossCreep_and_Mosskin","floor":10,"turns":7},{"damage":16,"enemies":"Hallownest:eliteVengeflyKing","floor":11,"turns":10},{"damage":9,"enemies":"Hallownest:Wandering_and_Horned","floor":12,"turns":5},{"damage":1,"enemies":"Hallownest:monsterFoolEater","floor":13,"turns":4},{"damage":75,"enemies":"Hallownest:BossHornet","floor":16,"turns":14}],"seed_played":"-4696057564499499207","potions_obtained":[{"floor":3,"key":"GamblersBrew"},{"floor":4,"key":"EntropicBrew"},{"floor":5,"key":"DistilledChaos"},{"floor":7,"key":"SteroidPotion"},{"floor":13,"key":"Weak Potion"}],"is_trial":false,"path_per_floor":["M","?","M","M","?","R","M","R","T","M","E","M","M","$","R","B"],"character_chosen":"IRONCLAD","items_purchased":["MerchantsRug","FearPotion"],"campfire_rested":2,"item_purchase_floors":[14,14],"current_hp_per_floor":[79,79,69,53,34,58,29,53,53,53,43,40,45,45,69,0,0],"gold":12,"neow_bonus":"REMOVE_CARD","is_daily":false,"chose_seed":false,"campfire_upgraded":0,"win_rate":0.0,"timestamp":1612066942,"path_taken":["M","?","M","?","?","R","M","R","T","M","E","M","M","$","R","BOSS"],"items_purchased_type":["Relic","Potion"],"build_version":"2020-12-22","purchased_purges":1,"victory":false,"max_hp_per_floor":[80,80,80,80,80,80,80,80,80,80,80,80,80,80,80,80,80],"card_choices":[{"not_picked":["Perfected Strike","Body Slam","Clash"],"picked":"SKIP","floor":1},{"not_picked":["Massacre","Body Slam"],"picked":"Life Link","floor":3},{"not_picked":["Rampage","Perfected Strike"],"picked":"Searing Blow","floor":4},{"not_picked":["Massacre","Warcry"],"picked":"Run Through","floor":5},{"not_picked":["Twin Strike","Rampage","Inflame"],"picked":"SKIP","floor":7},{"not_picked":["ReplayTheSpireMod:Muscle Training","Inflame","Perfected Strike"],"picked":"SKIP","floor":10},{"not_picked":["Sever Soul","Rampage","Replay:Many Hands"],"picked":"SKIP","floor":11},{"not_picked":["Sword Boomerang","Pummel","Perfected Strike"],"picked":"SKIP","floor":12},{"not_picked":["Clash","Headbutt"],"picked":"Uppercut","floor":13}],"player_experience":964946,"relics_obtained":[{"floor":5,"key":"ReplayTheSpireMod:Spearhead"},{"floor":9,"key":"Replay:Bottled Steam"},{"floor":11,"key":"ReplayFunnel"}],"event_choices":[],"is_beta":false,"boss_relics":[],"items_purged_floors":[14],"is_endless":false,"potions_floor_spawned":[3,4,5,7,13],"killed_by":"Hallownest:BossHornet","ascension_level":0}}