{"host":"auruk4ryct6j660o","time":1612090953,"event":{"mods":["BaseMod","Downfall","Minty Spire (QoL Compilation)","StSLib"],"gold_per_floor":[99,114,130,142,158,183,183,183,198,198,208,208,219,251,267,366,366,166,177,190,290,303,45,45,45,45,45,79,79,112,124,136,234,234,234,254,254,271,317,317,396,406,101,101,116,116,116,128,141,141],"floor_reached":51,"language":"ENG","playtime":5192,"items_purged":["downfall:Haunted"],"score":728,"play_id":"b1d437ba-e52e-40ba-a2bc-832e2a32b865","local_time":"20210131110233","is_ascension_mode":false,"campfire_choices":[{"floor":1.0,"key":"RECALL"},{"data":"1","floor":8.0,"key":"LIFT"},{"floor":12.0,"key":"REST"},{"data":"2","floor":18.0,"key":"LIFT"},{"data":"3","floor":25.0,"key":"LIFT"},{"floor":27.0,"key":"REST"},{"data":"champ:StanceDance","floor":29.0,"key":"SMITH"},{"data":"champ:FaceSlap","floor":35.0,"key":"SMITH"},{"data":"champ:Shatter","floor":40.0,"key":"SMITH"},{"floor":44.0,"key":"REST"},{"floor":47.0,"key":"REST"}],"circlet_count":0,"master_deck":["champ:Strike","champ:Strike","champ:Strike","champ:Strike","champ:Defend","champ:Defend","champ:Defend","champ:Execute","champ:Taunt","champ:Circumvent","champ:FlashCut","champ:BringItOn","champ:DeathBlow","champ:FaceSlap+1","champ:RecklessLeap","champ:ShieldWall","champ:EnGarde","champ:TripleStrike","champ:StanceDance+1","champ:HoldFirm","champ:SkillfulDodge","champ:StanceDance","champ:FocusedDefense","champ:FanOfKnives+1","champ:FancyFootwork","expansioncontent:AwakenDeath","champ:ShieldWall","champ:AdrenalArmor+1","champ:Shatter+1","champ:GutPunch","champ:CheapShot","champ:GutPunch","champ:VampiricStrike","champ:RecklessLeap+1","champ:TornadoPunch+1","champ:DefensiveShout","Parasite","champ:AdrenalArmor+1","champ:AdrenalArmor+1","champ:PreciseThrust"],"relics":["champ:ChampionCrown","Girya","Mercury Hourglass","Letter Opener","Toy Ornithopter","Black Star","downfall:HeartBlessingRed","downfall:HeartBlessingGreen","White Beast Statue","HandDrill","Pear","MutagenicStrength","The Courier","Art of War","Vajra","Omamori","Velvet Choker","Du-Vu Doll","Centennial Puzzle","HornCleat","Torii"],"acts_visited":["Exordium","TheCity","TheBeyond"],"potions_floor_usage":[50,50,50],"damage_taken":[{"damage":19.0,"enemies":"2 Louse","floor":2.0,"turns":3.0},{"damage":21.0,"enemies":"Jaw Worm","floor":3.0,"turns":5.0},{"damage":18.0,"enemies":"Cultist","floor":4.0,"turns":5.0},{"damage":10.0,"enemies":"Blue Slaver","floor":5.0,"turns":4.0},{"damage":45.0,"enemies":"3 Sentries","floor":6.0,"turns":8.0},{"damage":21.0,"enemies":"Exordium Thugs","floor":9.0,"turns":3.0},{"damage":20.0,"enemies":"Large Slime","floor":11.0,"turns":5.0},{"damage":3.0,"enemies":"Red Slaver","floor":13.0,"turns":3.0},{"damage":44.0,"enemies":"Gremlin Nob","floor":14.0,"turns":5.0},{"damage":21.0,"enemies":"Exordium Wildlife","floor":15.0,"turns":4.0},{"damage":58.0,"enemies":"SI_SHIV_ARCHETYPE","floor":16.0,"turns":8.0},{"damage":30.0,"enemies":"Spheric Guardian","floor":19.0,"turns":4.0},{"damage":38.0,"enemies":"Sentry and Sphere","floor":20.0,"turns":6.0},{"damage":104.0,"enemies":"downfall:LadyInBlue","floor":21.0,"turns":9.0},{"damage":27.0,"enemies":"Snake Plant","floor":22.0,"turns":5.0},{"damage":30.0,"enemies":"downfall:FleeingMerchant","floor":23.0,"turns":4.0},{"damage":47.0,"enemies":"Book of Stabbing","floor":28.0,"turns":4.0},{"damage":5.0,"enemies":"Slavers","floor":30.0,"turns":4.0},{"damage":25.0,"enemies":"Cultist and Chosen","floor":31.0,"turns":5.0},{"damage":30.0,"enemies":"Centurion and Healer","floor":32.0,"turns":6.0},{"damage":97.0,"enemies":"WA_ARCHETYPE_CALM","floor":33.0,"turns":7.0},{"damage":20.0,"enemies":"3 Darklings","floor":36.0,"turns":5.0},{"damage":10.0,"enemies":"Orb Walker","floor":38.0,"turns":2.0},{"damage":42.0,"enemies":"3 Darklings","floor":42.0,"turns":4.0},{"damage":55.0,"enemies":"downfall:FleeingMerchant","floor":43.0,"turns":5.0},{"damage":28.0,"enemies":"Writhing Mass","floor":45.0,"turns":5.0},{"damage":56.0,"enemies":"Maw","floor":48.0,"turns":5.0},{"damage":20.0,"enemies":"4 Shapes","floor":49.0,"turns":4.0},{"damage":136,"enemies":"IC_BLOCK_ARCHETYPE","floor":50,"turns":9}],"seed_played":"8245885266412834728","potions_obtained":[{"floor":3.0,"key":"Ancient Potion"},{"floor":5.0,"key":"Energy Potion"},{"floor":6.0,"key":"LiquidMemories"},{"floor":16.0,"key":"Regen Potion"},{"floor":20.0,"key":"FairyPotion"},{"floor":21.0,"key":"Strength Potion"},{"floor":21.0,"key":"Dexterity Potion"},{"floor":22.0,"key":"Regen Potion"},{"floor":23.0,"key":"bronze:BurnAndBuffPotion"},{"floor":28.0,"key":"Explosive Potion"},{"floor":30.0,"key":"DuplicationPotion"},{"floor":32.0,"key":"SpeedPotion"},{"floor":36.0,"key":"DistilledChaos"},{"floor":38.0,"key":"Regen Potion"},{"floor":48.0,"key":"Energy Potion"},{"floor":49.0,"key":"champ:CounterPotion"}],"is_trial":false,"path_per_floor":["R","M","M","M","M","E","T","R","M","?","M","R","M","E","M","B",null,"R","M","M","?","M","$","T","R","?","R","E","R","E","M","M","B",null,"R","M","?","M","T","R","T","M","$","R","M","?","R","M","M","B",null],"character_chosen":"THE_CHAMP","items_purchased":["HandDrill","expansioncontent:AwakenDeath","Torii"],"campfire_rested":4,"item_purchase_floors":[23,23,43],"current_hp_per_floor":[99,90,89,86,86,71,71,71,70,67,62,91,88,59,38,25,99,99,79,51,59,47,64,74,74,74,106,99,99,104,104,109,77,109,109,109,109,99,99,99,99,82,87,109,91,91,109,108,108,51],"gold":141,"neow_bonus":"TEN_PERCENT_HP_BONUS","is_daily":false,"chose_seed":false,"campfire_upgraded":3,"win_rate":0.0,"timestamp":1612090953,"path_taken":["R","M","M","M","M","E","T","R","M","?","M","R","M","E","M","BOSS","R","M","M","?","?","$","T","R","?","R","E","R","E","M","M","BOSS","R","M","?","M","?","R","T","M","$","R","M","?","R","M","M","BOSS"],"items_purchased_type":["Relic","Card","Relic"],"build_version":"2020-12-22","purchased_purges":1,"victory":true,"max_hp_per_floor":[99,99,99,99,99,99,99,99,99,99,99,99,99,99,99,99,99,99,99,99,99,99,99,109,109,109,109,109,109,109,109,109,109,109,109,109,109,109,109,109,109,109,109,109,109,109,109,109,109,109],"card_choices":[{"not_picked":["champ:BringItOn","champ:DefensiveShout"],"picked":"champ:Circumvent","floor":2.0},{"not_picked":["champ:SetATrap","champ:EnGarde"],"picked":"champ:FlashCut","floor":3.0},{"not_picked":["champ:TornadoPunch","champ:ArenaPreparation"],"picked":"champ:BringItOn","floor":4.0},{"not_picked":["champ:EnragedBash","champ:TornadoPunch"],"picked":"champ:DeathBlow","floor":5.0},{"not_picked":["champ:IronFortress","champ:EnragedBash"],"picked":"champ:FaceSlap","floor":6.0},{"not_picked":["champ:BringItOn","champ:PerfectedStrike"],"picked":"champ:RecklessLeap","floor":9.0},{"not_picked":["champ:BladeFlurry","champ:Haymaker"],"picked":"champ:ShieldWall","floor":11.0},{"not_picked":["champ:PerfectedStrike","champ:PreciseThrust"],"picked":"champ:EnGarde","floor":13.0},{"not_picked":["champ:EnragedBash","champ:TornadoPunch"],"picked":"champ:TripleStrike","floor":14.0},{"not_picked":["champ:BerserkersShout","champ:DefensiveShout"],"picked":"champ:StanceDance","floor":15.0},{"not_picked":["champ:HeavySlash","champ:StrikeOfGenius"],"picked":"champ:HoldFirm","floor":16.0},{"not_picked":["champ:FlashCut","champ:ShieldWall"],"picked":"champ:SkillfulDodge","floor":19.0},{"not_picked":["champ:CrownThrow","champ:FancyFootwork"],"picked":"champ:StanceDance","floor":20.0},{"not_picked":["champ:PreciseThrust","champ:StanceDance"],"picked":"champ:FocusedDefense","floor":21.0},{"not_picked":["champ:Shatter","champ:PreciseThrust"],"picked":"champ:FanOfKnives+1","floor":22.0},{"not_picked":["champ:FlashCut+1","champ:ArenaPreparation"],"picked":"champ:FancyFootwork","floor":23.0},{"not_picked":["champ:ArenaPreparation","champ:EnGarde+1"],"picked":"champ:ShieldWall","floor":28.0},{"not_picked":["champ:TripleStrike","champ:BerserkersShout"],"picked":"champ:AdrenalArmor+1","floor":30.0},{"not_picked":["champ:CalledShot","champ:PerfectedStrike"],"picked":"champ:Shatter","floor":31.0},{"not_picked":["champ:EnGarde+1","champ:EnragedBash+1"],"picked":"champ:GutPunch","floor":32.0},{"not_picked":["champ:HoldFirm","champ:VampiricStrike"],"picked":"champ:CheapShot","floor":33.0},{"not_picked":["champ:ArenaPreparation","champ:FlashCut+1"],"picked":"champ:GutPunch","floor":36.0},{"not_picked":["champ:Circumvent","champ:ArenaPreparation"],"picked":"champ:RecklessLeap+1","floor":38.0},{"not_picked":["champ:ArenaPreparation+1","champ:SetATrap"],"picked":"champ:TornadoPunch+1","floor":42.0},{"not_picked":["champ:StanceDance","champ:CrownThrow+1"],"picked":"champ:DefensiveShout","floor":43.0},{"not_picked":["champ:Haymaker","champ:StanceDance"],"picked":"champ:AdrenalArmor+1","floor":45.0},{"not_picked":["champ:TornadoPunch+1","champ:GladiatorStyle+1"],"picked":"champ:AdrenalArmor+1","floor":48.0},{"not_picked":["champ:RecklessLeap+1","champ:Encircle+1"],"picked":"champ:PreciseThrust","floor":49.0}],"player_experience":324270,"relics_obtained":[{"floor":6.0,"key":"Girya"},{"floor":7.0,"key":"Mercury Hourglass"},{"floor":14.0,"key":"Toy Ornithopter"},{"floor":21.0,"key":"White Beast Statue"},{"floor":24.0,"key":"Pear"},{"floor":28.0,"key":"The Courier"},{"floor":28.0,"key":"Art of War"},{"floor":30.0,"key":"Vajra"},{"floor":30.0,"key":"Omamori"},{"floor":39.0,"key":"Centennial Puzzle"},{"floor":41.0,"key":"HornCleat"}],"event_choices":[{"damage_healed":0.0,"max_hp_gain":0.0,"max_hp_loss":0.0,"gold_gain":0.0,"event_name":"Scrap Ooze","player_choice":"Success","floor":10.0,"gold_loss":0.0,"damage_taken":3.0,"relics_obtained":["Letter Opener"]},{"damage_healed":0.0,"max_hp_gain":0.0,"max_hp_loss":0.0,"gold_gain":0.0,"event_name":"Drug Dealer","player_choice":"Inject Mutagens","floor":26.0,"gold_loss":0.0,"damage_taken":0.0,"relics_obtained":["MutagenicStrength"]},{"cards_removed":["champ:Defend"],"damage_healed":0.0,"max_hp_gain":0.0,"max_hp_loss":0.0,"gold_gain":0.0,"event_name":"Falling","player_choice":"Removed Skill","floor":46.0,"gold_loss":0.0,"damage_taken":0.0}],"is_beta":false,"boss_relics":[{"not_picked":["Cursed Key","Fusion Hammer"],"picked":"Black Star"},{"not_picked":["bronze:MakeshiftBattery","Sozu"],"picked":"Velvet Choker"}],"items_purged_floors":[43],"is_endless":false,"potions_floor_spawned":[3,5,6,15,16,20,22,23,28,30,31,32,33,36,38,42,43,45,48,49],"ascension_level":0}}