{"host":"39i3emxub3h8uyq3","time":1612068890,"event":{"mods":["AchievementEnabler","BaseMod","Clockwork Mod","Colored Map","Downfall","Glutton Mod","Gold Saver","Minty Spire (QoL Compilation)","StSLib","TheHeartMod"],"gold_per_floor":[809,809,828,847,446,446,476,495,522,522,536,536,536,536,536,637,637,653,669,669,682,403,403,422,422,446,446,356,356,374,384,384,486,486,506,179,193,209,220,220,220],"floor_reached":40,"language":"ENG","playtime":2493,"items_purged":[],"score":415,"play_id":"8f3e10dc-ea8d-459e-85c6-c92de63862d7","local_time":"20210130235450","is_ascension_mode":false,"campfire_choices":[{"data":"Noxious Fumes","floor":6.0,"key":"SMITH"},{"floor":10.0,"key":"REST"},{"floor":12.0,"key":"REST"},{"data":"Deadly Poison","floor":15.0,"key":"SMITH"},{"floor":23,"key":"REST"},{"floor":25,"key":"REST"},{"data":"Dagger Spray","floor":27,"key":"SMITH"},{"floor":32,"key":"REST"}],"circlet_count":0,"master_deck":["Strike_G","Strike_G+1","Strike_G","Strike_G","Strike_G+1","Defend_G","Defend_G","Defend_G","Defend_G","Defend_G","Survivor","Neutralize","Noxious Fumes+1","All Out Attack","Deadly Poison+1","Dash","All Out Attack+1","Dagger Spray+1","Sucker Punch","Slice","Bouncing Flask","Phantasmal Killer","Sucker Punch+1","Quick Slash+1","Backflip","Adrenaline","Blade Dance","Dash","Necronomicurse","Slice+1","Slice","Adrenaline","CurseOfTheBell","Dodge and Roll+1","Noxious Fumes","Dramatic Entrance","Poisoned Stab","Blade Dance+1","PiercingWail+1","Bane+1"],"relics":["Ring of the Snake","Vajra","TwistedFunnel","Juzu Bracelet","Snake Skull","Regal Pillow","Shuriken","SacredBark","MealTicket","Whetstone","Necronomicon","Calling Bell","Pen Nib","Toxic Egg 2","Unceasing Top","Lee\u0027s Waffle"],"acts_visited":["Exordium","TheCity","TheBeyond"],"potions_floor_usage":[33,33,38,40],"damage_taken":[{"damage":0.0,"enemies":"Small Slimes","floor":1.0,"turns":4.0},{"damage":0.0,"enemies":"Cultist","floor":3.0,"turns":4.0},{"damage":0.0,"enemies":"Jaw Worm","floor":4.0,"turns":4.0},{"damage":16.0,"enemies":"Lagavulin","floor":7.0,"turns":5.0},{"damage":1.0,"enemies":"Exordium Thugs","floor":8.0,"turns":3.0},{"damage":10.0,"enemies":"Exordium Wildlife","floor":11.0,"turns":2.0},{"damage":32.0,"enemies":"Hexaghost","floor":16.0,"turns":7.0},{"damage":5.0,"enemies":"Chosen","floor":18.0,"turns":4.0},{"damage":14.0,"enemies":"3 Byrds","floor":19.0,"turns":4.0},{"damage":11.0,"enemies":"3 Cultists","floor":21.0,"turns":3.0},{"damage":29,"enemies":"Snake Plant","floor":24,"turns":4},{"damage":3,"enemies":"Snecko","floor":30,"turns":3},{"damage":6,"enemies":"Cultist and Chosen","floor":31,"turns":4},{"damage":59,"enemies":"Champ","floor":33,"turns":8},{"damage":26,"enemies":"3 Darklings","floor":35,"turns":4},{"damage":36,"enemies":"3 Shapes","floor":37,"turns":2},{"damage":0,"enemies":"Transient","floor":38,"turns":5},{"damage":20,"enemies":"Sphere and 2 Shapes","floor":39,"turns":4},{"damage":50,"enemies":"Nemesis","floor":40,"turns":4}],"seed_played":"2187316233583622383","potions_obtained":[{"floor":1.0,"key":"FearPotion"},{"floor":3.0,"key":"Energy Potion"},{"floor":7.0,"key":"Energy Potion"},{"floor":16.0,"key":"CultistPotion"},{"floor":21.0,"key":"Dexterity Potion"},{"floor":24,"key":"Explosive Potion"},{"floor":31,"key":"CunningPotion"},{"floor":37,"key":"SkillPotion"},{"floor":39,"key":"Fire Potion"}],"is_trial":false,"path_per_floor":["M","?","M","M","$","R","E","M","T","R","M","R","?","?","R","B",null,"M","M","?","M","$","R","M","R","T","R","?","?","M","M","R","B",null,"M","$","M","M","M","E"],"character_chosen":"THE_SILENT","items_purchased":["TwistedFunnel","Juzu Bracelet","Dash","All Out Attack","Adrenaline","MealTicket","Blade Dance","Noxious Fumes","Lee\u0027s Waffle","Dramatic Entrance","Poisoned Stab"],"campfire_rested":5,"item_purchase_floors":[5,5,5,5,22,22,22,36,36,36,36],"current_hp_per_floor":[70,70,70,70,70,70,54,53,53,70,60,70,70,70,70,38,70,65,51,51,40,40,70,41,70,70,70,70,54,51,45,70,11,70,44,77,41,41,21,0,0],"gold":220,"neow_bonus":"HUNDRED_GOLD","is_daily":false,"chose_seed":false,"campfire_upgraded":3,"win_rate":0.0,"timestamp":1612068890,"path_taken":["M","?","M","M","$","R","E","M","T","R","M","R","?","?","R","BOSS","M","M","?","M","$","R","M","R","T","R","?","?","M","M","R","BOSS","M","$","M","M","M","E"],"items_purchased_type":["Relic","Relic","Card","Card","Card","Relic","Card","Card","Relic","Card","Card"],"build_version":"2020-12-22","purchased_purges":0,"victory":false,"max_hp_per_floor":[70,70,70,70,70,70,70,70,70,70,70,70,70,70,70,70,70,70,70,70,70,70,70,70,70,70,70,70,70,70,70,70,70,70,70,77,77,77,77,77,77],"card_choices":[{"not_picked":["Quick Slash","Expertise"],"picked":"Noxious Fumes","floor":1.0},{"not_picked":["Reflex","Heel Hook"],"picked":"All Out Attack","floor":3.0},{"not_picked":["Slice","Flying Knee"],"picked":"Deadly Poison","floor":4.0},{"not_picked":["Dash","Backstab"],"picked":"Dagger Spray","floor":7.0},{"not_picked":["Blade Dance","Dagger Throw"],"picked":"Sucker Punch","floor":8.0},{"not_picked":["Prepared","PiercingWail"],"picked":"Slice","floor":11.0},{"not_picked":["After Image","Glass Knife"],"picked":"Phantasmal Killer","floor":16.0},{"not_picked":["Quick Slash","Deflect"],"picked":"Sucker Punch+1","floor":18.0},{"not_picked":["Underhanded Strike","Leg Sweep+1"],"picked":"Quick Slash+1","floor":19.0},{"not_picked":["Backstab","Dodge and Roll"],"picked":"Backflip","floor":21.0},{"not_picked":["Dodge and Roll","PiercingWail"],"picked":"Dash","floor":24},{"not_picked":["Doppelganger","Backflip"],"picked":"Slice+1","floor":30},{"not_picked":["Outmaneuver","PiercingWail"],"picked":"Slice","floor":31},{"not_picked":["Wraith Form v2","Unload"],"picked":"Adrenaline","floor":33},{"not_picked":["Reflex+1","Prepared+1"],"picked":"Dodge and Roll+1","floor":35},{"not_picked":["Prepared+1","Deflect+1"],"picked":"Blade Dance+1","floor":37},{"not_picked":["Eviscerate","Prepared+1"],"picked":"PiercingWail+1","floor":38},{"not_picked":["Skewer","Acrobatics+1"],"picked":"Bane+1","floor":39}],"player_experience":78020,"relics_obtained":[{"floor":7.0,"key":"Snake Skull"},{"floor":9.0,"key":"Regal Pillow"},{"floor":26,"key":"Whetstone"},{"floor":29,"key":"Necronomicon"},{"floor":34,"key":"Pen Nib"},{"floor":34,"key":"Toxic Egg 2"},{"floor":34,"key":"Unceasing Top"}],"event_choices":[{"damage_healed":0.0,"max_hp_gain":0.0,"max_hp_loss":0.0,"gold_gain":0.0,"event_name":"WeMeetAgain","player_choice":"Gave Potion","floor":2.0,"gold_loss":0.0,"damage_taken":0.0,"relics_obtained":["Vajra"]},{"damage_healed":0.0,"max_hp_gain":0.0,"max_hp_loss":0.0,"gold_gain":0.0,"event_name":"Big Fish","player_choice":"Box","floor":13.0,"gold_loss":0.0,"damage_taken":0.0,"relics_obtained":["Shuriken"],"cards_obtained":["Regret"]},{"damage_healed":0.0,"max_hp_gain":0.0,"max_hp_loss":0.0,"gold_gain":0.0,"event_name":"Match and Keep!","player_choice":"1 cards matched","floor":14.0,"gold_loss":0.0,"damage_taken":0.0,"cards_obtained":["Bouncing Flask"]},{"cards_removed":["Regret"],"damage_healed":0,"gold_gain":0,"player_choice":"Upgrade and Remove","damage_taken":0,"max_hp_gain":0,"max_hp_loss":0,"event_name":"Designer","floor":28,"gold_loss":90,"cards_upgraded":["Strike_G"]},{"damage_healed":0,"gold_gain":0,"player_choice":"Obtained Book","damage_taken":16,"max_hp_gain":0,"max_hp_loss":0,"event_name":"Cursed Tome","floor":29,"gold_loss":0}],"is_beta":false,"boss_relics":[{"not_picked":["Velvet Choker","Sozu"],"picked":"SacredBark"},{"not_picked":["bronze:MakeshiftBattery","Snecko Eye"],"picked":"Calling Bell"}],"items_purged_floors":[],"is_endless":false,"potions_floor_spawned":[1,3,7,16,21,24,31,37,39],"killed_by":"Nemesis","ascension_level":0}}