{"host":"dh4nu8nelr2izibb","time":1612051641,"event":{"mods":["100% Spire Juice","BaseMod","Card Forge","Displayed Cursed Tome","HololiveMod","Marisa????????","Minty Spire (QoL Compilation)","Poor People Problems","Puzzle Mod","Quick Restart","Relic Filter","StSLib","The Marked","The Servant 0.9.4","WarShipGirlsR/????R mod","Yakumo Yukari mod"],"gold_per_floor":[217,230,230,67,79,79,95,95,119,119,130,3,36,50,50,125,125,100,100,100,100,110,145,145,164,164,164,194,214,1,13,13,88,88,102,120,130,140,140,140],"floor_reached":39,"language":"ENG","playtime":1774,"items_purged":["Strike_G","Strike_G"],"score":975,"play_id":"1630b3ef-d3b5-42f9-a5b0-600cfdb12426","local_time":"20210130190721","is_ascension_mode":true,"campfire_choices":[{"data":"Sucker Punch","floor":6.0,"key":"SMITH"},{"data":"Dagger Spray","floor":8.0,"key":"SMITH"},{"data":"Cloak And Dagger","floor":10.0,"key":"SMITH"},{"floor":15.0,"key":"REST"},{"floor":27,"key":"REST"},{"floor":32,"key":"REST"}],"circlet_count":0,"master_deck":["AscendersBane","Defend_G","Defend_G","Defend_G","Defend_G","Survivor","Neutralize+1","PiercingWail","Quick Slash","Cloak And Dagger+1","Sucker Punch+1","Dagger Spray+1","Blade Dance","Slice","Cloak And Dagger+1","Accuracy","Blade Dance","After Image+1","Deflect+1","Footwork","Dodge and Roll","Backflip+1","Prepared","Finisher","Bullet Time+1","Sucker Punch","Blade Dance","Riddle With Holes"],"relics":["Ring of the Snake","Hammer of Thor","Seething Fire","Anvil of the Gods","Happy Flower","Omamori","Strawberry","Black Star","Ornamental Fan","Matryoshka","Singing Bowl","War Paint","Bag of Preparation","Shuriken","Blue Candle","Mummified Hand","WristBlade"],"acts_visited":["Exordium","TheCity","TheBeyond"],"potions_floor_usage":[23,23,28,38],"damage_taken":[{"damage":4.0,"enemies":"Small Slimes","floor":1.0,"turns":5.0},{"damage":8.0,"enemies":"Cultist","floor":2.0,"turns":5.0},{"damage":0.0,"enemies":"Jaw Worm","floor":5.0,"turns":6.0},{"damage":5.0,"enemies":"Exordium Wildlife","floor":7.0,"turns":4.0},{"damage":2.0,"enemies":"Large Slime","floor":11.0,"turns":6.0},{"damage":25.0,"enemies":"Lagavulin","floor":13.0,"turns":7.0},{"damage":0.0,"enemies":"Exordium Thugs","floor":14.0,"turns":4.0},{"damage":0.0,"enemies":"Slime Boss","floor":16.0,"turns":4.0},{"damage":12.0,"enemies":"2 Thieves","floor":18.0,"turns":4.0},{"damage":0.0,"enemies":"Chosen","floor":22.0,"turns":5.0},{"damage":17,"enemies":"Book of Stabbing","floor":23,"turns":6},{"damage":11,"enemies":"Snake Plant","floor":25,"turns":7},{"damage":25,"enemies":"Gremlin Leader","floor":28,"turns":7},{"damage":0,"enemies":"Centurion and Healer","floor":29,"turns":3},{"damage":3,"enemies":"Snecko","floor":31,"turns":6},{"damage":12,"enemies":"Collector","floor":33,"turns":11},{"damage":0,"enemies":"3 Shapes","floor":35,"turns":4},{"damage":0,"enemies":"3 Darklings","floor":36,"turns":4},{"damage":0,"enemies":"4 Shapes","floor":37,"turns":4},{"damage":0,"enemies":"Maw","floor":38,"turns":6},{"damage":0,"enemies":"Writhing Mass","floor":39,"turns":1}],"seed_played":"145237986479356050","potions_obtained":[{"floor":5.0,"key":"DistilledChaos"},{"floor":7.0,"key":"GamblersBrew"},{"floor":13.0,"key":"Strength Potion"},{"floor":16.0,"key":"ColorlessPotion"},{"floor":22.0,"key":"BlessingOfTheForge"},{"floor":23,"key":"Weak Potion"},{"floor":33,"key":"EssenceOfSteel"},{"floor":35,"key":"Swift Potion"}],"is_trial":false,"path_per_floor":["M","M","?","$","M","R","M","R","T","R","M","$","E","M","R","B",null,"M","?","?","?","M","E","T","M","T","R","E","M","$","M","R","B",null,"M","M","M","M","M"],"character_chosen":"THE_SILENT","items_purchased":["Quick Slash","Cloak And Dagger","Sucker Punch","Cloak And Dagger","Sucker Punch","Blade Dance"],"campfire_rested":3,"item_purchase_floors":[4,4,4,12,30,30],"current_hp_per_floor":[55,47,47,47,47,47,42,42,42,42,40,40,22,22,43,43,66,54,54,54,54,54,37,37,26,26,47,24,24,24,23,46,36,68,68,70,72,74,74,74],"gold":140,"neow_bonus":"HUNDRED_GOLD","is_daily":false,"chose_seed":false,"campfire_upgraded":3,"win_rate":0.0,"timestamp":1612051641,"path_taken":["M","M","?","$","M","R","M","R","T","R","M","?","E","M","R","BOSS","M","?","?","?","?","E","?","M","T","R","E","M","$","M","R","BOSS","M","?","M","M","M"],"items_purchased_type":["Card","Card","Card","Card","Card","Card"],"build_version":"2020-12-22","purchased_purges":2,"victory":false,"max_hp_per_floor":[66,66,66,66,66,66,66,66,66,66,66,66,73,73,73,73,73,73,73,73,73,73,73,73,73,73,73,75,75,75,77,77,79,79,79,81,83,85,85,85],"card_choices":[{"not_picked":["Riddle With Holes","Blur"],"picked":"PiercingWail","floor":1.0},{"not_picked":["Acrobatics","Concentrate"],"picked":"Deadly Poison","floor":2.0},{"not_picked":["Riddle With Holes","Bane"],"picked":"Dagger Spray","floor":5.0},{"not_picked":["Backflip","Dagger Throw"],"picked":"Blade Dance","floor":7.0},{"not_picked":["Riddle With Holes","Skewer"],"picked":"Slice","floor":11.0},{"not_picked":["Infinite Blades","Unload"],"picked":"Accuracy","floor":13.0},{"not_picked":["Underhanded Strike","Predator"],"picked":"Blade Dance","floor":14.0},{"not_picked":["Corpse Explosion","Malaise"],"picked":"After Image","floor":16.0},{"not_picked":["Deadly Poison","Underhanded Strike"],"picked":"Deflect","floor":18.0},{"not_picked":["Footwork+1","Underhanded Strike"],"picked":"Backflip","floor":22.0},{"not_picked":["Quick Slash+1","Grand Finale"],"picked":"Prepared","floor":23},{"not_picked":["Underhanded Strike","Flying Knee"],"picked":"Finisher","floor":25},{"not_picked":["Escape Plan","Underhanded Strike+1","Flying Knee"],"picked":"Singing Bowl","floor":28},{"not_picked":["Dodge and Roll","Blade Dance"],"picked":"Bullet Time","floor":29},{"not_picked":["Deflect","Dodge and Roll","Reflex"],"picked":"Singing Bowl","floor":31},{"not_picked":["Night Terror","Grand Finale","Envenom"],"picked":"Singing Bowl","floor":33},{"not_picked":["Bane","Poisoned Stab"],"picked":"Riddle With Holes","floor":35},{"not_picked":["Outmaneuver","Slice","Escape Plan"],"picked":"Singing Bowl","floor":36},{"not_picked":["Quick Slash","All Out Attack","Poisoned Stab"],"picked":"Singing Bowl","floor":37},{"not_picked":["Dodge and Roll+1","Calculated Gamble+1","Prepared+1"],"picked":"Singing Bowl","floor":38}],"player_experience":1141320,"relics_obtained":[{"floor":9.0,"key":"Omamori"},{"floor":13.0,"key":"Strawberry"},{"floor":23,"key":"Ornamental Fan"},{"floor":23,"key":"Matryoshka"},{"floor":24,"key":"Singing Bowl"},{"floor":24,"key":"War Paint"},{"floor":26,"key":"Bag of Preparation"},{"floor":26,"key":"Shuriken"},{"floor":28,"key":"Blue Candle"},{"floor":28,"key":"Mummified Hand"}],"event_choices":[{"cards_removed":["Deadly Poison"],"damage_healed":0.0,"max_hp_gain":0.0,"max_hp_loss":0.0,"gold_gain":0.0,"event_name":"WeMeetAgain","player_choice":"Gave Card","floor":3.0,"gold_loss":0.0,"damage_taken":0.0,"relics_obtained":["Happy Flower"]},{"damage_healed":0.0,"max_hp_gain":0.0,"max_hp_loss":0.0,"gold_gain":0.0,"event_name":"Vampires","player_choice":"Ignored","floor":19.0,"gold_loss":0.0,"damage_taken":0.0},{"damage_healed":0.0,"max_hp_gain":0.0,"max_hp_loss":0.0,"gold_gain":0.0,"event_name":"The Library","player_choice":"Read","floor":20.0,"gold_loss":0.0,"damage_taken":0.0,"cards_obtained":["Footwork"]},{"damage_healed":0.0,"max_hp_gain":0.0,"max_hp_loss":0.0,"gold_gain":0.0,"cards_transformed":["Strike_G"],"event_name":"Transmorgrifier","player_choice":"Transformed","floor":21.0,"gold_loss":0.0,"damage_taken":0.0,"cards_obtained":["Dodge and Roll"]}],"is_beta":false,"boss_relics":[{"not_picked":["Snecko Eye","Runic Pyramid"],"picked":"Black Star"},{"not_picked":["Velvet Choker","SacredBark"],"picked":"WristBlade"}],"items_purged_floors":[12,30],"is_endless":false,"potions_floor_spawned":[5,7,13,16,22,23,33,35],"killed_by":"Writhing Mass","ascension_level":20}}