{"host":"mvbzhnmyzfpc2155","time":1612066397,"event":{"mods":["BaseMod","Downfall","Hermit","Minty Spire (QoL Compilation)","StSLib","The Cursed"],"gold_per_floor":[99,119,269,282,282,315,341,341,38,38,58,58,76,41,61,61,61,61],"floor_reached":16,"language":"ENG","playtime":1050,"items_purged":["bronze:Defend"],"score":100,"play_id":"d6e5b626-a3b8-4678-89d6-3451bd5cade4","local_time":"20210130231317","is_ascension_mode":false,"campfire_choices":[{"floor":1,"key":"RECALL"},{"data":"expansioncontent:StudyTheSpire","floor":10,"key":"SMITH"},{"data":"bronze:Repulsor","floor":12,"key":"SMITH"}],"circlet_count":0,"master_deck":["bronze:Strike","bronze:Strike","bronze:Strike","bronze:Strike","bronze:Defend","bronze:Defend","bronze:Defend","bronze:Replicate","bronze:Goto","downfall:Icky","bronze:DelayedGuard","bronze:Repulsor+1","bronze:Optimize","expansioncontent:StudyTheSpire+1","bronze:WhirlingStrike","bronze:AlphaBuild","bronze:Iterate","bronze:Overload","bronze:CutThrough"],"relics":["bronze:BronzeCore","Potion Belt","MealTicket","downfall:BrokenWingStatue","Membership Card"],"acts_visited":["Exordium"],"potions_floor_usage":[13],"damage_taken":[{"damage":6,"enemies":"2 Louse","floor":2,"turns":3},{"damage":2,"enemies":"Small Slimes","floor":4,"turns":4},{"damage":27,"enemies":"Lagavulin","floor":6,"turns":9},{"damage":0,"enemies":"downfall:FleeingMerchant","floor":9,"turns":4},{"damage":11,"enemies":"Jaw Worm","floor":11,"turns":4},{"damage":0,"enemies":"Blue Slaver","floor":13,"turns":3},{"damage":15,"enemies":"downfall:FleeingMerchant","floor":14,"turns":4},{"damage":8,"enemies":"3 Louse","floor":15,"turns":3},{"damage":41,"enemies":"SI_SHIV_ARCHETYPE","floor":16,"turns":7}],"seed_played":"1159600245585550410","potions_obtained":[{"floor":6,"key":"ColorlessPotion"},{"floor":11,"key":"Block Potion"},{"floor":13,"key":"AttackPotion"}],"is_trial":false,"path_per_floor":["R","M","?","M","?","E","T","?","$","R","M","R","M","$","M","B"],"character_chosen":"THE_AUTOMATON","items_purchased":["Membership Card","expansioncontent:StudyTheSpire","bronze:Overload"],"campfire_rested":0,"item_purchase_floors":[9,9,14],"current_hp_per_floor":[77,71,71,69,66,39,39,39,54,54,43,43,43,43,35,0,0,0],"gold":61,"neow_bonus":"TEN_PERCENT_HP_BONUS","is_daily":false,"chose_seed":false,"campfire_upgraded":2,"win_rate":0.0,"timestamp":1612066397,"path_taken":["R","M","?","M","?","E","T","?","?","R","M","R","M","?","M","BOSS"],"items_purchased_type":["Relic","Card","Card"],"build_version":"2020-12-22","purchased_purges":1,"victory":false,"max_hp_per_floor":[77,77,77,77,77,77,77,77,77,77,77,77,77,77,77,77,77,77],"card_choices":[{"not_picked":["bronze:Deprecate","bronze:ForceShield","bronze:OilSpill"],"picked":"SKIP","floor":2},{"not_picked":["bronze:BuggyMess","bronze:WildBeam"],"picked":"bronze:DelayedGuard","floor":4},{"not_picked":["bronze:WhirlingStrike","bronze:CutThrough"],"picked":"bronze:Repulsor","floor":6},{"not_picked":["bronze:ItsAFeature","bronze:WildBeam"],"picked":"bronze:Optimize","floor":9},{"not_picked":["bronze:ClassDefault","bronze:Shield"],"picked":"bronze:WhirlingStrike","floor":11},{"not_picked":["bronze:Overheat","bronze:Frontload"],"picked":"bronze:AlphaBuild","floor":13},{"not_picked":["bronze:GetLatest","bronze:OilSpill"],"picked":"bronze:Iterate","floor":14},{"not_picked":["bronze:MaxOutput","bronze:WildBeam"],"picked":"bronze:CutThrough","floor":15}],"player_experience":10282,"relics_obtained":[{"floor":6,"key":"MealTicket"}],"event_choices":[{"damage_healed":0,"gold_gain":0,"player_choice":"Success","damage_taken":3,"relics_obtained":["Potion Belt"],"max_hp_gain":0,"max_hp_loss":0,"event_name":"Scrap Ooze","floor":5,"gold_loss":0}],"is_beta":false,"boss_relics":[],"items_purged_floors":[9],"is_endless":false,"potions_floor_spawned":[6,11,13],"killed_by":"SI_SHIV_ARCHETYPE","ascension_level":0}}