{"host":"6p0attdrtjqaih7v","time":1612057897,"event":{"mods":["2.2 Compatiblity","AchievementEnabler","Bard","BaseMod","Better Skull","Better Third Choice","Colored Powertips","Downfall","Hermit","Highlight Path","Key Reminder","Minty Spire (QoL Compilation)","Permanent Neow","Quick Restart","Random Character Button","Relic Stats","Replay The Spire","Robot Space Explorer","StSLib","The Witch"],"gold_per_floor":[111,129,46,64,80,80,124,44,44,44,74,74,93,104,104,192,192,221,231,231,240,43,80,105,105,105,205,130,144,144,172,172,259,259,283,310,46,61,85,125,134,134,134,34,34,34,77,93,93,93,93],"floor_reached":52,"language":"ENG","playtime":2990,"items_purged":["downfall:Bewildered","Pain"],"score":1859,"play_id":"c345e55e-4b51-4241-ab1a-e69688e5da16","local_time":"20210130205137","is_ascension_mode":true,"campfire_choices":[{"data":"RobotSpaceExplorer:ShockKick","floor":6,"key":"SMITH"},{"data":"RobotSpaceExplorer:Blitz","floor":10,"key":"SMITH"},{"data":"RobotSpaceExplorer:Blaster","floor":12,"key":"SMITH"},{"floor":15,"key":"REST"},{"floor":25,"key":"REST"},{"data":"RobotSpaceExplorer:Comet","floor":30,"key":"SMITH"},{"data":"RobotSpaceExplorer:Blitz","floor":32,"key":"SMITH"},{"data":"RobotSpaceExplorer:StarLightning","floor":42,"key":"SMITH"},{"data":"RobotSpaceExplorer:Discharger","floor":46,"key":"SMITH"},{"floor":49,"key":"REST"}],"circlet_count":0,"master_deck":["AscendersBane","RobotSpaceExplorer:Strike","RobotSpaceExplorer:Strike+1","RobotSpaceExplorer:Strike","RobotSpaceExplorer:Strike","RobotSpaceExplorer:Defend+1","RobotSpaceExplorer:Defend+1","RobotSpaceExplorer:Defend+1","RobotSpaceExplorer:Defend+1","RobotSpaceExplorer:Scan","RobotSpaceExplorer:MiniLasers","RobotSpaceExplorer:StarLightning+1","RobotSpaceExplorer:BigMissile","RobotSpaceExplorer:Discharger+1","RobotSpaceExplorer:ShockKick+1","RobotSpaceExplorer:Blitz+1","RobotSpaceExplorer:Blaster+1","RobotSpaceExplorer:Comet+1","RobotSpaceExplorer:Asteroid+1","RobotSpaceExplorer:SurgingShield+1","RobotSpaceExplorer:ScrapMissile","RobotSpaceExplorer:Counterblock+1","RobotSpaceExplorer:Blitz+1","RobotSpaceExplorer:Pulsar+1","RobotSpaceExplorer:Autoloader","RobotSpaceExplorer:RigExplosive","RobotSpaceExplorer:Pulsar+1","RobotSpaceExplorer:DoubleFind+1","RobotSpaceExplorer:ScrapMissile+1","RobotSpaceExplorer:SelfCleaning"],"relics":["RobotSpaceExplorer:RoboCore","Pet Ghost","CeramicFish","RobotSpaceExplorer:PlasmaHourglass","Replay:Towering Pillar of Hats","Black Star","Ornamental Fan","sneckomod:BabySnecko","Toy Ornithopter","Whetstone","Guardian:PocketSentry","champ:DeflectingBracers","Replay:Bottled Eggs","sneckomod:SneckoTalon","bronze:BronzeIdol","Du-Vu Doll","Bag of Preparation","WarpedTongs","bronze:DecasWashers","StrikeDummy","Orichalcum","Shuriken"],"acts_visited":["Exordium","TheCity","TheBeyond"],"potions_floor_usage":[7,19,23,23,24,27,33,36,38,38,39,40,47,48,50,50,51,51],"damage_taken":[{"damage":2.0,"enemies":"Cultist","floor":1.0,"turns":4.0},{"damage":0.0,"enemies":"Small Slimes","floor":2.0,"turns":4.0},{"damage":0,"enemies":"2 Louse","floor":4,"turns":3},{"damage":10,"enemies":"Exordium Thugs","floor":5,"turns":3},{"damage":10,"enemies":"Lagavulin","floor":7,"turns":5},{"damage":10,"enemies":"Replay:BlueRogue","floor":11,"turns":6},{"damage":4,"enemies":"Lots of Slimes","floor":13,"turns":5},{"damage":0,"enemies":"2 Fungi Beasts","floor":14,"turns":3},{"damage":21,"enemies":"Slime Boss","floor":16,"turns":8},{"damage":16,"enemies":"3 Byrds","floor":18,"turns":4},{"damage":9,"enemies":"Chosen","floor":19,"turns":5},{"damage":23,"enemies":"Replay:Snechameleon","floor":23,"turns":7},{"damage":6,"enemies":"3 Cultists","floor":24,"turns":4},{"damage":0,"enemies":"Colosseum Slavers","floor":27,"turns":3},{"damage":1,"enemies":"Colosseum Nobs","floor":27,"turns":4},{"damage":0,"enemies":"Snecko","floor":29,"turns":3},{"damage":8,"enemies":"Shelled Parasite and Fungi","floor":31,"turns":5},{"damage":41,"enemies":"Collector","floor":33,"turns":9},{"damage":14,"enemies":"3 Darklings","floor":35,"turns":7},{"damage":0,"enemies":"Orb Walker","floor":36,"turns":3},{"damage":8,"enemies":"Jaw Worm Horde","floor":38,"turns":4},{"damage":0,"enemies":"4 Shapes","floor":39,"turns":6},{"damage":13,"enemies":"Nemesis","floor":40,"turns":7},{"damage":0,"enemies":"R_Hoarder","floor":47,"turns":5},{"damage":14,"enemies":"Maw","floor":48,"turns":6},{"damage":35,"enemies":"Donu and Deca","floor":50,"turns":10},{"damage":32,"enemies":"Awakened One","floor":51,"turns":11}],"seed_played":"-90336162817373755","potions_obtained":[{"floor":2.0,"key":"Weak Potion"},{"floor":5,"key":"Flashbang"},{"floor":24,"key":"LifebloodPotion"},{"floor":27,"key":"Venom Potion"},{"floor":31,"key":"AttackPotion"},{"floor":35,"key":"Venom Potion"},{"floor":39,"key":"Swift Potion"},{"floor":40,"key":"FearPotion"}],"is_trial":false,"path_per_floor":["M","M","$","M","M","R","E","$","T","R","E","R","M","M","R","B",null,"M","M","T","?","$","E","M","R","T","?","?","M","R","M","R","B",null,"M","M","$","M","M","E","?","R","T","$","T","R","E","M","R","B","B",null],"character_chosen":"RobotSpaceExplorer","items_purchased":["RobotSpaceExplorer:PlasmaFlask","RobotSpaceExplorer:Blaster","RobotSpaceExplorer:ScrapMissile","EntropicBrew","bronze:BronzeIdol","Fruit Juice"],"campfire_rested":3,"item_purchase_floors":[3,8,22,22,37,37],"current_hp_per_floor":[62,62,62,62,52,52,42,42,42,42,32,32,28,28,49,28,60,44,35,35,35,35,12,11,32,32,36,56,56,56,48,48,12,56,42,47,47,49,59,51,51,51,51,51,51,51,56,47,69,44,22],"gold":93,"neow_bonus":"RANDOM_COMMON_RELIC","is_daily":false,"chose_seed":false,"campfire_upgraded":7,"win_rate":0.0,"timestamp":1612057897,"path_taken":["M","?","$","M","M","R","E","?","T","R","E","R","M","?","R","BOSS","M","M","?","?","$","E","M","R","T","?","?","M","R","M","R","BOSS","M","M","$","M","M","E","?","R","T","$","?","R","E","M","R","BOSS","BOSS"],"items_purchased_type":["Potion","Card","Card","Potion","Relic","Potion"],"build_version":"2020-12-22","purchased_purges":2,"victory":true,"max_hp_per_floor":[71,71,71,71,71,71,71,71,71,71,71,71,71,71,71,71,71,71,71,71,71,71,71,71,71,71,71,71,71,71,71,71,71,71,71,71,71,71,76,76,76,76,76,76,76,76,76,76,76,76,76],"relic_stats":{"counters":[27,142],"Ornamental Fan":[88],"Shuriken":[8],"CeramicFish":153,"Black Star":3,"Bag of Preparation":[8],"Whetstone":["RobotSpaceExplorer:Strike","RobotSpaceExplorer:Asteroid"],"Orichalcum":[12],"obtain_stats":[{"Replay:Towering Pillar of Hats":11,"CeramicFish":7,"RobotSpaceExplorer:PlasmaHourglass":9,"bronze:DecasWashers":43,"RobotSpaceExplorer:RoboCore":0,"champ:DeflectingBracers":27,"Guardian:PocketSentry":26,"Bag of Preparation":40,"Whetstone":23,"Orichalcum":47,"sneckomod:SneckoTalon":34,"Pet Ghost":0,"bronze:BronzeIdol":37,"WarpedTongs":41,"Du-Vu Doll":40,"sneckomod:BabySnecko":21,"Ornamental Fan":20,"Shuriken":47,"Black Star":17,"Replay:Bottled Eggs":27,"StrikeDummy":45,"Toy Ornithopter":23},{"Replay:Towering Pillar of Hats":6,"CeramicFish":5,"RobotSpaceExplorer:PlasmaHourglass":5,"bronze:DecasWashers":23,"RobotSpaceExplorer:RoboCore":0,"champ:DeflectingBracers":15,"Guardian:PocketSentry":13,"Bag of Preparation":23,"Whetstone":12,"Orichalcum":24,"sneckomod:SneckoTalon":18,"Pet Ghost":0,"bronze:BronzeIdol":20,"WarpedTongs":23,"Du-Vu Doll":23,"sneckomod:BabySnecko":11,"Ornamental Fan":11,"Shuriken":24,"Black Star":9,"Replay:Bottled Eggs":15,"StrikeDummy":23,"Toy Ornithopter":12},{"Replay:Towering Pillar of Hats":25,"CeramicFish":19,"RobotSpaceExplorer:PlasmaHourglass":19,"bronze:DecasWashers":110,"RobotSpaceExplorer:RoboCore":0,"champ:DeflectingBracers":68,"Guardian:PocketSentry":61,"Bag of Preparation":110,"Whetstone":57,"Orichalcum":115,"sneckomod:SneckoTalon":85,"Pet Ghost":0,"bronze:BronzeIdol":94,"WarpedTongs":110,"Du-Vu Doll":110,"sneckomod:BabySnecko":50,"Ornamental Fan":50,"Shuriken":115,"Black Star":41,"Replay:Bottled Eggs":68,"StrikeDummy":110,"Toy Ornithopter":57}],"Toy Ornithopter":70,"WarpedTongs":[32]},"card_choices":[{"not_picked":["RobotSpaceExplorer:GearShield","RobotSpaceExplorer:SurgingShield"],"picked":"RobotSpaceExplorer:StarLightning","floor":1.0},{"not_picked":["RobotSpaceExplorer:GlueShot","RobotSpaceExplorer:FrostMissile"],"picked":"RobotSpaceExplorer:BigMissile","floor":2.0},{"not_picked":["RobotSpaceExplorer:GlueSpray","RobotSpaceExplorer:SurgingStrike"],"picked":"RobotSpaceExplorer:Discharger","floor":4},{"not_picked":["RobotSpaceExplorer:Ammunition","RobotSpaceExplorer:FrostMissile"],"picked":"RobotSpaceExplorer:ShockKick","floor":5},{"not_picked":["RobotSpaceExplorer:SwiftStep","RobotSpaceExplorer:Counterblock"],"picked":"RobotSpaceExplorer:Blitz","floor":7},{"not_picked":["RobotSpaceExplorer:FranticSearch","RobotSpaceExplorer:GlueShot","RobotSpaceExplorer:Pulsar"],"picked":"SKIP","floor":11},{"not_picked":["RobotSpaceExplorer:StarLightning","RobotSpaceExplorer:FrostMissile"],"picked":"RobotSpaceExplorer:Comet","floor":13},{"not_picked":["RobotSpaceExplorer:LaserBurst","RobotSpaceExplorer:Pulsar","RobotSpaceExplorer:FranticSearch"],"picked":"SKIP","floor":14},{"not_picked":["RobotSpaceExplorer:ChargingLaser","RobotSpaceExplorer:Explosion"],"picked":"RobotSpaceExplorer:Asteroid","floor":16},{"not_picked":["RobotSpaceExplorer:GlueShot","RobotSpaceExplorer:Calculate"],"picked":"RobotSpaceExplorer:SurgingShield+1","floor":18},{"not_picked":["RobotSpaceExplorer:PowerGlove","RobotSpaceExplorer:Counterblock","RobotSpaceExplorer:ExhaustFan+1"],"picked":"SKIP","floor":19},{"not_picked":["RobotSpaceExplorer:PowerGlove","RobotSpaceExplorer:Counterblock","RobotSpaceExplorer:ExhaustFan+1"],"picked":"SKIP","floor":19},{"not_picked":["RobotSpaceExplorer:FranticSearch","RobotSpaceExplorer:SurgingShield"],"picked":"RobotSpaceExplorer:Counterblock+1","floor":23},{"not_picked":["RobotSpaceExplorer:Asteroid","RobotSpaceExplorer:Pulsar"],"picked":"RobotSpaceExplorer:Blitz","floor":24},{"not_picked":["RobotSpaceExplorer:PowerGlove","RobotSpaceExplorer:ToxicBomb","RobotSpaceExplorer:SurgingShield"],"picked":"SKIP","floor":29},{"not_picked":["RobotSpaceExplorer:PowerGlove","RobotSpaceExplorer:ToxicBomb","RobotSpaceExplorer:SurgingShield"],"picked":"SKIP","floor":29},{"not_picked":["RobotSpaceExplorer:ToxicBomb","RobotSpaceExplorer:GlueShot"],"picked":"RobotSpaceExplorer:Pulsar+1","floor":31},{"not_picked":["RobotSpaceExplorer:Exploration","RobotSpaceExplorer:Multitool"],"picked":"RobotSpaceExplorer:Autoloader","floor":33},{"not_picked":["RobotSpaceExplorer:Counterblock","RobotSpaceExplorer:ShockKick"],"picked":"RobotSpaceExplorer:RigExplosive","floor":35},{"not_picked":["RobotSpaceExplorer:SlimeMissile","RobotSpaceExplorer:Probe"],"picked":"RobotSpaceExplorer:Pulsar+1","floor":36},{"not_picked":["RobotSpaceExplorer:SurgingStrike+1","RobotSpaceExplorer:MiniDrones","RobotSpaceExplorer:SurgingShield"],"picked":"SKIP","floor":38},{"not_picked":["RobotSpaceExplorer:Reload","RobotSpaceExplorer:GlueShot+1"],"picked":"RobotSpaceExplorer:DoubleFind+1","floor":39},{"not_picked":["RobotSpaceExplorer:Scanner","RobotSpaceExplorer:SurgingShield"],"picked":"RobotSpaceExplorer:ScrapMissile+1","floor":40},{"not_picked":["RobotSpaceExplorer:ChargingLaser","RobotSpaceExplorer:ScrapMissile"],"picked":"RobotSpaceExplorer:SelfCleaning","floor":47},{"not_picked":["RobotSpaceExplorer:PowerGlove","RobotSpaceExplorer:SurgingStrike","RobotSpaceExplorer:ImprovisedAttack"],"picked":"SKIP","floor":48}],"player_experience":984562,"relics_obtained":[{"floor":7,"key":"CeramicFish"},{"floor":9,"key":"RobotSpaceExplorer:PlasmaHourglass"},{"floor":11,"key":"Replay:Towering Pillar of Hats"},{"floor":20,"key":"Ornamental Fan"},{"floor":23,"key":"Toy Ornithopter"},{"floor":23,"key":"Whetstone"},{"floor":26,"key":"Guardian:PocketSentry"},{"floor":27,"key":"champ:DeflectingBracers"},{"floor":27,"key":"Replay:Bottled Eggs"},{"floor":40,"key":"Du-Vu Doll"},{"floor":40,"key":"Bag of Preparation"},{"floor":43,"key":"bronze:DecasWashers"},{"floor":45,"key":"StrikeDummy"},{"floor":47,"key":"Orichalcum"},{"floor":47,"key":"Shuriken"}],"event_choices":[{"damage_healed":0,"gold_gain":0,"player_choice":"Fight","damage_taken":0,"max_hp_gain":0,"max_hp_loss":0,"event_name":"Colosseum","floor":27,"gold_loss":0},{"damage_healed":0,"gold_gain":0,"player_choice":"Fought Nobs","damage_taken":0,"max_hp_gain":0,"max_hp_loss":0,"event_name":"Colosseum","floor":27,"gold_loss":0},{"damage_healed":0,"gold_gain":0,"player_choice":"Rummage","damage_taken":0,"relics_obtained":["WarpedTongs"],"max_hp_gain":0,"max_hp_loss":0,"event_name":"Accursed Blacksmith","floor":41,"gold_loss":0,"cards_obtained":["Pain"]}],"is_beta":false,"boss_relics":[{"not_picked":["Snecko Eye","Runic Dome"],"picked":"Black Star"},{"not_picked":["Honey Jar","Astrolabe"],"picked":"sneckomod:SneckoTalon"}],"items_purged_floors":[22,44],"is_endless":false,"potions_floor_spawned":[2,4,5,24,27,27,31,35,39,40,48],"ascension_level":20}}