{"host":"gaqyve1328ta0etl","time":1612090473,"event":{"mods":["BaseMod","Colored Map","Colored Powertips","Googly Eyes","Minty Spire (QoL Compilation)","Shop Mod","StSLib","SuperFastMode","The Hierophant","The Runesmith"],"gold_per_floor":[112,112,42,42,42,42,52,52,52,52,70,83,108,108,108,211,211,229,229,249,302,68,103,103,202,270,270,287,287,301,311,311,412,412,425,275,292,306,321,321,333,365,442,442,442,442,460,472,472,472],"floor_reached":51,"language":"ENG","playtime":2303,"items_purged":["Defend_G"],"score":1130,"play_id":"70cbedba-f020-49b3-b319-f5dd7ba4f047","local_time":"20210131025433","is_ascension_mode":true,"campfire_choices":[{"data":"Neutralize","floor":6,"key":"SMITH"},{"data":"Noxious Fumes","floor":10,"key":"SMITH"},{"data":"Tools of the Trade","floor":15,"key":"SMITH"},{"data":"Burst","floor":24,"key":"SMITH"},{"data":"Night Terror","floor":29,"key":"SMITH"},{"floor":32,"key":"REST"},{"data":"Storm of Steel","floor":40,"key":"SMITH"},{"data":"Footwork","floor":44,"key":"SMITH"},{"floor":49,"key":"REST"}],"circlet_count":0,"master_deck":["AscendersBane","Defend_G+1","Survivor+1","Neutralize+1","Backflip+1","Noxious Fumes+1","Backflip+1","Tools of the Trade+1","Deadly Poison+1","Burst+1","Night Terror+1","Footwork+1","Storm of Steel+1","Tools of the Trade+1","Cloak And Dagger+1","Blur+1","Corpse Explosion+1"],"relics":["Ring of the Snake","Runesmith:Nanobots","Pocketwatch","Bottled Tornado","Bag of Marbles","Oddly Smooth Stone","Busted Crown","Anchor","Lee\u0027s Waffle","Ninja Scroll","Paper Crane","Enchiridion","Astrolabe","MealTicket","Gremlin Horn","Mark of the Bloom"],"acts_visited":["Exordium","TheCity","TheBeyond"],"potions_floor_usage":[13,13,16,30,31,33,38,50],"damage_taken":[{"damage":10,"enemies":"Cultist","floor":1,"turns":6},{"damage":0,"enemies":"2 Louse","floor":7,"turns":4},{"damage":4,"enemies":"Small Slimes","floor":11,"turns":4},{"damage":0,"enemies":"2 Fungi Beasts","floor":12,"turns":4},{"damage":0,"enemies":"Lagavulin","floor":13,"turns":6},{"damage":37,"enemies":"Slime Boss","floor":16,"turns":14},{"damage":0,"enemies":"Spheric Guardian","floor":18,"turns":3},{"damage":0,"enemies":"Shell Parasite","floor":20,"turns":5},{"damage":3,"enemies":"Book of Stabbing","floor":23,"turns":7},{"damage":0,"enemies":"Snake Plant","floor":28,"turns":4},{"damage":0,"enemies":"Snecko","floor":30,"turns":5},{"damage":7,"enemies":"Shelled Parasite and Fungi","floor":31,"turns":4},{"damage":7,"enemies":"Champ","floor":33,"turns":13},{"damage":10,"enemies":"3 Darklings","floor":35,"turns":5},{"damage":0,"enemies":"3 Shapes","floor":37,"turns":2},{"damage":0,"enemies":"Spire Growth","floor":38,"turns":7},{"damage":0,"enemies":"Maw","floor":39,"turns":8},{"damage":0,"enemies":"Transient","floor":41,"turns":5},{"damage":3,"enemies":"Nemesis","floor":42,"turns":7},{"damage":0,"enemies":"Sphere and 2 Shapes","floor":47,"turns":4},{"damage":0,"enemies":"Jaw Worm Horde","floor":48,"turns":4},{"damage":12,"enemies":"Time Eater","floor":50,"turns":18}],"seed_played":"1062987712544116620","potions_obtained":[{"floor":1,"key":"Swift Potion"},{"floor":7,"key":"SneckoOil"},{"floor":12,"key":"Energy Potion"},{"floor":13,"key":"Regen Potion"},{"floor":23,"key":"Energy Potion"},{"floor":30,"key":"DuplicationPotion"},{"floor":31,"key":"Block Potion"},{"floor":35,"key":"Ancient Potion"},{"floor":39,"key":"PowerPotion"},{"floor":42,"key":"Swift Potion"}],"is_trial":false,"path_per_floor":["M","?","$","?","?","R","M","?","T","R","M","M","E","?","R","B",null,"M","?","M","T","$","E","R","?","T","?","M","R","M","M","R","B",null,"M","$","M","M","M","R","M","E","T","R","?","?","M","M","R","B",null],"character_chosen":"THE_SILENT","items_purchased":["Noxious Fumes","Footwork","Lee\u0027s Waffle","Corpse Explosion"],"campfire_rested":2,"item_purchase_floors":[3,22,22,36],"current_hp_per_floor":[53,53,53,53,50,50,50,50,50,50,46,46,46,46,46,24,53,53,53,53,53,70,67,67,67,67,51,51,51,51,44,65,58,67,57,57,57,57,57,57,57,54,54,54,54,54,54,54,54,42],"gold":472,"neow_bonus":"REMOVE_TWO","is_daily":false,"chose_seed":false,"campfire_upgraded":7,"win_rate":0.0,"timestamp":1612090473,"path_taken":["M","?","$","?","?","R","M","?","T","R","?","M","E","?","R","BOSS","M","?","M","?","$","E","R","?","T","?","M","R","M","M","R","BOSS","M","$","M","M","M","R","M","E","T","R","?","?","M","M","R","BOSS"],"items_purchased_type":["Card","Card","Relic","Card"],"build_version":"2020-12-22","purchased_purges":1,"victory":true,"max_hp_per_floor":[63,63,63,63,63,63,63,63,63,63,63,63,63,63,63,63,63,63,63,63,63,70,70,70,70,70,70,70,70,70,70,70,70,70,70,70,70,70,70,70,70,70,70,70,70,70,70,70,70,70],"card_choices":[{"not_picked":["Underhanded Strike","Dodge and Roll"],"picked":"Backflip","floor":1},{"not_picked":["Prepared","Bouncing Flask"],"picked":"Backflip","floor":7},{"not_picked":["Distraction","Masterful Stab"],"picked":"Tools of the Trade","floor":11},{"not_picked":["Dodge and Roll","Sucker Punch"],"picked":"Deadly Poison","floor":12},{"not_picked":["Tactician","Dash","Poisoned Stab"],"picked":"SKIP","floor":13},{"not_picked":["Night Terror","Venomology"],"picked":"Burst","floor":16},{"not_picked":["Dagger Throw"],"picked":"SKIP","floor":18},{"not_picked":["Dagger Spray"],"picked":"SKIP","floor":20},{"not_picked":["Outmaneuver"],"picked":"SKIP","floor":23},{"not_picked":["Setup"],"picked":"SKIP","floor":28},{"not_picked":["Finisher"],"picked":"SKIP","floor":30},{"not_picked":["Choke"],"picked":"SKIP","floor":31},{"not_picked":[],"picked":"Storm of Steel","floor":33},{"not_picked":["Endless Agony+1"],"picked":"SKIP","floor":35},{"not_picked":["Underhanded Strike+1"],"picked":"SKIP","floor":37},{"not_picked":["Heel Hook"],"picked":"SKIP","floor":38},{"not_picked":["Leg Sweep"],"picked":"SKIP","floor":39},{"not_picked":["Acrobatics"],"picked":"SKIP","floor":41},{"not_picked":["Tactician+1"],"picked":"SKIP","floor":42},{"not_picked":["Dodge and Roll"],"picked":"SKIP","floor":47},{"not_picked":["Terror"],"picked":"SKIP","floor":48}],"player_experience":2060925,"relics_obtained":[{"floor":9,"key":"Bottled Tornado"},{"floor":13,"key":"Bag of Marbles"},{"floor":21,"key":"Anchor"},{"floor":23,"key":"Ninja Scroll"},{"floor":26,"key":"Paper Crane"},{"floor":27,"key":"Enchiridion"},{"floor":42,"key":"MealTicket"},{"floor":43,"key":"Gremlin Horn"}],"event_choices":[{"cards_removed":["Strike_G"],"damage_healed":0,"gold_gain":0,"player_choice":"Forget","damage_taken":0,"max_hp_gain":0,"max_hp_loss":0,"event_name":"Living Wall","floor":2,"gold_loss":0},{"damage_healed":0,"gold_gain":0,"player_choice":"Leave","damage_taken":0,"max_hp_gain":0,"max_hp_loss":0,"event_name":"The Cleric","floor":4,"gold_loss":0},{"damage_healed":0,"gold_gain":0,"player_choice":"Success","damage_taken":3,"relics_obtained":["Runesmith:Nanobots"],"max_hp_gain":0,"max_hp_loss":0,"event_name":"Scrap Ooze","floor":5,"gold_loss":0},{"damage_healed":0,"gold_gain":0,"player_choice":"Gave Potion","damage_taken":0,"relics_obtained":["Pocketwatch"],"max_hp_gain":0,"max_hp_loss":0,"event_name":"WeMeetAgain","floor":8,"gold_loss":0},{"damage_healed":0,"gold_gain":0,"player_choice":"Searched \u00271\u0027 times","damage_taken":0,"relics_obtained":["Oddly Smooth Stone"],"max_hp_gain":0,"max_hp_loss":0,"event_name":"Dead Adventurer","floor":14,"gold_loss":0},{"damage_healed":0,"gold_gain":0,"cards_transformed":["Strike_G","Strike_G"],"player_choice":"Became Test Subject","damage_taken":0,"max_hp_gain":0,"max_hp_loss":0,"event_name":"Drug Dealer","floor":19,"gold_loss":0,"cards_obtained":["Caltrops","Night Terror"]},{"damage_healed":0,"gold_gain":99,"player_choice":"Stole From Cult","damage_taken":0,"max_hp_gain":0,"max_hp_loss":0,"event_name":"Nest","floor":25,"gold_loss":0},{"damage_healed":0,"gold_gain":0,"player_choice":"Obtained Book","damage_taken":16,"max_hp_gain":0,"max_hp_loss":0,"event_name":"Cursed Tome","floor":27,"gold_loss":0},{"damage_healed":0,"gold_gain":0,"player_choice":"Upgrade","damage_taken":0,"relics_obtained":["Mark of the Bloom"],"max_hp_gain":0,"max_hp_loss":0,"event_name":"MindBloom","floor":45,"gold_loss":0,"cards_upgraded":["Defend_G","Survivor","Backflip","Backflip","Deadly Poison","Caltrops","Corpse Explosion"]},{"cards_removed":["Caltrops"],"damage_healed":0,"gold_gain":0,"player_choice":"Removed Power","damage_taken":0,"max_hp_gain":0,"max_hp_loss":0,"event_name":"Falling","floor":46,"gold_loss":0}],"is_beta":false,"boss_relics":[{"not_picked":["Runic Dome","Calling Bell"],"picked":"Busted Crown"},{"not_picked":["Runesmith:UraniumAnvil","Velvet Choker"],"picked":"Astrolabe"}],"items_purged_floors":[36],"is_endless":false,"potions_floor_spawned":[1,7,12,13,23,30,31,35,39,42,47],"ascension_level":11}}