{"host":"fzjk61lpi4bwj033","time":1612131033,"event":{"mods":["Ascension Unlocker","BaseMod","Conspire","Downfall","Hermit","Hubris","Infinite Spire","Jorbs\u0027s Wanderer Trilogy","Minty Spire (QoL Compilation)","Rare Cards Sparkle","Replay The Spire","StSLib","The Jungle"],"gold_per_floor":[110,127,127,127,52,77,77,91,91,108,108,133,57,57,57,128,128,153,303,321,321,321],"floor_reached":21,"language":"ENG","playtime":1257,"items_purged":["Pain"],"score":374,"play_id":"cd936a0e-269c-435b-9253-87e7a5159419","local_time":"20210131161033","is_ascension_mode":true,"campfire_choices":[{"floor":7,"key":"REST"},{"data":"stsjorbsmod:Prestidigitation","floor":11,"key":"SMITH"},{"data":"stsjorbsmod:Stalwart","floor":15,"key":"SMITH"}],"circlet_count":0,"master_deck":["AscendersBane","stsjorbsmod:ForbiddenGrimoire+1","stsjorbsmod:Strike_Wanderer","stsjorbsmod:Strike_Wanderer","stsjorbsmod:Strike_Wanderer","stsjorbsmod:Strike_Wanderer","stsjorbsmod:Defend_Wanderer","stsjorbsmod:Defend_Wanderer","stsjorbsmod:Defend_Wanderer","stsjorbsmod:Defend_Wanderer","stsjorbsmod:FreshAdventure","stsjorbsmod:EyeOfTheStorm","stsjorbsmod:Prestidigitation+1","stsjorbsmod:Channel","stsjorbsmod:Materialize","stsjorbsmod:ScorchingRay","stsjorbsmod:FracturedMind","stsjorbsmod:TrueStrike","stsjorbsmod:TollTheDead","stsjorbsmod:Stalwart+1","stsjorbsmod:Rediscovery","stsjorbsmod:Aid","stsjorbsmod:ChainLightning"],"relics":["stsjorbsmod:GrimoireRelic","WarpedTongs","Bronze Scales","Mango","hubris:TinFlute","conspire:SpecialSausage"],"acts_visited":["Exordium","Exordium"],"potions_floor_usage":[],"damage_taken":[{"damage":9,"enemies":"Jaw Worm","floor":1,"turns":5},{"damage":16,"enemies":"Cultist","floor":2,"turns":6},{"damage":44,"enemies":"3 Sentries","floor":6,"turns":7},{"damage":3,"enemies":"2 Louse","floor":8,"turns":4},{"damage":1,"enemies":"Exordium Wildlife","floor":10,"turns":4},{"damage":4,"enemies":"Lagavulin","floor":12,"turns":6},{"damage":41,"enemies":"Fading Forest","floor":16,"turns":13},{"damage":31,"enemies":"theJungle:5_Spyders","floor":18,"turns":7},{"damage":19,"enemies":"Shell Parasite","floor":20,"turns":6},{"damage":28,"enemies":"theJungle:JungleHuntersEncounter","floor":21,"turns":3}],"seed_played":"6324399050782313607","potions_obtained":[{"floor":0,"key":"stsjorbsmod:BurningPotion"},{"floor":0,"key":"Weak Potion"}],"is_trial":false,"path_per_floor":["M","M","?","?","$","E","R","M","T","M","R","E","$","?","R","B",null,"M","?","M","M"],"character_chosen":"WANDERER","items_purchased":["stsjorbsmod:TollTheDead"],"campfire_rested":1,"item_purchase_floors":[13],"current_hp_per_floor":[50,39,61,61,61,17,36,34,48,49,49,47,47,47,47,14,64,36,36,20,0,0],"gold":321,"neow_bonus":"THREE_SMALL_POTIONS","is_daily":false,"chose_seed":false,"campfire_upgraded":2,"win_rate":0.0,"timestamp":1612131033,"path_taken":["M","M","?","?","$","E","R","?","T","M","R","E","$","?","R","BOSS","M","?","M","M"],"items_purchased_type":["Card"],"build_version":"2020-12-22","purchased_purges":1,"victory":false,"max_hp_per_floor":[64,66,66,66,66,66,66,66,80,80,80,80,80,80,80,80,80,80,80,80,80,80],"card_choices":[{"not_picked":["stsjorbsmod:LocateObject","stsjorbsmod:ParryingBlow"],"picked":"stsjorbsmod:Prestidigitation","floor":1},{"not_picked":["stsjorbsmod:Mindworm","stsjorbsmod:WeightOfMemory"],"picked":"stsjorbsmod:Channel","floor":2},{"not_picked":["stsjorbsmod:Hurt","stsjorbsmod:DoubleCheck"],"picked":"stsjorbsmod:Materialize","floor":6},{"not_picked":["stsjorbsmod:Channel","stsjorbsmod:Index"],"picked":"stsjorbsmod:ScorchingRay","floor":8},{"not_picked":["stsjorbsmod:BookOfTongues","stsjorbsmod:UnseenServant"],"picked":"stsjorbsmod:FracturedMind","floor":10},{"not_picked":["stsjorbsmod:Will","stsjorbsmod:WanderingMind"],"picked":"stsjorbsmod:TrueStrike","floor":12},{"not_picked":["stsjorbsmod:Trauma","stsjorbsmod:SiphonEnergy"],"picked":"stsjorbsmod:Rediscovery","floor":16},{"not_picked":["stsjorbsmod:FlameWard","stsjorbsmod:Will"],"picked":"stsjorbsmod:Aid","floor":18},{"not_picked":["stsjorbsmod:TrueStrike","stsjorbsmod:FracturedMind"],"picked":"stsjorbsmod:ChainLightning","floor":20}],"player_experience":811366,"relics_obtained":[{"floor":6,"key":"Bronze Scales"},{"floor":9,"key":"Mango"},{"floor":12,"key":"hubris:TinFlute"}],"event_choices":[{"damage_healed":22,"gold_gain":0,"player_choice":"Banana","damage_taken":0,"max_hp_gain":0,"max_hp_loss":0,"event_name":"Big Fish","floor":3,"gold_loss":0},{"damage_healed":0,"gold_gain":0,"player_choice":"Rummage","damage_taken":0,"relics_obtained":["WarpedTongs"],"max_hp_gain":0,"max_hp_loss":0,"event_name":"Accursed Blacksmith","floor":4,"gold_loss":0,"cards_obtained":["Pain"]}],"is_beta":false,"boss_relics":[{"not_picked":["SacredBark","Philosopher\u0027s Stone"],"picked":"conspire:SpecialSausage"}],"items_purged_floors":[5],"is_endless":false,"potions_floor_spawned":[1,2,10,12,18],"killed_by":"theJungle:JungleHuntersEncounter","ascension_level":20}}