{"host":"l9d4bclu8pwa3q15","time":1612071117,"event":{"mods":["Act Like it!","BaseMod","Better Altar","Better Match","Better Note","Better Sensory Stone","Better Skull","BetterRewards","Colored Map","Colored Powertips","Downfall","Emptier Cage","Gensokyo","GifTheSpireLib","Keyboard Shortcuts","Koishi","KomeijiMod","Lobotomy","LobotomyExtend","Minty Spire (QoL Compilation)","Quick Restart","Rare Cards Sparkle","Relic Sorter","Remilia_Scarlet Moed（蕾米莉亚・斯卡雷特）3.3.5","Replay The Spire","Spicy Shops","StSLib","The Alterego","UnlockEverythingMod","Waifu the Spire","WarShipGirlsR/战舰少女R mod","Yakumo Yukari mod","Youmu（魂魄妖梦）","Yuyuko"],"gold_per_floor":[116,116,116,127,142,142,172,172,172,206,19,53,53,63,63,277,277,293,313,313,121,136,162,162,175,175,175,78,94,105,120,120,120,120],"floor_reached":33,"language":"ZHS","playtime":3358,"items_purged":["Decay"],"score":387,"play_id":"9bccf56d-dcdb-48a8-a390-5a9825505856","local_time":"20210131133157","is_ascension_mode":false,"campfire_choices":[{"data":"Berserk","floor":6.0,"key":"SMITH"},{"data":"Combust","floor":8.0,"key":"SMITH"},{"floor":15.0,"key":"DIG"},{"floor":27,"key":"RECALL"},{"data":"Demon Form","floor":32,"key":"SMITH"}],"circlet_count":0,"master_deck":["Strike_R","Strike_R","Strike_R","Strike_R","Strike_R","Defend_R","Defend_R","Defend_R","Bash","Defy Death","VoidDream","MeatLantern","Berserk+1","MHz","Combust+1","Immolate+1","DespairKnight","Bloodletting","BeautyBeast","Seeing Red","Rudolta","Barricade","Rage","GreedKing","Replay:Many Hands","OSAHOGD","Disarm","QueenOfHatred","ReplayTheSpireMod:Muscle Training","QueenBee","Heavy Blade+1","Body Slam+1","Madness","Inflame","Dazed","ReplayUltimateDefense","Feel No Pain","WhitesApple","Parasite","Feed+1","NakedNest","Parasite","Spot Weakness","DreamingCurrent","Shockwave","Rupture+1","Flex","Parasite","ReplayReversal","CENSORED","Headbutt+1","Scorched","Flame Barrier","SingingMachine","Demon Form+1","Parasite"],"relics":["Burning Blood","ChangeAnything","CogitoBucket","LetterFromLob","CultistMask","Molten Egg 2","Shuriken","Happy Flower","Durian","Lizard Tail","Replay:PocketPolymizer","Coffee Dripper","BargainBundle","Replay:Bottled Flurry","MagicBullet_r","HellTrain","Divine Protection"],"acts_visited":["Exordium","TheCity"],"potions_floor_usage":[19,19,22,25,29],"damage_taken":[{"damage":0.0,"enemies":"Small Slimes","floor":1.0,"turns":3.0},{"damage":2.0,"enemies":"2 Louse","floor":4.0,"turns":4.0},{"damage":3.0,"enemies":"Cultist","floor":5.0,"turns":4.0},{"damage":25.0,"enemies":"Lagavulin","floor":7.0,"turns":9.0},{"damage":19.0,"enemies":"Gremlin Nob","floor":10.0,"turns":4.0},{"damage":3.0,"enemies":"Replay:BlueRogue","floor":12.0,"turns":5.0},{"damage":42.0,"enemies":"Large Slime","floor":14.0,"turns":9.0},{"damage":48.0,"enemies":"Fading Forest","floor":16.0,"turns":11.0},{"damage":2,"enemies":"Chosen","floor":18,"turns":4},{"damage":12,"enemies":"Shell Parasite","floor":19,"turns":4},{"damage":4,"enemies":"Chosen and Byrds","floor":22,"turns":3},{"damage":39,"enemies":"Gremlin Leader","floor":23,"turns":6},{"damage":87,"enemies":"Snecko","floor":25,"turns":11},{"damage":0,"enemies":"Centurion and Healer","floor":29,"turns":5},{"damage":7,"enemies":"Shelled Parasite and Fungi","floor":30,"turns":5},{"damage":0,"enemies":"Snecko","floor":31,"turns":5},{"damage":164,"enemies":"Pondfish","floor":33,"turns":8}],"seed_played":"-3930756822044609765","potions_obtained":[{"floor":1.0,"key":"Swift Potion"},{"floor":16.0,"key":"Swift Potion"},{"floor":18,"key":"Toxic Potion"},{"floor":19,"key":"LifebloodPotion"},{"floor":25,"key":"Guardian:BlockOnCardUsePotion"}],"is_trial":false,"path_per_floor":["M","?","?","M","M","R","E","R","T","E","$","E","?","M","R_BF","B",null,"M","M","?","$","M","E","M","M","T","R","$","M","M","M","R","B"],"character_chosen":"IRONCLAD","items_purchased":["Happy Flower","Durian","BargainBundle","Armaments","Heavy Blade+1","Body Slam+1","Madness","Inflame","Flex","ReplayUltimateDefense","SkillPotion","SteroidPotion","Rupture+1","Flex"],"campfire_rested":0,"item_purchase_floors":[11,11,21,21,21,21,21,21,21,21,21,21,28,28],"current_hp_per_floor":[80,80,80,80,80,80,61,61,61,48,53,56,56,20,20,46,85,85,85,85,85,85,58,83,8,8,8,8,50,85,85,85,0,0],"gold":120,"neow_bonus":"","is_daily":false,"chose_seed":false,"campfire_upgraded":3,"win_rate":0.0,"timestamp":1612071117,"path_taken":["M","?","?","M","?","R","E","R","T","E","$","E","?","M","R_BF","BOSS","M","M","?","?","?","E","?","M","T","R","$","M","M","M","R","BOSS"],"items_purchased_type":["Relic","Relic","Relic","Card","Card","Card","Card","Card","Card","Card","Potion","Potion","Card","Card"],"build_version":"2020-12-22","purchased_purges":1,"victory":false,"max_hp_per_floor":[80,80,80,80,80,80,80,80,80,80,85,85,85,85,85,85,85,85,85,85,85,85,85,85,85,85,85,85,85,85,85,85,85,85],"card_choices":[{"not_picked":["Headbutt","Clothesline"],"picked":"Defy Death","floor":1.0},{"not_picked":["OSAHOGD","ShyLook"],"picked":"VoidDream","floor":1.0},{"not_picked":["CherryBlossoms","PunishingBird"],"picked":"MeatLantern","floor":4.0},{"not_picked":["Run Through","Dark Embrace"],"picked":"Berserk","floor":4.0},{"not_picked":["SnowQueen","CherryBlossoms"],"picked":"MHz","floor":5.0},{"not_picked":["Warcry","Sever Soul"],"picked":"Combust","floor":5.0},{"not_picked":["Rage","Clothesline+1"],"picked":"Immolate+1","floor":7.0},{"not_picked":["WallGazer","OSAHOGD"],"picked":"DespairKnight","floor":7.0},{"not_picked":["ReplayTheSpireMod:Strike From Hell+1","Warcry"],"picked":"Bloodletting","floor":10.0},{"not_picked":["WhitesApple","OldLady"],"picked":"BeautyBeast","floor":10.0},{"not_picked":["Warcry","ReplayTheSpireMod:Strike From Hell+1"],"picked":"Seeing Red","floor":12.0},{"not_picked":["UniverseFragment","OSAHOGD"],"picked":"Rudolta","floor":12.0},{"not_picked":[],"picked":"Barricade","floor":13.0},{"not_picked":["Entrench","Iron Wave+1"],"picked":"Rage","floor":14.0},{"not_picked":["Wellcheers","SnowQueen"],"picked":"GreedKing","floor":14.0},{"not_picked":["Barricade","Offering"],"picked":"Replay:Many Hands","floor":16.0},{"not_picked":["Freischutz","SpiderBud"],"picked":"OSAHOGD","floor":16.0},{"not_picked":["Thunderclap+1","Ghostly Armor+1"],"picked":"Disarm","floor":18},{"not_picked":["Wellcheers","Mercenary"],"picked":"QueenOfHatred","floor":18},{"not_picked":["Dark Embrace","Anger+1"],"picked":"ReplayTheSpireMod:Muscle Training","floor":19},{"not_picked":["SnowQueen","Wellcheers"],"picked":"QueenBee","floor":19},{"not_picked":["Anger+1","Perfected Strike+1"],"picked":"Feel No Pain","floor":22},{"not_picked":["FairyFestival","WallGazer"],"picked":"WhitesApple","floor":22},{"not_picked":["Dropkick+1","Sever Soul+1"],"picked":"Feed+1","floor":23},{"not_picked":["GalaxyChild","OldLady"],"picked":"NakedNest","floor":23},{"not_picked":["Rampage+1","Twin Strike+1"],"picked":"Spot Weakness","floor":25},{"not_picked":["ShyLook","OldLady"],"picked":"DreamingCurrent","floor":25},{"not_picked":["Perfected Strike+1","Hemokinesis+1"],"picked":"ReplayReversal","floor":29},{"not_picked":["LittleHelper","CherryBlossoms"],"picked":"CENSORED","floor":29},{"not_picked":["Havoc","Clash+1"],"picked":"Headbutt+1","floor":30},{"not_picked":["SpiderBud","Alriune"],"picked":"Scorched","floor":30},{"not_picked":["ReplayTheSpireMod:Strike From Hell+1","Searing Blow+1"],"picked":"Flame Barrier","floor":31},{"not_picked":["PunishingBird","GalaxyChild"],"picked":"SingingMachine","floor":31}],"player_experience":85247,"relics_obtained":[{"floor":1.0,"key":"LetterFromLob"},{"floor":7.0,"key":"Molten Egg 2"},{"floor":10.0,"key":"Shuriken"},{"floor":12.0,"key":"Lizard Tail"},{"floor":15.0,"key":"Replay:PocketPolymizer"},{"floor":23,"key":"Replay:Bottled Flurry"},{"floor":26,"key":"Divine Protection"}],"event_choices":[{"damage_healed":0.0,"max_hp_gain":0.0,"max_hp_loss":0.0,"gold_gain":0.0,"event_name":"FaceTrader","player_choice":"Trade","floor":3.0,"gold_loss":0.0,"damage_taken":0.0,"relics_obtained":["CultistMask"]},{"cards_removed":["Decay"],"damage_healed":0,"gold_gain":0,"player_choice":"Give","damage_taken":0,"max_hp_gain":0,"max_hp_loss":0,"event_name":"betterNote:BetterNote","floor":20,"gold_loss":0,"cards_obtained":["Defend_R"]}],"is_beta":false,"boss_relics":[{"not_picked":["Runic Pyramid","Runic Dome"],"picked":"Coffee Dripper"}],"items_purged_floors":[21],"is_endless":false,"potions_floor_spawned":[1,16,18,19,25],"killed_by":"Pondfish","ascension_level":0}}