{"host":"vyjryxuuuxkt43k4","time":1612106743,"event":{"mods":["AchievementEnabler","BaseMod","Colored Map","DeckTracker","Keyboard Shortcuts","Minty Spire (QoL Compilation)","Permanent Neow","Quick Restart","Rare Cards Sparkle","StSLib","SuperFastMode","everything is the same but u backflip on backflip"],"gold_per_floor":[118,134,209,219,231,231,231,231,231,244,30,30,30,45,45,120,120,135,53,53,4,4,4,16,16,16,16,42,54,54,54],"floor_reached":30,"language":"KOR","playtime":1438,"items_purged":["Strike_G"],"score":420,"play_id":"127538c7-f5f3-41cc-a00f-2b038df4764c","local_time":"20210201002543","is_ascension_mode":true,"campfire_choices":[{"floor":6,"key":"REST"},{"data":"Crippling Poison","floor":13,"key":"SMITH"},{"data":"Dash","floor":15,"key":"SMITH"},{"data":"Noxious Fumes","floor":23,"key":"SMITH"},{"floor":25,"key":"REST"},{"data":"Tactician","floor":27,"key":"SMITH"}],"circlet_count":0,"master_deck":["AscendersBane","Strike_G","Strike_G","Defend_G","Defend_G","Defend_G+1","Defend_G","Survivor","Neutralize","Master of Strategy","Dagger Spray","Tactician+1","Acrobatics+1","Crippling Poison+1","Malaise","Dagger Throw","Well Laid Plans","Dash+1","After Image","Blur","Noxious Fumes+1","Acrobatics+1","Backflip","Underhanded Strike"],"relics":["Ring of the Snake","Pen Nib","Empty Cage","Art of War","StrikeDummy"],"acts_visited":["Exordium","TheCity"],"potions_floor_usage":[5,16,16,16,22,24,28,29],"damage_taken":[{"damage":7,"enemies":"Small Slimes","floor":1,"turns":4},{"damage":0,"enemies":"Jaw Worm","floor":2,"turns":5},{"damage":0,"enemies":"2 Louse","floor":4,"turns":3},{"damage":19,"enemies":"Exordium Wildlife","floor":5,"turns":9},{"damage":0,"enemies":"2 Fungi Beasts","floor":10,"turns":3},{"damage":4,"enemies":"Exordium Thugs","floor":14,"turns":4},{"damage":12,"enemies":"Hexaghost","floor":16,"turns":13},{"damage":10,"enemies":"Shell Parasite","floor":18,"turns":9},{"damage":0,"enemies":"2 Thieves","floor":22,"turns":1},{"damage":28,"enemies":"Sentry and Sphere","floor":24,"turns":7},{"damage":26,"enemies":"Book of Stabbing","floor":28,"turns":8},{"damage":6,"enemies":"Shelled Parasite and Fungi","floor":29,"turns":5},{"damage":7,"enemies":"Gremlin Leader","floor":30,"turns":4}],"seed_played":"-1819390791283825873","potions_obtained":[{"floor":1,"key":"SkillPotion"},{"floor":2,"key":"Block Potion"},{"floor":10,"key":"EssenceOfSteel"},{"floor":24,"key":"Dexterity Potion"},{"floor":28,"key":"SkillPotion"}],"is_trial":false,"path_per_floor":["M","M","?","M","M","R","?","?","T","M","$","?","R","M","R","B",null,"M","$","?","$","M","R","M","R","T","R","E","M","E"],"character_chosen":"THE_SILENT","items_purchased":["Well Laid Plans","EntropicBrew","Noxious Fumes","PowerPotion"],"campfire_rested":2,"item_purchase_floors":[11,11,19,21],"current_hp_per_floor":[37,37,26,26,7,26,26,48,48,48,48,28,28,24,24,12,53,43,43,43,43,43,43,15,34,34,34,8,2,0,0],"gold":54,"neow_bonus":"RANDOM_COLORLESS_2","is_daily":false,"chose_seed":false,"campfire_upgraded":4,"win_rate":0.0,"timestamp":1612106743,"path_taken":["M","M","?","M","M","R","?","?","T","?","$","?","R","M","R","BOSS","M","$","?","?","?","R","?","R","T","R","E","M","E"],"items_purchased_type":["Card","Potion","Card","Potion"],"build_version":"2020-12-22","purchased_purges":1,"victory":false,"max_hp_per_floor":[66,66,66,66,66,66,66,66,66,66,66,66,66,66,66,66,66,66,66,66,66,66,66,66,66,66,66,66,66,66,66],"card_choices":[{"not_picked":["The Bomb","Secret Weapon"],"picked":"Master of Strategy","floor":0},{"not_picked":["Flying Knee","Dodge and Roll"],"picked":"Dagger Spray","floor":1},{"not_picked":["Underhanded Strike","Acrobatics"],"picked":"Tactician","floor":2},{"not_picked":["Quick Slash","PiercingWail"],"picked":"Acrobatics","floor":4},{"not_picked":["Deflect","All Out Attack"],"picked":"Crippling Poison","floor":5},{"not_picked":["Unload","Setup"],"picked":"Dagger Throw","floor":10},{"not_picked":["Acrobatics","Flying Knee"],"picked":"Dash","floor":14},{"not_picked":["Night Terror","Glass Knife"],"picked":"After Image","floor":16},{"not_picked":["Flying Knee","Masterful Stab"],"picked":"Blur","floor":18},{"not_picked":["Heel Hook","Concentrate"],"picked":"Acrobatics+1","floor":24},{"not_picked":["Quick Slash","Bane"],"picked":"Backflip","floor":28},{"not_picked":["Expertise","Bane"],"picked":"Underhanded Strike","floor":29}],"player_experience":546561,"relics_obtained":[{"floor":9,"key":"Pen Nib"},{"floor":26,"key":"Art of War"},{"floor":28,"key":"StrikeDummy"}],"event_choices":[{"damage_healed":0,"gold_gain":75,"player_choice":"Gather Gold","damage_taken":11,"max_hp_gain":0,"max_hp_loss":0,"event_name":"World of Goop","floor":3,"gold_loss":0},{"damage_healed":0,"gold_gain":0,"cards_transformed":["Strike_G"],"player_choice":"Change","damage_taken":0,"max_hp_gain":0,"max_hp_loss":0,"event_name":"Living Wall","floor":7,"gold_loss":0,"cards_obtained":["Malaise"]},{"damage_healed":22,"gold_gain":0,"player_choice":"Banana","damage_taken":0,"max_hp_gain":0,"max_hp_loss":0,"event_name":"Big Fish","floor":8,"gold_loss":0},{"damage_healed":0,"gold_gain":0,"player_choice":"Entered Light","damage_taken":20,"max_hp_gain":0,"max_hp_loss":0,"event_name":"Shining Light","floor":12,"gold_loss":0,"cards_upgraded":["Defend_G","Acrobatics"]},{"damage_healed":0,"gold_gain":0,"player_choice":"Ignored","damage_taken":0,"max_hp_gain":0,"max_hp_loss":0,"event_name":"Ghosts","floor":20,"gold_loss":0}],"is_beta":false,"boss_relics":[{"not_picked":["Ring of the Serpent","Tiny House"],"picked":"Empty Cage"}],"items_purged_floors":[11],"is_endless":false,"potions_floor_spawned":[1,2,10,24,28],"killed_by":"Gremlin Leader","ascension_level":15}}