{"host":"hpn0uxah5qjr7pa6","time":1612067125,"event":{"mods":["Act Like it!","Aspiration","BaseMod","Better Third Choice","BetterRewards","Challenge The Spire","Colored Powertips","Conspire","Downfall","Energized Spire","Hallownest","Hermit","Hubris","Infinite Spire","Minty Spire (QoL Compilation)","Permanent Neow","Quick Restart","Rare Cards Sparkle","Replay The Spire","Spicy Shops","StSLib","The Bug Knight","The Jungle"],"gold_per_floor":[99,115,130,130,144,144,144,61,71,71,90,90,90,75,75,107,123,224,224,224,243,255,255,355,191,270,290,290,304,304,322,322,334,354,354,354,354],"floor_reached":35,"language":"ENG","playtime":1788,"items_purged":[],"score":286,"play_id":"43d2f86b-a8cc-4d89-8827-07ee8ee05e20","local_time":"20210130202525","is_ascension_mode":false,"campfire_choices":[{"floor":10,"key":"REST"},{"data":"bronze:DelayedSlice","floor":10,"key":"SMITH"},{"data":"bronze:Branch","floor":15,"key":"SMITH"},{"data":"bronze:Branch","floor":20,"key":"SMITH"},{"data":"bronze:Branch","floor":28,"key":"SMITH"},{"floor":32,"key":"REST"},{"data":"bronze:Branch","floor":32,"key":"SMITH"}],"circlet_count":0,"master_deck":["bronze:Strike","bronze:Strike","bronze:Strike+1","bronze:Strike+1","bronze:Defend","bronze:Defend","bronze:Defend","bronze:Defend","bronze:Replicate","bronze:Goto","bronze:Branch+1","bronze:DelayedSlice+1","bronze:Branch+1","bronze:Branch+1","bronze:ChosenStrike","bronze:Branch+1","bronze:Branch","bronze:Branch","bronze:DelayedSlice","bronze:DarkDash","bronze:DelayedSlice+1"],"relics":["bronze:BronzeCore","Hallownest:DreamNailRelic","aspiration:FrozenJewel","infinitespire:Magic Flask","HollowMod:PaleOreRelic","energizedSpire:NeverEndingSparkler","Medical Kit","Toolbox","infinitespire:ShieldingShard"],"acts_visited":["Hallownest:Greenpath","TheCity"],"potions_floor_usage":[18,35,35],"damage_taken":[{"damage":0,"enemies":"Hallownest:monsterHuskWarrior","floor":2,"turns":5},{"damage":7,"enemies":"Hallownest:2_MossCreeps","floor":3,"turns":6},{"damage":1,"enemies":"Hallownest:2_Baldur","floor":5,"turns":4},{"damage":0,"enemies":"downfall:FleeingMerchant","floor":8,"turns":4},{"damage":0,"enemies":"Hallownest:Wandering_and_Horned","floor":9,"turns":4},{"damage":0,"enemies":"Hallownest:monsterAspidMother","floor":11,"turns":2},{"damage":0,"enemies":"downfall:FleeingMerchant","floor":14,"turns":4},{"damage":3,"enemies":"Hallownest:eliteCrystalGuardian","floor":16,"turns":5},{"damage":7,"enemies":"Hallownest:MossCreep_and_Mosskin","floor":17,"turns":3},{"damage":26,"enemies":"WA_ARCHETYPE_RETAIN","floor":18,"turns":10},{"damage":0,"enemies":"Shell Parasite","floor":21,"turns":5},{"damage":0,"enemies":"Snecko","floor":22,"turns":4},{"damage":0,"enemies":"downfall:FleeingMerchant","floor":25,"turns":4},{"damage":1,"enemies":"Snake Plant","floor":27,"turns":3},{"damage":0,"enemies":"Shelled Parasite and Fungi","floor":29,"turns":5},{"damage":3,"enemies":"Centurion and Healer","floor":31,"turns":4},{"damage":0,"enemies":"Chosen and Byrds","floor":33,"turns":4},{"damage":12,"enemies":"Snecko","floor":34,"turns":5},{"damage":80,"enemies":"DF_ARCHETYPE_CLAW","floor":35,"turns":8}],"seed_played":"-4193984870324842379","potions_obtained":[{"floor":1,"key":"Adrenaline Potion"},{"floor":1,"key":"Doom Potion"},{"floor":3,"key":"GamblersBrew"},{"floor":18,"key":"LiquidBronze"},{"floor":27,"key":"Regen Potion"}],"is_trial":false,"path_per_floor":["R","M","M","?","M","?","T","$","M","R","M","PTL","PTL","$","R","E","M","B",null,"R","M","M","AVR","?","$","T","M","R","M","?","M","R","M","M","B"],"character_chosen":"THE_AUTOMATON","items_purchased":["infinitespire:Magic Flask","Toolbox","bronze:Branch"],"campfire_rested":2,"item_purchase_floors":[8,25,25],"current_hp_per_floor":[77,77,70,70,69,69,69,69,69,77,77,77,77,77,77,74,67,41,77,77,77,77,77,77,77,77,76,76,76,76,73,77,77,65,0,0,0],"gold":354,"neow_bonus":"TEN_PERCENT_HP_BONUS","is_daily":false,"chose_seed":false,"campfire_upgraded":5,"win_rate":0.0,"timestamp":1612067125,"path_taken":["R","M","M","?","M","?","T","$","M","R","?","PTL","PTL","$","R","E","M","BOSS","R","M","M","AVR","?","$","T","M","R","?","?","M","R","M","M","BOSS"],"items_purchased_type":["Relic","Relic","Card"],"build_version":"2020-12-22","purchased_purges":0,"victory":false,"max_hp_per_floor":[77,77,77,77,77,77,77,77,77,77,77,77,77,77,77,77,77,77,77,77,77,77,77,77,77,77,77,77,77,77,77,77,77,77,77,77,77],"card_choices":[{"not_picked":["bronze:Terminator","bronze:FineTuning","bronze:Overheat"],"picked":"SKIP","floor":2},{"not_picked":["bronze:Turbo","bronze:Iterate"],"picked":"bronze:Branch","floor":3},{"not_picked":["bronze:Allocate","bronze:WildBeam"],"picked":"bronze:DelayedSlice","floor":5},{"not_picked":["bronze:Refactor","bronze:FollowUp","bronze:BitShift"],"picked":"SKIP","floor":8},{"not_picked":["bronze:BitShift","bronze:ChildClass"],"picked":"bronze:Branch","floor":9},{"not_picked":["bronze:BitShift","bronze:Safeguard"],"picked":"bronze:Branch","floor":11},{"not_picked":["bronze:MaxOutput","bronze:Separator","bronze:BugBarrage"],"picked":"SKIP","floor":14},{"not_picked":["bronze:MaxOutput","bronze:Allocate"],"picked":"bronze:ChosenStrike","floor":16},{"not_picked":["bronze:Shell","bronze:Repair"],"picked":"bronze:Branch","floor":17},{"not_picked":["bronze:BitShift","bronze:BronzeArmor","bronze:WhirlingStrike"],"picked":"SKIP","floor":21},{"not_picked":["bronze:NullPointer","bronze:Repulsor"],"picked":"bronze:Branch","floor":22},{"not_picked":["bronze:Backtrace","bronze:BugBarrage+1","bronze:CloningBeam"],"picked":"SKIP","floor":25},{"not_picked":["bronze:Fortify","bronze:Turbo"],"picked":"bronze:DelayedSlice","floor":27},{"not_picked":["bronze:Constructor","bronze:CleanCode","bronze:WhirlingStrike"],"picked":"SKIP","floor":29},{"not_picked":["bronze:Safeguard","bronze:FineTuning"],"picked":"bronze:DelayedSlice+1","floor":31},{"not_picked":["bronze:Overheat","bronze:Safeguard","bronze:WhirlingStrike+1"],"picked":"SKIP","floor":33},{"not_picked":["bronze:Iterate","bronze:Separator","bronze:Philosophize"],"picked":"SKIP","floor":34}],"player_experience":131026,"relics_obtained":[{"floor":7,"key":"aspiration:FrozenJewel"},{"floor":16,"key":"HollowMod:PaleOreRelic"},{"floor":26,"key":"infinitespire:ShieldingShard"}],"event_choices":[],"is_beta":false,"boss_relics":[{"not_picked":["aspiration:SilentSkillbook","Snecko Eye"],"picked":"energizedSpire:NeverEndingSparkler"}],"items_purged_floors":[],"is_endless":false,"potions_floor_spawned":[3,9,11,16,18,27,33,34],"killed_by":"DF_ARCHETYPE_CLAW","ascension_level":0}}