{"host":"5ntoemsipyq3y5pl","time":1612072700,"event":{"mods":["2.2 Compatiblity","AchievementEnabler","Act Like it!","BaseMod","Better Sensory Stone","Better Third Choice","ChefMod","Lobotomy","LobotomyExtend","Minty Spire (QoL Compilation)","Shop Mod","Spicy Shops","StSLib","The Alterego","The Blue Laboratory","The Marked"],"gold_per_floor":[116,127,127,141,66,66,66,66,66,66,66,99,99,99,99,195,195,195,195,95,95,95,95,95,95,95,95,110,110,110,110],"floor_reached":30,"language":"ENG","playtime":1254,"items_purged":["Dagger Throw","Infinite Blades"],"score":343,"play_id":"a2c21b2e-845d-41b2-813c-763a9b665751","local_time":"20210130235820","daily_mods":["SealedDeck","Heirloom","Flight"],"is_ascension_mode":false,"campfire_choices":[{"data":"Noxious Fumes","floor":6,"key":"SMITH"},{"data":"Deadly Poison","floor":7,"key":"SMITH"},{"data":"Catalyst","floor":10,"key":"SMITH"},{"data":"Deadly Poison","floor":13,"key":"SMITH"},{"data":"Deadly Poison","floor":15,"key":"SMITH"},{"data":"Escape Plan","floor":23,"key":"SMITH"},{"data":"Ghostly","floor":24,"key":"SMITH"},{"data":"Ghostly","floor":25,"key":"SMITH"},{"data":"Ghostly","floor":27,"key":"SMITH"},{"data":"Ghostly","floor":29,"key":"SMITH"}],"circlet_count":0,"master_deck":["Backflip","Catalyst+1","Deadly Poison+1","Escape Plan+1","Deadly Poison+1","Escape Plan","Deadly Poison","Noxious Fumes+1","Deflect","Dazed","Deadly Poison+1","Masterful Stab+1","Cloak And Dagger+1","Footwork","Ghostly+1","Ghostly+1","Ghostly+1","Ghostly+1","Ghostly"],"relics":["Ring of the Snake","CaptainsWheel","LetterFromLob","Eternal Feather","Art of War","Gremlin Horn","SacredBark","InspiredRelic","Gambling Chip","HonorFeather"],"acts_visited":["Exordium","TheCity"],"potions_floor_usage":[],"damage_taken":[{"damage":0,"enemies":"Small Slimes","floor":1,"turns":2},{"damage":0,"enemies":"Cultist","floor":2,"turns":2},{"damage":1,"enemies":"Jaw Worm","floor":4,"turns":2},{"damage":10,"enemies":"Gremlin Nob","floor":12,"turns":3},{"damage":0,"enemies":"The Guardian","floor":16,"turns":4},{"damage":0,"enemies":"Shell Parasite","floor":28,"turns":4},{"damage":0,"enemies":"Shell Parasite","floor":30,"turns":4}],"seed_played":"-2261465036055804627","potions_obtained":[{"floor":2,"key":"blueLaboratory:PyrophylliteBrew"},{"floor":16,"key":"GamblersBrew"}],"is_trial":true,"path_per_floor":["M","M","?","M","$","R","R","$","T","R","?","E","R","?","R","B",null,"M","?","$","?","$","R","R","R","T","R","M","R","?"],"character_chosen":"THE_SILENT","items_purchased":[],"campfire_rested":0,"item_purchase_floors":[],"current_hp_per_floor":[70,70,70,69,69,69,69,69,69,70,70,60,69,57,66,66,70,-19,-19,-19,1,1,1,1,1,1,1,1,1,0,0],"gold":110,"neow_bonus":"","is_daily":false,"chose_seed":false,"campfire_upgraded":10,"win_rate":0.0,"timestamp":1612072700,"path_taken":["M","M","?","?","$","R","R","?","T","R","?","E","R","?","R","BOSS","M","?","?","?","$","R","R","R","T","R","M","R","?"],"items_purchased_type":[],"build_version":"2020-12-22","purchased_purges":2,"victory":false,"max_hp_per_floor":[70,70,70,70,70,70,70,70,70,70,70,70,70,70,70,70,70,-19,-19,-19,1,1,1,1,1,1,1,1,1,1,1],"card_choices":[{"not_picked":["Expertise","Choke","Flying Knee"],"picked":"SKIP","floor":1},{"not_picked":["Deflect","Outmaneuver","Dodge and Roll"],"picked":"SKIP","floor":2},{"not_picked":["PanicButton","Transmutation"],"picked":"Panache","floor":3},{"not_picked":["Dagger Throw","Concentrate","Acrobatics"],"picked":"SKIP","floor":4},{"not_picked":["PiercingWail","Escape Plan"],"picked":"Footwork","floor":12},{"not_picked":["Endless Agony","Cloak And Dagger","Poisoned Stab"],"picked":"SKIP","floor":28}],"player_experience":63245,"relics_obtained":[{"floor":1,"key":"LetterFromLob"},{"floor":9,"key":"Eternal Feather"},{"floor":12,"key":"Art of War"},{"floor":26,"key":"Gambling Chip"}],"event_choices":[{"damage_healed":0,"gold_gain":1,"player_choice":"1","damage_taken":0,"max_hp_gain":0,"max_hp_loss":0,"event_name":"betterStone:BetterStone","floor":3,"gold_loss":0},{"damage_healed":0,"gold_gain":0,"player_choice":"Relic ","damage_taken":12,"max_hp_gain":0,"max_hp_loss":0,"event_name":"betterThird:BetterScrap","floor":14,"gold_loss":0,"cards_obtained":["Shockwave"]},{"cards_removed":["Riddle With Holes"],"damage_healed":0,"gold_gain":0,"player_choice":"Purged","damage_taken":0,"max_hp_gain":0,"max_hp_loss":0,"event_name":"Purifier","floor":19,"gold_loss":0},{"damage_healed":0,"gold_gain":0,"player_choice":"Became a Ghost","damage_taken":0,"max_hp_gain":0,"max_hp_loss":-20,"event_name":"Ghosts","floor":21,"gold_loss":0,"cards_obtained":["Ghostly","Ghostly","Ghostly","Ghostly","Ghostly"]}],"is_beta":false,"boss_relics":[{"not_picked":["Snecko Eye","WristBlade"],"picked":"SacredBark"}],"items_purged_floors":[5,20],"is_endless":false,"potions_floor_spawned":[2,16],"killed_by":"Shell Parasite","ascension_level":0}}