{"host":"gj3450u0c4def4mj","time":1612122084,"event":{"mods":["Act Like it!","BaseMod","Gensokyo","Koishi","Minty Spire (QoL Compilation)","StSLib"],"gold_per_floor":[212,78,78,96,96,129,129,145,145,145,160,160,170,201,201,201,201],"floor_reached":16,"language":"ENG","playtime":602,"items_purged":[],"score":176,"play_id":"c762016a-bd97-4407-84b1-273240f00be3","local_time":"20210131144124","is_ascension_mode":true,"campfire_choices":[{"data":"Koishi:HeartAttack","floor":7,"key":"SMITH"},{"data":"Koishi:FourthEye","floor":12,"key":"SMITH"},{"floor":15,"key":"REST"}],"circlet_count":0,"master_deck":["Koishi:BasicStrike","Koishi:BasicStrike","Koishi:BasicStrike","Koishi:BasicStrike","Koishi:BasicDefend","Koishi:BasicDefend","Koishi:BasicDefend","Koishi:BasicDefend","Koishi:Provoke","Koishi:HauntingSlash","Koishi:FourthEye+1","Koishi:JumpScare","Koishi:HeartAttack+1","Koishi:UnconsciousUprising","Koishi:UnconsciousUprising","Koishi:UnconsciousUprising","Koishi:UnconsciousUprising","Koishi:UnconsciousUprising","Koishi:PhilosophyOfTheDespised","Koishi:HeartfeltFancy"],"relics":["Koishi:ImaginaryFriend","StrikeDummy","Ornamental Fan","Mango","Gremlin Horn","Frozen Eye"],"acts_visited":["Gensokyo:Gensokyo"],"potions_floor_usage":[16,16],"damage_taken":[{"damage":0,"enemies":"Gensokyo:Python","floor":1,"turns":4},{"damage":9,"enemies":"Gensokyo:Gryphon","floor":4,"turns":4},{"damage":2,"enemies":"Gensokyo:Aya","floor":6,"turns":6},{"damage":0,"enemies":"Gensokyo:2_Kodama","floor":8,"turns":5},{"damage":0,"enemies":"Gensokyo:LivingMonolith","floor":11,"turns":2},{"damage":9,"enemies":"Gensokyo:VengefulSpirit","floor":13,"turns":5},{"damage":14,"enemies":"Gensokyo:Mamizou","floor":14,"turns":9},{"damage":86,"enemies":"Gensokyo:Reimu","floor":16,"turns":9}],"seed_played":"-8360593702581723726","potions_obtained":[{"floor":1,"key":"EssenceOfSteel"},{"floor":6,"key":"LiquidBronze"},{"floor":14,"key":"Dexterity Potion"}],"is_trial":false,"path_per_floor":["M","$","?","M","?","E","R","M","T","?","M","R","M","E","R","B"],"character_chosen":"KOISHI","items_purchased":["Koishi:JumpScare","Koishi:HeartAttack"],"campfire_rested":1,"item_purchase_floors":[2,2],"current_hp_per_floor":[56,56,56,50,50,51,51,54,54,47,49,49,43,31,53,0,0],"gold":201,"neow_bonus":"HUNDRED_GOLD","is_daily":false,"chose_seed":false,"campfire_upgraded":2,"win_rate":0.0,"timestamp":1612122084,"path_taken":["M","$","?","M","?","E","R","M","T","?","M","R","M","E","R","BOSS"],"items_purchased_type":["Card","Card"],"build_version":"2020-12-22","purchased_purges":0,"victory":false,"max_hp_per_floor":[60,60,60,60,60,60,60,60,60,74,74,74,74,74,74,74,74],"card_choices":[{"not_picked":["Koishi:Catatonia","Koishi:CatchAndRose"],"picked":"Koishi:FourthEye","floor":1},{"not_picked":["Koishi:Possession","Koishi:BloodcurdlingScream"],"picked":"Koishi:UnconsciousUprising","floor":3},{"not_picked":["Koishi:FleetingPhantom","Koishi:StingingMind"],"picked":"Koishi:UnconsciousUprising","floor":3},{"not_picked":["Koishi:ConfinedInnocent","Koishi:ParalyzingFear"],"picked":"Koishi:UnconsciousUprising","floor":4},{"not_picked":["Koishi:EmbersOfLove","Koishi:DNAsFlaw"],"picked":"Koishi:UnconsciousUprising","floor":6},{"not_picked":["Koishi:UnseenTerror","Koishi:UnansweredLove"],"picked":"Koishi:UnconsciousUprising","floor":8},{"not_picked":["Koishi:TraumaticStroke","Koishi:VengefulSpirit","Koishi:FleetingPhantom"],"picked":"SKIP","floor":11},{"not_picked":["Koishi:StingingMind","Koishi:ReleaseOfTheId"],"picked":"Koishi:PhilosophyOfTheDespised","floor":13},{"not_picked":["Koishi:MindStellarRelief","Koishi:StrangeCloudFist"],"picked":"Koishi:HeartfeltFancy","floor":14}],"player_experience":92404,"relics_obtained":[{"floor":6,"key":"StrikeDummy"},{"floor":9,"key":"Ornamental Fan"},{"floor":14,"key":"Gremlin Horn"}],"event_choices":[],"is_beta":false,"boss_relics":[],"items_purged_floors":[],"is_endless":false,"potions_floor_spawned":[1,6,14],"killed_by":"Gensokyo:Reimu","ascension_level":9}}