{"host":"lzlnscgb2n0l5w2m","time":1612072040,"event":{"mods":["AchievementEnabler","BaseMod","Block Reminder","Colored Powertips","Highlight Path","Minty Spire (QoL Compilation)","Permanent Neow","Relic Stats","StSLib","The Bug Knight","Yuri Mod"],"gold_per_floor":[118,129,129,145,145,145,24,24,24,24,24,51,51,13,13,109,109,134,153,153,175,188,188,188,188,264,291,315,357,357,376,376,486,486,514,77,89,117,129,154,168,185,185,216,56,56,68,68,68,68],"floor_reached":51,"language":"ZHS","playtime":6975,"items_purged":["HollowMod:NailStrikeStart","Parasite"],"score":704,"play_id":"72751267-9515-42b3-8693-f6a8b0557eba","local_time":"20210131134720","is_ascension_mode":false,"campfire_choices":[{"data":"HollowMod:FocusHealStart","floor":6.0,"key":"SMITH"},{"data":"HollowMod:NewGlowingWomb","floor":11.0,"key":"SMITH"},{"data":"HollowMod:InfectedCysts","floor":13.0,"key":"SMITH"},{"data":"HollowMod:DungDefenderAura","floor":15.0,"key":"SMITH"},{"floor":23.0,"key":"REST"},{"floor":25.0,"key":"REST"},{"data":"HollowMod:LifebloodCore","floor":30.0,"key":"SMITH"},{"floor":32.0,"key":"REST"},{"floor":46,"key":"REST"},{"floor":49,"key":"REST"}],"circlet_count":0,"master_deck":["HollowMod:NailStrikeStart+1","HollowMod:QuickDashStart","HollowMod:QuickDashStart","HollowMod:QuickDashStart","HollowMod:QuickDashStart","HollowMod:FocusHealStart+1","HollowMod:PogoStrike","HollowMod:DashSlash","HollowMod:SoulSplash","HollowMod:InfectedAttack+1","HollowMod:NewGlowingWomb+1","HollowMod:InfectedCysts+1","HollowMod:VengefulSpirit","HollowMod:DungDefenderAura+1","HollowMod:NewInfectedGuardian+1","CurseOfTheBell","HollowMod:SoulSplash","HollowMod:InfectedAttack+1","HollowMod:NewLittleFool+1","HollowMod:CloakDash+1","HollowMod:CloakDash","HollowMod:LifebloodCore+1","HollowMod:NewJinnsSoul+1","HollowMod:ElderbugsWisdom","HollowMod:ShapeofUnn","Finesse","HollowMod:MantisMark"],"relics":["HollowMod:VesselMask","Thread and Needle","Gremlin Horn","Gambling Chip","Mango","Calling Bell","CeramicFish","Kunai","Turnip","Bottled Lightning","Darkstone Periapt","Busted Crown","StoneCalendar","Anchor","Blood Vial"],"acts_visited":["Exordium","TheCity","TheBeyond"],"potions_floor_usage":[44,44,50],"damage_taken":[{"damage":0.0,"enemies":"Cultist","floor":1.0,"turns":3.0},{"damage":2.0,"enemies":"Jaw Worm","floor":2.0,"turns":2.0},{"damage":0.0,"enemies":"Small Slimes","floor":4.0,"turns":3.0},{"damage":14.0,"enemies":"3 Sentries","floor":12.0,"turns":5.0},{"damage":58.0,"enemies":"Hexaghost","floor":16.0,"turns":8.0},{"damage":25.0,"enemies":"Spheric Guardian","floor":18.0,"turns":5.0},{"damage":25.0,"enemies":"Shell Parasite","floor":19.0,"turns":5.0},{"damage":43.0,"enemies":"3 Cultists","floor":21.0,"turns":4.0},{"damage":21.0,"enemies":"Shelled Parasite and Fungi","floor":22.0,"turns":5.0},{"damage":24.0,"enemies":"Snake Plant","floor":27.0,"turns":4.0},{"damage":12.0,"enemies":"Chosen and Byrds","floor":28.0,"turns":7.0},{"damage":39.0,"enemies":"Book of Stabbing","floor":29.0,"turns":6.0},{"damage":0.0,"enemies":"3 Cultists","floor":31.0,"turns":3.0},{"damage":8.0,"enemies":"Automaton","floor":33.0,"turns":8.0},{"damage":0.0,"enemies":"Orb Walker","floor":35.0,"turns":5.0},{"damage":0.0,"enemies":"3 Darklings","floor":37.0,"turns":5.0},{"damage":0.0,"enemies":"Writhing Mass","floor":38.0,"turns":6.0},{"damage":10.0,"enemies":"Jaw Worm Horde","floor":39.0,"turns":4.0},{"damage":4.0,"enemies":"HollowMod:StalkingDevout","floor":40.0,"turns":6.0},{"damage":0.0,"enemies":"Maw","floor":41.0,"turns":7.0},{"damage":0.0,"enemies":"3 Darklings","floor":42.0,"turns":7.0},{"damage":95,"enemies":"Reptomancer","floor":44,"turns":7},{"damage":2,"enemies":"Transient","floor":47,"turns":5},{"damage":62,"enemies":"Awakened One","floor":50,"turns":17}],"seed_played":"-4593043254985387704","potions_obtained":[{"floor":2.0,"key":"Block Potion"},{"floor":19.0,"key":"Weak Potion"},{"floor":22.0,"key":"Fruit Juice"},{"floor":27.0,"key":"SteroidPotion"},{"floor":29.0,"key":"EntropicBrew"},{"floor":31.0,"key":"DuplicationPotion"},{"floor":37.0,"key":"Energy Potion"},{"floor":42.0,"key":"DistilledChaos"},{"floor":47,"key":"Fire Potion"}],"is_trial":false,"path_per_floor":["M","M","?","M","T","R","$","?","T","?","R","E","R","$","R","B",null,"M","M","?","M","M","R","?","R","T","M","M","E","R","M","R","B",null,"M","$","M","M","M","E","M","M","T","E","$","R","M","?","R","B",null],"character_chosen":"THE_BUGKNIGHT","items_purchased":["HollowMod:NewGlowingWomb","HollowMod:InfectedCysts","HollowMod:DungDefenderAura","StoneCalendar","Finesse","HollowMod:MantisMark"],"campfire_rested":5,"item_purchase_floors":[7,7,14,36,36,45],"current_hp_per_floor":[75,73,73,75,75,75,75,60,60,53,53,63,63,63,63,15,89,74,55,55,22,16,44,44,72,72,58,56,27,27,27,55,57,94,94,94,94,100,90,96,100,100,100,15,15,44,50,50,79,25],"gold":68,"neow_bonus":"ONE_RARE_RELIC","is_daily":false,"chose_seed":false,"campfire_upgraded":5,"win_rate":0.0,"timestamp":1612072040,"path_taken":["M","M","?","M","?","R","$","?","T","?","R","E","R","?","R","BOSS","M","M","?","M","?","R","?","R","T","M","M","E","R","M","R","BOSS","M","?","M","M","M","E","?","M","T","E","$","R","M","?","R","BOSS"],"items_purchased_type":["Card","Card","Card","Relic","Card","Card"],"build_version":"2020-12-22","purchased_purges":2,"victory":true,"max_hp_per_floor":[75,75,75,75,75,75,75,75,75,75,75,89,89,89,89,89,89,89,89,89,89,94,94,94,94,94,94,94,94,94,94,94,94,94,94,94,94,100,100,100,100,100,100,100,97,97,97,97,97,97],"relic_stats":{"Darkstone Periapt":6,"Blood Vial":4,"Busted Crown":20,"Gremlin Horn":[28,28],"counters":[24,137],"Gambling Chip":[67],"CeramicFish":108,"StoneCalendar":[132],"Turnip":[12],"Kunai":[38],"obtain_stats":[{"Darkstone Periapt":29,"Gremlin Horn":5,"CeramicFish":17,"HollowMod:VesselMask":0,"Thread and Needle":0,"Mango":12,"StoneCalendar":36,"Calling Bell":17,"Blood Vial":44,"Anchor":40,"Busted Crown":34,"Gambling Chip":9,"Turnip":17,"Kunai":17,"Bottled Lightning":26},{"Darkstone Periapt":12,"Gremlin Horn":3,"CeramicFish":5,"HollowMod:VesselMask":0,"Thread and Needle":0,"Mango":4,"StoneCalendar":15,"Calling Bell":5,"Blood Vial":22,"Anchor":19,"Busted Crown":14,"Gambling Chip":3,"Turnip":5,"Kunai":5,"Bottled Lightning":9},{"Darkstone Periapt":57,"Gremlin Horn":8,"CeramicFish":21,"HollowMod:VesselMask":0,"Thread and Needle":0,"Mango":13,"StoneCalendar":73,"Calling Bell":21,"Blood Vial":115,"Anchor":94,"Busted Crown":68,"Gambling Chip":8,"Turnip":21,"Kunai":21,"Bottled Lightning":40}]},"card_choices":[{"not_picked":["HollowMod:BlackTendrils","HollowMod:GoodIntentions"],"picked":"HollowMod:DashSlash","floor":1.0},{"not_picked":["HollowMod:DescendingDark","HollowMod:InfectedAttack"],"picked":"HollowMod:SoulSplash","floor":2.0},{"not_picked":["HollowMod:SoulSplash","HollowMod:GoodIntentions"],"picked":"HollowMod:InfectedAttack","floor":4.0},{"not_picked":["HollowMod:WraithStrike","HollowMod:SoulStrike"],"picked":"HollowMod:VengefulSpirit","floor":12.0},{"not_picked":["HollowMod:LordofShades","HollowMod:LifebloodCore"],"picked":"HollowMod:NewInfectedGuardian","floor":16.0},{"not_picked":["HollowMod:SoulEater","HollowMod:SharpenedNail+1"],"picked":"HollowMod:SoulSplash","floor":18.0},{"not_picked":["HollowMod:BaldurShell","HollowMod:DungDefenderAura"],"picked":"HollowMod:InfectedAttack+1","floor":19.0},{"not_picked":["HollowMod:SoulSplash","HollowMod:CycloneSlash+1"],"picked":"HollowMod:NewLittleFool+1","floor":21.0},{"not_picked":["HollowMod:Grubsong","HollowMod:MidwifesHunger","HollowMod:InfectedCysts+1"],"picked":"SKIP","floor":22.0},{"not_picked":["HollowMod:ChannelNail","HollowMod:NewLittleFool"],"picked":"HollowMod:CloakDash+1","floor":27.0},{"not_picked":["HollowMod:ShapeofUnn","HollowMod:TaintedHusks+1"],"picked":"HollowMod:CloakDash","floor":28.0},{"not_picked":["HollowMod:VengefulVoid","HollowMod:ShadowDash+1"],"picked":"HollowMod:LifebloodCore","floor":29.0},{"not_picked":["HollowMod:ShadowDash","HollowMod:VengefulVoid+1"],"picked":"HollowMod:NewJinnsSoul+1","floor":31.0},{"not_picked":["HollowMod:LordofShades","HollowMod:NewInfectedGuardian"],"picked":"HollowMod:ElderbugsWisdom","floor":33.0},{"not_picked":[],"picked":"HollowMod:ShapeofUnn","floor":35.0},{"not_picked":["HollowMod:BaldurShell"],"picked":"SKIP","floor":37.0},{"not_picked":["HollowMod:SiblingsSouls"],"picked":"SKIP","floor":38.0},{"not_picked":["HollowMod:GoodIntentions"],"picked":"SKIP","floor":39.0},{"not_picked":["HollowMod:CrystalDash"],"picked":"SKIP","floor":40.0},{"not_picked":["HollowMod:PureNailStrike+1"],"picked":"SKIP","floor":41.0},{"not_picked":["HollowMod:HeavyBlow+1"],"picked":"SKIP","floor":42.0},{"not_picked":["HollowMod:NewGlowingWomb+1"],"picked":"SKIP","floor":44},{"not_picked":["HollowMod:DescendingDark+1"],"picked":"SKIP","floor":47}],"player_experience":325130,"relics_obtained":[{"floor":5.0,"key":"Gremlin Horn"},{"floor":9.0,"key":"Gambling Chip"},{"floor":12.0,"key":"Mango"},{"floor":17.0,"key":"CeramicFish"},{"floor":17.0,"key":"Kunai"},{"floor":17.0,"key":"Turnip"},{"floor":26.0,"key":"Bottled Lightning"},{"floor":29.0,"key":"Darkstone Periapt"},{"floor":40.0,"key":"Anchor"},{"floor":44,"key":"Blood Vial"}],"event_choices":[{"cards_removed":["Decay"],"damage_healed":0.0,"max_hp_gain":0.0,"max_hp_loss":0.0,"gold_gain":0.0,"event_name":"Living Wall","player_choice":"Forget","floor":3.0,"gold_loss":0.0,"damage_taken":0.0},{"damage_healed":0.0,"max_hp_gain":0.0,"max_hp_loss":0.0,"gold_gain":0.0,"event_name":"Shining Light","player_choice":"Entered Light","floor":8.0,"gold_loss":0.0,"damage_taken":15.0,"cards_upgraded":["HollowMod:NailStrikeStart","HollowMod:InfectedAttack"]},{"cards_removed":["HollowMod:NailStrikeStart"],"damage_healed":0.0,"max_hp_gain":0.0,"max_hp_loss":0.0,"gold_gain":0.0,"event_name":"Golden Wing","player_choice":"Card Removal","floor":10.0,"gold_loss":0.0,"damage_taken":7.0},{"cards_removed":["HollowMod:NailStrikeStart"],"damage_healed":0.0,"max_hp_gain":0.0,"max_hp_loss":0.0,"gold_gain":0.0,"event_name":"Bonfire Elementals","player_choice":"Offered Basic","floor":20.0,"gold_loss":0.0,"damage_taken":0.0},{"damage_healed":0.0,"max_hp_gain":0.0,"max_hp_loss":0.0,"gold_gain":0.0,"event_name":"Upgrade Shrine","player_choice":"Upgraded","floor":24.0,"gold_loss":0.0,"damage_taken":0.0,"cards_upgraded":["HollowMod:NewInfectedGuardian"]}],"is_beta":false,"boss_relics":[{"not_picked":["Snecko Eye","Astrolabe"],"picked":"Calling Bell"},{"not_picked":["Philosopher\u0027s Stone","Sozu"],"picked":"Busted Crown"}],"items_purged_floors":[36,45],"is_endless":false,"potions_floor_spawned":[2,19,22,27,29,31,37,42,47],"ascension_level":0}}