{"host":"6azrrw3tf7wb0f4b","time":1612061827,"event":{"mods":["BaseMod","DeckTracker","Minty Spire (QoL Compilation)","SuperFastMode"],"gold_per_floor":[115,115,131,131,206,206,231,231,300,57,76,76,102,119,119,195,195,206,132,118,133,133,133,151,0,0,17,36,36,36,36,36,108,108,124,85,85,103,128,128,128,153,153,180,196,242,258,31,31,31],"floor_reached":51,"language":"KOR","playtime":1249,"items_purged":["Defend_B"],"score":1352,"play_id":"f0bbc353-9f36-4d82-81d3-6a59d7da1ba3","local_time":"20210131115707","is_ascension_mode":true,"campfire_choices":[{"data":"Genetic Algorithm","floor":6.0,"key":"SMITH"},{"floor":8.0,"key":"REST"},{"data":"Zap","floor":15.0,"key":"SMITH"},{"data":"Creative AI","floor":23.0,"key":"SMITH"},{"floor":32,"key":"REST"},{"data":"Capacitor","floor":40,"key":"SMITH"},{"data":"Defragment","floor":49,"key":"SMITH"}],"circlet_count":0,"master_deck":["AscendersBane","Strike_B","Strike_B","Defend_B","Defend_B","Defend_B","Zap+1","Dualcast","Genetic Algorithm+1","Self Repair+1","Electrodynamics","Leap","Loop","Sweeping Beam","White Noise+1","Glacier+1","Recycle+1","Creative AI+1","Undo+1","Capacitor","Doom and Gloom","Chaos+1","Writhe","Defragment+1","Turbo+1","Consume+1","Shame","Redo+1","Capacitor+1","Reinforced Body+1","Chill+1","Writhe","Machine Learning","Regret","Capacitor","Defragment","Apotheosis+1","Coolheaded+1"],"relics":["FrozenCore","Strawberry","Mercury Hourglass","Toxic Egg 2","Lee\u0027s Waffle","Anchor","Pen Nib","Toy Ornithopter","Pantograph","Sundial","Cursed Key","Bird Faced Urn","Gremlin Horn","Calipers","Lantern","TungstenRod"],"acts_visited":["Exordium","TheCity","TheBeyond"],"potions_floor_usage":[33,39,44],"damage_taken":[{"damage":6.0,"enemies":"2 Louse","floor":1.0,"turns":3.0},{"damage":6.0,"enemies":"Cultist","floor":3.0,"turns":4.0},{"damage":30.0,"enemies":"Lagavulin","floor":7.0,"turns":5.0},{"damage":4.0,"enemies":"Small Slimes","floor":11.0,"turns":3.0},{"damage":25.0,"enemies":"Gremlin Nob","floor":13.0,"turns":5.0},{"damage":0.0,"enemies":"Blue Slaver","floor":14.0,"turns":3.0},{"damage":39.0,"enemies":"Slime Boss","floor":16.0,"turns":10.0},{"damage":6.0,"enemies":"3 Byrds","floor":18.0,"turns":3.0},{"damage":18.0,"enemies":"2 Thieves","floor":20.0,"turns":4.0},{"damage":28.0,"enemies":"3 Cultists","floor":21.0,"turns":5.0},{"damage":24.0,"enemies":"Snecko","floor":24.0,"turns":7.0},{"damage":11,"enemies":"Snake Plant","floor":27,"turns":7},{"damage":4,"enemies":"Sentry and Sphere","floor":28,"turns":8},{"damage":30,"enemies":"Automaton","floor":33,"turns":11},{"damage":9,"enemies":"Orb Walker","floor":35,"turns":5},{"damage":0,"enemies":"3 Shapes","floor":38,"turns":5},{"damage":24,"enemies":"Mind Bloom Boss Battle","floor":39,"turns":7},{"damage":11,"enemies":"Nemesis","floor":42,"turns":9},{"damage":19,"enemies":"Reptomancer","floor":44,"turns":7},{"damage":42,"enemies":"Jaw Worm Horde","floor":45,"turns":5},{"damage":41,"enemies":"2 Orb Walkers","floor":46,"turns":5},{"damage":11,"enemies":"4 Shapes","floor":47,"turns":8},{"damage":25,"enemies":"Donu and Deca","floor":50,"turns":9}],"seed_played":"5553390442061406654","potions_obtained":[{"floor":3.0,"key":"FearPotion"},{"floor":7.0,"key":"Swift Potion"},{"floor":28,"key":"BlessingOfTheForge"},{"floor":33,"key":"Ancient Potion"},{"floor":35,"key":"AttackPotion"},{"floor":39,"key":"LiquidMemories"},{"floor":46,"key":"FearPotion"},{"floor":47,"key":"BlessingOfTheForge"}],"is_trial":false,"path_per_floor":["M","?","M","?","?","R","E","R","T","$","M","?","E","M","R","B",null,"M","$","M","M","?","R","M","$","T","M","M","?","$","?","R","B",null,"M","$","?","M","?","R","?","E","T","E","M","?","M","$","R","B",null],"character_chosen":"DEFECT","items_purchased":["Loop","Lee\u0027s Waffle","Sweeping Beam","Capacitor","Defragment","Capacitor","Apotheosis+1","Coolheaded+1"],"campfire_rested":2,"item_purchase_floors":[10,10,10,19,25,36,48,48],"current_hp_per_floor":[58,58,62,66,55,55,25,48,48,85,81,81,66,76,76,47,76,70,70,62,44,44,44,20,20,20,19,25,9,9,9,36,46,79,80,80,80,90,76,76,90,90,90,88,74,53,76,76,76,90],"gold":31,"neow_bonus":"TRANSFORM_CARD","is_daily":false,"chose_seed":false,"campfire_upgraded":5,"win_rate":0.0,"timestamp":1612061827,"path_taken":["M","?","?","?","?","R","E","R","T","$","M","?","E","M","R","BOSS","M","$","M","?","?","R","M","?","T","?","M","?","?","?","R","BOSS","M","$","?","M","?","R","?","E","T","E","M","?","M","$","R","BOSS"],"items_purchased_type":["Card","Relic","Card","Card","Card","Card","Card","Card"],"build_version":"2020-12-22","purchased_purges":1,"victory":true,"max_hp_per_floor":[71,71,71,78,78,78,78,78,78,85,85,85,85,85,85,85,85,85,85,85,85,85,85,85,85,85,85,85,90,90,90,90,90,90,90,90,90,90,90,90,90,90,90,90,90,90,90,90,90,90],"card_choices":[{"not_picked":["Cold Snap","Sweeping Beam"],"picked":"Self Repair","floor":1.0},{"not_picked":["Chill","Sweeping Beam"],"picked":"Electrodynamics","floor":3.0},{"not_picked":["Compile Driver","Steam"],"picked":"Leap","floor":7.0},{"not_picked":["Blizzard","Barrage"],"picked":"White Noise+1","floor":11.0},{"not_picked":["Conserve Battery+1","Streamline"],"picked":"Glacier+1","floor":13.0},{"not_picked":["Sunder","Lockon"],"picked":"Recycle+1","floor":14.0},{"not_picked":["Echo Form","Core Surge"],"picked":"Creative AI","floor":16.0},{"not_picked":["Skim+1","Hologram+1"],"picked":"Undo+1","floor":18.0},{"not_picked":["Turbo+1","Cold Snap"],"picked":"Doom and Gloom","floor":20.0},{"not_picked":["Cold Snap+1","Conserve Battery+1"],"picked":"Chaos+1","floor":21.0},{"not_picked":["Melter","Recycle+1","FTL"],"picked":"SKIP","floor":24.0},{"not_picked":["Aggregate+1","Leap+1"],"picked":"Turbo+1","floor":27},{"not_picked":["Cold Snap","Beam Cell"],"picked":"Consume+1","floor":28},{"not_picked":["Stack+1","Compile Driver"],"picked":"Redo+1","floor":35},{"not_picked":["Ball Lightning","Leap+1"],"picked":"Reinforced Body+1","floor":38},{"not_picked":["Stack+1","Barrage+1"],"picked":"Chill+1","floor":39},{"not_picked":["Ball Lightning","Streamline"],"picked":"Machine Learning","floor":42},{"not_picked":["Auto Shields+1","Gash"],"picked":"Capacitor","floor":44},{"not_picked":["Steam Power+1","Sweeping Beam+1","Reinforced Body+1"],"picked":"SKIP","floor":45},{"not_picked":["Stack+1","Cold Snap"],"picked":"Defragment","floor":47}],"player_experience":747207,"relics_obtained":[{"floor":7.0,"key":"Mercury Hourglass"},{"floor":9.0,"key":"Toxic Egg 2"},{"floor":13.0,"key":"Pen Nib"},{"floor":26.0,"key":"Pantograph"},{"floor":39,"key":"Bird Faced Urn"},{"floor":42,"key":"Gremlin Horn"},{"floor":43,"key":"Calipers"},{"floor":44,"key":"Lantern"},{"floor":46,"key":"TungstenRod"}],"event_choices":[{"damage_healed":0.0,"max_hp_gain":0.0,"max_hp_loss":0.0,"gold_gain":0.0,"event_name":"Accursed Blacksmith","player_choice":"Forge","floor":2.0,"gold_loss":0.0,"damage_taken":0.0,"cards_upgraded":["Self Repair"]},{"damage_healed":0.0,"max_hp_gain":0.0,"max_hp_loss":0.0,"gold_gain":0.0,"event_name":"Scrap Ooze","player_choice":"Success","floor":4.0,"gold_loss":0.0,"damage_taken":3.0,"relics_obtained":["Strawberry"]},{"damage_healed":0.0,"max_hp_gain":0.0,"max_hp_loss":0.0,"gold_gain":75.0,"event_name":"World of Goop","player_choice":"Gather Gold","floor":5.0,"gold_loss":0.0,"damage_taken":11.0},{"damage_healed":0.0,"max_hp_gain":0.0,"max_hp_loss":0.0,"gold_gain":0.0,"event_name":"WeMeetAgain","player_choice":"Gave Potion","floor":12.0,"gold_loss":0.0,"damage_taken":0.0,"relics_obtained":["Anchor"]},{"damage_healed":0.0,"max_hp_gain":0.0,"max_hp_loss":0.0,"gold_gain":0.0,"event_name":"The Mausoleum","player_choice":"Opened","floor":22.0,"gold_loss":0.0,"damage_taken":0.0,"relics_obtained":["Toy Ornithopter"],"cards_obtained":["Writhe"]},{"damage_healed":0,"gold_gain":0,"player_choice":"Shed Blood","damage_taken":21,"max_hp_gain":5,"max_hp_loss":0,"event_name":"Forgotten Altar","floor":29,"gold_loss":0},{"damage_healed":0,"gold_gain":0,"player_choice":"Stole Relic","damage_taken":0,"relics_obtained":["Sundial"],"max_hp_gain":0,"max_hp_loss":0,"event_name":"Addict","floor":31,"gold_loss":0,"cards_obtained":["Shame"]},{"cards_removed":["Strike_B"],"damage_healed":0,"gold_gain":0,"player_choice":"Removed Attack","damage_taken":0,"max_hp_gain":0,"max_hp_loss":0,"event_name":"Falling","floor":37,"gold_loss":0},{"damage_healed":0,"gold_gain":0,"player_choice":"Fight","damage_taken":0,"max_hp_gain":0,"max_hp_loss":0,"event_name":"MindBloom","floor":39,"gold_loss":0},{"damage_healed":23,"gold_gain":0,"player_choice":"Writhe","damage_taken":0,"max_hp_gain":0,"max_hp_loss":0,"event_name":"Winding Halls","floor":41,"gold_loss":0,"cards_obtained":["Writhe"]},{"damage_healed":0,"gold_gain":0,"player_choice":"Fight","damage_taken":0,"max_hp_gain":0,"max_hp_loss":0,"event_name":"Mysterious Sphere","floor":46,"gold_loss":0}],"is_beta":false,"boss_relics":[{"not_picked":["Empty Cage","Nuclear Battery"],"picked":"FrozenCore"},{"not_picked":["Coffee Dripper","Busted Crown"],"picked":"Cursed Key"}],"items_purged_floors":[25],"is_endless":false,"potions_floor_spawned":[3,7,28,33,35,38,39,46,47],"ascension_level":14}}