{"host":"y89x8uui45kcjy42","time":1612079150,"event":{"mods":["2.2 Compatiblity","BaseMod","CapriCore","Colored Map","Colored Powertips","Custom Start","Friendly Minions","Keyboard Shortcuts","Minty Spire (QoL Compilation)","Relic Stats","Slay the Relics Exporter","StSLib","SuperFastMode","Uncapped"],"gold_per_floor":[112,126,144,144,144,172,172,172,196,196,226,226,252,278,278,352,352,369,369,386,386,30,30,47,47,47,73,73,102,102,129,129,208,208,222,222,222],"floor_reached":36,"language":"KOR","playtime":862,"items_purged":[],"score":1088,"play_id":"38887b6b-ece5-4683-ad2f-9027c76a5eae","local_time":"20210131164550","is_ascension_mode":true,"campfire_choices":[{"data":"SignatureMove","floor":7,"key":"SMITH"},{"data":"EmptyMind","floor":8,"key":"SMITH"},{"data":"Vigilance","floor":10,"key":"SMITH"},{"data":"TalkToTheHand","floor":12,"key":"SMITH"},{"data":"Collect","floor":15,"key":"SMITH"},{"data":"Study","floor":23,"key":"SMITH"},{"data":"ConjureBlade","floor":25,"key":"SMITH"},{"data":"WreathOfFlame","floor":28,"key":"SMITH"},{"floor":30,"key":"RECALL"}],"circlet_count":0,"master_deck":["Vigilance+1","Phantasmal Killer+1","Devotion+1","Worship+1","Prostrate+1","InnerPeace+1","EmptyMind+1","SignatureMove+1","TalkToTheHand+1","Collect+1","ConjureBlade+1","Devotion+1","Study+1","WreathOfFlame+1","Scrawl"],"relics":["PureWater","Damaru","Ancient Tea Set","Potion Belt","Vajra","Nunchaku","Chemical X","Coffee Dripper","Omamori","WarpedTongs","WingedGreaves","Kunai","Art of War","Matryoshka","Lantern","VioletLotus"],"acts_visited":["Exordium","TheCity","TheBeyond"],"potions_floor_usage":[13,24,27,27],"damage_taken":[{"damage":7,"enemies":"Jaw Worm","floor":1,"turns":3},{"damage":0,"enemies":"Cultist","floor":2,"turns":2},{"damage":5,"enemies":"Small Slimes","floor":3,"turns":4},{"damage":21,"enemies":"Lagavulin","floor":6,"turns":4},{"damage":0,"enemies":"Gremlin Nob","floor":11,"turns":3},{"damage":0,"enemies":"Lagavulin","floor":13,"turns":3},{"damage":0,"enemies":"Gremlin Nob","floor":14,"turns":2},{"damage":9,"enemies":"Slime Boss","floor":16,"turns":7},{"damage":0,"enemies":"Spheric Guardian","floor":18,"turns":2},{"damage":26,"enemies":"Shell Parasite","floor":20,"turns":3},{"damage":8,"enemies":"3 Cultists","floor":24,"turns":3},{"damage":44,"enemies":"Gremlin Leader","floor":27,"turns":3},{"damage":87,"enemies":"Slavers","floor":29,"turns":4},{"damage":31,"enemies":"Book of Stabbing","floor":31,"turns":3},{"damage":12,"enemies":"Automaton","floor":33,"turns":4},{"damage":42,"enemies":"3 Darklings","floor":35,"turns":3},{"damage":32,"enemies":"2 Orb Walkers","floor":36,"turns":1}],"seed_played":"-3812508844452081217","potions_obtained":[{"floor":1,"key":"StancePotion"},{"floor":6,"key":"FearPotion"},{"floor":14,"key":"SkillPotion"},{"floor":16,"key":"ColorlessPotion"},{"floor":18,"key":"Explosive Potion"},{"floor":24,"key":"SteroidPotion"},{"floor":27,"key":"SkillPotion"},{"floor":29,"key":"Fire Potion"}],"is_trial":false,"path_per_floor":["M","M","M","?","?","E","R","R","T","R","E","R","E","E","R","B",null,"M","?","M","?","$","R","M","R","T","E","R","E","R","E","R","B",null,"M","?"],"character_chosen":"WATCHER","items_purchased":["Kunai","Study"],"campfire_rested":0,"item_purchase_floors":[22,22],"current_hp_per_floor":[60,60,55,48,48,27,27,27,27,27,27,27,27,27,27,18,60,60,60,34,34,34,34,26,26,26,35,35,17,17,57,57,45,67,25,0,0],"gold":222,"neow_bonus":"TEN_PERCENT_HP_BONUS","is_daily":false,"chose_seed":false,"campfire_upgraded":8,"win_rate":0.0,"timestamp":1612079150,"path_taken":["M","M","M","?","?","E","R","R","T","R","E","R","E","E","R","BOSS","M","?","?","?","$","R","?","R","T","E","R","E","R","E","R","BOSS","M","?"],"items_purchased_type":["Relic","Card"],"build_version":"2020-12-22","purchased_purges":0,"victory":false,"max_hp_per_floor":[74,74,74,74,74,74,74,74,74,74,74,74,74,74,74,74,74,74,74,74,74,74,74,74,74,74,74,74,74,74,74,74,74,74,74,74,74],"relic_stats":{"Nunchaku":[4],"counters":[17,54],"VioletLotus":[1],"Art of War":[3],"Chemical X":[16],"Kunai":[2],"obtain_stats":[{"Potion Belt":9,"Lantern":31,"Damaru":0,"Vajra":11,"Omamori":19,"Ancient Tea Set":6,"WarpedTongs":19,"Nunchaku":14,"Matryoshka":29,"WingedGreaves":6,"VioletLotus":34,"Coffee Dripper":17,"Art of War":27,"Chemical X":16,"Kunai":22,"PureWater":0},{"Potion Belt":4,"Lantern":14,"Damaru":0,"Vajra":5,"Omamori":9,"Ancient Tea Set":4,"WarpedTongs":9,"Nunchaku":7,"Matryoshka":13,"WingedGreaves":4,"VioletLotus":15,"Coffee Dripper":8,"Art of War":12,"Chemical X":8,"Kunai":10,"PureWater":0},{"Potion Belt":13,"Lantern":46,"Damaru":0,"Vajra":16,"Omamori":30,"Ancient Tea Set":13,"WarpedTongs":30,"Nunchaku":21,"Matryoshka":43,"WingedGreaves":13,"VioletLotus":50,"Coffee Dripper":28,"Art of War":39,"Chemical X":22,"Kunai":33,"PureWater":0}],"WarpedTongs":[20]},"card_choices":[{"not_picked":["Sanctity","Pray"],"picked":"EmptyMind","floor":1},{"not_picked":["BowlingBash","Conclude","Crescendo"],"picked":"SKIP","floor":2},{"not_picked":["SashWhip","Collect"],"picked":"SignatureMove","floor":3},{"not_picked":["ReachHeaven","PathToVictory","Crescendo"],"picked":"SKIP","floor":6},{"not_picked":["ReachHeaven","PathToVictory","Crescendo"],"picked":"SKIP","floor":6},{"not_picked":["Prostrate","InnerPeace"],"picked":"TalkToTheHand","floor":11},{"not_picked":["ThirdEye","CrushJoints","PathToVictory"],"picked":"SKIP","floor":13},{"not_picked":["ThirdEye","CrushJoints","PathToVictory"],"picked":"SKIP","floor":13},{"not_picked":["InnerPeace","PathToVictory"],"picked":"Collect","floor":14},{"not_picked":["SpiritShield","Judgement"],"picked":"ConjureBlade","floor":16},{"not_picked":["Consecrate","Crescendo","Evaluate"],"picked":"SKIP","floor":18},{"not_picked":["BattleHymn","WindmillStrike","Wireheading"],"picked":"SKIP","floor":20},{"not_picked":["SashWhip","BowlingBash","CarveReality"],"picked":"SKIP","floor":24},{"not_picked":["Halt","EmptyFist"],"picked":"WreathOfFlame","floor":27},{"not_picked":["LikeWater","Meditate","FollowUp"],"picked":"SKIP","floor":29},{"not_picked":["SashWhip","ClearTheMind+1","Conclude"],"picked":"SKIP","floor":31},{"not_picked":["Judgement","Wish"],"picked":"Scrawl","floor":33},{"not_picked":["Protect","FlyingSleeves","Worship"],"picked":"SKIP","floor":35}],"player_experience":671105,"relics_obtained":[{"floor":6,"key":"Ancient Tea Set"},{"floor":9,"key":"Potion Belt"},{"floor":11,"key":"Vajra"},{"floor":14,"key":"Nunchaku"},{"floor":27,"key":"Art of War"},{"floor":29,"key":"Matryoshka"},{"floor":31,"key":"Lantern"}],"event_choices":[{"cards_removed":["Eruption"],"damage_healed":0,"gold_gain":0,"player_choice":"Card Removal","damage_taken":7,"max_hp_gain":0,"max_hp_loss":0,"event_name":"Golden Wing","floor":4,"gold_loss":0},{"damage_healed":0,"gold_gain":0,"player_choice":"Ignored","damage_taken":0,"max_hp_gain":0,"max_hp_loss":0,"event_name":"Liars Game","floor":5,"gold_loss":0},{"damage_healed":0,"gold_gain":0,"player_choice":"Rummage","damage_taken":0,"relics_obtained":["WarpedTongs"],"max_hp_gain":0,"max_hp_loss":0,"event_name":"Accursed Blacksmith","floor":19,"gold_loss":0,"cards_obtained":["Pain"]},{"damage_healed":0,"gold_gain":0,"player_choice":"Copied","damage_taken":0,"max_hp_gain":0,"max_hp_loss":0,"event_name":"Duplicator","floor":21,"gold_loss":0,"cards_obtained":["Devotion"]},{"damage_healed":0,"gold_gain":0,"player_choice":"Fight","damage_taken":0,"max_hp_gain":0,"max_hp_loss":0,"event_name":"Mysterious Sphere","floor":36,"gold_loss":0}],"is_beta":false,"boss_relics":[{"not_picked":["Ectoplasm","SlaversCollar"],"picked":"Coffee Dripper"},{"not_picked":["Busted Crown","SacredBark"],"picked":"VioletLotus"}],"items_purged_floors":[],"is_endless":false,"potions_floor_spawned":[1,6,14,16,18,24,27,29,33],"killed_by":"2 Orb Walkers","ascension_level":20}}