{"host":"dw2ay8i719i7xlef","time":1612134509,"event":{"mods":["BaseMod","Minty Spire (QoL Compilation)"],"gold_per_floor":[115,125,144,160,160,185,195,195,195,270,300,333,44,44,44,123,123,137,149,149,163,163,163,183,183,183],"floor_reached":25,"language":"ENG","playtime":7519,"items_purged":[],"score":398,"play_id":"d6da641a-dcec-43b6-ada1-6a50a656fd0b","local_time":"20210131170829","is_ascension_mode":true,"campfire_choices":[{"floor":8.0,"key":"REST"},{"floor":15,"key":"REST"},{"floor":23,"key":"REST"}],"circlet_count":0,"master_deck":["AscendersBane","Defend_P","Defend_P","Defend_P","Defend_P","Eruption","Vigilance","BattleHymn","SashWhip","TalkToTheHand","BowlingBash","Alpha","Worship","FearNoEvil","EmptyFist","Omniscience","EmptyBody","Bite","Bite","Bite","Bite","Bite","Conclude+1"],"relics":["Runic Pyramid","Ancient Tea Set","Turnip","Odd Mushroom","Melange","Toy Ornithopter","Snecko Eye","Nloth\u0027s Gift"],"acts_visited":["Exordium","TheCity"],"potions_floor_usage":[16,21,25],"damage_taken":[{"damage":0.0,"enemies":"Cultist","floor":1.0,"turns":3.0},{"damage":7.0,"enemies":"Jaw Worm","floor":2.0,"turns":3.0},{"damage":0.0,"enemies":"2 Louse","floor":3.0,"turns":2.0},{"damage":15.0,"enemies":"Exordium Thugs","floor":4.0,"turns":5.0},{"damage":8.0,"enemies":"Gremlin Nob","floor":6.0,"turns":3.0},{"damage":6.0,"enemies":"Red Slaver","floor":7.0,"turns":3.0},{"damage":10.0,"enemies":"The Mushroom Lair","floor":11.0,"turns":3.0},{"damage":22,"enemies":"3 Sentries","floor":12,"turns":6},{"damage":16,"enemies":"Slime Boss","floor":16,"turns":7},{"damage":21,"enemies":"Shell Parasite","floor":18,"turns":4},{"damage":23,"enemies":"3 Byrds","floor":19,"turns":6},{"damage":8,"enemies":"Snecko","floor":21,"turns":3},{"damage":26,"enemies":"Chosen and Byrds","floor":24,"turns":8},{"damage":25,"enemies":"Shelled Parasite and Fungi","floor":25,"turns":2}],"seed_played":"-5275468725437635911","potions_obtained":[{"floor":1.0,"key":"Explosive Potion"},{"floor":3.0,"key":"Ancient Potion"},{"floor":4.0,"key":"Ambrosia"},{"floor":16,"key":"Fruit Juice"},{"floor":19,"key":"Dexterity Potion"},{"floor":21,"key":"CultistPotion"},{"floor":24,"key":"LiquidMemories"}],"is_trial":false,"path_per_floor":["M","M","M","M","?","E","M","R","T","?","?","E","$","?","R","B",null,"M","M","?","M","?","R","M","M"],"character_chosen":"WATCHER","items_purchased":["Melange","Toy Ornithopter"],"campfire_rested":3,"item_purchase_floors":[13,13],"current_hp_per_floor":[61,54,54,39,39,31,25,45,45,34,24,2,2,2,22,16,59,38,15,15,12,12,27,9,0,0],"gold":183,"neow_bonus":"BOSS_RELIC","is_daily":false,"chose_seed":false,"campfire_upgraded":0,"win_rate":0.0,"timestamp":1612134509,"path_taken":["M","M","M","M","?","E","M","R","T","?","?","E","$","?","R","BOSS","M","M","?","?","?","R","M","M"],"items_purchased_type":["Relic","Relic"],"build_version":"2020-12-22","purchased_purges":0,"victory":false,"max_hp_per_floor":[68,68,68,68,68,68,68,68,68,68,68,68,68,68,68,73,73,73,73,73,73,51,51,51,51,51],"card_choices":[{"not_picked":["Halt","ThirdEye"],"picked":"BattleHymn","floor":1.0},{"not_picked":["JustLucky","FlyingSleeves"],"picked":"SashWhip","floor":2.0},{"not_picked":["Evaluate","Indignation"],"picked":"TalkToTheHand","floor":3.0},{"not_picked":["JustLucky","FollowUp"],"picked":"BowlingBash","floor":4.0},{"not_picked":["Consecrate","ReachHeaven"],"picked":"Alpha","floor":6.0},{"not_picked":["FollowUp","MentalFortress"],"picked":"Worship","floor":7.0},{"not_picked":["Swivel","BowlingBash"],"picked":"FearNoEvil","floor":11.0},{"not_picked":["Fasting2","Consecrate"],"picked":"EmptyFist","floor":12},{"not_picked":["Establishment","ConjureBlade"],"picked":"Omniscience","floor":16},{"not_picked":["Indignation","EmptyFist","FearNoEvil"],"picked":"SKIP","floor":18},{"not_picked":["BowlingBash","ReachHeaven+1","Prostrate"],"picked":"SKIP","floor":19},{"not_picked":["Adaptation","ClearTheMind"],"picked":"EmptyBody","floor":21},{"not_picked":["CrushJoints","FlurryOfBlows"],"picked":"Conclude+1","floor":24}],"player_experience":1271940,"relics_obtained":[{"floor":6.0,"key":"Ancient Tea Set"},{"floor":9.0,"key":"Turnip"},{"floor":11.0,"key":"Odd Mushroom"},{"floor":12,"key":"Sundial"}],"event_choices":[{"damage_healed":0.0,"max_hp_gain":0.0,"max_hp_loss":0.0,"gold_gain":0.0,"event_name":"Liars Game","player_choice":"Ignored","floor":5.0,"gold_loss":0.0,"damage_taken":0.0},{"damage_healed":0.0,"max_hp_gain":0.0,"max_hp_loss":0.0,"gold_gain":75.0,"event_name":"World of Goop","player_choice":"Gather Gold","floor":10.0,"gold_loss":0.0,"damage_taken":11.0},{"damage_healed":0.0,"max_hp_gain":0.0,"max_hp_loss":0.0,"gold_gain":0.0,"event_name":"Mushrooms","player_choice":"Fought Mushrooms","floor":11.0,"gold_loss":0.0,"damage_taken":0.0},{"damage_healed":0,"gold_gain":0,"player_choice":"Ignored","damage_taken":0,"max_hp_gain":0,"max_hp_loss":0,"event_name":"Shining Light","floor":14,"gold_loss":0},{"damage_healed":0,"gold_gain":0,"player_choice":"Traded Relic","damage_taken":0,"relics_obtained":["Nloth\u0027s Gift"],"max_hp_gain":0,"max_hp_loss":0,"event_name":"N\u0027loth","floor":20,"relics_lost":["Sundial"],"gold_loss":0},{"damage_healed":0,"gold_gain":0,"player_choice":"Became a vampire","damage_taken":0,"max_hp_gain":0,"max_hp_loss":22,"event_name":"Vampires","floor":22,"gold_loss":0,"cards_obtained":["Bite","Bite","Bite","Bite","Bite"]}],"is_beta":false,"boss_relics":[{"not_picked":["Fusion Hammer","Ectoplasm"],"picked":"Snecko Eye"}],"items_purged_floors":[],"is_endless":false,"potions_floor_spawned":[1,3,4,16,19,21,24],"killed_by":"Shelled Parasite and Fungi","ascension_level":15}}