{"host":"7gewg82ormp6yt4e","time":1612106299,"event":{"mods":["BaseMod","Block Reminder","Colored Map","DeckTracker","Highlight Path","Minty Spire (QoL Compilation)","Relic Stats","StSLib","ojb\u0027s Info Mod"],"gold_per_floor":[111,129,129,146,221,221,256,256,256,266,266,282,298,323,323,401,401,416,341,42,61,94,94,119,119,119,519,519,537,537,563,563,640,640,685,307,348,12,27,60,60,71,71,71,131,131,141,186,186,186,186,186,186,3,30,30],"floor_reached":57,"language":"JPN","playtime":3908,"items_purged":["Consecrate"],"score":2845,"play_id":"66cf7913-822a-44c8-afc5-26decc0ae5a8","local_time":"20210201001819","is_ascension_mode":true,"campfire_choices":[{"data":"Wallop","floor":6.0,"key":"SMITH"},{"floor":8.0,"key":"REST"},{"data":"WheelKick","floor":15.0,"key":"SMITH"},{"data":"Wallop","floor":23.0,"key":"SMITH"},{"data":"Tantrum","floor":30.0,"key":"SMITH"},{"data":"Wallop","floor":32.0,"key":"SMITH"},{"data":"Fasting2","floor":41.0,"key":"SMITH"},{"floor":44.0,"key":"REST"},{"floor":46.0,"key":"RECALL"},{"data":"Ragnarok","floor":49.0,"key":"SMITH"},{"data":"TalkToTheHand","floor":53.0,"key":"SMITH"}],"circlet_count":0,"master_deck":["AscendersBane","Defend_P","Defend_P","Defend_P","Eruption","Vigilance","Wallop+1","MentalFortress+1","FlurryOfBlows","WheelKick+1","ReachHeaven","BowlingBash","DevaForm","Wallop+1","Adaptation","DevaForm","Tantrum+1","EmptyMind","Wallop+1","TalkToTheHand+1","Wish","Vengeance+1","Vengeance+1","WreathOfFlame+1","CrushJoints+1","TalkToTheHand","Fasting2+1","Protect+1","Ragnarok+1"],"relics":["PureWater","Anchor","Peace Pipe","Lizard Tail","Nunchaku","Snecko Eye","ClockworkSouvenir","Red Mask","Ginger","Mummified Hand","Old Coin","Singing Bowl","Darkstone Periapt","Astrolabe","PreservedInsect","Sling","Incense Burner","Regal Pillow","Sundial","Damaru"],"acts_visited":["Exordium","TheCity","TheBeyond","TheEnding"],"potions_floor_usage":[56,56],"damage_taken":[{"damage":2.0,"enemies":"Jaw Worm","floor":1.0,"turns":5.0},{"damage":1.0,"enemies":"Cultist","floor":2.0,"turns":3.0},{"damage":11.0,"enemies":"Small Slimes","floor":4.0,"turns":5.0},{"damage":19.0,"enemies":"Lagavulin","floor":7.0,"turns":5.0},{"damage":1.0,"enemies":"Looter","floor":10.0,"turns":3.0},{"damage":0.0,"enemies":"2 Fungi Beasts","floor":12.0,"turns":3.0},{"damage":0.0,"enemies":"Large Slime","floor":13.0,"turns":3.0},{"damage":16.0,"enemies":"Gremlin Nob","floor":14.0,"turns":3.0},{"damage":28.0,"enemies":"Hexaghost","floor":16.0,"turns":9.0},{"damage":6.0,"enemies":"3 Byrds","floor":18.0,"turns":5.0},{"damage":3.0,"enemies":"2 Thieves","floor":21.0,"turns":2.0},{"damage":0.0,"enemies":"Masked Bandits","floor":22.0,"turns":2.0},{"damage":8.0,"enemies":"Book of Stabbing","floor":24.0,"turns":3.0},{"damage":1.0,"enemies":"Colosseum Slavers","floor":27.0,"turns":3.0},{"damage":0.0,"enemies":"Colosseum Nobs","floor":27.0,"turns":3.0},{"damage":0.0,"enemies":"Snake Plant","floor":29.0,"turns":3.0},{"damage":0.0,"enemies":"Gremlin Leader","floor":31.0,"turns":3.0},{"damage":12.0,"enemies":"Automaton","floor":33.0,"turns":6.0},{"damage":0.0,"enemies":"3 Shapes","floor":35.0,"turns":5.0},{"damage":0.0,"enemies":"3 Darklings","floor":37.0,"turns":4.0},{"damage":0.0,"enemies":"Sphere and 2 Shapes","floor":39.0,"turns":3.0},{"damage":0.0,"enemies":"Reptomancer","floor":40.0,"turns":2.0},{"damage":38.0,"enemies":"Spire Growth","floor":42.0,"turns":5.0},{"damage":0.0,"enemies":"Nemesis","floor":45.0,"turns":3.0},{"damage":0.0,"enemies":"Transient","floor":47.0,"turns":6.0},{"damage":0.0,"enemies":"Maw","floor":48.0,"turns":4.0},{"damage":57.0,"enemies":"Time Eater","floor":50.0,"turns":6.0},{"damage":14.0,"enemies":"Donu and Deca","floor":51.0,"turns":4.0},{"damage":46.0,"enemies":"Shield and Spear","floor":55.0,"turns":3.0},{"damage":41,"enemies":"The Heart","floor":56,"turns":8}],"seed_played":"8871735548973071967","potions_obtained":[{"floor":2.0,"key":"GamblersBrew"},{"floor":7.0,"key":"GamblersBrew"},{"floor":12.0,"key":"Regen Potion"},{"floor":14.0,"key":"Weak Potion"},{"floor":21.0,"key":"Ambrosia"},{"floor":24.0,"key":"SkillPotion"},{"floor":29.0,"key":"Weak Potion"},{"floor":33.0,"key":"FairyPotion"},{"floor":37.0,"key":"FearPotion"},{"floor":42.0,"key":"CultistPotion"}],"is_trial":false,"path_per_floor":["M","M","?","M","?","R","E","R","T","M","?","M","M","E","R","B",null,"M","?","$","M","?","R","E","?","T","?","?","M","R","E","R","B",null,"M","$","M","$","M","E","R","M","T","R","E","R","M","M","R","B","B",null,"R","$","E","B",null],"character_chosen":"WATCHER","items_purchased":["ClockworkSouvenir","Wallop","Adaptation","PreservedInsect","TalkToTheHand","Sling","Incense Burner","Ambrosia"],"campfire_rested":2,"item_purchase_floors":[20,20,20,36,36,36,38,54],"current_hp_per_floor":[59,58,58,47,36,36,17,37,37,36,58,58,58,42,42,29,58,52,52,52,49,49,49,41,41,41,40,40,40,40,40,40,28,58,58,58,60,60,62,62,62,26,26,63,63,63,63,65,65,8,22,63,63,63,19,18],"gold":30,"neow_bonus":"RANDOM_COMMON_RELIC","is_daily":false,"chose_seed":false,"campfire_upgraded":8,"win_rate":0.0,"timestamp":1612106299,"path_taken":["M","M","?","?","?","R","E","R","T","M","?","M","M","E","R","BOSS","M","?","$","M","?","R","E","?","T","?","?","?","R","E","R","BOSS","M","$","M","$","M","E","R","M","T","R","E","R","M","M","R","BOSS","BOSS","R","$","E","BOSS"],"items_purchased_type":["Relic","Card","Card","Relic","Card","Relic","Relic","Potion"],"build_version":"2020-12-22","purchased_purges":1,"victory":true,"max_hp_per_floor":[68,68,68,68,68,68,68,68,68,68,68,68,68,68,68,68,68,68,68,68,68,68,68,68,68,68,68,68,68,68,68,68,68,68,68,68,70,70,72,72,72,74,74,74,74,74,74,76,76,76,76,76,76,76,78,78],"relic_stats":{"Darkstone Periapt":0,"Regal Pillow":15,"Singing Bowl":10,"counters":[30,122],"Astrolabe":["Vengeance","Vengeance","WreathOfFlame"],"PreservedInsect":187,"Ginger":[10],"Peace Pipe":0,"Lizard Tail":39,"Nunchaku":[25],"Mummified Hand":[125],"Sundial":[4],"Snecko Eye":[178,150,157,172],"obtain_stats":[{"Darkstone Periapt":31,"Regal Pillow":40,"Singing Bowl":27,"Astrolabe":34,"Damaru":55,"PreservedInsect":36,"Incense Burner":38,"Ginger":24,"Sling":36,"ClockworkSouvenir":20,"Old Coin":27,"Peace Pipe":7,"Anchor":0,"Lizard Tail":9,"Nunchaku":14,"Mummified Hand":26,"Sundial":45,"Snecko Eye":17,"Red Mask":22,"PureWater":0},{"Darkstone Periapt":17,"Regal Pillow":22,"Singing Bowl":15,"Astrolabe":18,"Damaru":29,"PreservedInsect":19,"Incense Burner":20,"Ginger":13,"Sling":19,"ClockworkSouvenir":10,"Old Coin":15,"Peace Pipe":4,"Anchor":0,"Lizard Tail":4,"Nunchaku":8,"Mummified Hand":13,"Sundial":24,"Snecko Eye":9,"Red Mask":12,"PureWater":0},{"Darkstone Periapt":63,"Regal Pillow":83,"Singing Bowl":57,"Astrolabe":69,"Damaru":114,"PreservedInsect":74,"Incense Burner":78,"Ginger":51,"Sling":74,"ClockworkSouvenir":44,"Old Coin":57,"Peace Pipe":18,"Anchor":0,"Lizard Tail":18,"Nunchaku":30,"Mummified Hand":51,"Sundial":91,"Snecko Eye":39,"Red Mask":48,"PureWater":0}]},"card_choices":[{"not_picked":["JustLucky","CrushJoints"],"picked":"Consecrate","floor":1.0},{"not_picked":["Protect","FlyingSleeves"],"picked":"Wallop","floor":2.0},{"not_picked":["Swivel","Fasting2"],"picked":"MentalFortress","floor":4.0},{"not_picked":["JustLucky","ThirdEye"],"picked":"FlurryOfBlows","floor":7.0},{"not_picked":["Prostrate","Vengeance"],"picked":"WheelKick","floor":10.0},{"not_picked":["ThirdEye","JustLucky"],"picked":"ReachHeaven","floor":12.0},{"not_picked":["SashWhip","Protect"],"picked":"BowlingBash","floor":13.0},{"not_picked":["Establishment","CrushJoints","Prostrate"],"picked":"SKIP","floor":14.0},{"not_picked":["Establishment","LessonLearned"],"picked":"DevaForm","floor":16.0},{"not_picked":["Weave","Halt","FollowUp"],"picked":"SKIP","floor":18.0},{"not_picked":["SashWhip","Consecrate","Evaluate"],"picked":"SKIP","floor":21.0},{"not_picked":["Evaluate","CrushJoints"],"picked":"DevaForm","floor":22.0},{"not_picked":["CutThroughFate","EmptyBody"],"picked":"Tantrum","floor":24.0},{"not_picked":["EmptyFist","CrushJoints"],"picked":"EmptyMind","floor":27.0},{"not_picked":["CutThroughFate","DeceiveReality"],"picked":"Wallop","floor":29.0},{"not_picked":["BowlingBash+1","Crescendo"],"picked":"TalkToTheHand","floor":31.0},{"not_picked":["SpiritShield","Vault"],"picked":"Wish","floor":33.0},{"not_picked":["SashWhip","Vengeance+1"],"picked":"CrushJoints+1","floor":35.0},{"not_picked":["JustLucky","Evaluate","FlurryOfBlows+1"],"picked":"Singing Bowl","floor":37.0},{"not_picked":["Evaluate+1","Vengeance+1","Alpha"],"picked":"Singing Bowl","floor":39.0},{"not_picked":["Vengeance","Consecrate"],"picked":"Fasting2","floor":40.0},{"not_picked":["Halt+1","Evaluate","Worship+1"],"picked":"Singing Bowl","floor":42.0},{"not_picked":["JustLucky","Meditate"],"picked":"Protect+1","floor":45.0},{"not_picked":["TalkToTheHand","JustLucky"],"picked":"Ragnarok","floor":47.0},{"not_picked":["JustLucky+1","FlurryOfBlows","EmptyFist"],"picked":"Singing Bowl","floor":48.0},{"not_picked":["BattleHymn","Halt","CarveReality+1"],"picked":"Singing Bowl","floor":55.0}],"player_experience":2735081,"relics_obtained":[{"floor":7.0,"key":"Peace Pipe"},{"floor":9.0,"key":"Lizard Tail"},{"floor":14.0,"key":"Nunchaku"},{"floor":22.0,"key":"Red Mask"},{"floor":24.0,"key":"Ginger"},{"floor":26.0,"key":"Mummified Hand"},{"floor":27.0,"key":"Old Coin"},{"floor":27.0,"key":"Singing Bowl"},{"floor":31.0,"key":"Darkstone Periapt"},{"floor":40.0,"key":"Regal Pillow"},{"floor":45.0,"key":"Sundial"},{"floor":55.0,"key":"Damaru"}],"event_choices":[{"cards_removed":["Strike_P"],"damage_healed":0.0,"max_hp_gain":0.0,"max_hp_loss":0.0,"gold_gain":0.0,"event_name":"Purifier","player_choice":"Purged","floor":3.0,"gold_loss":0.0,"damage_taken":0.0},{"damage_healed":0.0,"max_hp_gain":0.0,"max_hp_loss":0.0,"gold_gain":75.0,"event_name":"World of Goop","player_choice":"Gather Gold","floor":5.0,"gold_loss":0.0,"damage_taken":11.0},{"damage_healed":22.0,"max_hp_gain":0.0,"max_hp_loss":0.0,"gold_gain":0.0,"event_name":"Big Fish","player_choice":"Banana","floor":11.0,"gold_loss":0.0,"damage_taken":0.0},{"cards_removed":["Strike_P"],"damage_healed":0.0,"max_hp_gain":0.0,"max_hp_loss":0.0,"gold_gain":0.0,"event_name":"Beggar","player_choice":"Gave Gold","floor":19.0,"gold_loss":75.0,"damage_taken":0.0},{"damage_healed":0.0,"max_hp_gain":0.0,"max_hp_loss":0.0,"gold_gain":0.0,"event_name":"Masked Bandits","player_choice":"Fought Bandits","floor":22.0,"gold_loss":0.0,"damage_taken":0.0},{"damage_healed":0.0,"max_hp_gain":0.0,"max_hp_loss":0.0,"gold_gain":0.0,"event_name":"Vampires","player_choice":"Ignored","floor":25.0,"gold_loss":0.0,"damage_taken":0.0},{"damage_healed":0.0,"max_hp_gain":0.0,"max_hp_loss":0.0,"gold_gain":0.0,"event_name":"Colosseum","player_choice":"Fight","floor":27.0,"gold_loss":0.0,"damage_taken":0.0},{"damage_healed":0.0,"max_hp_gain":0.0,"max_hp_loss":0.0,"gold_gain":0.0,"event_name":"Colosseum","player_choice":"Fought Nobs","floor":27.0,"gold_loss":0.0,"damage_taken":0.0},{"damage_healed":0.0,"max_hp_gain":0.0,"max_hp_loss":0.0,"gold_gain":0.0,"event_name":"Upgrade Shrine","player_choice":"Upgraded","floor":28.0,"gold_loss":0.0,"damage_taken":0.0,"cards_upgraded":["MentalFortress"]}],"is_beta":false,"boss_relics":[{"not_picked":["Pandora\u0027s Box","Ectoplasm"],"picked":"Snecko Eye"},{"not_picked":["Runic Dome","VioletLotus"],"picked":"Astrolabe"}],"items_purged_floors":[54],"is_endless":false,"potions_floor_spawned":[2,7,12,14,21,24,27,29,33,37,39,42,45,48,55],"ascension_level":20}}