{"host":"8is2j71l4wmybkoi","time":1612103619,"event":{"mods":["AchievementEnabler","BaseMod","Colored Map","Minty Spire (QoL Compilation)","Rare Cards Sparkle","StSLib","SuperFastMode"],"gold_per_floor":[115,130,130,141,141,141,160,160,160,185,185,200,200,220,220,220,220],"floor_reached":16,"language":"KOR","playtime":459,"items_purged":[],"score":179,"play_id":"d68e0f39-362b-4061-91e3-9ecb39528c06","local_time":"20210131233339","is_ascension_mode":true,"campfire_choices":[{"data":"Caltrops","floor":6,"key":"SMITH"},{"floor":8,"key":"REST"},{"data":"Panache","floor":11,"key":"SMITH"},{"data":"Envenom","floor":13,"key":"SMITH"},{"data":"Neutralize","floor":15,"key":"SMITH"}],"circlet_count":0,"master_deck":["AscendersBane","Strike_G","Strike_G+1","Strike_G","Strike_G","Defend_G","Defend_G","Defend_G","Defend_G","Defend_G","Survivor+1","Neutralize+1","Panache+1","Deflect","Calculated Gamble","Caltrops+1","Flying Knee","Envenom+1","Eviscerate"],"relics":["Ring of the Snake","Kunai","Bottled Lightning"],"acts_visited":["Exordium"],"potions_floor_usage":[10,16],"damage_taken":[{"damage":4,"enemies":"2 Louse","floor":1,"turns":4},{"damage":3,"enemies":"Jaw Worm","floor":2,"turns":5},{"damage":2,"enemies":"Small Slimes","floor":4,"turns":3},{"damage":3,"enemies":"2 Fungi Beasts","floor":7,"turns":6},{"damage":23,"enemies":"Gremlin Nob","floor":10,"turns":3},{"damage":0,"enemies":"Large Slime","floor":12,"turns":6},{"damage":0,"enemies":"Blue Slaver","floor":14,"turns":5},{"damage":28,"enemies":"Hexaghost","floor":16,"turns":9}],"seed_played":"1597468177310797650","potions_obtained":[{"floor":1,"key":"Swift Potion"},{"floor":14,"key":"Swift Potion"}],"is_trial":false,"path_per_floor":["M","M","?","M","?","R","M","R","T","E","R","M","R","M","R","B"],"character_chosen":"THE_SILENT","items_purchased":[],"campfire_rested":1,"item_purchase_floors":[],"current_hp_per_floor":[55,52,34,32,32,32,29,47,47,24,24,24,24,24,24,0,0],"gold":220,"neow_bonus":"RANDOM_COLORLESS_2","is_daily":false,"chose_seed":false,"campfire_upgraded":4,"win_rate":0.0,"timestamp":1612103619,"path_taken":["M","M","?","M","?","R","M","R","T","E","R","M","R","M","R","BOSS"],"items_purchased_type":[],"build_version":"2020-12-22","purchased_purges":0,"victory":false,"max_hp_per_floor":[60,60,60,60,60,60,60,60,60,60,60,60,60,60,60,60,60],"card_choices":[{"not_picked":["Apotheosis","Mayhem"],"picked":"Panache","floor":0},{"not_picked":["Dagger Spray","Poisoned Stab"],"picked":"Deflect","floor":1},{"not_picked":["Deadly Poison","Quick Slash"],"picked":"Calculated Gamble","floor":2},{"not_picked":["Tools of the Trade","Dodge and Roll"],"picked":"Caltrops","floor":4},{"not_picked":["Dagger Throw","Dagger Spray"],"picked":"Flying Knee","floor":7},{"not_picked":["Dagger Spray","Footwork","Dodge and Roll"],"picked":"SKIP","floor":10},{"not_picked":["Outmaneuver","Poisoned Stab"],"picked":"Envenom","floor":12},{"not_picked":["Underhanded Strike","Well Laid Plans"],"picked":"Eviscerate","floor":14}],"player_experience":892270,"relics_obtained":[{"floor":9,"key":"Kunai"},{"floor":10,"key":"Bottled Lightning"}],"event_choices":[{"damage_healed":0,"gold_gain":0,"player_choice":"Entered Light","damage_taken":18,"max_hp_gain":0,"max_hp_loss":0,"event_name":"Shining Light","floor":3,"gold_loss":0,"cards_upgraded":["Strike_G","Survivor"]},{"cards_removed":["Strike_G"],"damage_healed":0,"gold_gain":0,"player_choice":"Forget","damage_taken":0,"max_hp_gain":0,"max_hp_loss":0,"event_name":"Living Wall","floor":5,"gold_loss":0}],"is_beta":false,"boss_relics":[],"items_purged_floors":[],"is_endless":false,"potions_floor_spawned":[1,14],"killed_by":"Hexaghost","ascension_level":15}}