{"host":"x5w9zppki4gdwvc7","time":1612136366,"event":{"mods":["AchievementEnabler","BaseMod","Colored Powertips","DeckTracker","Minty Spire (QoL Compilation)","Relic Sorter","SuperFastMode"],"gold_per_floor":[112,131,151,151,162,162,162,162,187,208,208,224,224,260,260,381,381,401,401,416,196,216,216,315,315,315],"floor_reached":25,"language":"ENG","playtime":967,"items_purged":["Strike_R"],"score":244,"play_id":"a86c9eac-b4a9-4065-9554-6582e1a18e4a","local_time":"20210201003926","is_ascension_mode":true,"campfire_choices":[{"data":"Fire Breathing","floor":6,"key":"SMITH"},{"data":"Body Slam","floor":8,"key":"SMITH"},{"floor":11,"key":"REST"},{"data":"True Grit","floor":13,"key":"SMITH"},{"data":"Bash","floor":15,"key":"SMITH"},{"floor":23,"key":"REST"}],"circlet_count":0,"master_deck":["Strike_R","Strike_R","Strike_R","Strike_R","Defend_R","Defend_R","Defend_R","Defend_R","Bash+1","Body Slam+1","Fire Breathing+1","Wild Strike","Injury","True Grit+1","Wild Strike","Fiend Fire","Decay","Intimidate","Havoc"],"relics":["Burning Blood","CultistMask","Golden Idol","Vajra","Juzu Bracelet","Black Star","ClockworkSouvenir"],"acts_visited":["Exordium","TheCity"],"potions_floor_usage":[14,16,16,20,20,22,22],"damage_taken":[{"damage":24,"enemies":"Jaw Worm","floor":1,"turns":4},{"damage":11,"enemies":"Cultist","floor":2,"turns":4},{"damage":3,"enemies":"2 Louse","floor":3,"turns":2},{"damage":20,"enemies":"Large Slime","floor":5,"turns":6},{"damage":14,"enemies":"3 Louse","floor":10,"turns":3},{"damage":11,"enemies":"Looter","floor":12,"turns":2},{"damage":23,"enemies":"3 Sentries","floor":14,"turns":6},{"damage":30,"enemies":"Hexaghost","floor":16,"turns":8},{"damage":16,"enemies":"3 Byrds","floor":18,"turns":4},{"damage":33,"enemies":"2 Thieves","floor":20,"turns":4},{"damage":34,"enemies":"Snake Plant","floor":22,"turns":4},{"damage":41,"enemies":"Slavers","floor":25,"turns":3}],"seed_played":"3181274452989673294","potions_obtained":[{"floor":1,"key":"PowerPotion"},{"floor":2,"key":"DuplicationPotion"},{"floor":10,"key":"SkillPotion"},{"floor":18,"key":"EntropicBrew"},{"floor":20,"key":"Energy Potion"}],"is_trial":false,"path_per_floor":["M","M","M","?","M","R","?","R","T","M","R","M","R","E","R","B",null,"M","?","M","$","M","R","?","E"],"character_chosen":"IRONCLAD","items_purchased":["ClockworkSouvenir"],"campfire_rested":2,"item_purchase_floors":[21],"current_hp_per_floor":[62,57,60,60,46,46,46,46,46,38,62,57,57,40,40,16,80,70,70,43,43,15,39,39,0,0],"gold":315,"neow_bonus":"THREE_CARDS","is_daily":false,"chose_seed":false,"campfire_upgraded":4,"win_rate":0.0,"timestamp":1612136366,"path_taken":["M","M","M","?","?","R","?","R","T","M","R","M","R","E","R","BOSS","M","?","M","$","M","R","?","E"],"items_purchased_type":["Relic"],"build_version":"2020-12-22","purchased_purges":1,"victory":false,"max_hp_per_floor":[80,80,80,80,80,80,80,80,80,80,80,80,80,80,80,80,80,80,80,80,80,80,80,80,80,80],"card_choices":[{"not_picked":["Flex","Clothesline"],"picked":"Body Slam","floor":0},{"not_picked":["Seeing Red","Combust"],"picked":"Fire Breathing","floor":1},{"not_picked":["Clothesline","Flex"],"picked":"Wild Strike","floor":2},{"not_picked":["Havoc","Hemokinesis","Power Through"],"picked":"SKIP","floor":3},{"not_picked":["Fire Breathing","Rampage","Entrench"],"picked":"SKIP","floor":5},{"not_picked":["Fire Breathing","Havoc","Rampage"],"picked":"SKIP","floor":10},{"not_picked":["Twin Strike","Thunderclap"],"picked":"True Grit","floor":12},{"not_picked":["Thunderclap","Seeing Red"],"picked":"Wild Strike","floor":14},{"not_picked":["Limit Break","Corruption"],"picked":"Fiend Fire","floor":16},{"not_picked":["Armaments","Havoc","Clash"],"picked":"SKIP","floor":18},{"not_picked":["Pommel Strike+1","Sword Boomerang"],"picked":"Intimidate","floor":20},{"not_picked":["Twin Strike","Bludgeon"],"picked":"Havoc","floor":22}],"player_experience":350543,"relics_obtained":[{"floor":9,"key":"Vajra"},{"floor":14,"key":"Juzu Bracelet"}],"event_choices":[{"damage_healed":0,"gold_gain":0,"player_choice":"Trade","damage_taken":0,"relics_obtained":["CultistMask"],"max_hp_gain":0,"max_hp_loss":0,"event_name":"FaceTrader","floor":4,"gold_loss":0},{"damage_healed":0,"gold_gain":0,"player_choice":"Take Wound","damage_taken":0,"relics_obtained":["Golden Idol"],"max_hp_gain":0,"max_hp_loss":0,"event_name":"Golden Idol","floor":7,"gold_loss":0,"cards_obtained":["Injury"]},{"damage_healed":0,"gold_gain":0,"player_choice":"Smashed Altar","damage_taken":0,"max_hp_gain":0,"max_hp_loss":0,"event_name":"Forgotten Altar","floor":19,"gold_loss":0,"cards_obtained":["Decay"]},{"damage_healed":0,"gold_gain":99,"player_choice":"Stole From Cult","damage_taken":0,"max_hp_gain":0,"max_hp_loss":0,"event_name":"Nest","floor":24,"gold_loss":0}],"is_beta":false,"boss_relics":[{"not_picked":["Astrolabe","Tiny House"],"picked":"Black Star"}],"items_purged_floors":[21],"is_endless":false,"potions_floor_spawned":[1,2,10,18,20],"killed_by":"Slavers","ascension_level":4}}