{"host":"qbjtml023iza03hb","time":1612108974,"event":{"mods":["AchievementEnabler","BaseMod","Better Sensory Stone","Hermit","Minty Spire (QoL Compilation)","StSLib","The Animator","The Cursed"],"gold_per_floor":[119,41,58,58,78,112,112,143,143,194,214,214,240,250,250,352,352,364,383,396,414,414,414,414,453,504,300,327,327,124,124,124,236,236,251,94,1111,374,474,474,494,516,516,516,516,516,82,96,96,96,96,96,0,38,38],"floor_reached":56,"language":"FRA","playtime":4678,"items_purged":["Strike_B","Strike_B","Normality","Normality"],"score":1268,"play_id":"0eab9380-4145-48b4-a2bd-ff0a92878660","local_time":"20210131170254","is_ascension_mode":true,"campfire_choices":[{"data":"Self Repair","floor":7.0,"key":"SMITH"},{"data":"Zap","floor":12.0,"key":"SMITH"},{"data":"Lockon","floor":15.0,"key":"SMITH"},{"data":"Hologram","floor":24.0,"key":"SMITH"},{"data":"Loop","floor":29.0,"key":"SMITH"},{"data":"Hologram","floor":32.0,"key":"SMITH"},{"data":"Force Field","floor":40.0,"key":"SMITH"},{"data":"Buffer","floor":44.0,"key":"SMITH"},{"floor":49.0,"key":"RECALL"},{"data":"Thinking Ahead","floor":52.0,"key":"SMITH"}],"circlet_count":0,"master_deck":["Strike_B","Defend_B","Defend_B","Defend_B","Defend_B","Zap+1","Dualcast","Conserve Battery","Self Repair+1","Tempest","Static Discharge","Lockon+1","Hologram+1","Hologram+1","Biased Cognition","Seek","White Noise+1","Ball Lightning+1","Force Field+1","Echo Form","Biased Cognition","Loop+1","BootSequence+1","Buffer+1","Capacitor+1","Thinking Ahead+1","White Noise","Defragment+1"],"relics":["Cracked Core","NeowsBlessing","Du-Vu Doll","Meat on the Bone","White Beast Statue","Potion Belt","Symbiotic Virus","SlaversCollar","CeramicFish","Smiling Mask","DataDisk","Nuclear Battery","OrangePellets","Bottled Tornado","Runic Capacitor","WingedGreaves","Cauldron","Bottled Lightning"],"acts_visited":["Exordium","TheCity","TheBeyond","TheEnding"],"potions_floor_usage":[55,55,55,55,55,55,55,55,55,55],"damage_taken":[{"damage":0.0,"enemies":"Cultist","floor":1.0,"turns":1.0},{"damage":0.0,"enemies":"Jaw Worm","floor":3.0,"turns":1.0},{"damage":0.0,"enemies":"2 Louse","floor":5.0,"turns":1.0},{"damage":27.0,"enemies":"3 Sentries","floor":6.0,"turns":7.0},{"damage":13.0,"enemies":"Lagavulin","floor":8.0,"turns":6.0},{"damage":0.0,"enemies":"Large Slime","floor":11.0,"turns":5.0},{"damage":17.0,"enemies":"3 Sentries","floor":13.0,"turns":5.0},{"damage":6.0,"enemies":"3 Louse","floor":14.0,"turns":4.0},{"damage":15.0,"enemies":"The Guardian","floor":16.0,"turns":6.0},{"damage":31.0,"enemies":"3 Byrds","floor":18.0,"turns":5.0},{"damage":0.0,"enemies":"Spheric Guardian","floor":19.0,"turns":3.0},{"damage":5.0,"enemies":"Snecko","floor":20.0,"turns":4.0},{"damage":4.0,"enemies":"Centurion and Healer","floor":21.0,"turns":5.0},{"damage":0.0,"enemies":"Slavers","floor":23.0,"turns":1.0},{"damage":23.0,"enemies":"Gremlin Leader","floor":25.0,"turns":5.0},{"damage":28.0,"enemies":"Sentry and Sphere","floor":28.0,"turns":5.0},{"damage":36.0,"enemies":"Collector","floor":33.0,"turns":8.0},{"damage":14.0,"enemies":"Orb Walker","floor":35.0,"turns":4.0},{"damage":30.0,"enemies":"3 Darklings","floor":41.0,"turns":4.0},{"damage":14.0,"enemies":"Transient","floor":42.0,"turns":5.0},{"damage":0.0,"enemies":"Maw","floor":48.0,"turns":4.0},{"damage":18.0,"enemies":"Time Eater","floor":50.0,"turns":4.0},{"damage":64.0,"enemies":"Shield and Spear","floor":54.0,"turns":7.0},{"damage":26,"enemies":"The Heart","floor":55,"turns":8}],"seed_played":"6147664996054346820","potions_obtained":[{"floor":5.0,"key":"Strength Potion"},{"floor":6.0,"key":"SteroidPotion"},{"floor":11.0,"key":"LiquidBronze"},{"floor":13.0,"key":"FearPotion"},{"floor":14.0,"key":"ColorlessPotion"},{"floor":16.0,"key":"EntropicBrew"},{"floor":18.0,"key":"SteroidPotion"},{"floor":19.0,"key":"AttackPotion"},{"floor":20.0,"key":"EssenceOfDarkness"},{"floor":21.0,"key":"SteroidPotion"},{"floor":25.0,"key":"Block Potion"},{"floor":28.0,"key":"EssenceOfSteel"},{"floor":33.0,"key":"Swift Potion"},{"floor":35.0,"key":"FocusPotion"},{"floor":41.0,"key":"Weak Potion"},{"floor":42.0,"key":"Explosive Potion"},{"floor":47.0,"key":"LiquidBronze"},{"floor":47.0,"key":"SpeedPotion"},{"floor":47.0,"key":"AttackPotion"},{"floor":54.0,"key":"Ancient Potion"}],"is_trial":false,"path_per_floor":["M","$","M","?","M","E","R","E","T","T","M","R","E","M","R","B",null,"M","M","M","M","?","E","R","E","T","$","M","R","$","?","R","B",null,"M","$","?","$","?","R","M","M","T","R","?","?","$","M","R","B",null,"R","$","E","B",null],"character_chosen":"DEFECT","items_purchased":["Self Repair","Loop","EntropicBrew","DataDisk","OrangePellets","Bottled Tornado","Runic Capacitor","WingedGreaves","Thinking Ahead","Cauldron","White Noise","EntropicBrew"],"campfire_rested":0,"item_purchase_floors":[2,27,27,30,36,38,38,38,47,47,47,53],"current_hp_per_floor":[75,75,75,75,75,55,55,52,52,52,62,62,55,59,59,44,75,54,64,69,75,60,60,60,69,69,69,61,61,61,61,61,47,75,71,71,71,71,71,71,51,69,69,69,69,69,69,71,71,53,71,71,71,39,35],"gold":38,"neow_bonus":"THREE_ENEMY_KILL","is_daily":false,"chose_seed":false,"campfire_upgraded":9,"win_rate":0.0,"timestamp":1612108974,"path_taken":["M","$","?","?","?","E","R","E","T","?","M","R","E","M","R","BOSS","M","M","M","M","?","E","R","E","T","$","M","R","$","?","R","BOSS","M","$","?","$","?","R","M","?","T","R","?","?","?","M","R","BOSS","R","$","E","BOSS"],"items_purchased_type":["Card","Card","Potion","Relic","Relic","Relic","Relic","Relic","Card","Relic","Card","Potion"],"build_version":"2020-12-22","purchased_purges":4,"victory":true,"max_hp_per_floor":[75,75,75,75,75,75,75,75,75,75,75,75,75,75,75,75,75,75,75,75,75,75,75,75,75,75,75,75,75,75,75,75,75,75,75,75,75,75,75,75,75,75,75,75,75,71,71,71,71,71,71,71,71,71,71],"card_choices":[{"not_picked":["Rebound","Redo"],"picked":"Conserve Battery","floor":1.0},{"not_picked":["Hologram","Redo"],"picked":"Tempest","floor":3.0},{"not_picked":["Heatsinks","Doom and Gloom"],"picked":"Static Discharge","floor":5.0},{"not_picked":["Streamline","Steam"],"picked":"Lockon","floor":6.0},{"not_picked":["Skim","Meteor Strike"],"picked":"Hologram","floor":8.0},{"not_picked":["Rebound","Beam Cell"],"picked":"Hologram","floor":11.0},{"not_picked":["Turbo","Barrage","Scrape"],"picked":"SKIP","floor":13.0},{"not_picked":["Compile Driver","Steam"],"picked":"Biased Cognition","floor":14.0},{"not_picked":["Buffer","Reboot"],"picked":"Seek","floor":16.0},{"not_picked":["Streamline","Consume"],"picked":"White Noise+1","floor":18.0},{"not_picked":["Genetic Algorithm","Go for the Eyes"],"picked":"Ball Lightning+1","floor":19.0},{"not_picked":["Rebound","Ball Lightning","Go for the Eyes"],"picked":"SKIP","floor":20.0},{"not_picked":["Heatsinks","Conserve Battery"],"picked":"Force Field","floor":21.0},{"not_picked":["Beam Cell","Steam Power"],"picked":"Biased Cognition","floor":25.0},{"not_picked":["Genetic Algorithm","Cold Snap+1"],"picked":"BootSequence+1","floor":28.0},{"not_picked":["Amplify","Rainbow"],"picked":"Buffer","floor":33.0},{"not_picked":["Stack","Streamline","Compile Driver+1"],"picked":"SKIP","floor":35.0},{"not_picked":["Conserve Battery","Genetic Algorithm","Rip and Tear"],"picked":"SKIP","floor":41.0},{"not_picked":["Streamline","Sweeping Beam+1"],"picked":"Capacitor+1","floor":42.0},{"not_picked":["Skim+1","Cold Snap","Consume+1"],"picked":"SKIP","floor":48.0},{"not_picked":["Stack+1","Streamline"],"picked":"Defragment+1","floor":54.0}],"player_experience":539112,"relics_obtained":[{"floor":6.0,"key":"Du-Vu Doll"},{"floor":8.0,"key":"Meat on the Bone"},{"floor":9.0,"key":"White Beast Statue"},{"floor":10.0,"key":"Potion Belt"},{"floor":13.0,"key":"Symbiotic Virus"},{"floor":25.0,"key":"CeramicFish"},{"floor":26.0,"key":"Smiling Mask"},{"floor":54.0,"key":"Bottled Lightning"}],"event_choices":[{"cards_removed":["Strike_B"],"damage_healed":0.0,"max_hp_gain":0.0,"max_hp_loss":0.0,"gold_gain":0.0,"event_name":"Wheel of Change","player_choice":"Card Removal","floor":4.0,"gold_loss":0.0,"damage_taken":0.0},{"damage_healed":0.0,"max_hp_gain":0.0,"max_hp_loss":15.0,"gold_gain":2.0,"event_name":"betterStone:BetterStone","player_choice":"2","floor":22.0,"gold_loss":0.0,"damage_taken":0.0},{"damage_healed":0.0,"max_hp_gain":0.0,"max_hp_loss":0.0,"gold_gain":0.0,"event_name":"Vampires","player_choice":"Ignored","floor":31.0,"gold_loss":0.0,"damage_taken":0.0},{"damage_healed":0.0,"max_hp_gain":0.0,"max_hp_loss":0.0,"gold_gain":999.0,"event_name":"MindBloom","player_choice":"Gold","floor":37.0,"gold_loss":0.0,"damage_taken":0.0,"cards_obtained":["Normality","Normality"]},{"damage_healed":0.0,"max_hp_gain":0.0,"max_hp_loss":0.0,"gold_gain":100.0,"event_name":"Golden Shrine","player_choice":"Pray","floor":39.0,"gold_loss":0.0,"damage_taken":0.0},{"damage_healed":0.0,"max_hp_gain":0.0,"max_hp_loss":0.0,"gold_gain":0.0,"event_name":"Mysterious Sphere","player_choice":"Ignored","floor":45.0,"gold_loss":0.0,"damage_taken":0.0},{"damage_healed":0.0,"max_hp_gain":0.0,"max_hp_loss":4.0,"gold_gain":0.0,"event_name":"Winding Halls","player_choice":"Max HP","floor":46.0,"gold_loss":0.0,"damage_taken":0.0}],"is_beta":false,"boss_relics":[{"not_picked":["Calling Bell","Coffee Dripper"],"picked":"SlaversCollar"},{"not_picked":["Runic Dome","Black Star"],"picked":"Nuclear Battery"}],"items_purged_floors":[27,30,38,47],"is_endless":false,"potions_floor_spawned":[5,6,11,13,14,16,18,19,20,21,23,25,28,33,35,41,42,48,54],"ascension_level":2}}