{"host":"28bpuzdckreop5i0","time":1612075772,"event":{"mods":["BaseMod","Challenge The Spire","Defuse TimeMaze Blight","Downfall","Energized Spire","Googly Eyes","Minty Spire (QoL Compilation)","Relic Stats","Shop Mod","Spicy Shops","StSLib","The Awakened One except there are too many feathers","The IronCluck","Transform Curses","slay the spire mod where everything is the same but ironclad has a cowboy hat"],"gold_per_floor":[99,111,129,129,129,304,304,95,40,71,90,106,106,119,133,133,133,133],"floor_reached":16,"language":"ENG","playtime":998,"items_purged":["hexamod:Strike"],"score":133,"play_id":"6fc47ad0-1f4d-4406-9a91-f554c7c385e3","local_time":"20210131004932","is_ascension_mode":true,"campfire_choices":[{"data":"hexamod:GhostflameBarrier","floor":1,"key":"SMITH"},{"floor":13,"key":"REST"}],"circlet_count":0,"master_deck":["hexamod:Strike","hexamod:Strike","hexamod:Defend","hexamod:Defend","hexamod:Defend","hexamod:Defend","hexamod:Sear","hexamod:Float","hexamod:GhostflameBarrier+1","hexamod:RadiantFlame","hexamod:ThirdSeal","Doubt","hexamod:SoulSteal","hexamod:SpectralSpark","hexamod:ExtraCrispy","hexamod:SpectralSpark","hexamod:RadiantFlame","hexamod:Hexaguard","hexamod:ThirdSeal","hexamod:FifthSeal","hexamod:SpectralAdrenaline","hexamod:WildfireWeapon"],"relics":["hexamod:SpiritBrand","Ginger","Tiny Chest","Kunai"],"acts_visited":["Exordium"],"potions_floor_usage":[15,16,16],"damage_taken":[{"damage":1,"enemies":"Jaw Worm","floor":2,"turns":3},{"damage":0,"enemies":"Small Slimes","floor":3,"turns":4},{"damage":5,"enemies":"downfall:FleeingMerchant","floor":8,"turns":4},{"damage":10,"enemies":"downfall:FleeingMerchant","floor":9,"turns":4},{"damage":32,"enemies":"3 Sentries","floor":10,"turns":8},{"damage":0,"enemies":"Cultist","floor":11,"turns":3},{"damage":1,"enemies":"Large Slime","floor":12,"turns":4},{"damage":6,"enemies":"Red Slaver","floor":14,"turns":5},{"damage":19,"enemies":"Blue Slaver","floor":15,"turns":4},{"damage":22,"enemies":"DF_ARCHETYPE_STREAMLINE","floor":16,"turns":9}],"seed_played":"4415895478698822983","potions_obtained":[{"floor":2,"key":"CultistPotion"},{"floor":11,"key":"hexamod:SoulburnPotion"},{"floor":14,"key":"hexamod:EctoCoolerPotion"}],"is_trial":false,"path_per_floor":["R","M","M","?","T","?","T","$","$","E","M","M","R","M","M","B"],"character_chosen":"THE_SPIRIT","items_purchased":["hexamod:ExtraCrispy","hexamod:SpectralSpark","hexamod:RadiantFlame"],"campfire_rested":1,"item_purchase_floors":[8,8,9],"current_hp_per_floor":[70,69,69,69,69,69,69,64,54,22,22,21,42,36,17,0,0,0],"gold":133,"neow_bonus":"TRANSFORM_CARD","is_daily":false,"chose_seed":false,"campfire_upgraded":1,"win_rate":0.0,"timestamp":1612075772,"path_taken":["R","M","M","?","?","?","T","?","$","E","M","M","R","?","M","BOSS"],"items_purchased_type":["Card","Card","Card"],"build_version":"2020-12-22","purchased_purges":1,"victory":false,"max_hp_per_floor":[70,70,70,70,70,70,70,70,70,70,70,70,70,70,70,70,70,70],"relic_stats":{"counters":[10,48],"Tiny Chest":0,"Ginger":[12],"Kunai":[0],"obtain_stats":[{"Tiny Chest":7,"Ginger":5,"Kunai":10,"hexamod:SpiritBrand":0},{"Tiny Chest":2,"Ginger":2,"Kunai":5,"hexamod:SpiritBrand":0},{"Tiny Chest":7,"Ginger":7,"Kunai":23,"hexamod:SpiritBrand":0}]},"card_choices":[{"not_picked":["hexamod:Firestarter","hexamod:EmpoweredFlame"],"picked":"hexamod:RadiantFlame","floor":2},{"not_picked":["hexamod:CatchUp","hexamod:NightmareGuise"],"picked":"hexamod:BurningTouch","floor":3},{"not_picked":["hexamod:Incineration","hexamod:ThermalTransfer"],"picked":"hexamod:SoulSteal","floor":8},{"not_picked":["hexamod:BacktrackSmack","hexamod:GhostShield"],"picked":"hexamod:SpectralSpark","floor":8},{"not_picked":["hexamod:GiftsFromTheDead","hexamod:ThermalTransfer","hexamod:RecurringNightmare"],"picked":"SKIP","floor":9},{"not_picked":["hexamod:FourthSeal","hexamod:NightmareGuise","hexamod:FlamesFromBeyond"],"picked":"SKIP","floor":9},{"not_picked":["hexamod:InspiringFlames","hexamod:ParanormalForm"],"picked":"hexamod:Hexaguard","floor":10},{"not_picked":["hexamod:SpectersWail","hexamod:RadiantFlame","hexamod:InspiringFlames"],"picked":"SKIP","floor":10},{"not_picked":["hexamod:FlamesFromBeyond","hexamod:AdvancingGuard","hexamod:NightmareStrike"],"picked":"SKIP","floor":11},{"not_picked":["hexamod:Rewind","hexamod:DynamicBlow","hexamod:Hexaguard"],"picked":"SKIP","floor":11},{"not_picked":["hexamod:Firestarter","hexamod:SwordOfDarkness"],"picked":"hexamod:ThirdSeal","floor":12},{"not_picked":["hexamod:FourthSeal","hexamod:RecurringNightmare"],"picked":"hexamod:FifthSeal","floor":14},{"not_picked":["hexamod:SecondSeal","hexamod:FlamesFromBeyond","hexamod:GhostShield"],"picked":"SKIP","floor":14},{"not_picked":["hexamod:FirstSeal","hexamod:SpectersWail","hexamod:Firestarter"],"picked":"SKIP","floor":14},{"not_picked":["hexamod:BurningTouch","hexamod:SpectersWail"],"picked":"hexamod:SpectralAdrenaline","floor":15},{"not_picked":["hexamod:RetreatToShadows","hexamod:DynamicBlow"],"picked":"hexamod:WildfireWeapon","floor":15},{"not_picked":["hexamod:SwordOfDarkness","hexamod:AdvancingGuard","hexamod:BacktrackSmack"],"picked":"SKIP","floor":15}],"player_experience":931331,"relics_obtained":[{"floor":5,"key":"Ginger"},{"floor":7,"key":"Tiny Chest"},{"floor":10,"key":"Kunai"}],"event_choices":[],"is_beta":false,"boss_relics":[],"items_purged_floors":[8],"is_endless":false,"potions_floor_spawned":[2,11,14],"killed_by":"DF_ARCHETYPE_STREAMLINE","ascension_level":1}}