{"host":"bht7q8dqip9du99t","time":1612113741,"event":{"mods":["AchievementEnabler","BaseMod","Colored Map","Colored Powertips","Highlight Path","Minty Spire (QoL Compilation)","Permanent Neow","Quick Restart","StSLib"],"gold_per_floor":[113,127,143,143,161,161,161,161],"floor_reached":7,"language":"ENG","playtime":300,"items_purged":[],"score":86,"play_id":"b221232f-0cc9-4ea5-ace6-5967395cd3fe","local_time":"20210131122221","is_ascension_mode":true,"campfire_choices":[{"data":"Shrug It Off","floor":6,"key":"SMITH"}],"circlet_count":0,"master_deck":["AscendersBane","Strike_R","Strike_R","Strike_R","Strike_R","Defend_R","Defend_R","Defend_R","Defend_R","Bash","Thunderclap","Shrug It Off+1","Juggernaut","Combust"],"relics":["Burning Blood","Ancient Tea Set"],"acts_visited":["Exordium"],"potions_floor_usage":[],"damage_taken":[{"damage":18,"enemies":"Small Slimes","floor":1,"turns":4},{"damage":7,"enemies":"Cultist","floor":2,"turns":4},{"damage":0,"enemies":"2 Louse","floor":3,"turns":3},{"damage":17,"enemies":"2 Fungi Beasts","floor":5,"turns":3},{"damage":65,"enemies":"Gremlin Nob","floor":7,"turns":4}],"seed_played":"-6263880894028353109","potions_obtained":[{"floor":3,"key":"SmokeBomb"}],"is_trial":false,"path_per_floor":["M","M","M","?","M","R","E"],"character_chosen":"IRONCLAD","items_purchased":[],"campfire_rested":0,"item_purchase_floors":[],"current_hp_per_floor":[56,55,61,61,50,50,0,0],"gold":161,"neow_bonus":"RANDOM_COMMON_RELIC","is_daily":false,"chose_seed":false,"campfire_upgraded":1,"win_rate":0.0,"timestamp":1612113741,"path_taken":["M","M","M","?","?","R","E"],"items_purchased_type":[],"build_version":"2020-12-22","purchased_purges":0,"victory":false,"max_hp_per_floor":[75,75,75,75,75,75,75,75],"card_choices":[{"not_picked":["Wild Strike","Second Wind"],"picked":"Thunderclap","floor":1},{"not_picked":["Heavy Blade","True Grit"],"picked":"Shrug It Off","floor":2},{"not_picked":["Pummel","Body Slam"],"picked":"Juggernaut","floor":3},{"not_picked":["Feel No Pain","Clothesline","Twin Strike"],"picked":"SKIP","floor":5}],"player_experience":694369,"relics_obtained":[],"event_choices":[{"damage_healed":0,"gold_gain":0,"cards_transformed":["Strike_R"],"player_choice":"Transformed","damage_taken":0,"max_hp_gain":0,"max_hp_loss":0,"event_name":"Transmorgrifier","floor":4,"gold_loss":0,"cards_obtained":["Combust"]}],"is_beta":false,"boss_relics":[],"items_purged_floors":[],"is_endless":false,"potions_floor_spawned":[3],"killed_by":"Gremlin Nob","ascension_level":20}}