{"host":"mqhvlr3kpxebko0t","time":1612094273,"event":{"mods":["AchievementEnabler","BaseMod","Colored Map","Colored Powertips","KOR Keyword Fix","Keyboard Shortcuts","Minty Spire (QoL Compilation)","StSLib","SuperFastMode"],"gold_per_floor":[109,109,136,136,148,181,193,225,225,240,87,87,118,118,118,211,211,229,229,129,152,167,205,225,266,292,292,310,326,124,138,138,138,138],"floor_reached":33,"language":"KOR","playtime":499,"items_purged":["Strike_R","Strike_R","Strike_R"],"score":714,"play_id":"ef566fb7-2afe-45c8-812d-42722ff662a7","local_time":"20210131205753","is_ascension_mode":true,"campfire_choices":[{"data":"Inflame","floor":12,"key":"SMITH"},{"data":"Pommel Strike","floor":15,"key":"SMITH"},{"data":"Demon Form","floor":27,"key":"SMITH"},{"data":"Evolve","floor":32,"key":"SMITH"}],"circlet_count":0,"master_deck":["AscendersBane","Strike_R","Defend_R","Defend_R","Defend_R","Defend_R","Bash+1","Battle Trance","Inflame+1","Feed","Pommel Strike+1","Dropkick","Bludgeon+1","Fiend Fire+1","Power Through","Clothesline+1","Demon Form+1","Clothesline+1","Evolve+1"],"relics":["Burning Blood","NeowsBlessing","Kunai","Akabeko","Orichalcum","Paper Frog","Charon\u0027s Ashes","Molten Egg 2","Golden Idol","Snecko Eye","Magic Flower","Pen Nib","Bag of Preparation"],"acts_visited":["Exordium","TheCity"],"potions_floor_usage":[16,24,25,33],"damage_taken":[{"damage":0,"enemies":"2 Louse","floor":1,"turns":1},{"damage":0,"enemies":"Jaw Worm","floor":5,"turns":1},{"damage":0,"enemies":"3 Sentries","floor":6,"turns":1},{"damage":11,"enemies":"Small Slimes","floor":7,"turns":4},{"damage":24,"enemies":"Gremlin Nob","floor":8,"turns":4},{"damage":3,"enemies":"2 Fungi Beasts","floor":10,"turns":3},{"damage":28,"enemies":"Lagavulin","floor":13,"turns":6},{"damage":24,"enemies":"Slime Boss","floor":16,"turns":7},{"damage":1,"enemies":"2 Thieves","floor":18,"turns":2},{"damage":0,"enemies":"Chosen","floor":21,"turns":2},{"damage":0,"enemies":"Snake Plant","floor":22,"turns":1},{"damage":23,"enemies":"Book of Stabbing","floor":23,"turns":3},{"damage":9,"enemies":"Chosen and Byrds","floor":24,"turns":5},{"damage":0,"enemies":"Gremlin Leader","floor":25,"turns":3},{"damage":0,"enemies":"Centurion and Healer","floor":28,"turns":2},{"damage":0,"enemies":"Cultist and Chosen","floor":29,"turns":3},{"damage":0,"enemies":"Snake Plant","floor":31,"turns":1},{"damage":87,"enemies":"Automaton","floor":33,"turns":6}],"seed_played":"-2692296874357263748","potions_obtained":[{"floor":1,"key":"SpeedPotion"},{"floor":7,"key":"ElixirPotion"},{"floor":8,"key":"Swift Potion"},{"floor":21,"key":"Swift Potion"},{"floor":24,"key":"ColorlessPotion"},{"floor":25,"key":"Ancient Potion"},{"floor":29,"key":"SmokeBomb"},{"floor":31,"key":"Swift Potion"}],"is_trial":false,"path_per_floor":["M","?","T","?","M","E","M","E","T","M","$","R","E","?","R","B",null,"M","?","$","M","M","E","M","E","T","R","M","M","$","M","R","B"],"character_chosen":"IRONCLAD","items_purchased":["Dropkick","Evolve"],"campfire_rested":0,"item_purchase_floors":[11,30],"current_hp_per_floor":[74,63,63,56,62,68,66,51,51,57,57,57,35,35,35,20,64,69,69,69,75,79,62,62,71,71,71,79,82,82,82,82,0,0],"gold":138,"neow_bonus":"THREE_ENEMY_KILL","is_daily":false,"chose_seed":false,"campfire_upgraded":4,"win_rate":0.0,"timestamp":1612094273,"path_taken":["M","?","?","?","M","E","M","E","T","M","$","R","E","?","R","BOSS","M","?","$","M","M","E","M","E","T","R","M","M","$","M","R","BOSS"],"items_purchased_type":["Card","Card"],"build_version":"2020-12-22","purchased_purges":3,"victory":false,"max_hp_per_floor":[75,75,75,75,75,75,78,81,81,84,84,84,84,76,76,79,79,79,79,79,79,79,79,79,79,79,79,79,82,82,82,82,82,82],"card_choices":[{"not_picked":["Shockwave","Perfected Strike"],"picked":"Battle Trance","floor":1},{"not_picked":["Flex","Clash"],"picked":"Inflame","floor":5},{"not_picked":["Feel No Pain","Intimidate"],"picked":"Feed","floor":6},{"not_picked":["Perfected Strike","Body Slam","Flex"],"picked":"SKIP","floor":7},{"not_picked":["Havoc","Flex","Clothesline"],"picked":"SKIP","floor":8},{"not_picked":["Headbutt","Sword Boomerang"],"picked":"Pommel Strike","floor":10},{"not_picked":["Havoc","Heavy Blade+1"],"picked":"Bludgeon+1","floor":13},{"not_picked":["Feed+1","Barricade"],"picked":"Fiend Fire+1","floor":16},{"not_picked":["Intimidate","Battle Trance+1","Flex"],"picked":"SKIP","floor":18},{"not_picked":["Intimidate","True Grit"],"picked":"Power Through","floor":21},{"not_picked":["Flex","Dropkick+1","Perfected Strike+1"],"picked":"SKIP","floor":22},{"not_picked":["Shrug It Off","Battle Trance"],"picked":"Clothesline+1","floor":23},{"not_picked":["Rampage+1","Flex+1"],"picked":"Demon Form","floor":24},{"not_picked":["Havoc+1","Clash+1","Brutality"],"picked":"SKIP","floor":25},{"not_picked":["Burning Pact","Infernal Blade"],"picked":"Clothesline+1","floor":28},{"not_picked":["Cleave+1","Iron Wave+1","Anger+1"],"picked":"SKIP","floor":29},{"not_picked":["Havoc","Sword Boomerang+1","True Grit"],"picked":"SKIP","floor":31}],"player_experience":689667,"relics_obtained":[{"floor":3,"key":"Akabeko"},{"floor":6,"key":"Orichalcum"},{"floor":8,"key":"Paper Frog"},{"floor":9,"key":"Charon\u0027s Ashes"},{"floor":13,"key":"Molten Egg 2"},{"floor":23,"key":"Magic Flower"},{"floor":25,"key":"Pen Nib"},{"floor":26,"key":"Bag of Preparation"}],"event_choices":[{"damage_healed":0,"gold_gain":0,"player_choice":"Success","damage_taken":11,"relics_obtained":["Kunai"],"max_hp_gain":0,"max_hp_loss":0,"event_name":"Scrap Ooze","floor":2,"gold_loss":0},{"cards_removed":["Strike_R"],"damage_healed":0,"gold_gain":0,"player_choice":"Card Removal","damage_taken":7,"max_hp_gain":0,"max_hp_loss":0,"event_name":"Golden Wing","floor":4,"gold_loss":0},{"damage_healed":0,"gold_gain":0,"player_choice":"Lose Max HP","damage_taken":0,"relics_obtained":["Golden Idol"],"max_hp_gain":0,"max_hp_loss":8,"event_name":"Golden Idol","floor":14,"gold_loss":0},{"damage_healed":0,"gold_gain":0,"player_choice":"Upgraded","damage_taken":0,"max_hp_gain":0,"max_hp_loss":0,"event_name":"Upgrade Shrine","floor":19,"gold_loss":0,"cards_upgraded":["Bash"]}],"is_beta":false,"boss_relics":[{"not_picked":["Runic Dome","Runic Cube"],"picked":"Snecko Eye"}],"items_purged_floors":[11,20,30],"is_endless":false,"potions_floor_spawned":[1,7,8,13,21,24,25,29,31],"killed_by":"Automaton","ascension_level":20}}