{"host":"vex7walpoxzv48nx","time":1612058205,"event":{"mods":["AchievementEnabler","BaseMod","Bestiary","Minty Spire (QoL Compilation)","Permanent Neow","Quick Restart","Relic Stats","UnlockEverythingMod"],"gold_per_floor":[114,64,64,81,6,35,35,64,91,91,124,142,142,153,153,251,251,251],"floor_reached":17,"language":"ENG","playtime":1002,"items_purged":["Strike_R"],"score":297,"play_id":"c897c212-231b-40d1-a781-1d829eed41e1","local_time":"20210131025645","is_ascension_mode":true,"campfire_choices":[{"data":"Pommel Strike","floor":7.0,"key":"SMITH"},{"data":"Uppercut","floor":13,"key":"SMITH"},{"data":"Cleave","floor":15,"key":"SMITH"}],"circlet_count":0,"master_deck":["AscendersBane","Strike_R","Strike_R","Strike_R","Defend_R","Defend_R","Defend_R","Defend_R","Bash","Shockwave","Heavy Blade","Pommel Strike+1","Offering","Uppercut+1","Headbutt","Cleave+1","Demon Form","CurseOfTheBell"],"relics":["Burning Blood","NeowsBlessing","PreservedInsect","Sundial","Regal Pillow","Blue Candle","Calling Bell","Ancient Tea Set","Kunai","Unceasing Top"],"acts_visited":["Exordium","TheCity"],"potions_floor_usage":[8,16],"damage_taken":[{"damage":0.0,"enemies":"Cultist","floor":1.0,"turns":1.0},{"damage":0.0,"enemies":"2 Louse","floor":4.0,"turns":1.0},{"damage":0.0,"enemies":"Lagavulin","floor":6.0,"turns":1.0},{"damage":11,"enemies":"3 Sentries","floor":8,"turns":5},{"damage":19,"enemies":"Gremlin Nob","floor":11,"turns":3},{"damage":0,"enemies":"Small Slimes","floor":12,"turns":2},{"damage":6,"enemies":"3 Louse","floor":14,"turns":1},{"damage":22,"enemies":"Slime Boss","floor":16,"turns":9}],"seed_played":"1658335754112954036","potions_obtained":[{"floor":4.0,"key":"SteroidPotion"},{"floor":6.0,"key":"LiquidBronze"},{"floor":14,"key":"Explosive Potion"},{"floor":16,"key":"BloodPotion"}],"is_trial":false,"path_per_floor":["M","$","$","M","$","E","R","E","T","?","E","M","R","M","R","B",null],"character_chosen":"IRONCLAD","items_purchased":["Heavy Blade"],"campfire_rested":0,"item_purchase_floors":[2],"current_hp_per_floor":[78,78,78,80,80,80,80,75,75,68,55,61,61,61,61,45,71,71],"gold":251,"neow_bonus":"THREE_ENEMY_KILL","is_daily":false,"chose_seed":false,"campfire_upgraded":3,"win_rate":0.0,"timestamp":1612058205,"path_taken":["M","?","$","M","$","E","R","E","T","?","E","M","R","M","R","BOSS"],"items_purchased_type":["Card"],"build_version":"2020-12-22","purchased_purges":1,"victory":false,"max_hp_per_floor":[80,80,80,80,80,80,80,80,80,80,80,80,80,80,80,80,80,80],"relic_stats":{"Regal Pillow":0,"counters":[8,23],"Sundial":[2],"Blue Candle":[1],"PreservedInsect":54,"Kunai":[0],"obtain_stats":[{"Calling Bell":17,"Regal Pillow":9,"NeowsBlessing":0,"Sundial":8,"Blue Candle":11,"PreservedInsect":6,"Kunai":17,"Ancient Tea Set":17,"Burning Blood":0,"Unceasing Top":17},{"Calling Bell":8,"Regal Pillow":4,"NeowsBlessing":0,"Sundial":4,"Blue Candle":5,"PreservedInsect":3,"Kunai":8,"Ancient Tea Set":8,"Burning Blood":0,"Unceasing Top":8},{"Calling Bell":23,"Regal Pillow":8,"NeowsBlessing":0,"Sundial":8,"Blue Candle":11,"PreservedInsect":3,"Kunai":23,"Ancient Tea Set":23,"Burning Blood":0,"Unceasing Top":23}],"Burning Blood":38,"Unceasing Top":[0]},"card_choices":[{"not_picked":["Perfected Strike","Cleave"],"picked":"Shockwave","floor":1.0},{"not_picked":["Havoc","Shrug It Off"],"picked":"Pommel Strike","floor":4.0},{"not_picked":["Iron Wave","Twin Strike"],"picked":"Offering","floor":6.0},{"not_picked":["Flex","True Grit"],"picked":"Uppercut","floor":8},{"not_picked":["Offering","Body Slam"],"picked":"Headbutt","floor":11},{"not_picked":["Sever Soul","Thunderclap"],"picked":"Cleave","floor":12},{"not_picked":["Dark Embrace","Bloodletting","Twin Strike"],"picked":"SKIP","floor":14},{"not_picked":["Limit Break","Brutality"],"picked":"Demon Form","floor":16}],"player_experience":238836,"relics_obtained":[{"floor":6.0,"key":"PreservedInsect"},{"floor":8,"key":"Sundial"},{"floor":9,"key":"Regal Pillow"},{"floor":11,"key":"Blue Candle"},{"floor":17,"key":"Ancient Tea Set"},{"floor":17,"key":"Kunai"},{"floor":17,"key":"Unceasing Top"}],"event_choices":[{"cards_removed":["Strike_R"],"damage_healed":0,"gold_gain":0,"player_choice":"Card Removal","damage_taken":7,"max_hp_gain":0,"max_hp_loss":0,"event_name":"Golden Wing","floor":10,"gold_loss":0}],"is_beta":false,"boss_relics":[{"not_picked":["Busted Crown","Fusion Hammer"],"picked":"Calling Bell"}],"items_purged_floors":[5],"is_endless":false,"potions_floor_spawned":[4,6,14,16],"ascension_level":10}}