{"host":"ysj15tgd1sneq0s0","time":1612057774,"event":{"mods":["AchievementEnabler","BaseMod","DeckTracker","Highlight Path","Minty Spire (QoL Compilation)","Permanent Neow","Quick Restart","StSLib","SuperFastMode","everything is the same but u backflip on backflip"],"gold_per_floor":[111,39,50,0,0,0,13,13,38,73,73,93,103,130,130,229,229,247,346,219,219,68,82,82,82,82,82,113,130,140,140,140,241,241,259,61,61,80,80,80,100,100,100,100,118,118,44,63,63,63],"floor_reached":51,"language":"KOR","playtime":2412,"items_purged":["Defend_G","Defend_G","Predator"],"score":1081,"play_id":"7bb4e474-c392-4df3-a3ce-d6d36bf95109","local_time":"20210131104934","is_ascension_mode":true,"campfire_choices":[{"data":"Grand Finale","floor":6,"key":"SMITH"},{"data":"Acrobatics","floor":8,"key":"SMITH"},{"data":"Well Laid Plans","floor":11,"key":"SMITH"},{"data":"Backflip","floor":15,"key":"SMITH"},{"floor":32,"key":"REST"},{"data":"Venomology","floor":40,"key":"SMITH"},{"data":"Backflip","floor":42,"key":"SMITH"},{"data":"PiercingWail","floor":44,"key":"SMITH"},{"data":"Blur","floor":49,"key":"SMITH"}],"circlet_count":0,"master_deck":["Survivor","Neutralize","Grand Finale+1","Well Laid Plans+1","Acrobatics+1","Backflip+1","Blur+1","Prepared","PiercingWail+1","Backflip+1","Backflip+1","Backflip+1","Reflex","Outmaneuver","Crippling Poison","Venomology+1","PiercingWail+1","Escape Plan+1","Backflip+1"],"relics":["Ring of the Snake","Bronze Scales","Omamori","Art of War","SlaversCollar","Thread and Needle","Shuriken","Boot","Pandora\u0027s Box","Frozen Egg 2"],"acts_visited":["Exordium","TheCity","TheBeyond"],"potions_floor_usage":[16,16,18,27,30,33,35,41,48,50,50,50],"damage_taken":[{"damage":2,"enemies":"2 Louse","floor":1,"turns":5},{"damage":16,"enemies":"Small Slimes","floor":3,"turns":4},{"damage":1,"enemies":"Cultist","floor":7,"turns":5},{"damage":0,"enemies":"3 Sentries","floor":10,"turns":2},{"damage":4,"enemies":"Large Slime","floor":12,"turns":2},{"damage":0,"enemies":"Exordium Wildlife","floor":13,"turns":3},{"damage":5,"enemies":"Lagavulin","floor":14,"turns":5},{"damage":0,"enemies":"Hexaghost","floor":16,"turns":6},{"damage":7,"enemies":"3 Byrds","floor":18,"turns":3},{"damage":30,"enemies":"2 Thieves","floor":23,"turns":4},{"damage":1,"enemies":"Snecko","floor":27,"turns":4},{"damage":0,"enemies":"Book of Stabbing","floor":28,"turns":3},{"damage":4,"enemies":"Snake Plant","floor":29,"turns":4},{"damage":0,"enemies":"Shelled Parasite and Fungi","floor":30,"turns":2},{"damage":0,"enemies":"Automaton","floor":33,"turns":6},{"damage":22,"enemies":"3 Shapes","floor":35,"turns":2},{"damage":0,"enemies":"Orb Walker","floor":38,"turns":5},{"damage":0,"enemies":"Transient","floor":41,"turns":5},{"damage":7,"enemies":"Jaw Worm Horde","floor":45,"turns":2},{"damage":6,"enemies":"Sphere and 2 Shapes","floor":48,"turns":5},{"damage":0,"enemies":"Donu and Deca","floor":50,"turns":4}],"seed_played":"-8915140674897781854","potions_obtained":[{"floor":7,"key":"SmokeBomb"},{"floor":10,"key":"Dexterity Potion"},{"floor":13,"key":"Weak Potion"},{"floor":16,"key":"AttackPotion"},{"floor":18,"key":"FearPotion"},{"floor":28,"key":"Weak Potion"},{"floor":29,"key":"DistilledChaos"},{"floor":38,"key":"Dexterity Potion"}],"is_trial":false,"path_per_floor":["M","$","M","?","?","R","M","R","T","E","R","M","M","E","R","B",null,"M","?","$","?","$","M","?","?","T","M","E","M","M","?","R","B",null,"M","$","$","M","?","R","M","R","T","R","M","?","$","M","R","B",null],"character_chosen":"THE_SILENT","items_purchased":["Well Laid Plans","Prepared","PiercingWail","DistilledChaos","DuplicationPotion"],"campfire_rested":1,"item_purchase_floors":[2,20,22,36,47],"current_hp_per_floor":[68,68,52,52,52,52,51,51,51,51,51,47,47,42,42,42,70,63,63,63,63,63,33,20,20,20,19,19,15,15,15,37,37,75,53,53,53,53,53,53,53,53,53,53,46,46,46,40,40,40],"gold":63,"neow_bonus":"TRANSFORM_CARD","is_daily":false,"chose_seed":false,"campfire_upgraded":8,"win_rate":0.0,"timestamp":1612057774,"path_taken":["M","$","M","?","?","R","M","R","T","E","R","?","M","E","R","BOSS","M","?","$","?","$","M","?","?","T","M","E","M","?","?","R","BOSS","M","?","$","M","?","R","M","R","T","R","?","?","?","M","R","BOSS"],"items_purchased_type":["Card","Card","Card","Potion","Potion"],"build_version":"2020-12-22","purchased_purges":3,"victory":true,"max_hp_per_floor":[70,70,70,70,70,70,70,70,70,70,70,70,70,70,70,70,70,70,70,70,70,70,70,75,75,75,75,75,75,75,75,75,75,75,75,75,75,75,75,75,75,75,75,75,75,75,75,75,75,75],"card_choices":[{"not_picked":["Dagger Throw","Sucker Punch","Cloak And Dagger"],"picked":"SKIP","floor":1},{"not_picked":["Bouncing Flask","Deadly Poison","Dodge and Roll"],"picked":"SKIP","floor":3},{"not_picked":["Blade Dance","Venomology"],"picked":"Acrobatics","floor":7},{"not_picked":["Deflect","Calculated Gamble","Footwork"],"picked":"SKIP","floor":10},{"not_picked":["Quick Slash","Noxious Fumes"],"picked":"Backflip","floor":12},{"not_picked":["PiercingWail","Bullet Time"],"picked":"Blur","floor":13},{"not_picked":["Underhanded Strike","Dagger Spray","Blade Dance"],"picked":"SKIP","floor":14},{"not_picked":["Blade Dance","Flechettes","Dagger Throw"],"picked":"SKIP","floor":18},{"not_picked":["All Out Attack","Dagger Spray"],"picked":"Prepared","floor":23},{"not_picked":["Underhanded Strike+1","Flying Knee"],"picked":"Backflip","floor":28},{"not_picked":["Leg Sweep","Endless Agony"],"picked":"Backflip+1","floor":29},{"not_picked":["Tactician","Deflect"],"picked":"Backflip","floor":30},{"not_picked":["Cloak And Dagger","Quick Slash"],"picked":"PiercingWail+1","floor":35},{"not_picked":["Catalyst+1","Deadly Poison"],"picked":"Escape Plan+1","floor":38},{"not_picked":["A Thousand Cuts","Caltrops+1","Noxious Fumes+1"],"picked":"SKIP","floor":41},{"not_picked":["Backflip","Bane+1","Endless Agony"],"picked":"SKIP","floor":45},{"not_picked":["Acrobatics","Sucker Punch"],"picked":"Backflip+1","floor":48}],"player_experience":63888,"relics_obtained":[{"floor":9,"key":"Bronze Scales"},{"floor":10,"key":"Omamori"},{"floor":14,"key":"Art of War"},{"floor":26,"key":"Shuriken"},{"floor":28,"key":"Boot"},{"floor":43,"key":"Frozen Egg 2"}],"event_choices":[{"cards_removed":["Defend_G"],"damage_healed":0,"gold_gain":0,"player_choice":"Card Removal","damage_taken":0,"max_hp_gain":0,"max_hp_loss":0,"event_name":"The Cleric","floor":4,"gold_loss":50},{"cards_removed":["Strike_G"],"damage_healed":0,"gold_gain":0,"player_choice":"Purged","damage_taken":0,"max_hp_gain":0,"max_hp_loss":0,"event_name":"Purifier","floor":5,"gold_loss":0},{"damage_healed":0,"gold_gain":99,"player_choice":"Stole From Cult","damage_taken":0,"max_hp_gain":0,"max_hp_loss":0,"event_name":"Nest","floor":19,"gold_loss":0},{"damage_healed":0,"gold_gain":0,"player_choice":"Ignored","damage_taken":0,"max_hp_gain":0,"max_hp_loss":0,"event_name":"Vampires","floor":21,"gold_loss":0},{"damage_healed":0,"gold_gain":0,"player_choice":"Shed Blood","damage_taken":18,"max_hp_gain":5,"max_hp_loss":0,"event_name":"Forgotten Altar","floor":24,"gold_loss":0},{"cards_removed":["Prepared"],"damage_healed":0,"gold_gain":0,"player_choice":"Gave Card","damage_taken":0,"relics_obtained":["Thread and Needle"],"max_hp_gain":0,"max_hp_loss":0,"event_name":"WeMeetAgain","floor":25,"gold_loss":0},{"damage_healed":0,"gold_gain":0,"cards_transformed":["Strike_G"],"player_choice":"Transformed","damage_taken":0,"max_hp_gain":0,"max_hp_loss":0,"event_name":"Transmorgrifier","floor":31,"gold_loss":0,"cards_obtained":["Reflex"]},{"damage_healed":0,"gold_gain":0,"player_choice":"Forge","damage_taken":0,"max_hp_gain":0,"max_hp_loss":0,"event_name":"Accursed Blacksmith","floor":39,"gold_loss":0,"cards_upgraded":["Backflip"]},{"damage_healed":0,"gold_gain":0,"player_choice":"Bought 0 Potions","damage_taken":0,"max_hp_gain":0,"max_hp_loss":0,"event_name":"The Woman in Blue","floor":46,"gold_loss":0}],"is_beta":false,"boss_relics":[{"not_picked":["Busted Crown","Ectoplasm"],"picked":"SlaversCollar"},{"not_picked":["Astrolabe","Black Star"],"picked":"Pandora\u0027s Box"}],"items_purged_floors":[20,22,36],"is_endless":false,"potions_floor_spawned":[7,10,13,16,18,28,29,38,41,48],"ascension_level":3}}