{"host":"g2yp6paluzgljz05","time":1612081009,"event":{"mods":["BaseMod","Bestiary","Colored Powertips","DeckTracker","Highlight Path","Minty Spire (QoL Compilation)","Quick Restart"],"gold_per_floor":[111,72,82,82,93,125,300,312,312,312,334,334,334],"floor_reached":12,"language":"ENG","playtime":748,"items_purged":[],"score":109,"play_id":"2cb90242-b0b6-46cc-a110-997a43088538","local_time":"20210131191649","is_ascension_mode":true,"campfire_choices":[{"floor":10,"key":"REST"}],"circlet_count":0,"master_deck":["Strike_R","Strike_R","Strike_R","Strike_R","Defend_R","Defend_R","Defend_R","Defend_R","Bash","Body Slam","Disarm","Warcry","Headbutt","Battle Trance","Shrug It Off","Doubt","Cleave"],"relics":["Burning Blood","NeowsBlessing","Toy Ornithopter","Eternal Feather","Odd Mushroom"],"acts_visited":["Exordium"],"potions_floor_usage":[6],"damage_taken":[{"damage":0,"enemies":"Jaw Worm","floor":1,"turns":1},{"damage":0,"enemies":"Small Slimes","floor":3,"turns":1},{"damage":0,"enemies":"2 Louse","floor":5,"turns":1},{"damage":58,"enemies":"Gremlin Nob","floor":6,"turns":5},{"damage":19,"enemies":"Blue Slaver","floor":8,"turns":5},{"damage":14,"enemies":"The Mushroom Lair","floor":11,"turns":5},{"damage":32,"enemies":"3 Sentries","floor":12,"turns":4}],"seed_played":"-6065765708703164074","potions_obtained":[{"floor":1,"key":"AttackPotion"},{"floor":3,"key":"LiquidMemories"},{"floor":6,"key":"Explosive Potion"}],"is_trial":false,"path_per_floor":["M","$","M","?","M","E","?","M","T","R","?","E"],"character_chosen":"IRONCLAD","items_purchased":["Disarm"],"campfire_rested":1,"item_purchase_floors":[2],"current_hp_per_floor":[78,78,80,80,80,28,28,15,15,48,40,8,8],"gold":334,"neow_bonus":"THREE_ENEMY_KILL","is_daily":false,"chose_seed":false,"campfire_upgraded":0,"win_rate":0.0,"timestamp":1612081009,"path_taken":["M","$","M","?","M","E","?","M","T","R","?","E"],"items_purchased_type":["Card"],"build_version":"2020-12-22","purchased_purges":0,"victory":false,"max_hp_per_floor":[80,80,80,80,80,80,80,80,80,80,80,80,80],"card_choices":[{"not_picked":["Dual Wield","Pummel"],"picked":"Body Slam","floor":1},{"not_picked":["Dark Embrace","Pommel Strike"],"picked":"Warcry","floor":3},{"not_picked":["Dropkick","Clothesline"],"picked":"Battle Trance","floor":5},{"not_picked":["Intimidate","Disarm"],"picked":"Shrug It Off","floor":6},{"not_picked":["Anger","Perfected Strike"],"picked":"Cleave","floor":8}],"player_experience":288951,"relics_obtained":[{"floor":6,"key":"Toy Ornithopter"},{"floor":9,"key":"Eternal Feather"},{"floor":11,"key":"Odd Mushroom"}],"event_choices":[{"damage_healed":0,"gold_gain":0,"cards_transformed":["Strike_R"],"player_choice":"Change","damage_taken":0,"max_hp_gain":0,"max_hp_loss":0,"event_name":"Living Wall","floor":4,"gold_loss":0,"cards_obtained":["Headbutt"]},{"damage_healed":0,"gold_gain":175,"player_choice":"AGREE","damage_taken":0,"max_hp_gain":0,"max_hp_loss":0,"event_name":"Liars Game","floor":7,"gold_loss":0,"cards_obtained":["Doubt"]},{"damage_healed":0,"gold_gain":0,"player_choice":"Fought Mushrooms","damage_taken":0,"max_hp_gain":0,"max_hp_loss":0,"event_name":"Mushrooms","floor":11,"gold_loss":0}],"is_beta":false,"boss_relics":[],"items_purged_floors":[],"is_endless":false,"potions_floor_spawned":[1,3,6],"killed_by":"3 Sentries","ascension_level":8}}