{"host":"a5lz0e76zb3fcwkm","time":1612066176,"event":{"mods":["AchievementEnabler","BaseMod","Colored Map","Colored Powertips","Minty Spire (QoL Compilation)","StSLib","SuperFastMode"],"gold_per_floor":[20,39,55,55,67,67,84,84,84,95,109,123,123,123],"floor_reached":13,"language":"KOR","playtime":240,"items_purged":[],"score":162,"play_id":"58aa1fa8-7620-42b2-94ca-ff07c5189ab2","local_time":"20210131130936","is_ascension_mode":true,"campfire_choices":[{"data":"Phantasmal Killer","floor":6,"key":"SMITH"},{"data":"Venomology","floor":8,"key":"SMITH"}],"circlet_count":0,"master_deck":["AscendersBane","Strike_G","Strike_G","Strike_G","Strike_G","Strike_G","Defend_G","Defend_G","Defend_G","Defend_G","Defend_G","Survivor","Neutralize","Phantasmal Killer+1","Backstab","PiercingWail","Cloak And Dagger","Venomology+1","Crippling Poison","Terror"],"relics":["Ring of the Snake","Question Card"],"acts_visited":["Exordium"],"potions_floor_usage":[10,11,12,12,13],"damage_taken":[{"damage":0,"enemies":"Cultist","floor":1,"turns":4},{"damage":0,"enemies":"Small Slimes","floor":2,"turns":4},{"damage":2,"enemies":"Jaw Worm","floor":3,"turns":2},{"damage":2,"enemies":"Blue Slaver","floor":5,"turns":6},{"damage":12,"enemies":"3 Louse","floor":7,"turns":5},{"damage":0,"enemies":"2 Fungi Beasts","floor":10,"turns":2},{"damage":9,"enemies":"Exordium Thugs","floor":11,"turns":5},{"damage":1,"enemies":"Blue Slaver","floor":12,"turns":2},{"damage":77,"enemies":"Gremlin Nob","floor":13,"turns":4}],"seed_played":"-348305367942157250","potions_obtained":[{"floor":1,"key":"Fire Potion"},{"floor":4,"key":"LiquidMemories"},{"floor":12,"key":"Fruit Juice"}],"is_trial":false,"path_per_floor":["M","M","M","?","M","R","M","R","T","M","M","M","E"],"character_chosen":"THE_SILENT","items_purchased":[],"campfire_rested":0,"item_purchase_floors":[],"current_hp_per_floor":[59,59,57,57,55,55,43,43,43,43,34,38,0,0],"gold":123,"neow_bonus":"THREE_RARE_CARDS","is_daily":false,"chose_seed":false,"campfire_upgraded":2,"win_rate":0.0,"timestamp":1612066176,"path_taken":["M","M","?","?","M","R","M","R","T","M","M","?","E"],"items_purchased_type":[],"build_version":"2020-12-22","purchased_purges":0,"victory":false,"max_hp_per_floor":[66,66,66,66,66,66,66,66,66,66,66,71,71,71],"card_choices":[{"not_picked":["Doppelganger","Bullet Time"],"picked":"Phantasmal Killer","floor":0},{"not_picked":["Endless Agony","Outmaneuver"],"picked":"Backstab","floor":1},{"not_picked":["Riddle With Holes","Poisoned Stab"],"picked":"PiercingWail","floor":2},{"not_picked":["Quick Slash","Outmaneuver"],"picked":"Cloak And Dagger","floor":3},{"not_picked":["Catalyst","All Out Attack","Underhanded Strike"],"picked":"SKIP","floor":5},{"not_picked":["Backflip","Poisoned Stab"],"picked":"Venomology","floor":7},{"not_picked":["Bane","Predator","Dodge and Roll","Underhanded Strike"],"picked":"SKIP","floor":10},{"not_picked":["Concentrate","Flying Knee","Bane"],"picked":"Crippling Poison","floor":11},{"not_picked":["Noxious Fumes","Dagger Spray","Bane"],"picked":"Terror","floor":12}],"player_experience":1823955,"relics_obtained":[{"floor":9,"key":"Question Card"}],"event_choices":[{"damage_healed":0,"gold_gain":0,"player_choice":"Got Potions","damage_taken":0,"max_hp_gain":0,"max_hp_loss":0,"event_name":"Lab","floor":4,"gold_loss":0}],"is_beta":false,"boss_relics":[],"items_purged_floors":[],"is_endless":false,"potions_floor_spawned":[1,7,12],"killed_by":"Gremlin Nob","ascension_level":20}}