{"host":"17uzppmr1r5fe5jj","time":1612088632,"event":{"mods":["BaseMod","Colored Map","HololiveMod","Minty Spire (QoL Compilation)","Quick Restart","StSLib"],"gold_per_floor":[83,83,83,8,21,52,76,76,76,76,101,101,124,143,143,268,268,284,284,284,297,297,297,297,297,323,71,85,85,85],"floor_reached":29,"language":"ZHS","playtime":1774,"items_purged":["Hololive_Strike"],"score":323,"play_id":"0efdd3f4-4038-4b8d-a348-d414482b8010","local_time":"20210131182352","is_ascension_mode":false,"campfire_choices":[{"data":"Hololive_CallNakiriAyame","floor":10.0,"key":"SMITH"},{"data":"Hololive_CallAZKi","floor":12.0,"key":"SMITH"},{"floor":15.0,"key":"REST"},{"floor":23.0,"key":"REST"},{"data":"Hololive_CallHimemoriLuna","floor":25.0,"key":"SMITH"}],"circlet_count":0,"master_deck":["Hololive_CallNakiriAyame+1","Hololive_CallMurasakiShion","Hololive_CallMinatoAqua","Hololive_Defend","Hololive_Defend","Hololive_Defend","Hololive_Trident","Hololive_Drill","Hololive_CandyCastle","Hololive_DiamondStrike","Hololive_SoulCatcher","Hololive_CallAZKi+1","Hololive_CallHimemoriLuna+1","Hololive_Rebirth","Hololive_CocoNews","Hololive_CallYukihanaLamy","Bite","Bite","Bite","Bite","Bite","Hololive_StrengthChampion"],"relics":["Hololive_TheStar","Hololive_Yo","NeowsBlessing","Golden Idol","Letter Opener","Toy Ornithopter","Black Star","Nilry\u0027s Codex","Question Card","Dream Catcher","Kunai"],"acts_visited":["Exordium","TheCity"],"potions_floor_usage":[],"damage_taken":[{"damage":0.0,"enemies":"2 Louse","floor":1.0,"turns":1.0},{"damage":0.0,"enemies":"Cultist","floor":5.0,"turns":1.0},{"damage":0.0,"enemies":"Gremlin Nob","floor":6.0,"turns":1.0},{"damage":5.0,"enemies":"Small Slimes","floor":7.0,"turns":5.0},{"damage":12.0,"enemies":"Exordium Thugs","floor":11.0,"turns":6.0},{"damage":0.0,"enemies":"3 Louse","floor":13.0,"turns":4.0},{"damage":0.0,"enemies":"Large Slime","floor":14.0,"turns":7.0},{"damage":0.0,"enemies":"The Guardian","floor":16.0,"turns":13.0},{"damage":0.0,"enemies":"Chosen","floor":18.0,"turns":7.0},{"damage":2.0,"enemies":"Spheric Guardian","floor":21.0,"turns":10.0},{"damage":2.0,"enemies":"Snake Plant","floor":28.0,"turns":9.0},{"damage":35,"enemies":"3 Cultists","floor":29,"turns":6}],"seed_played":"-6387764505383395470","potions_obtained":[{"floor":3.0,"key":"Weak Potion"},{"floor":3.0,"key":"EssenceOfSteel"},{"floor":3.0,"key":"Dexterity Potion"},{"floor":6.0,"key":"Strength Potion"},{"floor":13.0,"key":"Fire Potion"},{"floor":28.0,"key":"Ancient Potion"}],"is_trial":false,"path_per_floor":["M","?","?","$","M","E","M","$","T","R","M","R","M","M","R","B",null,"M","?","T","M","?","R","?","R","T","$","M","M"],"character_chosen":"Hololive_HololiveCharacter","items_purchased":["Kunai"],"campfire_rested":2,"item_purchase_floors":[27],"current_hp_per_floor":[35,27,27,27,27,27,22,22,22,22,23,23,23,23,33,35,35,35,19,19,17,17,27,24,24,24,24,24,0,0],"gold":85,"neow_bonus":"THREE_ENEMY_KILL","is_daily":false,"chose_seed":false,"campfire_upgraded":3,"win_rate":0.0,"timestamp":1612088632,"path_taken":["M","?","?","$","?","E","M","?","T","R","M","R","M","M","R","BOSS","M","?","?","M","?","R","?","R","T","$","?","M"],"items_purchased_type":["Relic"],"build_version":"2020-12-22","purchased_purges":1,"victory":false,"max_hp_per_floor":[35,35,35,35,35,35,35,35,35,35,35,35,35,35,35,35,35,35,35,35,35,35,35,24,24,24,24,24,24,24],"card_choices":[{"not_picked":["Hololive_CallTokoyamiTowa","Hololive_CallSpadeEcho","Hololive_HuntDinosaur"],"picked":"Hololive_Drill","floor":1.0},{"not_picked":["Hololive_LuckPotion","Hololive_Sequa","Hololive_Breathe"],"picked":"Hololive_CandyCastle","floor":5.0},{"not_picked":["Hololive_ILoveYou","Hololive_LuckPotion","Hololive_OvertimeWork"],"picked":"Hololive_DiamondStrike","floor":6.0},{"not_picked":["Hololive_HuntDinosaur","Hololive_LuckPotion","Hololive_Breathe"],"picked":"Hololive_SoulCatcher","floor":7.0},{"not_picked":["Hololive_Psychosis","Hololive_CallTokoyamiTowa","Hololive_OvertimeWork"],"picked":"Hololive_CallAZKi","floor":11.0},{"not_picked":["Hololive_CallShiroganeNoel","Hololive_DiamondStrike","Hololive_CallUruhaRushia"],"picked":"Hololive_CallHimemoriLuna","floor":13.0},{"not_picked":["Hololive_CallManoAloe","Hololive_Psychosis","Hololive_Sequa","Hololive_CallTokinoSora"],"picked":"SKIP","floor":14.0},{"not_picked":["Hololive_MaximGun","Hololive_OpenUp","Hololive_ScarfAndHalo"],"picked":"Hololive_Rebirth","floor":16.0},{"not_picked":["Hololive_CallTsunomakiWatame+1","Hololive_CallShirakamiFubuki+1","Hololive_OvertimeWork"],"picked":"Hololive_CocoNews","floor":18.0},{"not_picked":["Hololive_Trident","Hololive_Psychosis","Hololive_HuntDinosaur","Hololive_OvertimeWork+1"],"picked":"Hololive_CallYukihanaLamy","floor":21.0},{"not_picked":["Hololive_OvertimeWork+1","Hololive_Psychosis","Hololive_CallMomosuzuNene","Hololive_HuntDinosaur"],"picked":"Hololive_StrengthChampion","floor":28.0}],"player_experience":241643,"relics_obtained":[{"floor":6.0,"key":"Letter Opener"},{"floor":9.0,"key":"Toy Ornithopter"},{"floor":19.0,"key":"Nilry\u0027s Codex"},{"floor":20.0,"key":"Question Card"},{"floor":26.0,"key":"Dream Catcher"}],"event_choices":[{"damage_healed":0.0,"max_hp_gain":0.0,"max_hp_loss":0.0,"gold_gain":0.0,"event_name":"Golden Idol","player_choice":"Take Damage","floor":2.0,"gold_loss":0.0,"damage_taken":8.0,"relics_obtained":["Golden Idol"]},{"damage_healed":0.0,"max_hp_gain":0.0,"max_hp_loss":0.0,"gold_gain":0.0,"event_name":"Lab","player_choice":"Got Potions","floor":3.0,"gold_loss":0.0,"damage_taken":0.0},{"damage_healed":0.0,"max_hp_gain":0.0,"max_hp_loss":0.0,"gold_gain":0.0,"event_name":"Cursed Tome","player_choice":"Obtained Book","floor":19.0,"gold_loss":0.0,"damage_taken":16.0},{"damage_healed":0.0,"max_hp_gain":0.0,"max_hp_loss":0.0,"gold_gain":0.0,"event_name":"Ghosts","player_choice":"Ignored","floor":22.0,"gold_loss":0.0,"damage_taken":0.0},{"damage_healed":0.0,"max_hp_gain":0.0,"max_hp_loss":11.0,"gold_gain":0.0,"event_name":"Vampires","player_choice":"Became a vampire","floor":24.0,"gold_loss":0.0,"damage_taken":0.0,"cards_obtained":["Bite","Bite","Bite","Bite","Bite"]}],"is_beta":false,"boss_relics":[{"not_picked":["Ectoplasm","Philosopher\u0027s Stone"],"picked":"Black Star"}],"items_purged_floors":[4],"is_endless":false,"potions_floor_spawned":[6,7,13,28],"killed_by":"3 Cultists","ascension_level":0}}