{"host":"cijhj3091wf4aho3","time":1612062364,"event":{"mods":["BaseMod","Colored Map","Colored Powertips","Downfall","Friendly Minions","GifTheSpireLib","Highlight Path","Minty Spire (QoL Compilation)","Permanent Neow","Random Character Button","Relic Sorter","Relic Stats","StSLib","everything is the same but u backflip on backflip","slay the spire mod where everything is the same but ironclad has a cowboy hat"],"gold_per_floor":[99,117,140,153,153,53,53,114,114,11,46,6,156,173,191,286,286,286,300,318,335,385,470,496,516,599,617,629,662,712,731,742,838,838,638,688,738,757,807,807,830,842,163,177,211,61,61,90,104,104,104,137,49,49,49,49],"floor_reached":57,"language":"ENG","playtime":3304,"items_purged":["bronze:Strike","bronze:TinkerersToolbox","bronze:Defend","bronze:Defend"],"score":1641,"play_id":"d78b5bd8-e8a4-4477-a982-05c0662def38","local_time":"20210130190604","is_ascension_mode":true,"campfire_choices":[{"floor":1,"key":"RECALL"},{"data":"bronze:CutThrough","floor":6,"key":"SMITH"},{"data":"bronze:Terminator","floor":9,"key":"SMITH"},{"data":"bronze:Format","floor":18,"key":"SMITH"},{"data":"bronze:HardenedForm","floor":35,"key":"SMITH"},{"data":"bronze:Boost","floor":40,"key":"SMITH"},{"data":"bronze:Iterate","floor":42,"key":"SMITH"},{"data":"bronze:Philosophize","floor":47,"key":"SMITH"},{"data":"bronze:BronzeArmor","floor":54,"key":"SMITH"}],"circlet_count":0,"master_deck":["bronze:Iterate+1","bronze:MaxOutput+1","bronze:FunctionCard","bronze:Format+1","bronze:DelayedSlice+1","bronze:TinkerersToolbox+1","bronze:Repulsor+1","bronze:Shield+1","bronze:HardenedForm+1","bronze:Boost+1","bronze:Philosophize+1","bronze:ItsAFeature","bronze:BronzeArmor+1"],"relics":["bronze:BronzeCore","Akabeko","SsserpentHead","downfall:HeartBlessingRed","Matryoshka","hexamod:Sixitude","Astrolabe","Bag of Marbles","Tiny Chest","Red Mask","hexamod:CandleOfCauterizing","Sozu","downfall:HeartBlessingGreen","downfall:HeartBlessingBlue","Guardian:PocketSentry","Blue Candle","MawBank","Shuriken","Bottled Lightning","CeramicFish","Centennial Puzzle","Boot"],"acts_visited":["Exordium","TheCity","TheBeyond","TheEnding"],"potions_floor_usage":[13,16,56,56,56],"damage_taken":[{"damage":0,"enemies":"Cultist","floor":2,"turns":3},{"damage":2,"enemies":"Jaw Worm","floor":4,"turns":2},{"damage":0,"enemies":"2 Louse","floor":8,"turns":2},{"damage":0,"enemies":"downfall:FleeingMerchant","floor":10,"turns":4},{"damage":15,"enemies":"Lagavulin","floor":11,"turns":3},{"damage":5,"enemies":"downfall:FleeingMerchant","floor":12,"turns":4},{"damage":7,"enemies":"downfall:Heads","floor":13,"turns":2},{"damage":15,"enemies":"Large Slime","floor":14,"turns":9},{"damage":0,"enemies":"Red Slaver","floor":15,"turns":1},{"damage":0,"enemies":"WA_ARCHETYPE_RETAIN","floor":16,"turns":3},{"damage":0,"enemies":"3 Byrds","floor":19,"turns":1},{"damage":0,"enemies":"Shell Parasite","floor":20,"turns":1},{"damage":0,"enemies":"Centurion and Healer","floor":21,"turns":1},{"damage":0,"enemies":"downfall:FleeingMerchant","floor":23,"turns":2},{"damage":0,"enemies":"Chosen and Byrds","floor":25,"turns":2},{"damage":0,"enemies":"Masked Bandits","floor":26,"turns":1},{"damage":0,"enemies":"Sentry and Sphere","floor":27,"turns":2},{"damage":0,"enemies":"Centurion and Healer","floor":28,"turns":2},{"damage":0,"enemies":"Book of Stabbing","floor":29,"turns":2},{"damage":0,"enemies":"Cultist and Chosen","floor":31,"turns":2},{"damage":0,"enemies":"Snecko","floor":32,"turns":3},{"damage":4,"enemies":"SI_MIRROR_ARCHETYPE","floor":33,"turns":3},{"damage":0,"enemies":"3 Darklings","floor":38,"turns":1},{"damage":0,"enemies":"Orb Walker","floor":44,"turns":1},{"damage":0,"enemies":"Giant Head","floor":45,"turns":4},{"damage":0,"enemies":"Nemesis","floor":48,"turns":3},{"damage":0,"enemies":"Jaw Worm Horde","floor":49,"turns":1},{"damage":10,"enemies":"IC_BLOCK_ARCHETYPE","floor":50,"turns":6},{"damage":0,"enemies":"downfall:CharBossMerchant","floor":52,"turns":6},{"damage":10,"enemies":"downfall:NeowBoss","floor":55,"turns":7},{"damage":3,"enemies":"downfall:NeowBossFinal","floor":56,"turns":6}],"seed_played":"-7789395331435218410","potions_obtained":[{"floor":4,"key":"Dexterity Potion"},{"floor":8,"key":"bronze:BurnAndBuffPotion"},{"floor":14,"key":"SpeedPotion"},{"floor":15,"key":"Strength Potion"},{"floor":19,"key":"sneckomod:MuddlingPotion"},{"floor":21,"key":"Explosive Potion"},{"floor":26,"key":"Block Potion"}],"is_trial":false,"path_per_floor":["R","M","T","M","?","R","T","M","R","$","E","$","?","M","M","B",null,"R","M","M","M","?","$","T","M","?","M","M","E","?","M","M","B",null,"R","?","T","M","?","R","T","R","$","M","E","$","R","E","M","B",null,"E","$","R","B","B",null],"character_chosen":"THE_AUTOMATON","items_purchased":["bronze:Iterate","bronze:MaxOutput","Bag of Marbles","bronze:Philosophize","Shuriken","Bottled Lightning","bronze:ItsAFeature","bronze:BronzeArmor"],"campfire_rested":0,"item_purchase_floors":[10,10,23,43,43,43,53,53],"current_hp_per_floor":[70,70,70,68,68,68,68,68,68,68,53,48,41,26,26,26,70,70,70,70,70,57,57,57,57,57,57,57,57,57,57,57,53,75,85,85,85,85,85,85,85,85,85,85,85,85,85,85,85,75,85,85,85,85,75,72],"gold":49,"neow_bonus":"UPGRADE_CARD","is_daily":false,"chose_seed":false,"campfire_upgraded":8,"win_rate":0.0,"timestamp":1612062364,"path_taken":["R","M","?","?","?","R","T","?","R","$","E","?","?","M","M","BOSS","R","M","M","M","?","$","T","M","?","M","M","E","?","M","M","BOSS","R","?","?","M","?","R","T","R","$","M","E","$","R","E","M","BOSS","E","$","R","BOSS","BOSS"],"items_purchased_type":["Card","Card","Relic","Card","Relic","Relic","Card","Card"],"build_version":"2020-12-22","purchased_purges":4,"victory":true,"max_hp_per_floor":[70,70,70,70,70,70,70,70,70,70,70,70,70,70,70,70,70,70,70,70,70,75,75,75,75,75,75,75,75,75,75,75,75,75,85,85,85,85,85,85,85,85,85,85,85,85,85,85,85,85,85,85,85,85,85,85],"relic_stats":{"Sozu":3,"SsserpentHead":450,"Centennial Puzzle":[9],"counters":[31,90],"Shuriken":[24],"Astrolabe":["bronze:DelayedSlice","bronze:ForLoop","bronze:TinkerersToolbox"],"Blue Candle":[1],"CeramicFish":18,"Tiny Chest":1,"MawBank":24,"Boot":[8],"obtain_stats":[{"hexamod:CandleOfCauterizing":29,"bronze:BronzeCore":0,"downfall:HeartBlessingRed":6,"Astrolabe":17,"Blue Candle":37,"CeramicFish":45,"hexamod:Sixitude":11,"downfall:HeartBlessingGreen":35,"Guardian:PocketSentry":37,"MawBank":41,"Boot":52,"Akabeko":3,"Sozu":34,"SsserpentHead":5,"Centennial Puzzle":48,"Matryoshka":7,"downfall:HeartBlessingBlue":35,"Shuriken":43,"Tiny Chest":24,"Bag of Marbles":23,"Red Mask":26,"Bottled Lightning":43},{"hexamod:CandleOfCauterizing":19,"bronze:BronzeCore":0,"downfall:HeartBlessingRed":2,"Astrolabe":10,"Blue Candle":22,"CeramicFish":25,"hexamod:Sixitude":5,"downfall:HeartBlessingGreen":22,"Guardian:PocketSentry":22,"MawBank":23,"Boot":29,"Akabeko":1,"Sozu":22,"SsserpentHead":2,"Centennial Puzzle":26,"Matryoshka":2,"downfall:HeartBlessingBlue":22,"Shuriken":23,"Tiny Chest":14,"Bag of Marbles":14,"Red Mask":16,"Bottled Lightning":23},{"hexamod:CandleOfCauterizing":47,"bronze:BronzeCore":0,"downfall:HeartBlessingRed":5,"Astrolabe":33,"Blue Candle":55,"CeramicFish":61,"hexamod:Sixitude":14,"downfall:HeartBlessingGreen":55,"Guardian:PocketSentry":55,"MawBank":56,"Boot":77,"Akabeko":3,"Sozu":55,"SsserpentHead":5,"Centennial Puzzle":64,"Matryoshka":5,"downfall:HeartBlessingBlue":55,"Shuriken":56,"Tiny Chest":38,"Bag of Marbles":38,"Red Mask":41,"Bottled Lightning":56}]},"card_choices":[{"not_picked":["bronze:DelayedSlice","bronze:ForLoop"],"picked":"bronze:Terminator","floor":2},{"not_picked":["bronze:Repulsor","bronze:Shield"],"picked":"bronze:CutThrough","floor":4},{"not_picked":["bronze:BugBarrage","bronze:Safeguard","bronze:BitShift"],"picked":"SKIP","floor":8},{"not_picked":["bronze:BuggyMess","bronze:BurnOut","bronze:OilSpill"],"picked":"SKIP","floor":10},{"not_picked":["bronze:BugBarrage","bronze:Branch","bronze:CloningBeam"],"picked":"SKIP","floor":11},{"not_picked":["bronze:Invalidate","bronze:Separator","bronze:CloningBeam"],"picked":"SKIP","floor":12},{"not_picked":["bronze:Shell","bronze:Repulsor"],"picked":"bronze:TinkerersToolbox","floor":14},{"not_picked":["bronze:BugBarrage","bronze:Invalidate","bronze:Overheat"],"picked":"SKIP","floor":15},{"not_picked":["bronze:Assembly","bronze:Break"],"picked":"bronze:Format","floor":16},{"not_picked":["bronze:Separator","bronze:Optimize+1","bronze:Frontload"],"picked":"SKIP","floor":19},{"not_picked":["bronze:ForLoop","bronze:DelayedGuard","bronze:Invalidate"],"picked":"SKIP","floor":20},{"not_picked":["bronze:ItsAFeature","bronze:Backtrace","bronze:BuggyMess+1"],"picked":"SKIP","floor":21},{"not_picked":["bronze:Safeguard","bronze:Shield","bronze:CutThrough"],"picked":"SKIP","floor":23},{"not_picked":["bronze:Frontload","bronze:WildBeam+1","bronze:FollowUp"],"picked":"SKIP","floor":25},{"not_picked":["bronze:Turbo","bronze:MaxOutput"],"picked":"bronze:Repulsor+1","floor":27},{"not_picked":["bronze:OilSpill","bronze:DigitalCarnage"],"picked":"bronze:Shield+1","floor":28},{"not_picked":["bronze:ChosenStrike","bronze:DigitalCarnage+1","bronze:WildBeam"],"picked":"SKIP","floor":29},{"not_picked":["bronze:DelayedGuard+1","bronze:FindAndReplace","bronze:Iterate"],"picked":"SKIP","floor":31},{"not_picked":["bronze:Shield","bronze:OilSpill","bronze:DelayedSlice"],"picked":"SKIP","floor":32},{"not_picked":["bronze:ShipIt","bronze:Mutator"],"picked":"bronze:HardenedForm","floor":33},{"not_picked":["bronze:Constructor+1","bronze:ChildClass","bronze:Frontload"],"picked":"SKIP","floor":38},{"not_picked":["bronze:Shield","bronze:BurnOut","bronze:BugBarrage"],"picked":"SKIP","floor":44},{"not_picked":["bronze:WhirlingStrike","bronze:BronzeArmor+1","bronze:Deprecate"],"picked":"SKIP","floor":45},{"not_picked":["bronze:Optimize","bronze:CutThrough","bronze:Refactor+1"],"picked":"SKIP","floor":48},{"not_picked":["bronze:DarkDash","bronze:Flail+1","bronze:BuggyMess"],"picked":"SKIP","floor":49},{"not_picked":["bronze:ChosenStrike+1","bronze:Turbo+1","bronze:FollowUp+1"],"picked":"SKIP","floor":52}],"player_experience":533271,"relics_obtained":[{"floor":3,"key":"Akabeko"},{"floor":7,"key":"Matryoshka"},{"floor":11,"key":"hexamod:Sixitude"},{"floor":24,"key":"Tiny Chest"},{"floor":26,"key":"Red Mask"},{"floor":29,"key":"hexamod:CandleOfCauterizing"},{"floor":37,"key":"Guardian:PocketSentry"},{"floor":37,"key":"Blue Candle"},{"floor":41,"key":"MawBank"},{"floor":45,"key":"CeramicFish"},{"floor":48,"key":"Centennial Puzzle"},{"floor":52,"key":"Boot"}],"event_choices":[{"damage_healed":0,"gold_gain":0,"player_choice":"Trade","damage_taken":0,"relics_obtained":["SsserpentHead"],"max_hp_gain":0,"max_hp_loss":0,"event_name":"FaceTrader","floor":5,"gold_loss":0},{"damage_healed":0,"gold_gain":0,"player_choice":"Fought Bandits","damage_taken":0,"max_hp_gain":0,"max_hp_loss":0,"event_name":"Masked Bandits","floor":26,"gold_loss":0}],"is_beta":false,"boss_relics":[{"not_picked":["bronze:MakeshiftBattery","SlaversCollar"],"picked":"Astrolabe"},{"not_picked":["Black Star","Cursed Key"],"picked":"Sozu"}],"items_purged_floors":[12,23,43,46],"is_endless":false,"potions_floor_spawned":[4,8,14,15,19,21,26,29,33,48,49,52],"ascension_level":3}}