{"host":"syozzdlzcqop4jia","time":1612072916,"event":{"mods":["BaseMod","Colored Map","Colored Powertips","Minty Spire (QoL Compilation)","Quick Restart"],"gold_per_floor":[111,121,138,157,60,76,76,118,143,177,177,177,177,203,203,316,397,417,417,437,437,437],"floor_reached":21,"language":"ENG","playtime":1227,"items_purged":[],"score":229,"play_id":"ff9fe6db-29a6-45ed-8021-f2ce48fbadd3","local_time":"20210131070156","is_ascension_mode":true,"campfire_choices":[{"data":"Perfected Strike","floor":11,"key":"SMITH"},{"data":"Perfected Strike","floor":13,"key":"SMITH"},{"floor":15,"key":"REST"}],"circlet_count":0,"master_deck":["Bash","Seeing Red+1","Heavy Blade","Pommel Strike","Perfected Strike+1","Perfected Strike+1","Shrug It Off","Anger","Double Tap","Shrug It Off","Carnage","Berserk","Shockwave","Rupture","Dark Embrace","Rage","Inflame+1","Body Slam","Rupture","Inflame","Dark Embrace","Battle Trance","Perfected Strike+1"],"relics":["Burning Blood","CeramicFish","Happy Flower","Pen Nib","Pandora\u0027s Box"],"acts_visited":["Exordium","TheCity"],"potions_floor_usage":[18],"damage_taken":[{"damage":9.0,"enemies":"Jaw Worm","floor":1.0,"turns":5.0},{"damage":7.0,"enemies":"Small Slimes","floor":2.0,"turns":4.0},{"damage":1.0,"enemies":"Cultist","floor":3.0,"turns":4.0},{"damage":11.0,"enemies":"Blue Slaver","floor":4.0,"turns":3.0},{"damage":2.0,"enemies":"2 Fungi Beasts","floor":6.0,"turns":3.0},{"damage":10,"enemies":"Gremlin Nob","floor":8,"turns":3},{"damage":30,"enemies":"Lagavulin","floor":10,"turns":4},{"damage":14,"enemies":"Exordium Thugs","floor":14,"turns":3},{"damage":31,"enemies":"The Guardian","floor":16,"turns":6},{"damage":52,"enemies":"2 Thieves","floor":18,"turns":4},{"damage":27,"enemies":"Shell Parasite","floor":20,"turns":3},{"damage":34,"enemies":"Centurion and Healer","floor":21,"turns":5}],"seed_played":"1854279924311424408","potions_obtained":[{"floor":1.0,"key":"Regen Potion"},{"floor":3.0,"key":"ElixirPotion"},{"floor":6.0,"key":"FearPotion"}],"is_trial":false,"path_per_floor":["M","M","M","M","$","M","?","E","T","E","R","?","R","M","R","B",null,"M","?","M","M"],"character_chosen":"IRONCLAD","items_purchased":["Perfected Strike","Shrug It Off"],"campfire_rested":1,"item_purchase_floors":[5,5],"current_hp_per_floor":[85,84,88,83,83,87,87,83,83,59,59,59,59,51,77,52,88,47,47,26,0,0],"gold":437,"neow_bonus":"TEN_PERCENT_HP_BONUS","is_daily":false,"chose_seed":false,"campfire_upgraded":2,"win_rate":0.0,"timestamp":1612072916,"path_taken":["M","M","M","M","$","M","?","E","T","E","R","?","R","M","R","BOSS","M","?","?","M"],"items_purchased_type":["Card","Card"],"build_version":"2020-12-22","purchased_purges":0,"victory":false,"max_hp_per_floor":[88,88,88,88,88,88,88,88,88,88,88,88,88,88,88,88,88,88,88,88,88,88],"card_choices":[{"not_picked":["Disarm","Rage"],"picked":"Seeing Red","floor":1.0},{"not_picked":["Blood for Blood","Dropkick"],"picked":"Heavy Blade","floor":2.0},{"not_picked":["Clash","Seeing Red"],"picked":"Pommel Strike","floor":3.0},{"not_picked":["Flex","Twin Strike"],"picked":"Perfected Strike","floor":4.0},{"not_picked":["Blood for Blood","Clash"],"picked":"Anger","floor":6.0},{"not_picked":["Rupture","Warcry"],"picked":"Double Tap","floor":8},{"not_picked":["Second Wind","Evolve"],"picked":"Shrug It Off","floor":10},{"not_picked":["Heavy Blade","Rupture"],"picked":"Carnage","floor":14},{"not_picked":["Juggernaut","Barricade"],"picked":"Berserk","floor":16},{"not_picked":["Dark Embrace+1","Clash"],"picked":"Battle Trance","floor":18},{"not_picked":["Dark Embrace","Rampage"],"picked":"Perfected Strike+1","floor":20}],"player_experience":481763,"relics_obtained":[{"floor":8,"key":"CeramicFish"},{"floor":9,"key":"Happy Flower"},{"floor":10,"key":"Pen Nib"}],"event_choices":[{"damage_healed":0.0,"max_hp_gain":0.0,"max_hp_loss":0.0,"gold_gain":0.0,"event_name":"Living Wall","player_choice":"Grow","floor":7.0,"gold_loss":0.0,"damage_taken":0.0,"cards_upgraded":["Seeing Red"]},{"damage_healed":0,"gold_gain":0,"player_choice":"Ignored","damage_taken":0,"max_hp_gain":0,"max_hp_loss":0,"event_name":"Golden Idol","floor":12,"gold_loss":0},{"damage_healed":0,"gold_gain":0,"player_choice":"Upgraded","damage_taken":0,"max_hp_gain":0,"max_hp_loss":0,"event_name":"Upgrade Shrine","floor":19,"gold_loss":0,"cards_upgraded":["Inflame"]}],"is_beta":false,"boss_relics":[{"not_picked":["Coffee Dripper","Runic Pyramid"],"picked":"Pandora\u0027s Box"}],"items_purged_floors":[],"is_endless":false,"potions_floor_spawned":[1,3,6,14],"killed_by":"Centurion and Healer","ascension_level":4}}