{"host":"k5yjj86hwv5qv2gx","time":1612136797,"event":{"mods":["BaseMod","BetterRewards","Minty Spire (QoL Compilation)","StSLib"],"gold_per_floor":[114,131,147,147,118,147,164,198,225,245,245,520,551,569,569,646,646,663,663,663,663,674,703,703,731,731,777,457,457,487,503,503,582,582,598,100,149,164,164,193,0,32,82,116,133,167,167,192,192,192,192,192,192,24,59,59],"floor_reached":57,"language":"ENG","playtime":2877,"items_purged":["Strike_R","Strike_R","Defend_R","Strike_R","Strike_R+1"],"score":4553,"play_id":"5fba4c53-7691-494c-9a4f-b87f669f4d37","local_time":"20210131154637","is_ascension_mode":true,"campfire_choices":[{"data":"Searing Blow","floor":11,"key":"SMITH"},{"data":"Searing Blow+1","floor":15,"key":"SMITH"},{"data":"Searing Blow+2","floor":24,"key":"SMITH"},{"data":"Searing Blow+3","floor":29,"key":"SMITH"},{"data":"Searing Blow+4","floor":32,"key":"SMITH"},{"floor":49,"key":"RECALL"},{"data":"Searing Blow+5","floor":53,"key":"SMITH"}],"circlet_count":0,"master_deck":["AscendersBane","Defend_R","Defend_R+1","Defend_R","Bash","Searing Blow+6","Corruption","Armaments+1","Feel No Pain","Impervious","Armaments","Shrug It Off","Fiend Fire","Seeing Red+1"],"relics":["Burning Blood","FossilizedHelix","Medical Kit","TungstenRod","Omamori","Art of War","Toy Ornithopter","Dead Branch","Regal Pillow","Orichalcum","Mango","Calipers","Eternal Feather","Whetstone","War Paint","Centennial Puzzle","Runic Dome","Nilry\u0027s Codex","MealTicket","FaceOfCleric","InkBottle","Gambling Chip","MawBank","Vajra","Happy Flower","Bronze Scales","Coffee Dripper","Lantern","Blood Vial","Incense Burner","Boot","Red Mask","Darkstone Periapt","Bag of Preparation","HornCleat","Potion Belt","StoneCalendar","Red Skull","StrikeDummy"],"acts_visited":["Exordium","TheCity","TheBeyond","TheEnding"],"potions_floor_usage":[56,56],"damage_taken":[{"damage":0,"enemies":"Cultist","floor":1,"turns":3},{"damage":0,"enemies":"Small Slimes","floor":2,"turns":4},{"damage":0,"enemies":"2 Louse","floor":3,"turns":3},{"damage":0,"enemies":"Lagavulin","floor":6,"turns":8},{"damage":0,"enemies":"2 Fungi Beasts","floor":7,"turns":3},{"damage":0,"enemies":"3 Sentries","floor":8,"turns":4},{"damage":0,"enemies":"Lots of Slimes","floor":10,"turns":2},{"damage":0,"enemies":"Lagavulin","floor":13,"turns":5},{"damage":0,"enemies":"Looter","floor":14,"turns":2},{"damage":7,"enemies":"Hexaghost","floor":16,"turns":8},{"damage":0,"enemies":"Shell Parasite","floor":18,"turns":4},{"damage":0,"enemies":"Chosen","floor":22,"turns":4},{"damage":0,"enemies":"Book of Stabbing","floor":23,"turns":4},{"damage":13,"enemies":"Slavers","floor":25,"turns":4},{"damage":0,"enemies":"Gremlin Leader","floor":27,"turns":6},{"damage":6,"enemies":"Slavers","floor":30,"turns":4},{"damage":0,"enemies":"Snake Plant","floor":31,"turns":3},{"damage":0,"enemies":"Collector","floor":33,"turns":6},{"damage":2,"enemies":"3 Shapes","floor":35,"turns":3},{"damage":0,"enemies":"2 Orb Walkers","floor":37,"turns":2},{"damage":0,"enemies":"Orb Walker","floor":38,"turns":2},{"damage":0,"enemies":"Reptomancer","floor":40,"turns":2},{"damage":0,"enemies":"Nemesis","floor":42,"turns":3},{"damage":0,"enemies":"Giant Head","floor":44,"turns":1},{"damage":0,"enemies":"Jaw Worm Horde","floor":45,"turns":1},{"damage":0,"enemies":"Reptomancer","floor":46,"turns":3},{"damage":0,"enemies":"Mind Bloom Boss Battle","floor":48,"turns":1},{"damage":0,"enemies":"Donu and Deca","floor":50,"turns":5},{"damage":0,"enemies":"Time Eater","floor":51,"turns":3},{"damage":0,"enemies":"Shield and Spear","floor":55,"turns":1},{"damage":0,"enemies":"The Heart","floor":56,"turns":7}],"seed_played":"6836348674047249260","potions_obtained":[{"floor":1,"key":"Ancient Potion"},{"floor":14,"key":"BloodPotion"},{"floor":48,"key":"LiquidBronze"}],"is_trial":false,"path_per_floor":["M","M","M","$","$","E","M","E","T","M","R","?","E","M","R","B",null,"M","?","?","?","M","E","R","E","T","E","$","R","E","M","R","B",null,"M","$","?","M","?","E","?","E","T","E","M","E","?","?","R","B","B",null,"R","$","E","B",null],"character_chosen":"IRONCLAD","items_purchased":["Medical Kit","TungstenRod","Omamori","Searing Blow","Art of War","Toy Ornithopter","Corruption","PowerPotion","Regal Pillow","Orichalcum","Eternal Feather","Armaments","Happy Flower","Shrug It Off","Lantern","Blood Vial","Red Skull"],"campfire_rested":0,"item_purchase_floors":[0,0,0,0,0,0,0,0,0,0,0,5,28,28,36,36,54],"current_hp_per_floor":[40,46,52,52,52,58,64,70,70,76,82,82,88,89,89,88,89,89,72,72,72,79,86,91,85,85,92,93,93,94,95,95,96,96,97,97,98,99,94,95,95,96,96,97,98,99,99,100,100,101,102,102,102,102,103,104],"gold":59,"neow_bonus":"","is_daily":false,"chose_seed":false,"campfire_upgraded":6,"win_rate":0.0,"timestamp":1612136797,"path_taken":["M","M","M","?","$","E","M","E","T","M","R","?","E","M","R","BOSS","M","?","?","?","M","E","R","E","T","E","$","R","E","?","R","BOSS","M","$","?","M","?","E","?","E","T","E","?","E","?","?","R","BOSS","BOSS","R","$","E","BOSS"],"items_purchased_type":["Relic","Relic","Relic","Card","Relic","Relic","Card","Potion","Relic","Relic","Relic","Card","Relic","Card","Relic","Relic","Relic"],"build_version":"2020-12-22","purchased_purges":5,"victory":true,"max_hp_per_floor":[89,89,89,89,89,89,89,89,89,89,89,89,89,89,89,89,89,89,89,89,89,90,91,91,92,92,93,93,93,94,95,95,96,96,97,97,98,99,94,95,95,96,96,97,98,99,99,100,100,101,102,102,102,102,103,104],"card_choices":[{"not_picked":["Rage","Headbutt","Clash"],"picked":"SKIP","floor":1},{"not_picked":["Ghostly Armor","Reckless Charge","Dual Wield"],"picked":"SKIP","floor":2},{"not_picked":["Shrug It Off","Clothesline","Sword Boomerang"],"picked":"SKIP","floor":3},{"not_picked":["Rupture","Heavy Blade"],"picked":"Feel No Pain","floor":6},{"not_picked":["Dropkick","Thunderclap","Immolate"],"picked":"SKIP","floor":7},{"not_picked":["Flex","Clothesline","Sword Boomerang"],"picked":"SKIP","floor":8},{"not_picked":["Rampage","Burning Pact","Dark Embrace"],"picked":"SKIP","floor":10},{"not_picked":["Carnage","Rupture","Whirlwind"],"picked":"SKIP","floor":13},{"not_picked":["Intimidate","Anger","Reckless Charge"],"picked":"SKIP","floor":14},{"not_picked":["Reaper","Bludgeon"],"picked":"Impervious","floor":16},{"not_picked":["Clash+1","Dropkick","Twin Strike"],"picked":"SKIP","floor":18},{"not_picked":["True Grit+1","Blood for Blood"],"picked":"Armaments","floor":22},{"not_picked":["Entrench","Iron Wave","Twin Strike"],"picked":"SKIP","floor":23},{"not_picked":["Cleave","Whirlwind","Body Slam"],"picked":"SKIP","floor":25},{"not_picked":["True Grit","Entrench","Dual Wield"],"picked":"SKIP","floor":27},{"not_picked":["Wild Strike","Entrench","Hemokinesis"],"picked":"SKIP","floor":30},{"not_picked":["Bloodletting","Ghostly Armor","Reckless Charge"],"picked":"SKIP","floor":31},{"not_picked":["Immolate","Brutality"],"picked":"Fiend Fire","floor":33},{"not_picked":["Body Slam","Thunderclap+1","Clash"],"picked":"SKIP","floor":35},{"not_picked":["Burning Pact","Pommel Strike","True Grit"],"picked":"SKIP","floor":38},{"not_picked":["Thunderclap","Anger","Intimidate"],"picked":"SKIP","floor":40},{"not_picked":["Thunderclap","Anger","Intimidate"],"picked":"SKIP","floor":40},{"not_picked":["Carnage","Seeing Red","Exhume"],"picked":"SKIP","floor":42},{"not_picked":["Heavy Blade","Shockwave","Twin Strike+1"],"picked":"SKIP","floor":44},{"not_picked":["Combust","Havoc","Clash+1"],"picked":"SKIP","floor":45},{"not_picked":["Rupture","Ghostly Armor","Heavy Blade"],"picked":"SKIP","floor":46},{"not_picked":["Fiend Fire","Carnage"],"picked":"Seeing Red+1","floor":55}],"player_experience":1156076,"relics_obtained":[{"floor":6,"key":"Whetstone"},{"floor":8,"key":"War Paint"},{"floor":13,"key":"Centennial Puzzle"},{"floor":19,"key":"Nilry\u0027s Codex"},{"floor":23,"key":"InkBottle"},{"floor":25,"key":"Gambling Chip"},{"floor":26,"key":"MawBank"},{"floor":27,"key":"Vajra"},{"floor":30,"key":"Bronze Scales"},{"floor":37,"key":"Incense Burner"},{"floor":40,"key":"Boot"},{"floor":42,"key":"Darkstone Periapt"},{"floor":43,"key":"Bag of Preparation"},{"floor":44,"key":"HornCleat"},{"floor":46,"key":"Potion Belt"},{"floor":48,"key":"StoneCalendar"},{"floor":55,"key":"StrikeDummy"}],"event_choices":[{"damage_healed":0,"gold_gain":275,"player_choice":"Desecrate","damage_taken":0,"max_hp_gain":0,"max_hp_loss":0,"event_name":"Golden Shrine","floor":12,"gold_loss":0,"cards_obtained":["Regret"]},{"damage_healed":0,"gold_gain":0,"player_choice":"Obtained Book","damage_taken":21,"max_hp_gain":0,"max_hp_loss":0,"event_name":"Cursed Tome","floor":19,"gold_loss":0},{"damage_healed":0,"gold_gain":0,"player_choice":"Opened","damage_taken":0,"relics_obtained":["MealTicket"],"max_hp_gain":0,"max_hp_loss":0,"event_name":"The Mausoleum","floor":20,"gold_loss":0,"cards_obtained":["Writhe"]},{"damage_healed":0,"gold_gain":0,"player_choice":"Trade","damage_taken":0,"relics_obtained":["FaceOfCleric"],"max_hp_gain":0,"max_hp_loss":0,"event_name":"FaceTrader","floor":21,"gold_loss":0},{"damage_healed":0,"gold_gain":0,"player_choice":"Fight","damage_taken":0,"max_hp_gain":0,"max_hp_loss":0,"event_name":"Mysterious Sphere","floor":37,"gold_loss":0},{"damage_healed":0,"gold_gain":0,"player_choice":"Max HP","damage_taken":0,"max_hp_gain":0,"max_hp_loss":5,"event_name":"Winding Halls","floor":39,"gold_loss":0},{"damage_healed":0,"gold_gain":0,"player_choice":"Paid","damage_taken":0,"relics_obtained":["Red Mask"],"max_hp_gain":0,"max_hp_loss":0,"event_name":"Tomb of Lord Red Mask","floor":41,"gold_loss":193},{"cards_removed":["Strike_R"],"damage_healed":0,"gold_gain":0,"player_choice":"Removed Attack","damage_taken":0,"max_hp_gain":0,"max_hp_loss":0,"event_name":"Falling","floor":47,"gold_loss":0},{"damage_healed":0,"gold_gain":0,"player_choice":"Fight","damage_taken":0,"max_hp_gain":0,"max_hp_loss":0,"event_name":"MindBloom","floor":48,"gold_loss":0}],"is_beta":false,"boss_relics":[{"not_picked":["Calling Bell","Ectoplasm"],"picked":"Runic Dome"},{"not_picked":["Pandora\u0027s Box","Runic Pyramid"],"picked":"Coffee Dripper"}],"items_purged_floors":[0,0,0,28,36],"is_endless":false,"potions_floor_spawned":[1,3,13,14,18,25,27,31,37,40,42,44,48],"ascension_level":20}}