{"host":"dh4nu8nelr2izibb","time":1612062830,"event":{"mods":["100% Spire Juice","BaseMod","Card Forge","Displayed Cursed Tome","HololiveMod","Marisa????????","Minty Spire (QoL Compilation)","Poor People Problems","Puzzle Mod","Quick Restart","Relic Filter","StSLib","The Marked","The Servant 0.9.4","WarShipGirlsR/????R mod","Yakumo Yukari mod"],"gold_per_floor":[114,131,145,164,178,178,238,264,264,264,264,274,239,271,271,375,375,394,394,410,410,410,410,410,428,428,313,324,356,356,373,373,471,471,484,484,484,322,334,350,362,225,273,323,354,354,354],"floor_reached":46,"language":"ENG","playtime":2052,"items_purged":["Defend_B","Strike_B"],"score":745,"play_id":"e90bcafe-6c75-4b0c-9d44-a61ce031db4d","local_time":"20210130221350","is_ascension_mode":true,"campfire_choices":[{"data":"Self Repair","floor":6.0,"key":"SMITH"},{"data":"Dualcast","floor":10.0,"key":"SMITH"},{"data":"Defragment","floor":15.0,"key":"SMITH"},{"data":"Coolheaded","floor":23.0,"key":"SMITH"},{"floor":30.0,"key":"REST"},{"data":"Creative AI","floor":32.0,"key":"SMITH"}],"circlet_count":0,"master_deck":["AscendersBane","Strike_B","Defend_B","Defend_B","Zap+1","Dualcast+1","Gash","Rebound","Leap","Self Repair+1","Cold Snap","Conserve Battery","Defragment+1","Leap","Electrodynamics","Go for the Eyes+1","Doom and Gloom+1","Loop+1","Hologram+1","Coolheaded+1","Leap+1","Defragment+1","Static Discharge","Creative AI+1","Amplify","Skim+1","Echo Form+1","Hologram+1","White Noise+1","Capacitor","Defragment+1"],"relics":["Cracked Core","Hammer of Thor","Seething Fire","Anvil of the Gods","Omamori","Ancient Tea Set","InkBottle","Mango","Pear","Astrolabe","Blood Vial","Happy Flower","Question Card","Velvet Choker","Juzu Bracelet","CatCart","Mercury Hourglass"],"acts_visited":["Exordium","TheCity","TheBeyond"],"potions_floor_usage":[],"damage_taken":[{"damage":2.0,"enemies":"Jaw Worm","floor":1.0,"turns":3.0},{"damage":5.0,"enemies":"Small Slimes","floor":2.0,"turns":2.0},{"damage":1.0,"enemies":"2 Louse","floor":3.0,"turns":3.0},{"damage":7.0,"enemies":"Looter","floor":4.0,"turns":4.0},{"damage":16.0,"enemies":"Blue Slaver","floor":5.0,"turns":4.0},{"damage":12.0,"enemies":"Gremlin Nob","floor":7.0,"turns":4.0},{"damage":31.0,"enemies":"Lagavulin","floor":8.0,"turns":7.0},{"damage":9.0,"enemies":"3 Louse","floor":12.0,"turns":3.0},{"damage":14.0,"enemies":"3 Sentries","floor":14.0,"turns":10.0},{"damage":39.0,"enemies":"The Guardian","floor":16.0,"turns":13.0},{"damage":28.0,"enemies":"2 Thieves","floor":18.0,"turns":4.0},{"damage":1.0,"enemies":"Chosen","floor":20.0,"turns":4.0},{"damage":23.0,"enemies":"Snake Plant","floor":25.0,"turns":4.0},{"damage":9.0,"enemies":"Sentry and Sphere","floor":28.0,"turns":4.0},{"damage":35.0,"enemies":"Book of Stabbing","floor":29.0,"turns":6.0},{"damage":0.0,"enemies":"Centurion and Healer","floor":31.0,"turns":7.0},{"damage":60.0,"enemies":"Automaton","floor":33.0,"turns":10.0},{"damage":13.0,"enemies":"3 Darklings","floor":35.0,"turns":5.0},{"damage":18.0,"enemies":"Orb Walker","floor":39.0,"turns":3.0},{"damage":9,"enemies":"4 Shapes","floor":40,"turns":3},{"damage":15,"enemies":"3 Darklings","floor":41,"turns":3},{"damage":26,"enemies":"Orin","floor":44,"turns":8},{"damage":4,"enemies":"Giant Head","floor":45,"turns":10},{"damage":32,"enemies":"Writhing Mass","floor":46,"turns":4}],"seed_played":"-8142363049056679312","potions_obtained":[{"floor":2.0,"key":"Swift Potion"},{"floor":3.0,"key":"PowerPotion"},{"floor":5.0,"key":"DuplicationPotion"},{"floor":8.0,"key":"AttackPotion"},{"floor":12.0,"key":"EssenceOfSteel"},{"floor":18.0,"key":"Strength Potion"},{"floor":20.0,"key":"Block Potion"},{"floor":33.0,"key":"BlessingOfTheForge"},{"floor":39.0,"key":"Weak Potion"}],"is_trial":false,"path_per_floor":["M","M","M","M","M","R","?","E","T","R","?","M","?","E","R","B",null,"M","$","M","?","?","R","?","M","T","$","M","E","R","M","R","B",null,"M","?","?","$","M","M","M","$","T","?","E","M"],"character_chosen":"DEFECT","items_purchased":["Defragment","Echo Form","Capacitor"],"campfire_rested":1,"item_purchase_floors":[27,38,42],"current_hp_per_floor":[66,61,60,53,44,44,42,21,35,35,35,36,58,64,64,35,83,65,65,74,65,65,65,65,54,54,54,47,24,53,65,65,17,79,88,88,88,88,82,75,72,72,72,48,56,26,26],"gold":354,"neow_bonus":"RANDOM_COMMON_RELIC","is_daily":false,"chose_seed":false,"campfire_upgraded":5,"win_rate":0.0,"timestamp":1612062830,"path_taken":["M","M","M","M","M","R","?","E","T","R","?","M","?","E","R","BOSS","M","$","M","?","?","R","?","M","T","$","?","E","R","M","R","BOSS","M","?","?","$","?","M","M","$","T","?","E","M"],"items_purchased_type":["Card","Card","Card"],"build_version":"2020-12-22","purchased_purges":2,"victory":false,"max_hp_per_floor":[75,75,75,75,75,75,75,75,89,89,89,89,89,99,99,99,99,99,99,99,99,99,99,99,99,99,99,99,99,99,99,99,99,99,99,99,99,99,99,99,99,99,99,99,99,99,99],"card_choices":[{"not_picked":["Rip and Tear","Chaos"],"picked":"Gash","floor":1.0},{"not_picked":["Turbo","Steam"],"picked":"Rebound","floor":2.0},{"not_picked":["Melter","Sweeping Beam"],"picked":"Leap","floor":3.0},{"not_picked":["Ball Lightning","Fission"],"picked":"Self Repair","floor":4.0},{"not_picked":["Self Repair","Redo"],"picked":"Cold Snap","floor":5.0},{"not_picked":["Steam","Cold Snap"],"picked":"Conserve Battery","floor":7.0},{"not_picked":["Loop","Hyperbeam"],"picked":"Gash","floor":8.0},{"not_picked":["Chill","Coolheaded"],"picked":"Defragment","floor":12.0},{"not_picked":["Go for the Eyes","Coolheaded"],"picked":"Leap","floor":14.0},{"not_picked":["Meteor Strike","Fission"],"picked":"Electrodynamics","floor":16.0},{"not_picked":["Ball Lightning","Loop"],"picked":"Hologram","floor":18.0},{"not_picked":["Streamline","Stack"],"picked":"Coolheaded","floor":20.0},{"not_picked":["Turbo","Barrage"],"picked":"Leap+1","floor":25.0},{"not_picked":["Beam Cell+1","Go for the Eyes+1"],"picked":"Static Discharge","floor":28.0},{"not_picked":["Ball Lightning","Leap"],"picked":"Creative AI","floor":29.0},{"not_picked":["Redo","Loop+1","Doom and Gloom","Streamline"],"picked":"SKIP","floor":31.0},{"not_picked":["Fission","Rainbow","All For One"],"picked":"Amplify","floor":33.0},{"not_picked":["Streamline","Gash","Go for the Eyes"],"picked":"Skim+1","floor":35.0},{"not_picked":["Stack+1","Reinforced Body","Conserve Battery"],"picked":"Hologram+1","floor":39.0},{"not_picked":["Defragment","Coolheaded","Compile Driver"],"picked":"White Noise+1","floor":40},{"not_picked":["Stack","Coolheaded","Genetic Algorithm","Compile Driver"],"picked":"SKIP","floor":41},{"not_picked":["Loop+1","Lockon","Scrape+1"],"picked":"Defragment+1","floor":45}],"player_experience":1144338,"relics_obtained":[{"floor":7.0,"key":"Ancient Tea Set"},{"floor":8.0,"key":"InkBottle"},{"floor":9.0,"key":"Mango"},{"floor":14.0,"key":"Pear"},{"floor":26.0,"key":"Happy Flower"},{"floor":29.0,"key":"Question Card"},{"floor":43,"key":"Juzu Bracelet"},{"floor":44,"key":"CatCart"},{"floor":45,"key":"Mercury Hourglass"}],"event_choices":[{"damage_healed":0.0,"max_hp_gain":0.0,"max_hp_loss":0.0,"gold_gain":0.0,"event_name":"Dead Adventurer","player_choice":"Searched \u00271\u0027 times","floor":7.0,"gold_loss":0.0,"damage_taken":0.0},{"damage_healed":0.0,"max_hp_gain":0.0,"max_hp_loss":0.0,"gold_gain":0.0,"event_name":"Shining Light","player_choice":"Ignored","floor":11.0,"gold_loss":0.0,"damage_taken":0.0},{"damage_healed":22.0,"max_hp_gain":0.0,"max_hp_loss":0.0,"gold_gain":0.0,"event_name":"The Cleric","player_choice":"Healed","floor":13.0,"gold_loss":35.0,"damage_taken":0.0},{"damage_healed":0.0,"max_hp_gain":0.0,"max_hp_loss":0.0,"gold_gain":0.0,"event_name":"Cursed Tome","player_choice":"Stopped","floor":21.0,"gold_loss":0.0,"damage_taken":9.0},{"damage_healed":0.0,"max_hp_gain":0.0,"max_hp_loss":0.0,"gold_gain":0.0,"event_name":"The Mausoleum","player_choice":"Opened","floor":22.0,"gold_loss":0.0,"damage_taken":0.0,"relics_obtained":["Blood Vial"]},{"damage_healed":0.0,"max_hp_gain":0.0,"max_hp_loss":0.0,"gold_gain":0.0,"event_name":"Vampires","player_choice":"Ignored","floor":24.0,"gold_loss":0.0,"damage_taken":0.0},{"damage_healed":0.0,"max_hp_gain":0.0,"max_hp_loss":0.0,"gold_gain":0.0,"event_name":"Tomb of Lord Red Mask","player_choice":"Ignored","floor":36.0,"gold_loss":0.0,"damage_taken":0.0},{"cards_removed":["Gash"],"damage_healed":0.0,"max_hp_gain":0.0,"max_hp_loss":0.0,"gold_gain":0.0,"event_name":"Wheel of Change","player_choice":"Card Removal","floor":37.0,"gold_loss":0.0,"damage_taken":0.0},{"damage_healed":0,"gold_gain":0,"player_choice":"Fight","damage_taken":0,"max_hp_gain":0,"max_hp_loss":0,"event_name":"OrinTheCat","floor":44,"gold_loss":0}],"is_beta":false,"boss_relics":[{"not_picked":["FrozenCore","Calling Bell"],"picked":"Astrolabe"},{"not_picked":["Pandora\u0027s Box","SacredBark"],"picked":"Velvet Choker"}],"items_purged_floors":[27,42],"is_endless":false,"potions_floor_spawned":[2,3,5,8,12,18,20,33,39,41,45],"killed_by":"Writhing Mass","ascension_level":10}}