{"host":"q6ff4ns2kep02ti6","time":1612109596,"event":{"mods":["AchievementEnabler","BaseMod","Minty Spire (QoL Compilation)","Relic Stats","StSLib","Unceasing Turn Reminder"],"gold_per_floor":[118,128,14,27,38,38,67,85,110,110,110],"floor_reached":10,"language":"ENG","playtime":731,"items_purged":["Defend_R"],"score":140,"play_id":"ec709592-3d38-4382-bc09-4b0e120da489","local_time":"20210131171316","is_ascension_mode":true,"campfire_choices":[{"data":"Bash","floor":6,"key":"SMITH"}],"circlet_count":0,"master_deck":["AscendersBane","Strike_R","Strike_R","Strike_R","Strike_R","Strike_R","Defend_R","Defend_R","Defend_R","Bash+1","Shrug It Off","Cleave","Dropkick","Thunderclap","Armaments","Reaper","Flame Barrier"],"relics":["Burning Blood","Prayer Wheel","Juzu Bracelet"],"acts_visited":["Exordium"],"potions_floor_usage":[7,10],"damage_taken":[{"damage":7,"enemies":"Cultist","floor":1,"turns":4},{"damage":0,"enemies":"2 Louse","floor":2,"turns":3},{"damage":7,"enemies":"Small Slimes","floor":4,"turns":3},{"damage":0,"enemies":"2 Fungi Beasts","floor":5,"turns":2},{"damage":20,"enemies":"Gremlin Nob","floor":7,"turns":4},{"damage":5,"enemies":"Blue Slaver","floor":8,"turns":4},{"damage":87,"enemies":"3 Sentries","floor":10,"turns":17}],"seed_played":"-8829996226596780292","potions_obtained":[{"floor":5,"key":"Block Potion"},{"floor":7,"key":"AttackPotion"}],"is_trial":false,"path_per_floor":["M","M","$","M","M","R","E","M","T","E"],"character_chosen":"IRONCLAD","items_purchased":["Dropkick"],"campfire_rested":0,"item_purchase_floors":[3],"current_hp_per_floor":[74,80,80,79,82,82,68,69,69,0,0],"gold":110,"neow_bonus":"TEN_PERCENT_HP_BONUS","is_daily":false,"chose_seed":false,"campfire_upgraded":1,"win_rate":0.0,"timestamp":1612109596,"path_taken":["M","M","?","M","M","R","E","?","T","E"],"items_purchased_type":["Card"],"build_version":"2020-12-22","purchased_purges":1,"victory":false,"max_hp_per_floor":[82,82,82,82,82,82,82,82,82,82,82],"relic_stats":{"counters":[7,37],"Prayer Wheel":1,"Juzu Bracelet":0,"obtain_stats":[{"Prayer Wheel":7,"Juzu Bracelet":9,"Burning Blood":0},{"Prayer Wheel":5,"Juzu Bracelet":6,"Burning Blood":0},{"Prayer Wheel":16,"Juzu Bracelet":20,"Burning Blood":0}],"Burning Blood":33},"card_choices":[{"not_picked":["Perfected Strike","Havoc"],"picked":"Shrug It Off","floor":1},{"not_picked":["Wild Strike","Inflame"],"picked":"Cleave","floor":2},{"not_picked":["Perfected Strike","Flex"],"picked":"Thunderclap","floor":4},{"not_picked":["Rage","Anger","Body Slam"],"picked":"SKIP","floor":5},{"not_picked":["True Grit","Rage"],"picked":"Armaments","floor":7},{"not_picked":["Heavy Blade","Pommel Strike"],"picked":"Reaper","floor":8},{"not_picked":["Reckless Charge","Sword Boomerang"],"picked":"Flame Barrier","floor":8}],"player_experience":1034454,"relics_obtained":[{"floor":7,"key":"Prayer Wheel"},{"floor":9,"key":"Juzu Bracelet"}],"event_choices":[],"is_beta":false,"boss_relics":[],"items_purged_floors":[3],"is_endless":false,"potions_floor_spawned":[5,7],"killed_by":"3 Sentries","ascension_level":20}}