{"host":"9kesdg97wkrx2bva","time":1612084682,"event":{"mods":["AchievementEnabler","BaseMod","Colored Map","GifTheSpireLib","Infinite Spire","Minty Spire (QoL Compilation)","Replay The Spire","StSLib"],"gold_per_floor":[110,110,120,120,45,45,45,45,45,64,64,92,92,122,133,167,167,243,243,258,258,19,35,47,77,127,147,147,22,22,22,22,38,38,38,38],"floor_reached":35,"language":"ENG","playtime":1096,"items_purged":["Strike_B","Strike_B","Strike_B"],"score":557,"play_id":"be5b902d-edea-4293-a40e-db5489b01706","local_time":"20210131031802","is_ascension_mode":true,"campfire_choices":[{"data":"Chaos","floor":6,"key":"SMITH"},{"data":"Barrage","floor":17,"key":"SMITH"},{"floor":34,"key":"REST"}],"circlet_count":0,"master_deck":["AscendersBane","Defend_B","Defend_B","Defend_B","Defend_B","Zap+1","Dualcast","Streamline","Chaos+1","Beam Cell","Chill","Blizzard","Barrage+1","Ball Lightning","Seek","Defragment","Coolheaded","Doom and Gloom","Leap","Go for the Eyes","Defragment+1","Hologram"],"relics":["Cracked Core","NeowsBlessing","Pocketwatch","infinitespire:Freezer","ReplayTheSpireMod:TigerMarble","ReplayTheSpireMod:Shallot","Black Star","infinitespire:Lychee Nut","Frozen Egg 2","Darkstone Periapt","Ornamental Fan","Philosopher\u0027s Stone","Raider\u0027s Mask"],"acts_visited":["Exordium","TheCity"],"potions_floor_usage":[12,14,16,23,24,25,33],"damage_taken":[{"damage":0,"enemies":"Jaw Worm","floor":1,"turns":1},{"damage":0,"enemies":"Cultist","floor":3,"turns":1},{"damage":0,"enemies":"Small Slimes","floor":10,"turns":1},{"damage":9,"enemies":"Gremlin Nob","floor":12,"turns":3},{"damage":6,"enemies":"3 Sentries","floor":14,"turns":9},{"damage":0,"enemies":"Looter","floor":15,"turns":3},{"damage":6,"enemies":"Lagavulin","floor":16,"turns":5},{"damage":34,"enemies":"Fading Forest","floor":18,"turns":11},{"damage":7,"enemies":"3 Byrds","floor":20,"turns":4},{"damage":8,"enemies":"2 Thieves","floor":23,"turns":3},{"damage":19,"enemies":"Shelled Parasite and Fungi","floor":24,"turns":4},{"damage":28,"enemies":"Slavers","floor":25,"turns":5},{"damage":6,"enemies":"3 Cultists","floor":27,"turns":4},{"damage":9,"enemies":"Snake Plant","floor":33,"turns":5},{"damage":39,"enemies":"Pondfish","floor":35,"turns":9}],"seed_played":"-4033153817748028989","potions_obtained":[{"floor":1,"key":"SpeedPotion"},{"floor":10,"key":"infinitespire:BlackPotion"},{"floor":12,"key":"PotionOfCapacity"},{"floor":21,"key":"SkillPotion"},{"floor":21,"key":"FairyPotion"},{"floor":23,"key":"Adrenaline Potion"},{"floor":24,"key":"CultistPotion"},{"floor":27,"key":"Elixir"},{"floor":33,"key":"DuplicationPotion"}],"is_trial":false,"path_per_floor":["M","?","M","?","$","R","?","PTL","PTL","M","T","E","?","E","M","E","R","B",null,"M","?","$","M","M","E","?","M","T","$","?","T","AVR","M","R","B"],"character_chosen":"DEFECT","items_purchased":["Defragment","Coolheaded"],"campfire_rested":1,"item_purchase_floors":[22,22],"current_hp_per_floor":[64,60,60,60,60,60,60,60,60,60,60,51,51,45,45,39,39,13,57,50,50,50,42,23,21,21,21,21,21,21,21,21,18,33,0,0],"gold":38,"neow_bonus":"THREE_ENEMY_KILL","is_daily":false,"chose_seed":false,"campfire_upgraded":2,"win_rate":0.0,"timestamp":1612084682,"path_taken":["M","?","?","?","$","R","?","PTL","PTL","?","T","E","?","E","M","E","R","BOSS","M","?","$","M","?","E","?","M","T","?","?","?","AVR","M","R","BOSS"],"items_purchased_type":["Card","Card"],"build_version":"2020-12-22","purchased_purges":3,"victory":false,"max_hp_per_floor":[71,71,71,71,71,71,71,71,71,71,71,71,71,71,71,71,71,71,71,71,71,71,71,71,53,53,53,53,53,53,53,53,53,53,53,53],"card_choices":[{"not_picked":["Ball Lightning","Heatsinks"],"picked":"Streamline","floor":1},{"not_picked":["Reinforced Body","FIFO Queue"],"picked":"Chaos","floor":3},{"not_picked":["Reprogram","Conserve Battery"],"picked":"Beam Cell","floor":10},{"not_picked":["Hyperbeam","Double Energy"],"picked":"Chill","floor":12},{"not_picked":["ReplaySolidLightProjector","Barrage"],"picked":"Blizzard","floor":14},{"not_picked":["Aggregate","Rebound"],"picked":"Barrage","floor":15},{"not_picked":["BootSequence","Steam"],"picked":"Ball Lightning","floor":16},{"not_picked":["All For One","ReplayRNGCard"],"picked":"Seek","floor":18},{"not_picked":["BootSequence","Turbo","FTL"],"picked":"SKIP","floor":20},{"not_picked":["Steam","Sunder"],"picked":"Doom and Gloom","floor":23},{"not_picked":["Rebound","ReplaySolidLightProjector"],"picked":"Leap","floor":24},{"not_picked":["Streamline","Time Bomb"],"picked":"Go for the Eyes","floor":25},{"not_picked":["Stack+1","Panic Button"],"picked":"Defragment+1","floor":27},{"not_picked":["Go for the Eyes","Sweeping Beam"],"picked":"Hologram","floor":33}],"player_experience":992117,"relics_obtained":[{"floor":11,"key":"Pocketwatch"},{"floor":12,"key":"infinitespire:Freezer"},{"floor":14,"key":"ReplayTheSpireMod:TigerMarble"},{"floor":16,"key":"ReplayTheSpireMod:Shallot"},{"floor":25,"key":"infinitespire:Lychee Nut"},{"floor":25,"key":"Frozen Egg 2"},{"floor":28,"key":"Darkstone Periapt"},{"floor":31,"key":"Ornamental Fan"}],"event_choices":[{"damage_healed":0,"gold_gain":0,"player_choice":"Bought 0 Potions","damage_taken":0,"max_hp_gain":0,"max_hp_loss":0,"event_name":"The Woman in Blue","floor":2,"gold_loss":0},{"cards_removed":["Strike_B"],"damage_healed":0,"gold_gain":0,"player_choice":"Purged","damage_taken":0,"max_hp_gain":0,"max_hp_loss":0,"event_name":"Purifier","floor":7,"gold_loss":0},{"damage_healed":0,"gold_gain":0,"player_choice":"Forge","damage_taken":0,"max_hp_gain":0,"max_hp_loss":0,"event_name":"Accursed Blacksmith","floor":13,"gold_loss":0,"cards_upgraded":["Zap"]},{"damage_healed":0,"gold_gain":0,"player_choice":"Got Potions","damage_taken":0,"max_hp_gain":0,"max_hp_loss":0,"event_name":"Lab","floor":21,"gold_loss":0},{"damage_healed":0,"gold_gain":50,"player_choice":"Pray","damage_taken":0,"max_hp_gain":0,"max_hp_loss":0,"event_name":"Golden Shrine","floor":26,"gold_loss":0}],"is_beta":false,"boss_relics":[{"not_picked":["infinitespire:Cupcake","Coffee Dripper"],"picked":"Black Star"}],"items_purged_floors":[5,22,29],"is_endless":false,"potions_floor_spawned":[1,10,12,23,24,27,33],"killed_by":"Pondfish","ascension_level":18}}