{"host":"b7j598ve05halrwk","time":1612112988,"event":{"mods":["2.2 Compatiblity","BaseMod","Block Reminder","DeckTracker","Minty Spire (QoL Compilation)","Relic Stats","Slay the Relics Exporter","StSLib","ojb\u0027s Better Paths Mod","ojb\u0027s Info Mod"],"gold_per_floor":[114,189,200,36,52,87,101,101,101,101,113,78,3,20,20,91,91,111,11,25,25,25,60,60,60,72,96,126,166,192,231,243,327,339,361,391,403,117,117,117,37,68,93,125,125],"floor_reached":44,"language":"ENG","playtime":2594,"items_purged":["Strike_B","Strike_B","Writhe"],"score":1152,"play_id":"1ad5fdef-6d8f-42ae-bfb5-a753c0c0c4b5","local_time":"20210131120948","is_ascension_mode":true,"campfire_choices":[{"data":"Beam Cell","floor":8.0,"key":"SMITH"},{"data":"Sweeping Beam","floor":10.0,"key":"SMITH"},{"data":"Consume","floor":15.0,"key":"SMITH"},{"data":"Electrodynamics","floor":24.0,"key":"SMITH"},{"floor":32.0,"key":"REST"},{"floor":40.0,"key":"REST"}],"circlet_count":0,"master_deck":["AscendersBane","Defend_B","Defend_B","Defend_B","Defend_B","Zap","Dualcast","Seek","Hello World","Compile Driver","Rebound","Rip and Tear","Beam Cell+1","Cold Snap","Conserve Battery","Consume+1","Leap","Electrodynamics+1","Undo","Force Field","Ghostly","Ghostly","Ghostly","Undo","Auto Shields","Reinforced Body+1","Auto Shields","Echo Form+1","Electrodynamics+1","Glacier","Undo","Heatsinks+1","Cold Snap+1","Turbo+1"],"relics":["Cracked Core","Darkstone Periapt","Pear","Velvet Choker","Nilry\u0027s Codex","Sundial","MawBank","Frozen Egg 2","Pen Nib","Bottled Tornado","Fusion Hammer","Strange Spoon","MealTicket","Symbiotic Virus"],"acts_visited":["Exordium","TheCity","TheBeyond"],"potions_floor_usage":[],"damage_taken":[{"damage":4.0,"enemies":"Jaw Worm","floor":1.0,"turns":4.0},{"damage":1.0,"enemies":"Cultist","floor":3.0,"turns":3.0},{"damage":7.0,"enemies":"2 Louse","floor":5.0,"turns":2.0},{"damage":0.0,"enemies":"Gremlin Nob","floor":6.0,"turns":2.0},{"damage":6.0,"enemies":"Looter","floor":7.0,"turns":2.0},{"damage":15.0,"enemies":"3 Louse","floor":11.0,"turns":2.0},{"damage":0.0,"enemies":"Exordium Wildlife","floor":14.0,"turns":2.0},{"damage":18.0,"enemies":"Hexaghost","floor":16.0,"turns":7.0},{"damage":0.0,"enemies":"3 Byrds","floor":18.0,"turns":2.0},{"damage":0.0,"enemies":"Chosen","floor":20.0,"turns":4.0},{"damage":11.0,"enemies":"Book of Stabbing","floor":23.0,"turns":6.0},{"damage":0.0,"enemies":"3 Cultists","floor":27.0,"turns":3.0},{"damage":2.0,"enemies":"Snake Plant","floor":28.0,"turns":4.0},{"damage":5.0,"enemies":"Slavers","floor":29.0,"turns":3.0},{"damage":0.0,"enemies":"Centurion and Healer","floor":30.0,"turns":6.0},{"damage":20.0,"enemies":"Book of Stabbing","floor":31.0,"turns":6.0},{"damage":4.0,"enemies":"Automaton","floor":33.0,"turns":10.0},{"damage":13.0,"enemies":"3 Darklings","floor":35.0,"turns":3.0},{"damage":0.0,"enemies":"Orb Walker","floor":36.0,"turns":4.0},{"damage":7.0,"enemies":"Reptomancer","floor":42.0,"turns":7.0},{"damage":0,"enemies":"Giant Head","floor":44,"turns":11}],"seed_played":"-7302647912252710385","potions_obtained":[{"floor":7.0,"key":"Dexterity Potion"},{"floor":11.0,"key":"SpeedPotion"},{"floor":14.0,"key":"Strength Potion"},{"floor":16.0,"key":"SpeedPotion"},{"floor":30.0,"key":"Swift Potion"},{"floor":33.0,"key":"Explosive Potion"}],"is_trial":false,"path_per_floor":["M","?","M","$","M","E","M","R","T","R","M","?","$","M","R","B",null,"M","$","M","?","?","E","R","?","T","M","M","E","M","E","R","B",null,"M","M","?","$","?","R","$","E","T","E"],"character_chosen":"DEFECT","items_purchased":["FearPotion","Rebound","Rip and Tear","Strange Spoon","Heatsinks+1"],"campfire_rested":2,"item_purchase_floors":[4,4,4,38,41],"current_hp_per_floor":[42,31,30,30,23,23,17,17,27,27,12,32,32,32,32,14,64,64,64,64,43,40,29,29,35,35,35,33,28,28,8,21,17,39,26,26,26,26,26,39,39,32,32,32,32],"gold":125,"neow_bonus":"TRANSFORM_TWO_CARDS","is_daily":false,"chose_seed":false,"campfire_upgraded":4,"win_rate":0.0,"timestamp":1612112988,"path_taken":["M","?","M","$","M","E","M","R","T","R","M","?","?","M","R","BOSS","M","?","?","?","?","E","R","?","T","M","M","E","M","E","R","BOSS","M","M","?","$","?","R","$","E","T","E"],"items_purchased_type":["Potion","Card","Card","Relic","Card"],"build_version":"2020-12-22","purchased_purges":3,"victory":false,"max_hp_per_floor":[71,71,71,71,71,71,71,71,81,81,81,81,81,81,81,81,81,81,81,81,81,40,40,40,46,46,46,46,46,46,46,46,46,46,46,46,46,46,46,46,46,46,46,46,46],"relic_stats":{"Darkstone Periapt":6,"Strange Spoon":[5],"counters":[21,93],"Sundial":[2],"MealTicket":0,"Pen Nib":[7],"MawBank":156,"obtain_stats":[{"Darkstone Periapt":6,"Pear":9,"Nilry\u0027s Codex":21,"Velvet Choker":17,"Pen Nib":29,"Frozen Egg 2":26,"Bottled Tornado":31,"MawBank":25,"Strange Spoon":38,"Sundial":23,"MealTicket":42,"Fusion Hammer":34,"Cracked Core":0,"Symbiotic Virus":44},{"Darkstone Periapt":4,"Pear":5,"Nilry\u0027s Codex":10,"Velvet Choker":8,"Pen Nib":14,"Frozen Egg 2":11,"Bottled Tornado":16,"MawBank":11,"Strange Spoon":19,"Sundial":11,"MealTicket":20,"Fusion Hammer":17,"Cracked Core":0,"Symbiotic Virus":21},{"Darkstone Periapt":11,"Pear":13,"Nilry\u0027s Codex":30,"Velvet Choker":24,"Pen Nib":46,"Frozen Egg 2":36,"Bottled Tornado":58,"MawBank":36,"Strange Spoon":75,"Sundial":36,"MealTicket":82,"Fusion Hammer":68,"Cracked Core":0,"Symbiotic Virus":93}]},"card_choices":[{"not_picked":["Redo","Barrage"],"picked":"Compile Driver","floor":1.0},{"not_picked":["Stack","Steam"],"picked":"Sweeping Beam","floor":3.0},{"not_picked":["Auto Shields","Conserve Battery"],"picked":"Beam Cell","floor":5.0},{"not_picked":["Compile Driver","Redo"],"picked":"Cold Snap","floor":6.0},{"not_picked":["Reboot","Leap"],"picked":"Conserve Battery","floor":7.0},{"not_picked":["Compile Driver","Darkness"],"picked":"Consume","floor":11.0},{"not_picked":["Go for the Eyes","Hologram"],"picked":"Leap","floor":14.0},{"not_picked":["Multi-Cast","Biased Cognition"],"picked":"Electrodynamics","floor":16.0},{"not_picked":["Go for the Eyes","Coolheaded"],"picked":"Undo","floor":18.0},{"not_picked":["Barrage","Leap"],"picked":"Force Field","floor":20.0},{"not_picked":["Steam Power","Heatsinks"],"picked":"Undo","floor":23.0},{"not_picked":["Amplify","Compile Driver"],"picked":"Auto Shields","floor":27.0},{"not_picked":["Streamline","Go for the Eyes","Gash"],"picked":"SKIP","floor":28.0},{"not_picked":["Cold Snap","Undo"],"picked":"Reinforced Body+1","floor":29.0},{"not_picked":["Force Field","Aggregate"],"picked":"Auto Shields","floor":30.0},{"not_picked":["Lockon","Streamline"],"picked":"Echo Form+1","floor":31.0},{"not_picked":["Hyperbeam","Reboot"],"picked":"Electrodynamics+1","floor":33.0},{"not_picked":["Cold Snap","Ball Lightning"],"picked":"Glacier","floor":35.0},{"not_picked":["Go for the Eyes+1","Coolheaded"],"picked":"Undo","floor":36.0},{"not_picked":["Ball Lightning","Stack+1"],"picked":"Cold Snap+1","floor":42.0},{"not_picked":["Stack","Gash"],"picked":"Turbo+1","floor":44}],"player_experience":1090059,"relics_obtained":[{"floor":6.0,"key":"Darkstone Periapt"},{"floor":9.0,"key":"Pear"},{"floor":21.0,"key":"Nilry\u0027s Codex"},{"floor":23.0,"key":"Sundial"},{"floor":26.0,"key":"Frozen Egg 2"},{"floor":29.0,"key":"Pen Nib"},{"floor":31.0,"key":"Bottled Tornado"},{"floor":42.0,"key":"MealTicket"},{"floor":44,"key":"Symbiotic Virus"}],"event_choices":[{"damage_healed":0.0,"max_hp_gain":0.0,"max_hp_loss":0.0,"gold_gain":75.0,"event_name":"World of Goop","player_choice":"Gather Gold","floor":2.0,"gold_loss":0.0,"damage_taken":11.0},{"damage_healed":20.0,"max_hp_gain":0.0,"max_hp_loss":0.0,"gold_gain":0.0,"event_name":"The Cleric","player_choice":"Healed","floor":12.0,"gold_loss":35.0,"damage_taken":0.0},{"damage_healed":0.0,"max_hp_gain":0.0,"max_hp_loss":0.0,"gold_gain":0.0,"event_name":"Cursed Tome","player_choice":"Obtained Book","floor":21.0,"gold_loss":0.0,"damage_taken":21.0},{"damage_healed":0.0,"max_hp_gain":0.0,"max_hp_loss":41.0,"gold_gain":0.0,"event_name":"Ghosts","player_choice":"Became a Ghost","floor":22.0,"gold_loss":0.0,"damage_taken":0.0,"cards_obtained":["Ghostly","Ghostly","Ghostly"]},{"damage_healed":0.0,"max_hp_gain":0.0,"max_hp_loss":0.0,"gold_gain":0.0,"event_name":"The Mausoleum","player_choice":"Opened","floor":25.0,"gold_loss":0.0,"damage_taken":0.0,"relics_obtained":["MawBank"],"cards_obtained":["Writhe"]},{"cards_removed":["Sweeping Beam"],"damage_healed":0.0,"max_hp_gain":0.0,"max_hp_loss":0.0,"gold_gain":0.0,"event_name":"Falling","player_choice":"Removed Attack","floor":37.0,"gold_loss":0.0,"damage_taken":0.0},{"damage_healed":0.0,"max_hp_gain":0.0,"max_hp_loss":0.0,"gold_gain":0.0,"event_name":"Tomb of Lord Red Mask","player_choice":"Ignored","floor":39.0,"gold_loss":0.0,"damage_taken":0.0}],"is_beta":false,"boss_relics":[{"not_picked":["Ectoplasm","Philosopher\u0027s Stone"],"picked":"Velvet Choker"},{"not_picked":["Coffee Dripper","Empty Cage"],"picked":"Fusion Hammer"}],"items_purged_floors":[13,19,38],"is_endless":false,"potions_floor_spawned":[7,11,14,16,23,30,33,36],"killed_by":"Giant Head","ascension_level":20}}