{"host":"6affnl2vk6en9o4b","time":1612105763,"event":{"mods":["AchievementEnabler","Aspiration","BaseMod","BetterRewards","Colored Powertips","Conspire","Downfall","Friendly Minions","Googly Eyes","Highlight Path","Hubris","Minty Spire (QoL Compilation)","Replay The Spire","StSLib","Trackpad","Unceasing Turn Reminder"],"gold_per_floor":[99,116,109,109,119,175,175,175,187,220,220,236,256,282,299,400,400,100,115,129,144,159,177,228,15,15,15,15,15,28,20,41,146,146,146,164,164,184,207,207,207,222,263,608,631,76,76,87,110,110,110,143,43,43,43,43],"floor_reached":57,"language":"ENG","playtime":3870,"items_purged":["hubris:Compulsion","Looming Evil"],"score":1290,"play_id":"0a7ec108-93ea-4b31-be3b-848e660bf021","local_time":"20210131150923","is_ascension_mode":false,"campfire_choices":[{"floor":1.0,"key":"RECALL"},{"floor":18.0,"key":"DIG"},{"data":"hexamod:Incineration","floor":35.0,"key":"SMITH"},{"data":"hexamod:FastForward","floor":40.0,"key":"SMITH"},{"floor":47,"key":"REST"},{"floor":54,"key":"REST"}],"circlet_count":0,"master_deck":["hexamod:Strike","hexamod:Strike","hexamod:Strike","hexamod:Strike+1","hexamod:Defend","hexamod:Defend+1","hexamod:Defend","hexamod:Defend","hexamod:Sear","hexamod:Float","hexamod:CatchUp","hexamod:Incineration+1","hexamod:PowerFromBeyond","hexamod:ChargedBarrage+1","hexamod:WildfireWeapon","hexamod:Rewind+1","hexamod:RecurringNightmare","hexamod:SwordOfDarkness","hexamod:VolcanoVisage","hexamod:PowerFromBeyond+1","hexamod:GiftsFromTheDead+1","hexamod:FlamesFromBeyond+1","hexamod:GhostLash+1","hexamod:SoulSteal+1","hexamod:Firestarter+1","hexamod:FastForward+1","hexamod:SixthSeal","hexamod:ExtraCrispy+1","Pride","hexamod:SuperheatedStrike+1","hexamod:FirstSeal","hexamod:SecondSeal","hexamod:ThirdSeal","hexamod:FourthSeal","hexamod:HeatCrush","hexamod:TimeWarp","hexamod:GiftsFromTheDead+1","hexamod:BurningTouch+1","hexamod:ThermalTransfer","hexamod:FastForward+1","hexamod:SkipABeat","hexamod:ParanormalForm","hexamod:SkipABeat+1","hexamod:FastForward","hexamod:InspiringFlames+1","hexamod:SpectersWail","hexamod:FastForward+1","hexamod:FirstSeal","hexamod:HeatShield","hexamod:RainOfEmbers+1","hexamod:HeatMetal","The Bomb","hexamod:NightmareGuise","Finesse","hexamod:ExtraCrispy","hexamod:ThermalTransfer","hexamod:AdvancingGuard+1","hexamod:RecurringNightmare"],"relics":["hexamod:SpiritBrand","ReplayTheSpireMod:CursedCoin","conspire:DecoderRing","Ring of Misfortune","Ring of Hypnosis","Letter Opener","Odd Mushroom","Philosopher\u0027s Stone","downfall:HeartBlessingRed","downfall:HeartBlessingGreen","downfall:HeartBlessingBlue","Dead Branch","aspiration:ChemicalBlood","Vajra","Replay:Rubber Ducky","conspire:SlowCooker","hubris:Towel","hubris:CrystalStatue","PreservedInsect","Old Coin","BargainBundle","trackpad:RapidFire","Bag of Preparation"],"acts_visited":["Exordium","TheCity","TheBeyond","TheEnding"],"potions_floor_usage":[46,50,50,52,52,56],"damage_taken":[{"damage":1.0,"enemies":"Cultist","floor":2.0,"turns":3.0},{"damage":0.0,"enemies":"downfall:FleeingMerchant","floor":3.0,"turns":4.0},{"damage":0.0,"enemies":"Jaw Worm","floor":5.0,"turns":4.0},{"damage":21.0,"enemies":"3 Sentries","floor":6.0,"turns":9.0},{"damage":0.0,"enemies":"2 Louse","floor":9.0,"turns":1.0},{"damage":16.0,"enemies":"Lagavulin","floor":10.0,"turns":7.0},{"damage":2.0,"enemies":"Large Slime","floor":12.0,"turns":5.0},{"damage":0.0,"enemies":"3 Louse","floor":13.0,"turns":4.0},{"damage":7.0,"enemies":"The Mushroom Lair","floor":14.0,"turns":3.0},{"damage":8.0,"enemies":"Red Slaver","floor":15.0,"turns":2.0},{"damage":4.0,"enemies":"SI_SHIV_ARCHETYPE","floor":16.0,"turns":7.0},{"damage":8.0,"enemies":"Shell Parasite","floor":19.0,"turns":3.0},{"damage":5.0,"enemies":"Chosen","floor":20.0,"turns":3.0},{"damage":0.0,"enemies":"3 Cultists","floor":21.0,"turns":3.0},{"damage":13.0,"enemies":"Snecko","floor":22.0,"turns":3.0},{"damage":0.0,"enemies":"Centurion and Healer","floor":23.0,"turns":3.0},{"damage":0.0,"enemies":"downfall:FleeingMerchant","floor":25.0,"turns":4.0},{"damage":6.0,"enemies":"3 Cultists","floor":30.0,"turns":3.0},{"damage":7.0,"enemies":"Snake Plant","floor":32.0,"turns":3.0},{"damage":12.0,"enemies":"IC_MUSHROOM_ARCHETYPE","floor":33.0,"turns":6.0},{"damage":13.0,"enemies":"Orb Walker","floor":36.0,"turns":4.0},{"damage":2.0,"enemies":"3 Shapes","floor":38.0,"turns":4.0},{"damage":16.0,"enemies":"Transient","floor":39.0,"turns":5.0},{"damage":0.0,"enemies":"Sphere and 2 Shapes","floor":42.0,"turns":3.0},{"damage":29.0,"enemies":"Nemesis","floor":43.0,"turns":6.0},{"damage":44.0,"enemies":"2 Orb Walkers","floor":44.0,"turns":4.0},{"damage":11.0,"enemies":"4 Shapes","floor":45.0,"turns":5.0},{"damage":0,"enemies":"downfall:FleeingMerchant","floor":46,"turns":4},{"damage":14,"enemies":"Spire Growth","floor":48,"turns":4},{"damage":23,"enemies":"Jaw Worm Horde","floor":49,"turns":3},{"damage":22,"enemies":"WA_ARCHETYPE_DIVINITY","floor":50,"turns":6},{"damage":30,"enemies":"downfall:CharBossMerchant","floor":52,"turns":7},{"damage":0,"enemies":"downfall:NeowBoss","floor":55,"turns":14},{"damage":52,"enemies":"downfall:NeowBossFinal","floor":56,"turns":8}],"seed_played":"-8536052219620640371","potions_obtained":[{"floor":9.0,"key":"Dexterity Potion"},{"floor":12.0,"key":"Swift Potion"},{"floor":13.0,"key":"Adrenaline Potion"},{"floor":14.0,"key":"BlessingOfTheForge"},{"floor":16.0,"key":"Explosive Potion"},{"floor":23.0,"key":"Adrenaline Potion"},{"floor":30.0,"key":"hexamod:DoubleChargePotion"},{"floor":33.0,"key":"GamblersBrew"},{"floor":33.0,"key":"Fire Potion"},{"floor":38.0,"key":"AttackPotion"},{"floor":39.0,"key":"Flashbang"},{"floor":45.0,"key":"ColorlessPotion"},{"floor":49,"key":"Slimebound:ThreeZeroPotion"},{"floor":56,"key":"SpeedPotion"}],"is_trial":false,"path_per_floor":["R","M","$","?","M","?","T","?","M","E","?","M","M","?","M","B",null,"R","M","M","M","M","M","T","$","?","?","?","?","M","?","M","B",null,"R","M","?","M","M","R","T","M","E","?","M","$","R","M","M","B",null,"E","$","R","B","B",null],"character_chosen":"THE_SPIRIT","items_purchased":["ReplayTheSpireMod:CursedCoin","hexamod:Incineration","Vajra","hexamod:ExtraCrispy+1","BargainBundle","trackpad:RapidFire","hexamod:RainOfEmbers+1","hexamod:HeatMetal","The Bomb","hexamod:NightmareGuise","Finesse"],"campfire_rested":2,"item_purchase_floors":[3,3,25,25,46,46,46,46,46,46,46],"current_hp_per_floor":[77,76,76,76,76,55,55,55,55,39,47,45,45,38,30,26,77,87,79,74,74,61,61,61,61,61,61,61,61,55,48,41,36,87,87,74,74,79,70,70,70,77,55,11,33,40,66,59,36,14,87,64,64,87,87,42],"gold":43,"neow_bonus":"TEN_PERCENT_HP_BONUS","is_daily":false,"chose_seed":false,"campfire_upgraded":2,"win_rate":0.0,"timestamp":1612105763,"path_taken":["R","M","?","?","M","?","T","?","M","E","?","?","?","?","M","BOSS","R","M","M","M","M","M","T","$","?","?","?","?","M","?","M","BOSS","R","M","?","M","M","R","T","M","E","?","M","$","R","M","M","BOSS","E","$","R","BOSS","BOSS"],"items_purchased_type":["Relic","Card","Relic","Card","Relic","Relic","Card","Card","Card","Card","Card"],"build_version":"2020-12-22","purchased_purges":2,"victory":true,"max_hp_per_floor":[77,77,77,77,77,77,77,77,77,77,77,77,77,77,77,77,77,87,87,87,87,87,87,87,87,87,87,87,87,87,87,87,87,87,87,87,87,87,87,87,87,87,87,87,87,87,87,87,87,87,87,87,87,87,87,87],"card_choices":[{"not_picked":["hexamod:FlamesFromBeyond","hexamod:NightmareStrike"],"picked":"hexamod:CatchUp","floor":2.0},{"not_picked":["hexamod:SpectralAdrenaline","hexamod:BacktrackSmack"],"picked":"hexamod:FlamesFromBeyond","floor":3.0},{"not_picked":["hexamod:HauntingEcho","hexamod:FourthSeal"],"picked":"hexamod:PowerFromBeyond","floor":5.0},{"not_picked":["hexamod:AdvancingGuard","hexamod:GhostShield"],"picked":"hexamod:ChargedBarrage","floor":6.0},{"not_picked":["hexamod:Incineration","hexamod:InspiringFlames"],"picked":"hexamod:WildfireWeapon","floor":9.0},{"not_picked":["hexamod:BacktrackSmack","hexamod:HeatShield"],"picked":"hexamod:Rewind","floor":10.0},{"not_picked":["hexamod:HauntingEcho","hexamod:Rewind"],"picked":"hexamod:RecurringNightmare","floor":12.0},{"not_picked":["hexamod:BacktrackSmack","hexamod:HauntingEcho"],"picked":"hexamod:SwordOfDarkness","floor":13.0},{"not_picked":["hexamod:AdvancingGuard","hexamod:SkipABeat"],"picked":"hexamod:VolcanoVisage","floor":14.0},{"not_picked":["hexamod:RetreatToShadows","hexamod:HeatCrush"],"picked":"hexamod:PowerFromBeyond","floor":15.0},{"not_picked":["hexamod:GhostOfSpirePresent","hexamod:TimeOfNeed"],"picked":"hexamod:GiftsFromTheDead","floor":16.0},{"not_picked":["hexamod:NightmareGuise+1","hexamod:SuperheatedStrike"],"picked":"hexamod:FlamesFromBeyond+1","floor":19.0},{"not_picked":["hexamod:PowerFromBeyond+1","hexamod:ShieldOfDarkness+1"],"picked":"hexamod:GhostLash+1","floor":20.0},{"not_picked":["hexamod:GhostOfSpireFuture","hexamod:EtherealExpedition"],"picked":"hexamod:SoulSteal","floor":21.0},{"not_picked":["hexamod:AdvancingGuard+1","hexamod:Hexaguard"],"picked":"hexamod:Firestarter+1","floor":22.0},{"not_picked":["hexamod:HeatShield","hexamod:StepThrough"],"picked":"hexamod:FastForward+1","floor":23.0},{"not_picked":["hexamod:InspiringFlames","hexamod:VolcanoVisage"],"picked":"hexamod:SixthSeal","floor":25.0},{"not_picked":["hexamod:BacktrackSmack","hexamod:Rewind"],"picked":"hexamod:SuperheatedStrike+1","floor":30.0},{"not_picked":["hexamod:GhostOfSpirePast+1","hexamod:Hexaguard"],"picked":"hexamod:HeatCrush","floor":32.0},{"not_picked":["hexamod:GhostflameInferno","hexamod:ParanormalForm"],"picked":"hexamod:TimeWarp","floor":33.0},{"not_picked":["hexamod:SearingWound","hexamod:SixthSeal"],"picked":"hexamod:GiftsFromTheDead","floor":33.0},{"not_picked":["hexamod:FastForward","hexamod:PowerFromBeyond+1"],"picked":"hexamod:BurningTouch+1","floor":36.0},{"not_picked":["hexamod:FourthSeal","hexamod:NecessarySacrifice+1"],"picked":"hexamod:ThermalTransfer","floor":38.0},{"not_picked":["hexamod:CatchUp+1","hexamod:Rewind+1"],"picked":"hexamod:FastForward","floor":39.0},{"not_picked":["hexamod:Hexaguard+1","hexamod:GhostLash+1"],"picked":"hexamod:SkipABeat","floor":39.0},{"not_picked":["hexamod:RainOfEmbers+1","hexamod:GhostShield"],"picked":"hexamod:ParanormalForm","floor":42.0},{"not_picked":["hexamod:RecurringNightmare+1","hexamod:PowerFromBeyond"],"picked":"hexamod:SkipABeat+1","floor":42.0},{"not_picked":["hexamod:BacktrackSmack","hexamod:HeatMetal"],"picked":"hexamod:FastForward","floor":43.0},{"not_picked":["hexamod:NightmareGuise","hexamod:AdvancingGuard"],"picked":"hexamod:InspiringFlames+1","floor":44.0},{"not_picked":["hexamod:HauntingEcho+1","hexamod:SwordOfDarkness+1"],"picked":"hexamod:SpectersWail","floor":44.0},{"not_picked":["hexamod:SuperheatedStrike","hexamod:Again+1"],"picked":"hexamod:FastForward","floor":45.0},{"not_picked":["hexamod:SpectersWail","hexamod:SuperheatedStrike+1"],"picked":"hexamod:FirstSeal","floor":45.0},{"not_picked":["hexamod:GhostOfSpirePast","hexamod:TurnItUp"],"picked":"hexamod:HeatShield","floor":46},{"not_picked":["hexamod:CatchUp+1","hexamod:FastForward"],"picked":"hexamod:ExtraCrispy","floor":48},{"not_picked":["hexamod:NightmareStrike","hexamod:CatchUp+1"],"picked":"hexamod:ThermalTransfer","floor":49},{"not_picked":["hexamod:SecondSeal","hexamod:HeatMetal"],"picked":"hexamod:AdvancingGuard+1","floor":52},{"not_picked":["hexamod:SpectralSpark","hexamod:SpectralAdrenaline+1"],"picked":"hexamod:RecurringNightmare","floor":52}],"player_experience":233793,"relics_obtained":[{"floor":8.0,"key":"Ring of Misfortune"},{"floor":8.0,"key":"Ring of Hypnosis"},{"floor":10.0,"key":"Letter Opener"},{"floor":14.0,"key":"Odd Mushroom"},{"floor":18.0,"key":"Dead Branch"},{"floor":24.0,"key":"aspiration:ChemicalBlood"},{"floor":41.0,"key":"hubris:CrystalStatue"},{"floor":43.0,"key":"PreservedInsect"},{"floor":44.0,"key":"Old Coin"},{"floor":52,"key":"Bag of Preparation"}],"event_choices":[{"damage_healed":0.0,"max_hp_gain":0.0,"max_hp_loss":0.0,"gold_gain":0.0,"event_name":"conspire:Investor","player_choice":"Leave","floor":4.0,"gold_loss":0.0,"damage_taken":0.0},{"damage_healed":0.0,"max_hp_gain":0.0,"max_hp_loss":0.0,"gold_gain":0.0,"event_name":"Mushrooms","player_choice":"Fought Mushrooms","floor":14.0,"gold_loss":0.0,"damage_taken":0.0},{"damage_healed":0.0,"max_hp_gain":0.0,"max_hp_loss":0.0,"gold_gain":0.0,"event_name":"Addict","player_choice":"Stole Relic","floor":29.0,"gold_loss":0.0,"damage_taken":0.0,"relics_obtained":["Replay:Rubber Ducky"],"cards_obtained":["Pride"]},{"damage_healed":0.0,"max_hp_gain":0.0,"max_hp_loss":0.0,"gold_gain":0.0,"event_name":"Mysterious Sphere","player_choice":"Fight","floor":44.0,"gold_loss":0.0,"damage_taken":0.0}],"is_beta":false,"boss_relics":[{"not_picked":["Pandora\u0027s Box","hubris:BlackHole"],"picked":"Philosopher\u0027s Stone"},{"not_picked":["aspiration:SilentSkillbook","aspiration:FutureDiary"],"picked":"conspire:SlowCooker"}],"items_purged_floors":[3,53],"is_endless":false,"potions_floor_spawned":[9,12,13,14,16,23,30,33,38,42,44,45,49],"ascension_level":0}}