{"host":"17uzppmr1r5fe5jj","time":1612093639,"event":{"mods":["BaseMod","Colored Map","HololiveMod","Minty Spire (QoL Compilation)","Quick Restart","StSLib"],"gold_per_floor":[19,19,38,49,49,49,61,75,75,75,85,103,103,113,113,214,214,234,234,14,14,29,54,65,90,90,110,110,127,127,77,77,173,173,184,184,204,215,82,115,143,155,191,203,225,237,269,296,308,320,320],"floor_reached":50,"language":"ZHS","playtime":4245,"items_purged":["Hololive_Defend","Hololive_Strike","Hololive_Defend"],"score":710,"play_id":"733c54c2-ee07-40e4-81f1-3bf55be08d9c","local_time":"20210131194719","is_ascension_mode":false,"campfire_choices":[{"data":"Hololive_CallNakiriAyame","floor":6.0,"key":"SMITH"},{"data":"Hololive_Trident","floor":10.0,"key":"SMITH"},{"data":"Hololive_CallYozoraMel","floor":13.0,"key":"SMITH"},{"data":"Hololive_CallHimemoriLuna","floor":15.0,"key":"SMITH"},{"data":"Hololive_CallAkiRosenthal","floor":28.0,"key":"SMITH"},{"data":"Hololive_StrengthChampion","floor":30.0,"key":"SMITH"},{"data":"Hololive_StrengthChampion+1","floor":32.0,"key":"SMITH"},{"data":"Hololive_Spy","floor":42.0,"key":"SMITH"},{"data":"Hololive_CocoNews","floor":46.0,"key":"SMITH"},{"data":"Hololive_Thief","floor":49.0,"key":"SMITH"}],"circlet_count":0,"master_deck":["Hololive_CallNakiriAyame+1","Hololive_CallMurasakiShion","Hololive_CallMinatoAqua","Hololive_Trident+1","Hololive_CallHimemoriLuna+1","Hololive_CallYogiri","Hololive_CocoNews+1","Hololive_Rebound","Hololive_CallYozoraMel+1","Hololive_StrengthChampion+2","Hololive_Thief+1","Hololive_Spy+1","Hololive_SoulCatcher","Hololive_Teleport","Hololive_CocoNews","Hololive_CallAkiRosenthal+1","Hololive_MaximGun","Hololive_CallNatsuiroMatsuri","Hololive_FlyingPonyTail+1","Flash of Steel","Hololive_AWSL","Parasite"],"relics":["Hololive_TheStar","Hololive_Yo","Blue Candle","Black Star","Strawberry","Nloth\u0027s Gift","Smiling Mask","Happy Flower","Nunchaku","Regal Pillow","Bag of Marbles","Sozu","Bronze Scales","MawBank","Hololive_LightStick"],"acts_visited":["Exordium","TheCity","TheBeyond"],"potions_floor_usage":[],"damage_taken":[{"damage":0.0,"enemies":"Cultist","floor":1.0,"turns":5.0},{"damage":0.0,"enemies":"2 Louse","floor":3.0,"turns":4.0},{"damage":0.0,"enemies":"Jaw Worm","floor":4.0,"turns":5.0},{"damage":0.0,"enemies":"3 Louse","floor":7.0,"turns":5.0},{"damage":0.0,"enemies":"2 Fungi Beasts","floor":8.0,"turns":4.0},{"damage":3.0,"enemies":"Lots of Slimes","floor":11.0,"turns":5.0},{"damage":0.0,"enemies":"Red Slaver","floor":12.0,"turns":4.0},{"damage":0.0,"enemies":"2 Fungi Beasts","floor":14.0,"turns":4.0},{"damage":0.0,"enemies":"Hexaghost","floor":16.0,"turns":12.0},{"damage":0.0,"enemies":"3 Byrds","floor":18.0,"turns":6.0},{"damage":0.0,"enemies":"Spheric Guardian","floor":22.0,"turns":8.0},{"damage":0.0,"enemies":"Gremlin Leader","floor":23.0,"turns":15.0},{"damage":0.0,"enemies":"Centurion and Healer","floor":24.0,"turns":8.0},{"damage":36.0,"enemies":"Slavers","floor":25.0,"turns":8.0},{"damage":0.0,"enemies":"Snecko","floor":27.0,"turns":7.0},{"damage":0.0,"enemies":"Sentry and Sphere","floor":29.0,"turns":11.0},{"damage":0.0,"enemies":"Collector","floor":33.0,"turns":15.0},{"damage":0.0,"enemies":"3 Shapes","floor":35.0,"turns":4.0},{"damage":0.0,"enemies":"3 Darklings","floor":37.0,"turns":7.0},{"damage":0.0,"enemies":"Transient","floor":38.0,"turns":5.0},{"damage":0.0,"enemies":"Nemesis","floor":40.0,"turns":7.0},{"damage":16.0,"enemies":"4 Shapes","floor":41.0,"turns":9.0},{"damage":0.0,"enemies":"Writhing Mass","floor":45.0,"turns":7.0},{"damage":0.0,"enemies":"3 Darklings","floor":47.0,"turns":5.0},{"damage":0.0,"enemies":"Spire Growth","floor":48.0,"turns":6.0},{"damage":0,"enemies":"Awakened One","floor":50,"turns":1}],"seed_played":"6882183350900852869","potions_obtained":[{"floor":1.0,"key":"EssenceOfSteel"},{"floor":3.0,"key":"FearPotion"},{"floor":11.0,"key":"Ancient Potion"},{"floor":23.0,"key":"Block Potion"},{"floor":24.0,"key":"LiquidBronze"},{"floor":25.0,"key":"Swift Potion"}],"is_trial":false,"path_per_floor":["M","$","M","M","?","R","M","M","T","R","M","M","R","M","R","B",null,"M","?","$","?","M","E","M","E","T","M","R","M","R","$","R","B",null,"M","?","M","M","$","E","M","R","T","?","M","R","M","M","R","B"],"character_chosen":"Hololive_HololiveCharacter","items_purchased":["Strawberry","Flash of Steel"],"campfire_rested":0,"item_purchase_floors":[20,39],"current_hp_per_floor":[35,35,35,35,28,28,28,28,38,38,35,35,35,45,45,45,45,45,45,52,52,52,52,52,52,52,52,52,52,52,52,52,52,52,52,52,52,52,52,52,37,37,37,37,54,54,55,56,56,56,56],"gold":320,"neow_bonus":"TRANSFORM_TWO_CARDS","is_daily":false,"chose_seed":false,"campfire_upgraded":10,"win_rate":0.0,"timestamp":1612093639,"path_taken":["M","?","M","M","?","R","M","M","T","R","?","M","R","M","R","BOSS","M","?","$","?","M","E","M","E","T","M","R","?","R","?","R","BOSS","M","?","M","M","$","E","M","R","T","?","M","R","M","?","R","BOSS"],"items_purchased_type":["Relic","Card"],"build_version":"2020-12-22","purchased_purges":3,"victory":false,"max_hp_per_floor":[35,35,35,35,35,35,35,35,45,45,45,45,45,45,45,45,45,45,45,52,52,52,52,52,52,52,52,52,52,52,52,52,52,52,52,52,52,52,52,52,53,53,53,53,54,54,55,56,56,56,56],"card_choices":[{"not_picked":["Hololive_OvertimeWork","Hololive_Sequa","Hololive_Trident","Hololive_Spy"],"picked":"SKIP","floor":1.0},{"not_picked":["Hololive_OvertimeWork","Hololive_CallDoris","Hololive_Breathe"],"picked":"Hololive_CocoNews","floor":3.0},{"not_picked":["Hololive_Trident","Hololive_CallYukihanaLamy","Hololive_FlyingPonyTail"],"picked":"Hololive_Rebound","floor":4.0},{"not_picked":["Hololive_CallTsunomakiWatame","Hololive_CallNakiriAyame","Hololive_CallYukihanaLamy","Hololive_CallShiroganeNoel"],"picked":"SKIP","floor":7.0},{"not_picked":["Hololive_CallYogiri","Hololive_CallOkamiMio","Hololive_CallShishiroBotan","Hololive_RevenueBasedLive"],"picked":"SKIP","floor":8.0},{"not_picked":["Hololive_CallMurasakiShion","Hololive_Psychosis","Hololive_DevilCharm","Hololive_CocoNews"],"picked":"SKIP","floor":11.0},{"not_picked":["Hololive_CallSpadeEcho","Hololive_CallInugamiKorone","Hololive_OvertimeWork"],"picked":"Hololive_CallYozoraMel","floor":12.0},{"not_picked":["Hololive_Trident","Hololive_CallOzoraSubaru","Hololive_CallTokoyamiTowa"],"picked":"Hololive_StrengthChampion","floor":14.0},{"not_picked":["Hololive_FlareMind","Hololive_Recruit","Hololive_BeCareful"],"picked":"Hololive_Thief","floor":16.0},{"not_picked":["Hololive_Rebound+1","Hololive_RevenueBasedLive","Hololive_Drill+1","Hololive_Psychosis+1"],"picked":"SKIP","floor":18.0},{"not_picked":["Hololive_CallNekomataOkayu","Hololive_Rebound+1","Hololive_Psychosis+1","Hololive_CallMinatoAqua"],"picked":"SKIP","floor":22.0},{"not_picked":["Hololive_CandyCastle","Hololive_Watashimo+1","Hololive_CallSpadeEcho"],"picked":"Hololive_SoulCatcher","floor":23.0},{"not_picked":["Hololive_HuntDinosaur","Hololive_CallRoboco","Hololive_CallUruhaRushia"],"picked":"Hololive_Teleport","floor":24.0},{"not_picked":["Hololive_DDD","Hololive_OvertimeWork","Hololive_Sequa+1"],"picked":"Hololive_CocoNews","floor":25.0},{"not_picked":["Hololive_CallKiryuuCoco","Hololive_LuckPotion","Hololive_BeCareful"],"picked":"Hololive_CallAkiRosenthal","floor":27.0},{"not_picked":["Hololive_CallTokoyamiTowa","Hololive_RevenueBasedLive","Hololive_CocoNews","Hololive_SoulCatcher"],"picked":"SKIP","floor":29.0},{"not_picked":["Hololive_HighAtkLowDef","Hololive_ScarfAndHalo","Hololive_Rebirth"],"picked":"Hololive_MaximGun","floor":33.0},{"not_picked":["Hololive_StrengthChampion+1","Hololive_Psychosis+1","Hololive_CallTsunomakiWatame+1"],"picked":"Hololive_CallNatsuiroMatsuri","floor":35.0},{"not_picked":["Hololive_CallManoAloe","Hololive_HighAtkLowDef","Hololive_Sequa+1","Hololive_Trident"],"picked":"SKIP","floor":37.0},{"not_picked":["Hololive_CallUruhaRushia","Hololive_CallSpadeEcho","Hololive_Psychosis"],"picked":"Hololive_FlyingPonyTail+1","floor":38.0},{"not_picked":["Hololive_ScarfAndHalo","Hololive_Yoholoon","Hololive_Thief"],"picked":"Hololive_AWSL","floor":40.0},{"not_picked":["Hololive_CandyCastle+1","Hololive_StrengthChampion","Hololive_DDD","Hololive_RevenueBasedLive+1"],"picked":"SKIP","floor":41.0},{"not_picked":["Hololive_OvertimeWork","Hololive_BeCareful","Hololive_Watashimo","Hololive_MaximGun"],"picked":"SKIP","floor":45.0},{"not_picked":["Hololive_CallMomosuzuNene","Hololive_Rebound+1","Hololive_Drill","Hololive_HuntDinosaur+1"],"picked":"SKIP","floor":47.0},{"not_picked":["Hololive_OpenUp","Hololive_LuckPotion+1","Hololive_Spy","Hololive_CallHoushouMarine+1"],"picked":"SKIP","floor":48.0}],"player_experience":243417,"relics_obtained":[{"floor":9.0,"key":"Pear"},{"floor":23.0,"key":"Smiling Mask"},{"floor":23.0,"key":"Happy Flower"},{"floor":25.0,"key":"Nunchaku"},{"floor":25.0,"key":"Regal Pillow"},{"floor":26.0,"key":"Bag of Marbles"},{"floor":40.0,"key":"Bronze Scales"},{"floor":40.0,"key":"MawBank"},{"floor":43.0,"key":"Hololive_LightStick"}],"event_choices":[{"damage_healed":0.0,"max_hp_gain":0.0,"max_hp_loss":0.0,"gold_gain":0.0,"event_name":"Scrap Ooze","player_choice":"Success","floor":5.0,"gold_loss":0.0,"damage_taken":7.0,"relics_obtained":["Blue Candle"]},{"damage_healed":0.0,"max_hp_gain":0.0,"max_hp_loss":0.0,"gold_gain":0.0,"event_name":"The Library","player_choice":"Read","floor":19.0,"gold_loss":0.0,"damage_taken":0.0,"cards_obtained":["Hololive_Spy"]},{"damage_healed":0.0,"max_hp_gain":0.0,"max_hp_loss":0.0,"gold_gain":0.0,"event_name":"N\u0027loth","player_choice":"Traded Relic","floor":21.0,"relics_lost":["Pear"],"gold_loss":0.0,"damage_taken":0.0,"relics_obtained":["Nloth\u0027s Gift"]},{"cards_removed":["Hololive_Defend"],"damage_healed":0.0,"max_hp_gain":0.0,"max_hp_loss":0.0,"gold_gain":0.0,"event_name":"Falling","player_choice":"Removed Skill","floor":36.0,"gold_loss":0.0,"damage_taken":0.0},{"damage_healed":0.0,"max_hp_gain":0.0,"max_hp_loss":0.0,"gold_gain":0.0,"event_name":"Lab","player_choice":"Got Potions","floor":44.0,"gold_loss":0.0,"damage_taken":0.0}],"is_beta":false,"boss_relics":[{"not_picked":["Velvet Choker","Fusion Hammer"],"picked":"Black Star"},{"not_picked":["Hololive_ChaosS","Runic Pyramid"],"picked":"Sozu"}],"items_purged_floors":[20,31,39],"is_endless":false,"potions_floor_spawned":[1,3,11,23,24,25,35,41,45],"killed_by":"Awakened One","ascension_level":0}}