{"host":"6xsbn6ynqlzwllfm","time":1612091343,"event":{"mods":["2.2 Compatiblity","BaseMod","Bestiary","Colored Map","Colored Powertips","Curses Come First","Highlight Path","Keyboard Shortcuts","Minty Spire (QoL Compilation)","Relic Stats","Slay the Relics Exporter","StSLib","SuperFastMode"],"gold_per_floor":[109,34,8,8,26,52,109,121,133,179,211,223,269,291,303,389,401,432,444,34,45,45,72,72,102,102,102,102],"floor_reached":27,"language":"ENG","playtime":646,"items_purged":[],"score":684,"play_id":"43b2b9c8-8a74-4d6a-ae4c-b3ba9f15dd5c","local_time":"20210131060903","is_ascension_mode":true,"campfire_choices":[{"data":"CrushJoints","floor":8.0,"key":"SMITH"},{"data":"Conclude","floor":12.0,"key":"SMITH"},{"data":"Blasphemy","floor":15.0,"key":"SMITH"},{"floor":24,"key":"REST"}],"circlet_count":0,"master_deck":["AscendersBane","Strike_P","Strike_P","Strike_P","Defend_P","Defend_P","Defend_P","Eruption","Vigilance","Wallop+1","CrushJoints+1","Conclude+1","TalkToTheHand+1","Protect","SashWhip","Blasphemy+1","LessonLearned","CrushJoints+1","Wallop","FlyingSleeves","Writhe","SandsOfTime","Tantrum"],"relics":["PureWater","NeowsBlessing","Bag of Preparation","Art of War","Blue Candle","Bottled Flame","Velvet Choker","Nloth\u0027s Gift","ClockworkSouvenir","Lantern","InkBottle","Thread and Needle","Prayer Wheel","Unceasing Top"],"acts_visited":["Exordium","TheCity"],"potions_floor_usage":[21],"damage_taken":[{"damage":0.0,"enemies":"Small Slimes","floor":1.0,"turns":1.0},{"damage":0.0,"enemies":"Jaw Worm","floor":5.0,"turns":1.0},{"damage":0.0,"enemies":"3 Sentries","floor":6.0,"turns":2.0},{"damage":10.0,"enemies":"3 Sentries","floor":7.0,"turns":5.0},{"damage":0.0,"enemies":"Gremlin Nob","floor":10.0,"turns":2.0},{"damage":0.0,"enemies":"2 Louse","floor":11.0,"turns":1.0},{"damage":6.0,"enemies":"3 Sentries","floor":13.0,"turns":6.0},{"damage":2.0,"enemies":"Red Slaver","floor":14.0,"turns":3.0},{"damage":43.0,"enemies":"Hexaghost","floor":16.0,"turns":10.0},{"damage":0.0,"enemies":"Chosen","floor":18.0,"turns":1.0},{"damage":1,"enemies":"2 Thieves","floor":21,"turns":2},{"damage":28,"enemies":"Book of Stabbing","floor":23,"turns":5},{"damage":1,"enemies":"Gremlin Leader","floor":25,"turns":5},{"damage":100029,"enemies":"Book of Stabbing","floor":27,"turns":5}],"seed_played":"3098984395285914990","potions_obtained":[{"floor":1.0,"key":"Fire Potion"},{"floor":10.0,"key":"DuplicationPotion"},{"floor":11.0,"key":"Regen Potion"},{"floor":18.0,"key":"SteroidPotion"},{"floor":23,"key":"LiquidMemories"}],"is_trial":false,"path_per_floor":["M","?","$","?","M","E","?","R","T","E","M","R","E","M","R","B",null,"M","?","$","M","?","E","R","E","T","E"],"character_chosen":"WATCHER","items_purchased":["CrushJoints","ClockworkSouvenir","Wallop","Lantern"],"campfire_rested":1,"item_purchase_floors":[3,20,20,20],"current_hp_per_floor":[61,61,61,54,54,54,44,44,44,44,44,44,50,48,48,5,52,52,52,52,51,51,23,43,42,42,0,0],"gold":102,"neow_bonus":"THREE_ENEMY_KILL","is_daily":false,"chose_seed":false,"campfire_upgraded":3,"win_rate":0.0,"timestamp":1612091343,"path_taken":["M","?","$","?","M","E","?","R","T","E","M","R","E","M","R","BOSS","M","?","$","?","?","E","R","E","T","E"],"items_purchased_type":["Card","Relic","Card","Relic"],"build_version":"2020-12-22","purchased_purges":0,"victory":false,"max_hp_per_floor":[68,68,68,68,68,68,68,68,68,68,68,68,68,68,68,68,68,68,68,68,68,68,68,68,68,68,68,68],"relic_stats":{"counters":[14,48],"Blue Candle":[3],"Prayer Wheel":0,"Bag of Preparation":[22],"Art of War":[1],"Nloth\u0027s Gift":1,"obtain_stats":[{"Lantern":20,"NeowsBlessing":0,"Blue Candle":10,"Velvet Choker":17,"Thread and Needle":23,"Bag of Preparation":6,"MawBank":7,"ClockworkSouvenir":20,"Bottled Flame":13,"Prayer Wheel":25,"Art of War":9,"Nloth\u0027s Gift":19,"PureWater":0,"InkBottle":22,"Unceasing Top":26},{"Lantern":10,"NeowsBlessing":0,"Blue Candle":5,"Velvet Choker":9,"Thread and Needle":12,"Bag of Preparation":3,"MawBank":4,"ClockworkSouvenir":10,"Bottled Flame":7,"Prayer Wheel":13,"Art of War":4,"Nloth\u0027s Gift":10,"PureWater":0,"InkBottle":11,"Unceasing Top":13},{"Lantern":32,"NeowsBlessing":0,"Blue Candle":11,"Velvet Choker":31,"Thread and Needle":39,"Bag of Preparation":4,"MawBank":9,"ClockworkSouvenir":32,"Bottled Flame":18,"Prayer Wheel":44,"Art of War":9,"Nloth\u0027s Gift":32,"PureWater":0,"InkBottle":34,"Unceasing Top":44}],"InkBottle":[5],"Unceasing Top":[0]},"card_choices":[{"not_picked":["ClearTheMind","Consecrate"],"picked":"Wallop","floor":1.0},{"not_picked":["FlyingSleeves","ClearTheMind"],"picked":"Conclude","floor":5.0},{"not_picked":["EmptyBody","Evaluate"],"picked":"TalkToTheHand","floor":6.0},{"not_picked":["EmptyBody","ForeignInfluence"],"picked":"Protect","floor":7.0},{"not_picked":["Vengeance","BowlingBash"],"picked":"SashWhip","floor":10.0},{"not_picked":["FlyingSleeves","ClearTheMind"],"picked":"Blasphemy","floor":14.0},{"not_picked":["DeusExMachina","Ragnarok"],"picked":"LessonLearned","floor":16.0},{"not_picked":["JustLucky","Evaluate"],"picked":"CrushJoints+1","floor":18.0},{"not_picked":["InnerPeace","Evaluate"],"picked":"FlyingSleeves","floor":21},{"not_picked":["MasterReality","Indignation"],"picked":"SandsOfTime","floor":23},{"not_picked":["Adaptation","Conclude+1"],"picked":"Tantrum","floor":25}],"player_experience":1341203,"relics_obtained":[{"floor":6.0,"key":"Bag of Preparation"},{"floor":7.0,"key":"MawBank"},{"floor":9.0,"key":"Art of War"},{"floor":10.0,"key":"Blue Candle"},{"floor":13.0,"key":"Bottled Flame"},{"floor":23,"key":"Thread and Needle"},{"floor":25,"key":"Prayer Wheel"},{"floor":26,"key":"Unceasing Top"}],"event_choices":[{"cards_removed":["Strike_P"],"damage_healed":0.0,"max_hp_gain":0.0,"max_hp_loss":0.0,"gold_gain":0.0,"event_name":"The Cleric","player_choice":"Card Removal","floor":2.0,"gold_loss":75.0,"damage_taken":0.0},{"cards_removed":["Defend_P"],"damage_healed":0.0,"max_hp_gain":0.0,"max_hp_loss":0.0,"gold_gain":0.0,"event_name":"Golden Wing","player_choice":"Card Removal","floor":4.0,"gold_loss":0.0,"damage_taken":7.0},{"damage_healed":0.0,"max_hp_gain":0.0,"max_hp_loss":0.0,"gold_gain":0.0,"event_name":"Dead Adventurer","player_choice":"Searched \u00271\u0027 times","floor":7.0,"gold_loss":0.0,"damage_taken":0.0},{"damage_healed":0.0,"max_hp_gain":0.0,"max_hp_loss":0.0,"gold_gain":0.0,"event_name":"N\u0027loth","player_choice":"Traded Relic","floor":19.0,"relics_lost":["MawBank"],"gold_loss":0.0,"damage_taken":0.0,"relics_obtained":["Nloth\u0027s Gift"]},{"damage_healed":0,"gold_gain":0,"player_choice":"Opened","damage_taken":0,"relics_obtained":["InkBottle"],"max_hp_gain":0,"max_hp_loss":0,"event_name":"The Mausoleum","floor":22,"gold_loss":0,"cards_obtained":["Writhe"]}],"is_beta":false,"boss_relics":[{"not_picked":["Tiny House","Ectoplasm"],"picked":"Velvet Choker"}],"items_purged_floors":[],"is_endless":false,"potions_floor_spawned":[1,10,11,18,23],"killed_by":"Book of Stabbing","ascension_level":20}}