{"host":"facnppb4175fcpe2","time":1612087393,"event":{"mods":["AchievementEnabler","BaseMod","Colored Map","Colored Powertips","Highlight Path","Minty Spire (QoL Compilation)","Quick Restart","Rare Cards Sparkle","Relic Stats","StSLib","SuperFastMode"],"gold_per_floor":[110,110,124,136,156,185,185,219,255,267,279,291,316,344,356,368,368],"floor_reached":16,"language":"ZHS","playtime":351,"items_purged":[],"score":140,"play_id":"54c9b816-fbfe-4773-96fd-f1e589a58528","local_time":"20210131180313","is_ascension_mode":true,"campfire_choices":[{"data":"Dagger Spray","floor":7,"key":"SMITH"},{"floor":15,"key":"REST"}],"circlet_count":0,"master_deck":["Strike_G","Strike_G","Strike_G","Strike_G","Strike_G","Defend_G","Defend_G","Defend_G","Defend_G","Defend_G","Survivor","Neutralize+1","Dagger Spray+1","Escape Plan","Escape Plan","Blade Dance"],"relics":["Ring of the Snake","Blood Vial","MawBank","Nunchaku"],"acts_visited":["Exordium"],"potions_floor_usage":[8,12,16,16],"damage_taken":[{"damage":0.0,"enemies":"Jaw Worm","floor":1.0,"turns":5.0},{"damage":1.0,"enemies":"Small Slimes","floor":3.0,"turns":4.0},{"damage":0,"enemies":"Cultist","floor":4,"turns":4},{"damage":11,"enemies":"Gremlin Gang","floor":5,"turns":5},{"damage":59,"enemies":"Gremlin Nob","floor":6,"turns":6},{"damage":7,"enemies":"3 Sentries","floor":8,"turns":5},{"damage":5,"enemies":"Gremlin Nob","floor":12,"turns":3},{"damage":4,"enemies":"Blue Slaver","floor":13,"turns":3},{"damage":1,"enemies":"Exordium Thugs","floor":14,"turns":4},{"damage":18,"enemies":"The Guardian","floor":16,"turns":5}],"seed_played":"3300775191891809308","potions_obtained":[{"floor":3.0,"key":"ColorlessPotion"},{"floor":4,"key":"Explosive Potion"},{"floor":8,"key":"SmokeBomb"},{"floor":14,"key":"AttackPotion"}],"is_trial":false,"path_per_floor":["M","?","M","M","M","E","R","E","T","?","$","E","M","M","R","B"],"character_chosen":"THE_SILENT","items_purchased":[],"campfire_rested":1,"item_purchase_floors":[],"current_hp_per_floor":[77,82,81,81,70,11,11,6,6,6,6,3,1,2,26,10,10],"gold":368,"neow_bonus":"TEN_PERCENT_HP_BONUS","is_daily":false,"chose_seed":false,"campfire_upgraded":1,"win_rate":0.0,"timestamp":1612087393,"path_taken":["M","?","M","M","M","E","R","E","T","?","?","E","M","M","R","BOSS"],"items_purchased_type":[],"build_version":"2020-12-22","purchased_purges":0,"victory":false,"max_hp_per_floor":[77,82,82,82,82,82,82,82,82,82,82,82,82,82,82,82,82],"relic_stats":{"Blood Vial":10,"Nunchaku":[4],"counters":[10,44],"MawBank":96,"obtain_stats":[{"Blood Vial":6,"Nunchaku":9,"MawBank":8,"Ring of the Snake":0},{"Blood Vial":5,"Nunchaku":6,"MawBank":6,"Ring of the Snake":0},{"Blood Vial":24,"Nunchaku":29,"MawBank":29,"Ring of the Snake":0}],"Ring of the Snake":[20]},"card_choices":[{"not_picked":["PiercingWail","Predator","All Out Attack"],"picked":"SKIP","floor":1.0},{"not_picked":["Outmaneuver","Dodge and Roll"],"picked":"Dagger Spray","floor":3.0},{"not_picked":["Crippling Poison","Dagger Spray"],"picked":"Escape Plan","floor":4},{"not_picked":["Deadly Poison","Cloak And Dagger"],"picked":"Escape Plan","floor":5},{"not_picked":["Cloak And Dagger","Dodge and Roll","Dagger Throw"],"picked":"SKIP","floor":6},{"not_picked":["Noxious Fumes","Dodge and Roll"],"picked":"Blade Dance","floor":8},{"not_picked":["Endless Agony","Deadly Poison","Deflect"],"picked":"SKIP","floor":13},{"not_picked":["Finisher","Sucker Punch","Leg Sweep"],"picked":"SKIP","floor":14}],"player_experience":96488,"relics_obtained":[{"floor":6,"key":"Blood Vial"},{"floor":8,"key":"MawBank"},{"floor":9,"key":"Nunchaku"}],"event_choices":[{"damage_healed":0.0,"max_hp_gain":5.0,"max_hp_loss":0.0,"gold_gain":0.0,"event_name":"Big Fish","player_choice":"Donut","floor":2.0,"gold_loss":0.0,"damage_taken":0.0},{"damage_healed":0,"gold_gain":0,"player_choice":"Grow","damage_taken":0,"max_hp_gain":0,"max_hp_loss":0,"event_name":"Living Wall","floor":10,"gold_loss":0,"cards_upgraded":["Neutralize"]}],"is_beta":false,"boss_relics":[],"items_purged_floors":[],"is_endless":false,"potions_floor_spawned":[3,4,8,14],"killed_by":"The Guardian","ascension_level":3}}