{"host":"ow66nzv2xecjoor3","time":1612078400,"event":{"mods":["BaseMod","Bestiary","Block Reminder","Colored Powertips","Curses Come First","Highlight Path","Keyboard Shortcuts","Minty Spire (QoL Compilation)","Permanent Neow","Relic Stats","StSLib","UnlockEverythingMod"],"gold_per_floor":[113,130,140,140,4,32,32,76,76,19,19,55,55,75,75,171,171,191,3,28,28,53,53,73,113,137,137,137,137],"floor_reached":28,"language":"ENG","playtime":14002,"items_purged":[],"score":512,"play_id":"31102484-ad61-4620-8f15-316e3362d77a","local_time":"20210131013320","is_ascension_mode":true,"campfire_choices":[{"floor":11,"key":"REST"},{"data":"Noxious Fumes","floor":15,"key":"SMITH"},{"floor":23,"key":"REST"},{"floor":27,"key":"REST"}],"circlet_count":0,"master_deck":["AscendersBane","Strike_G","Strike_G","Strike_G","Strike_G+1","Strike_G","Defend_G","Defend_G","Defend_G","Defend_G","Survivor","Neutralize+1","Acrobatics","Heel Hook+1","Leg Sweep","Noxious Fumes","Noxious Fumes+1","Doppelganger","PiercingWail","Bane","Malaise","Crippling Poison","Blur","PiercingWail"],"relics":["Ring of the Snake","Paper Crane","Golden Idol","Anchor","Pear","Whetstone","Fusion Hammer","Membership Card","Turnip"],"acts_visited":["Exordium","TheCity"],"potions_floor_usage":[8,8,12,25,25],"damage_taken":[{"damage":1.0,"enemies":"Jaw Worm","floor":1.0,"turns":6.0},{"damage":10.0,"enemies":"Small Slimes","floor":2.0,"turns":5.0},{"damage":6.0,"enemies":"2 Louse","floor":3.0,"turns":3.0},{"damage":24.0,"enemies":"Gremlin Nob","floor":6.0,"turns":4.0},{"damage":6,"enemies":"3 Sentries","floor":8,"turns":7},{"damage":1,"enemies":"Lagavulin","floor":12,"turns":8},{"damage":10,"enemies":"Large Slime","floor":14,"turns":7},{"damage":5,"enemies":"The Guardian","floor":16,"turns":11},{"damage":1,"enemies":"Spheric Guardian","floor":18,"turns":6},{"damage":4,"enemies":"3 Byrds","floor":20,"turns":5},{"damage":28,"enemies":"3 Cultists","floor":22,"turns":5},{"damage":8,"enemies":"Snecko","floor":24,"turns":6},{"damage":34,"enemies":"Gremlin Leader","floor":25,"turns":8},{"damage":25,"enemies":"Slavers","floor":28,"turns":4}],"seed_played":"-2225863679780426469","potions_obtained":[{"floor":2.0,"key":"PowerPotion"},{"floor":6.0,"key":"SkillPotion"},{"floor":22,"key":"SpeedPotion"}],"is_trial":false,"path_per_floor":["M","M","M","?","$","E","?","E","T","$","R","E","$","M","R","B",null,"M","$","M","?","M","R","M","E","T","R","E"],"character_chosen":"THE_SILENT","items_purchased":["BlessingOfTheForge","Noxious Fumes","FearPotion","Membership Card","SpeedPotion"],"campfire_rested":3,"item_purchase_floors":[5,5,10,19,19],"current_hp_per_floor":[58,48,42,35,35,11,11,5,15,15,36,35,35,25,25,20,58,57,57,53,53,25,46,38,4,4,25,0,0],"gold":137,"neow_bonus":"UPGRADE_CARD","is_daily":false,"chose_seed":false,"campfire_upgraded":1,"win_rate":0.0,"timestamp":1612078400,"path_taken":["M","M","M","?","$","E","?","E","T","$","R","E","?","M","R","BOSS","M","$","M","?","M","R","M","E","T","R","E"],"items_purchased_type":["Potion","Card","Potion","Relic","Potion"],"build_version":"2020-12-22","purchased_purges":0,"victory":false,"max_hp_per_floor":[66,66,66,66,66,66,60,60,70,70,70,70,70,70,70,70,70,70,70,70,70,70,70,70,70,70,70,70,70],"relic_stats":{"counters":[14,85],"Golden Idol":65,"Turnip":[0],"Whetstone":["Strike_G","Heel Hook"],"obtain_stats":[{"Anchor":8,"Pear":9,"Golden Idol":7,"Fusion Hammer":17,"Turnip":25,"Whetstone":12,"Membership Card":19,"Paper Crane":6,"Ring of the Snake":0},{"Anchor":5,"Pear":5,"Golden Idol":4,"Fusion Hammer":8,"Turnip":13,"Whetstone":6,"Membership Card":9,"Paper Crane":4,"Ring of the Snake":0},{"Anchor":25,"Pear":25,"Golden Idol":18,"Fusion Hammer":51,"Turnip":81,"Whetstone":33,"Membership Card":57,"Paper Crane":18,"Ring of the Snake":0}],"Ring of the Snake":[28]},"card_choices":[{"not_picked":["Dodge and Roll","PiercingWail"],"picked":"Acrobatics","floor":1.0},{"not_picked":["Slice","Poisoned Stab"],"picked":"Heel Hook","floor":2.0},{"not_picked":["Bane","Riddle With Holes"],"picked":"Leg Sweep","floor":3.0},{"not_picked":["Quick Slash","Flying Knee"],"picked":"Noxious Fumes","floor":6.0},{"not_picked":["Blade Dance","Cloak And Dagger"],"picked":"Doppelganger","floor":8},{"not_picked":["Outmaneuver","Dodge and Roll"],"picked":"PiercingWail","floor":12},{"not_picked":["Deadly Poison","Riddle With Holes"],"picked":"Bane","floor":14},{"not_picked":["Storm of Steel","Phantasmal Killer"],"picked":"Malaise","floor":16},{"not_picked":["Prepared","Cloak And Dagger","Distraction"],"picked":"SKIP","floor":18},{"not_picked":["Sucker Punch","Dagger Throw","Cloak And Dagger"],"picked":"SKIP","floor":20},{"not_picked":["Blade Dance","Acrobatics"],"picked":"Blur","floor":22},{"not_picked":["Outmaneuver","Blur"],"picked":"PiercingWail","floor":24},{"not_picked":["Deadly Poison","Quick Slash+1","Choke"],"picked":"SKIP","floor":25}],"player_experience":2779831,"relics_obtained":[{"floor":6.0,"key":"Paper Crane"},{"floor":8,"key":"Anchor"},{"floor":9,"key":"Pear"},{"floor":12,"key":"Whetstone"},{"floor":25,"key":"Turnip"}],"event_choices":[{"cards_removed":["Defend_G"],"damage_healed":0.0,"max_hp_gain":0.0,"max_hp_loss":0.0,"gold_gain":0.0,"event_name":"Golden Wing","player_choice":"Card Removal","floor":4.0,"gold_loss":0.0,"damage_taken":7.0},{"damage_healed":0.0,"max_hp_gain":0.0,"max_hp_loss":6.0,"gold_gain":0.0,"event_name":"Golden Idol","player_choice":"Lose Max HP","floor":7.0,"gold_loss":0.0,"damage_taken":0.0,"relics_obtained":["Golden Idol"]},{"damage_healed":0,"gold_gain":0,"player_choice":"Read","damage_taken":0,"max_hp_gain":0,"max_hp_loss":0,"event_name":"The Library","floor":21,"gold_loss":0,"cards_obtained":["Crippling Poison"]}],"is_beta":false,"boss_relics":[{"not_picked":["Coffee Dripper","SacredBark"],"picked":"Fusion Hammer"}],"items_purged_floors":[],"is_endless":false,"potions_floor_spawned":[2,6,22,24],"killed_by":"Slavers","ascension_level":20}}