{"host":"g7mkzn6qfoxkk5sz","time":1612075010,"event":{"mods":["BaseMod","Colored Map","Colored Powertips","Downfall","Hermit","Marisa????????","Minty Spire (QoL Compilation)","StSLib","The Animator","The Bug Knight","The Servant 0.9.4"],"gold_per_floor":[121,143,158,66,81,81,111,40,40,40,55,74,106,106,106,207,232,248,263,263,275,289,289,306,306,383,405,416,416,416,416],"floor_reached":30,"language":"ENG","playtime":2035,"items_purged":[],"score":321,"play_id":"17ea711a-9dfe-4411-a314-f0ad24b7727c","local_time":"20210131083650","is_ascension_mode":false,"campfire_choices":[{"data":"animator:Shalltear","floor":6,"key":"SMITH"},{"data":"animator:Darkness","floor":10,"key":"SMITH"},{"data":"animator:Aqua","floor":15,"key":"SMITH"},{"data":"animator:Tatsumaki","floor":23,"key":"SMITH"},{"floor":25,"key":"REST"}],"circlet_count":0,"master_deck":["animator:Strike_OwariNoSeraph","animator:Defend_OwariNoSeraph","animator:Strike","animator:Defend","animator:Defend","animator:Shinoa","animator:Mikaela","animator:Evileye+1","animator:MamiTomoe+1","animator:Shinoa+1","animator:Shalltear+1","animator:Vanir","animator:Arpeggio","animator:MisaKurobane","animator:Entoma+2","animator:Illya","animator:Darkness+1","animator:MamiTomoe","animator:Alexander+1","animator:Aqua+1","animator:Gilgamesh+2","animator:Tatsumaki+1","animator:MumenRider","animator:Darkness+1","animator:Darkness","animator:Lancer","animator:RoryMercury","animator:Ainz","animator:Caster"],"relics":["animator:TheMissingPiece","Astrolabe","Boot","Meat on the Bone","Lantern","Velvet Choker","Anchor"],"acts_visited":["Exordium","TheCity"],"potions_floor_usage":[7,11,13,13,22,28],"damage_taken":[{"damage":0,"enemies":"Cultist","floor":1,"turns":3},{"damage":0,"enemies":"Small Slimes","floor":2,"turns":3},{"damage":0,"enemies":"2 Louse","floor":3,"turns":2},{"damage":5,"enemies":"Red Slaver","floor":5,"turns":6},{"damage":0,"enemies":"Gremlin Nob","floor":7,"turns":3},{"damage":0,"enemies":"2 Fungi Beasts","floor":11,"turns":4},{"damage":10,"enemies":"Looter","floor":12,"turns":3},{"damage":0,"enemies":"Lagavulin","floor":13,"turns":5},{"damage":57,"enemies":"Hexaghost","floor":16,"turns":11},{"damage":13,"enemies":"Spheric Guardian","floor":18,"turns":4},{"damage":24,"enemies":"2 Thieves","floor":19,"turns":3},{"damage":22,"enemies":"Centurion and Healer","floor":21,"turns":5},{"damage":25,"enemies":"Snake Plant","floor":22,"turns":3},{"damage":17,"enemies":"3 Cultists","floor":24,"turns":5},{"damage":0,"enemies":"Cultist and Chosen","floor":27,"turns":5},{"damage":3,"enemies":"Snake Plant","floor":28,"turns":4},{"damage":33,"enemies":"3 Cultists","floor":30,"turns":4}],"seed_played":"1353846372464093587","potions_obtained":[{"floor":1,"key":"animator:FalseLifePotion"},{"floor":7,"key":"BlessingOfTheForge"},{"floor":11,"key":"Fruit Juice"},{"floor":12,"key":"LiquidMemories"},{"floor":19,"key":"GamblersBrew"},{"floor":21,"key":"FearPotion"},{"floor":24,"key":"Strength Potion"},{"floor":27,"key":"AttackPotion"}],"is_trial":false,"path_per_floor":["M","M","M","$","M","R","E","$","T","R","M","M","E","?","R","B",null,"M","M","?","M","M","R","M","R","T","M","M","?","M"],"character_chosen":"THE_ANIMATOR","items_purchased":["animator:MisaKurobane","animator:Darkness"],"campfire_rested":1,"item_purchase_floors":[4,8],"current_hp_per_floor":[66,66,66,66,62,62,62,62,62,62,67,57,58,58,58,16,73,60,39,39,34,21,21,21,44,44,47,47,33,0,0],"gold":416,"neow_bonus":"BOSS_RELIC","is_daily":false,"chose_seed":false,"campfire_upgraded":4,"win_rate":0.0,"timestamp":1612075010,"path_taken":["M","M","?","$","M","R","E","$","T","R","M","M","E","?","R","BOSS","M","M","?","?","M","R","M","R","T","M","M","?","M"],"items_purchased_type":["Card","Card"],"build_version":"2020-12-22","purchased_purges":0,"victory":false,"max_hp_per_floor":[66,66,66,66,67,67,67,67,67,67,72,72,73,73,73,73,73,73,73,73,75,75,75,77,77,77,77,77,82,82,82],"card_choices":[{"not_picked":["animator:Assassin","animator:Entoma"],"picked":"animator:Shalltear","floor":1},{"not_picked":["animator:Verdia","animator:Entoma"],"picked":"animator:Vanir","floor":2},{"not_picked":["animator:OrikoMikuni","animator:SakuraMatou"],"picked":"animator:Arpeggio","floor":3},{"not_picked":["animator:NarberalGamma","animator:Cocytus"],"picked":"animator:Entoma","floor":5},{"not_picked":["animator:PinaCoLada","animator:Entoma"],"picked":"animator:Illya","floor":7},{"not_picked":["animator:Tyuule","animator:Kuribayashi"],"picked":"animator:MamiTomoe","floor":11},{"not_picked":["animator:CrowleyEusford","animator:KrulTepes"],"picked":"animator:Alexander","floor":12},{"not_picked":["animator:Verdia","animator:Vanir"],"picked":"animator:Aqua","floor":13},{"not_picked":["animator:ItamiYouji","animator:Saber"],"picked":"animator:Gilgamesh","floor":16},{"not_picked":["animator:Mikaela","animator:SakuraMatou+1"],"picked":"animator:Tatsumaki","floor":18},{"not_picked":["animator:Yoichi","animator:Shinoa"],"picked":"animator:MumenRider","floor":19},{"not_picked":["animator:Entoma+1","animator:SayakaMiki"],"picked":"animator:Darkness","floor":21},{"not_picked":["animator:Caster","animator:Berserker"],"picked":"animator:Lancer","floor":22},{"not_picked":["animator:Kuribayashi","animator:Aqua"],"picked":"animator:RoryMercury","floor":24},{"not_picked":["animator:IrohaTamaki","animator:RinTohsaka"],"picked":"animator:Ainz","floor":27},{"not_picked":["animator:Geryuganshoop","animator:Yoichi"],"picked":"animator:Caster","floor":28}],"player_experience":439647,"relics_obtained":[{"floor":7,"key":"Boot"},{"floor":9,"key":"Meat on the Bone"},{"floor":13,"key":"Lantern"},{"floor":26,"key":"Anchor"}],"event_choices":[{"damage_healed":0,"gold_gain":0,"player_choice":"Grow","damage_taken":0,"max_hp_gain":0,"max_hp_loss":0,"event_name":"Living Wall","floor":14,"gold_loss":0,"cards_upgraded":["animator:Alexander"]},{"damage_healed":0,"gold_gain":0,"player_choice":"Copied","damage_taken":0,"max_hp_gain":0,"max_hp_loss":0,"event_name":"Duplicator","floor":20,"gold_loss":0,"cards_obtained":["animator:Darkness"]},{"damage_healed":0,"gold_gain":0,"player_choice":"Shed Blood","damage_taken":19,"max_hp_gain":5,"max_hp_loss":0,"event_name":"Forgotten Altar","floor":29,"gold_loss":0}],"is_beta":false,"boss_relics":[{"not_picked":["animator:RacePiece","Ectoplasm"],"picked":"Velvet Choker"}],"items_purged_floors":[],"is_endless":false,"potions_floor_spawned":[1,7,11,12,19,21,24,27],"killed_by":"3 Cultists","ascension_level":0}}