{"host":"04aht2z7d1qbuefv","time":1612133239,"event":{"mods":["AchievementEnabler","BaseMod","Downfall","Minty Spire (QoL Compilation)","StSLib","The Cursed","The Necromancer"],"gold_per_floor":[99,118,118,218,234,259,314,334,364,380,400,100,126,126,138,242,242,242,261,261,261,274,301,301,68,97,109,121,135,135,153,163,163,163],"floor_reached":33,"language":"SPA","playtime":1627,"items_purged":["Regret"],"score":477,"play_id":"accabe1b-2317-4397-ad37-4c78e28dcdec","local_time":"20210131194719","is_ascension_mode":true,"campfire_choices":[{"floor":1,"key":"RECALL"},{"floor":12,"key":"REST"},{"data":"champ:DancingMaster","floor":18,"key":"SMITH"},{"floor":30,"key":"REST"}],"circlet_count":0,"master_deck":["champ:Strike","champ:Strike","champ:Strike","champ:Strike","champ:Defend","champ:Defend","champ:Defend","champ:Defend","champ:Execute","champ:Taunt","champ:TornadoPunch+1","downfall:Haunted","downfall:Haunted","Pain","Normality","champ:IronFortress","champ:FanOfKnives","champ:BringItOn","champ:TripleStrike+1","Parasite","champ:DancingMaster+1","champ:EnGarde+1","champ:SwordThrow","Master of Strategy"],"relics":["champ:ChampionCrown","Anchor","Du-Vu Doll","Darkstone Periapt","Orichalcum","Dream Catcher","downfall:HeartBlessingRed","downfall:HeartBlessingGreen","downfall:HeartBlessingBlue","The Courier","Velvet Choker","Nilry\u0027s Codex","Centennial Puzzle","HornCleat","Bronze Scales"],"acts_visited":["Exordium","TheCity"],"potions_floor_usage":[9,16,16,16,23,29,31,32,33,33],"damage_taken":[{"damage":10,"enemies":"2 Louse","floor":2,"turns":2},{"damage":1,"enemies":"Small Slimes","floor":5,"turns":2},{"damage":20,"enemies":"Gremlin Nob","floor":6,"turns":3},{"damage":3,"enemies":"Cultist","floor":8,"turns":3},{"damage":47,"enemies":"3 Sentries","floor":9,"turns":5},{"damage":3,"enemies":"3 Louse","floor":10,"turns":3},{"damage":7,"enemies":"2 Fungi Beasts","floor":11,"turns":2},{"damage":22,"enemies":"Lagavulin","floor":13,"turns":3},{"damage":13,"enemies":"Large Slime","floor":15,"turns":2},{"damage":46,"enemies":"DF_ARCHETYPE_STREAMLINE","floor":16,"turns":6},{"damage":12,"enemies":"Chosen","floor":19,"turns":4},{"damage":18,"enemies":"3 Byrds","floor":22,"turns":4},{"damage":34,"enemies":"Slavers","floor":23,"turns":4},{"damage":24,"enemies":"downfall:FleeingMerchant","floor":25,"turns":4},{"damage":30,"enemies":"Gremlin Leader","floor":26,"turns":7},{"damage":42,"enemies":"Centurion and Healer","floor":27,"turns":5},{"damage":27,"enemies":"Sentry and Sphere","floor":28,"turns":5},{"damage":13,"enemies":"Cultist and Chosen","floor":29,"turns":4},{"damage":8,"enemies":"Centurion and Healer","floor":31,"turns":5},{"damage":13,"enemies":"Snecko","floor":32,"turns":3},{"damage":49,"enemies":"IC_MUSHROOM_ARCHETYPE","floor":33,"turns":7}],"seed_played":"-1073566030929738124","potions_obtained":[{"floor":8,"key":"champ:OpenerPotion"},{"floor":9,"key":"PowerPotion"},{"floor":10,"key":"Fire Potion"},{"floor":13,"key":"AttackPotion"},{"floor":16,"key":"bronze:BurnAndBuffPotion"},{"floor":23,"key":"sneckomod:MuddlingPotion"},{"floor":26,"key":"Strength Potion"},{"floor":28,"key":"Slimebound:ThreeZeroPotion"},{"floor":29,"key":"Block Potion"},{"floor":31,"key":"SkillPotion"}],"is_trial":false,"path_per_floor":["R","M","?","?","M","E","T","M","E","M","M","R","E","?","M","B",null,"R","M","?","?","M","E","T","$","E","M","M","M","R","M","M","B"],"character_chosen":"THE_CHAMP","items_purchased":["Master of Strategy"],"campfire_rested":2,"item_purchase_floors":[25],"current_hp_per_floor":[90,90,90,119,118,108,108,105,73,70,63,111,99,105,102,71,135,135,133,117,117,109,85,85,76,56,39,22,9,49,41,38,0,0,0],"gold":163,"neow_bonus":"RANDOM_COMMON_RELIC","is_daily":false,"chose_seed":false,"campfire_upgraded":1,"win_rate":0.0,"timestamp":1612133239,"path_taken":["R","M","?","?","M","E","T","M","E","M","M","R","E","?","M","BOSS","R","?","?","?","M","E","T","$","E","M","M","M","R","M","M","BOSS"],"items_purchased_type":["Card"],"build_version":"2020-12-22","purchased_purges":1,"victory":false,"max_hp_per_floor":[90,90,90,119,119,119,119,119,119,119,119,129,129,135,135,135,135,135,135,135,135,135,135,135,135,135,135,135,135,135,135,135,135,135,135],"card_choices":[{"not_picked":["champ:Shatter","champ:RecklessLeap"],"picked":"champ:TornadoPunch","floor":2},{"not_picked":["champ:AdrenalArmor","champ:BerserkersShout","champ:EnragedBash"],"picked":"SKIP","floor":5},{"not_picked":["champ:FaceSlap","champ:TornadoPunch"],"picked":"champ:IronFortress","floor":6},{"not_picked":["champ:BladeFlurry","champ:StanceDance","champ:FlashCut"],"picked":"SKIP","floor":8},{"not_picked":["champ:Haymaker","champ:CrookedStrike"],"picked":"champ:FanOfKnives","floor":9},{"not_picked":["champ:Circumvent","champ:RecklessLeap"],"picked":"champ:BringItOn","floor":10},{"not_picked":["champ:PreciseThrust","champ:GutPunch","champ:FancyFootwork"],"picked":"SKIP","floor":11},{"not_picked":["champ:BladeFlurry","champ:BerserkersShout"],"picked":"champ:TripleStrike","floor":12},{"not_picked":["champ:BladeFlurry","champ:Haymaker","champ:FlashCut"],"picked":"SKIP","floor":13},{"not_picked":["champ:FaceSlap","champ:IronFortress","champ:CrookedStrike"],"picked":"SKIP","floor":15},{"not_picked":["champ:IgnorePain","champ:SwordThrow"],"picked":"champ:DancingMaster","floor":16},{"not_picked":["champ:Shatter","champ:BringItOn"],"picked":"champ:EnGarde+1","floor":19},{"not_picked":["champ:FanOfKnives","champ:Backstep","champ:FlashCut"],"picked":"SKIP","floor":22},{"not_picked":["champ:GutPunch","champ:Parry"],"picked":"champ:SwordThrow","floor":23},{"not_picked":["champ:BringItOn","champ:DefensiveShout+1","champ:CalledShot"],"picked":"SKIP","floor":25},{"not_picked":["champ:CalledShot","champ:DefensiveShout","champ:MurderStrike"],"picked":"SKIP","floor":26},{"not_picked":["champ:FlashCut","champ:BringItOn","champ:BerserkersShout"],"picked":"SKIP","floor":27},{"not_picked":["champ:DefensiveShout","champ:EnGarde+1","champ:BladeFlurry"],"picked":"SKIP","floor":28},{"not_picked":["champ:DefensiveShout","champ:FanOfKnives","champ:Endure+1"],"picked":"SKIP","floor":29},{"not_picked":["champ:FancyFootwork","champ:LastStand","champ:GladiatorStyle"],"picked":"SKIP","floor":31},{"not_picked":["champ:BringItOn","champ:CrownThrow","champ:Circumvent"],"picked":"SKIP","floor":32}],"player_experience":176393,"relics_obtained":[{"floor":6,"key":"Orichalcum"},{"floor":9,"key":"Dream Catcher"},{"floor":13,"key":"The Courier"},{"floor":20,"key":"Nilry\u0027s Codex"},{"floor":23,"key":"Centennial Puzzle"},{"floor":24,"key":"HornCleat"},{"floor":26,"key":"Bronze Scales"}],"event_choices":[{"damage_healed":0,"gold_gain":0,"player_choice":"Box","damage_taken":0,"relics_obtained":["Du-Vu Doll"],"max_hp_gain":0,"max_hp_loss":0,"event_name":"Big Fish","floor":3,"gold_loss":0,"cards_obtained":["Regret"]}],"is_beta":false,"boss_relics":[{"not_picked":["Runic Dome","Busted Crown"],"picked":"Velvet Choker"}],"items_purged_floors":[25],"is_endless":false,"potions_floor_spawned":[8,9,10,13,16,23,26,28,29,31],"killed_by":"IC_MUSHROOM_ARCHETYPE","ascension_level":1}}