{"host":"2se5dq1do2gp0x9k","time":1612051800,"event":{"mods":["AchievementEnabler","BaseMod","Block Reminder","Colored Map","Colored Powertips","Minty Spire (QoL Compilation)","Relic Stats","StSLib","SuperFastMode"],"gold_per_floor":[15,33,48,68,68,95,109,134,134,152,172,172,203,203,203,277,277,297,177,188,16,26,26,57,57,103,144,155,155,184,201,201,278,278,292,317,317,329,329,360,360,360,360,360,360],"floor_reached":44,"language":"ENG","playtime":2632,"items_purged":[],"score":1136,"play_id":"14d4cafd-66ba-47ad-9a11-e82fec1c4962","local_time":"20210130161000","is_ascension_mode":true,"campfire_choices":[{"data":"Coolheaded","floor":12.0,"key":"SMITH"},{"floor":15.0,"key":"REST"},{"data":"Defragment","floor":23,"key":"SMITH"},{"data":"Recycle","floor":25,"key":"SMITH"},{"floor":32,"key":"REST"},{"floor":41,"key":"REST"},{"floor":42,"key":"REST"}],"circlet_count":0,"master_deck":["AscendersBane","Strike_B","Defend_B","Defend_B","Defend_B","Zap","Dualcast","Core Surge","Genetic Algorithm","Coolheaded","Glacier","Ball Lightning","Biased Cognition","Conserve Battery","Recycle+1","Coolheaded+1","Turbo","Creative AI","Undo+1","Aggregate+1","Thunder Strike+1","Defragment","Defragment+1","Seek","Force Field","Double Energy+1","Buffer"],"relics":["Cracked Core","Ornamental Fan","Bag of Preparation","Thread and Needle","Ice Cream","Astrolabe","Toolbox","Lizard Tail","Sundial","Nloth\u0027s Gift","Toy Ornithopter","Inserter","WingedGreaves","Blood Vial"],"acts_visited":["Exordium","TheCity","TheBeyond"],"potions_floor_usage":[27],"damage_taken":[{"damage":2.0,"enemies":"Jaw Worm","floor":1.0,"turns":3.0},{"damage":0.0,"enemies":"2 Louse","floor":2.0,"turns":2.0},{"damage":0.0,"enemies":"Cultist","floor":3.0,"turns":4.0},{"damage":5.0,"enemies":"Looter","floor":4.0,"turns":3.0},{"damage":26.0,"enemies":"Lagavulin","floor":6.0,"turns":8.0},{"damage":1.0,"enemies":"Red Slaver","floor":7.0,"turns":3.0},{"damage":4.0,"enemies":"3 Sentries","floor":8.0,"turns":8.0},{"damage":0.0,"enemies":"Large Slime","floor":10.0,"turns":5.0},{"damage":0.0,"enemies":"Looter","floor":11.0,"turns":3.0},{"damage":23.0,"enemies":"Gremlin Nob","floor":13.0,"turns":4.0},{"damage":4.0,"enemies":"The Guardian","floor":16.0,"turns":19.0},{"damage":0.0,"enemies":"Chosen","floor":18.0,"turns":9.0},{"damage":0.0,"enemies":"2 Thieves","floor":19.0,"turns":5.0},{"damage":11.0,"enemies":"Snecko","floor":20.0,"turns":9.0},{"damage":10,"enemies":"Shelled Parasite and Fungi","floor":22,"turns":7},{"damage":7,"enemies":"Book of Stabbing","floor":24,"turns":10},{"damage":38,"enemies":"Slavers","floor":27,"turns":11},{"damage":0,"enemies":"Centurion and Healer","floor":28,"turns":10},{"damage":19,"enemies":"Book of Stabbing","floor":30,"turns":10},{"damage":0,"enemies":"Snecko","floor":31,"turns":7},{"damage":0,"enemies":"Champ","floor":33,"turns":16},{"damage":38,"enemies":"3 Shapes","floor":35,"turns":7},{"damage":0,"enemies":"Mind Bloom Boss Battle","floor":36,"turns":8},{"damage":0,"enemies":"Orb Walker","floor":38,"turns":5},{"damage":22,"enemies":"Nemesis","floor":40,"turns":11},{"damage":61,"enemies":"Jaw Worm Horde","floor":44,"turns":4}],"seed_played":"8380205512575348716","potions_obtained":[{"floor":2.0,"key":"SkillPotion"},{"floor":4.0,"key":"LiquidBronze"},{"floor":13.0,"key":"Fire Potion"},{"floor":20.0,"key":"EssenceOfSteel"},{"floor":27,"key":"PotionOfCapacity"}],"is_trial":false,"path_per_floor":["M","M","M","M","?","E","M","E","T","M","M","R","E","?","R","B",null,"M","M","M","$","M","R","E","R","T","E","M","?","E","M","R","B",null,"M","?","?","M","?","E","R","R","T","M"],"character_chosen":"DEFECT","items_purchased":["Toolbox"],"campfire_rested":4,"item_purchase_floors":[21],"current_hp_per_floor":[62,62,62,57,62,36,35,31,31,31,31,31,8,8,30,26,64,64,64,53,53,43,43,36,36,36,38,38,38,19,19,41,41,67,29,29,29,29,29,7,28,49,49,0,0],"gold":360,"neow_bonus":"THREE_RARE_CARDS","is_daily":false,"chose_seed":false,"campfire_upgraded":3,"win_rate":0.0,"timestamp":1612051800,"path_taken":["M","M","M","M","?","E","M","E","T","M","M","R","E","?","R","BOSS","M","M","M","?","M","R","E","R","T","E","M","?","E","?","R","BOSS","M","?","?","M","?","E","R","R","T","M"],"items_purchased_type":["Relic"],"build_version":"2020-12-22","purchased_purges":0,"victory":false,"max_hp_per_floor":[71,71,71,71,76,76,76,76,76,76,76,76,76,76,76,76,76,76,76,76,76,76,76,76,76,76,76,76,76,76,76,76,76,76,76,76,72,72,72,72,72,72,72,72,72],"relic_stats":{"Blood Vial":2,"Lizard Tail":38,"Inserter":[17],"counters":[26,190],"Ornamental Fan":[12],"Sundial":[12],"Astrolabe":["Undo","Aggregate","Thunder Strike"],"Bag of Preparation":[38],"Nloth\u0027s Gift":3,"obtain_stats":[{"Ice Cream":13,"Inserter":34,"Astrolabe":17,"CeramicFish":26,"Thread and Needle":9,"Bag of Preparation":8,"Blood Vial":40,"Lizard Tail":24,"Ornamental Fan":6,"Sundial":27,"Toolbox":21,"WingedGreaves":36,"Nloth\u0027s Gift":29,"Cracked Core":0,"Toy Ornithopter":30},{"Ice Cream":10,"Inserter":21,"Astrolabe":11,"CeramicFish":16,"Thread and Needle":7,"Bag of Preparation":7,"Blood Vial":25,"Lizard Tail":16,"Ornamental Fan":5,"Sundial":17,"Toolbox":14,"WingedGreaves":23,"Nloth\u0027s Gift":18,"Cracked Core":0,"Toy Ornithopter":19},{"Ice Cream":43,"Inserter":155,"Astrolabe":62,"CeramicFish":102,"Thread and Needle":31,"Bag of Preparation":31,"Blood Vial":186,"Lizard Tail":102,"Ornamental Fan":20,"Sundial":113,"Toolbox":85,"WingedGreaves":170,"Nloth\u0027s Gift":123,"Cracked Core":0,"Toy Ornithopter":133}],"Toy Ornithopter":0},"card_choices":[{"not_picked":["Buffer","Fission"],"picked":"Core Surge","floor":0.0},{"not_picked":["Turbo","Reprogram"],"picked":"Genetic Algorithm","floor":1.0},{"not_picked":["BootSequence","Skim"],"picked":"Coolheaded","floor":2.0},{"not_picked":["Gash","Turbo"],"picked":"Glacier","floor":3.0},{"not_picked":["Streamline","Rebound"],"picked":"Ball Lightning","floor":4.0},{"not_picked":["Gash","Rebound"],"picked":"Biased Cognition","floor":6.0},{"not_picked":["Stack","Beam Cell"],"picked":"Conserve Battery","floor":7.0},{"not_picked":["FTL","Streamline","Chaos"],"picked":"SKIP","floor":8.0},{"not_picked":["Ball Lightning","White Noise"],"picked":"Recycle","floor":10.0},{"not_picked":["Compile Driver","Force Field"],"picked":"Coolheaded","floor":11.0},{"not_picked":["Machine Learning","Sweeping Beam"],"picked":"Turbo","floor":13.0},{"not_picked":["Buffer","Thunder Strike"],"picked":"Creative AI","floor":16.0},{"not_picked":["Gash","Auto Shields","Rebound"],"picked":"SKIP","floor":18.0},{"not_picked":["Conserve Battery","Lockon"],"picked":"Defragment","floor":19.0},{"not_picked":["Rip and Tear","Hologram"],"picked":"Defragment","floor":20.0},{"not_picked":["Chaos","Turbo","Beam Cell"],"picked":"SKIP","floor":22},{"not_picked":["Biased Cognition","Ball Lightning"],"picked":"Seek","floor":24},{"not_picked":["Hologram","Go for the Eyes"],"picked":"Force Field","floor":27},{"not_picked":["Stack","Beam Cell","Hello World"],"picked":"SKIP","floor":28},{"not_picked":["Darkness","Ball Lightning","Fission"],"picked":"SKIP","floor":30},{"not_picked":["Streamline","Barrage+1"],"picked":"Double Energy+1","floor":31},{"not_picked":["Hologram","Streamline+1","Compile Driver"],"picked":"SKIP","floor":35},{"not_picked":["Doom and Gloom","Beam Cell","Multi-Cast"],"picked":"SKIP","floor":38},{"not_picked":["Capacitor","Compile Driver"],"picked":"Buffer","floor":40}],"player_experience":3997502,"relics_obtained":[{"floor":6.0,"key":"Ornamental Fan"},{"floor":8.0,"key":"Bag of Preparation"},{"floor":9.0,"key":"Thread and Needle"},{"floor":13.0,"key":"Ice Cream"},{"floor":24,"key":"Lizard Tail"},{"floor":26,"key":"CeramicFish"},{"floor":27,"key":"Sundial"},{"floor":30,"key":"Toy Ornithopter"},{"floor":36,"key":"WingedGreaves"},{"floor":40,"key":"Blood Vial"}],"event_choices":[{"damage_healed":0.0,"max_hp_gain":5.0,"max_hp_loss":0.0,"gold_gain":0.0,"event_name":"Big Fish","player_choice":"Donut","floor":5.0,"gold_loss":0.0,"damage_taken":0.0},{"cards_removed":["Defend_B"],"damage_healed":0.0,"max_hp_gain":0.0,"max_hp_loss":0.0,"gold_gain":0.0,"event_name":"Purifier","player_choice":"Purged","floor":14.0,"gold_loss":0.0,"damage_taken":0.0},{"damage_healed":0,"gold_gain":0,"player_choice":"Traded Relic","damage_taken":0,"relics_obtained":["Nloth\u0027s Gift"],"max_hp_gain":0,"max_hp_loss":0,"event_name":"N\u0027loth","floor":29,"relics_lost":["CeramicFish"],"gold_loss":0},{"damage_healed":0,"gold_gain":0,"player_choice":"Fight","damage_taken":0,"max_hp_gain":0,"max_hp_loss":0,"event_name":"MindBloom","floor":36,"gold_loss":0},{"damage_healed":0,"gold_gain":0,"player_choice":"Max HP","damage_taken":0,"max_hp_gain":0,"max_hp_loss":4,"event_name":"Winding Halls","floor":37,"gold_loss":0},{"damage_healed":0,"gold_gain":0,"player_choice":"Ignored","damage_taken":0,"max_hp_gain":0,"max_hp_loss":0,"event_name":"Tomb of Lord Red Mask","floor":39,"gold_loss":0}],"is_beta":false,"boss_relics":[{"not_picked":["Black Star","Philosopher\u0027s Stone"],"picked":"Astrolabe"},{"not_picked":["Empty Cage","Coffee Dripper"],"picked":"Inserter"}],"items_purged_floors":[],"is_endless":false,"potions_floor_spawned":[2,4,6,7,13,20,27,28,30,31,40],"killed_by":"Jaw Worm Horde","ascension_level":20}}