{"host":"dm4yvegl9um2tlqd","time":1612092339,"event":{"mods":["2.2 Compatiblity","AchievementEnabler","BaseMod","Colored Map","DeckTracker","Highlight Path","KOR Keyword Fix","Keyboard Shortcuts","Minty Spire (QoL Compilation)","Permanent Neow","Quick Restart","Random Character Button","StSLib","SuperFastMode","everything is the same but u backflip on backflip"],"gold_per_floor":[114,125,145,163,65,65,85,85,85,85,85],"floor_reached":10,"language":"KOR","playtime":325,"items_purged":[],"score":90,"play_id":"ab1a99e9-5fb8-42f3-894d-ea4d39a245ff","local_time":"20210131202539","is_ascension_mode":true,"campfire_choices":[{"data":"Poisoned Stab","floor":6,"key":"SMITH"}],"circlet_count":0,"master_deck":["AscendersBane","Strike_G","Strike_G","Strike_G","Strike_G","Defend_G","Defend_G","Defend_G","Defend_G","Defend_G","Survivor","Neutralize","Dagger Throw","Poisoned Stab+1","Blade Dance","Dagger Throw","Dagger Throw","Reflex","Calculated Gamble"],"relics":["Ring of the Snake","Ninja Scroll"],"acts_visited":["Exordium"],"potions_floor_usage":[7,10],"damage_taken":[{"damage":0,"enemies":"Jaw Worm","floor":1,"turns":4},{"damage":1,"enemies":"Cultist","floor":2,"turns":4},{"damage":0,"enemies":"2 Louse","floor":3,"turns":3},{"damage":7,"enemies":"Looter","floor":4,"turns":4},{"damage":27,"enemies":"Exordium Thugs","floor":7,"turns":4},{"damage":20,"enemies":"3 Sentries","floor":10,"turns":6}],"seed_played":"9219767654970296182","potions_obtained":[{"floor":1,"key":"Strength Potion"},{"floor":4,"key":"SpeedPotion"}],"is_trial":false,"path_per_floor":["M","M","M","M","$","R","M","?","T","E"],"character_chosen":"THE_SILENT","items_purchased":["Dagger Throw","Reflex"],"campfire_rested":0,"item_purchase_floors":[5,5],"current_hp_per_floor":[63,62,62,55,55,55,28,21,21,1,1],"gold":85,"neow_bonus":"REMOVE_CARD","is_daily":false,"chose_seed":false,"campfire_upgraded":1,"win_rate":0.0,"timestamp":1612092339,"path_taken":["M","M","M","M","$","R","M","?","T","E"],"items_purchased_type":["Card","Card"],"build_version":"2020-12-22","purchased_purges":0,"victory":false,"max_hp_per_floor":[70,70,70,70,70,70,70,70,70,70,70],"card_choices":[{"not_picked":["Calculated Gamble","Prepared"],"picked":"Dagger Throw","floor":1},{"not_picked":["PiercingWail","Deflect"],"picked":"Poisoned Stab","floor":2},{"not_picked":["Poisoned Stab","Cloak And Dagger"],"picked":"Blade Dance","floor":3},{"not_picked":["Expertise","Backflip"],"picked":"Dagger Throw","floor":4},{"not_picked":["Bane","Dagger Spray"],"picked":"Calculated Gamble","floor":7}],"player_experience":103439,"relics_obtained":[{"floor":9,"key":"Ninja Scroll"}],"event_choices":[{"damage_healed":0,"gold_gain":0,"player_choice":"Damaged","damage_taken":7,"max_hp_gain":0,"max_hp_loss":0,"event_name":"Wheel of Change","floor":8,"gold_loss":0}],"is_beta":false,"boss_relics":[],"items_purged_floors":[],"is_endless":false,"potions_floor_spawned":[1,4],"killed_by":"3 Sentries","ascension_level":10}}