{"host":"5kirneupyg4uzd3w","time":1612094675,"event":{"mods":["BaseMod","Colored Map","Custom Start","Minty Spire (QoL Compilation)","StSLib","SuperFastMode"],"gold_per_floor":[110,124,134,145,145,145,173,173,198,229,229,243,243,260,260,260,260,276,276,276,276,132,132,148,165,165,196,196,221,221,232,232,309,309,325,325,275,289,289,289],"floor_reached":39,"language":"KOR","playtime":797,"items_purged":["Strike_R+1"],"score":908,"play_id":"e2e8643c-a57c-40e7-912d-deeb64799855","local_time":"20210131210435","is_ascension_mode":true,"campfire_choices":[{"data":"Whirlwind","floor":6.0,"key":"SMITH"},{"data":"Wild Strike","floor":8.0,"key":"SMITH"},{"data":"Limit Break","floor":11.0,"key":"SMITH"},{"data":"Shrug It Off","floor":13.0,"key":"SMITH"},{"data":"Shrug It Off","floor":15.0,"key":"SMITH"},{"floor":23.0,"key":"REST"},{"floor":30.0,"key":"REST"},{"data":"Inflame","floor":32.0,"key":"SMITH"}],"circlet_count":0,"master_deck":["AscendersBane","Strike_R+1","Strike_R+1","Defend_R+1","Defend_R+1","Defend_R+1","Defend_R+1","Bash","Wild Strike+1","Shrug It Off+1","Whirlwind+1","Limit Break+1","Shrug It Off+1","Rupture","Fiend Fire","Inflame+1","Spot Weakness+1","Feel No Pain+1","Berserk","Shrug It Off"],"relics":["Burning Blood","Red Skull","Tiny Chest","Smiling Mask","Runic Dome","Shuriken","Toy Ornithopter","Thread and Needle","Blue Candle","SlaversCollar"],"acts_visited":["Exordium","TheCity","TheBeyond"],"potions_floor_usage":[],"damage_taken":[{"damage":1.0,"enemies":"Cultist","floor":1.0,"turns":3.0},{"damage":4.0,"enemies":"Jaw Worm","floor":2.0,"turns":4.0},{"damage":9.0,"enemies":"Small Slimes","floor":3.0,"turns":3.0},{"damage":1.0,"enemies":"2 Fungi Beasts","floor":4.0,"turns":3.0},{"damage":54.0,"enemies":"Lagavulin","floor":7.0,"turns":8.0},{"damage":0.0,"enemies":"3 Sentries","floor":10.0,"turns":2.0},{"damage":12.0,"enemies":"Large Slime","floor":12.0,"turns":3.0},{"damage":0.0,"enemies":"Looter","floor":14.0,"turns":2.0},{"damage":30.0,"enemies":"The Guardian","floor":16.0,"turns":13.0},{"damage":49.0,"enemies":"Spheric Guardian","floor":18.0,"turns":6.0},{"damage":12.0,"enemies":"Chosen","floor":24.0,"turns":3.0},{"damage":19.0,"enemies":"Sentry and Sphere","floor":25.0,"turns":5.0},{"damage":8.0,"enemies":"Slavers","floor":27.0,"turns":2.0},{"damage":18.0,"enemies":"Gremlin Leader","floor":29.0,"turns":4.0},{"damage":20.0,"enemies":"Cultist and Chosen","floor":31.0,"turns":5.0},{"damage":14.0,"enemies":"Champ","floor":33.0,"turns":9.0},{"damage":14.0,"enemies":"3 Shapes","floor":35.0,"turns":14.0},{"damage":43.0,"enemies":"3 Darklings","floor":38.0,"turns":5.0},{"damage":40,"enemies":"Sphere and 2 Shapes","floor":39,"turns":3}],"seed_played":"-2552994813221509618","potions_obtained":[{"floor":2.0,"key":"EssenceOfSteel"},{"floor":4.0,"key":"Weak Potion"},{"floor":12.0,"key":"Explosive Potion"},{"floor":27.0,"key":"Strength Potion"},{"floor":29.0,"key":"Fire Potion"},{"floor":35.0,"key":"FearPotion"}],"is_trial":false,"path_per_floor":["M","M","M","M","?","R","E","R","T","E","R","M","R","M","R","B",null,"M","?","?","?","$","R","M","M","T","E","T","E","R","M","R","B",null,"M","?","$","M","M"],"character_chosen":"IRONCLAD","items_purchased":["Inflame","Block Potion"],"campfire_rested":2,"item_purchase_floors":[22,22],"current_hp_per_floor":[80,82,79,82,87,87,39,39,39,45,45,39,39,45,45,21,71,28,28,28,28,28,54,48,35,35,33,33,26,52,38,38,30,73,65,65,65,33,0,0],"gold":289,"neow_bonus":"TEN_PERCENT_HP_BONUS","is_daily":false,"chose_seed":false,"campfire_upgraded":6,"win_rate":0.0,"timestamp":1612094675,"path_taken":["M","?","M","?","?","R","E","R","T","E","R","M","R","M","R","BOSS","M","?","?","?","$","R","M","M","T","E","?","E","R","M","R","BOSS","M","?","$","M","M"],"items_purchased_type":["Card","Potion"],"build_version":"2020-12-22","purchased_purges":1,"victory":false,"max_hp_per_floor":[82,82,82,82,87,87,87,87,87,87,87,87,87,87,87,87,87,87,87,87,87,87,87,87,87,87,87,87,87,87,87,87,87,87,87,87,87,87,87,87],"card_choices":[{"not_picked":["Armaments","Clash"],"picked":"Anger","floor":1.0},{"not_picked":["Havoc","Searing Blow"],"picked":"Wild Strike","floor":2.0},{"not_picked":["Twin Strike","Flex"],"picked":"Shrug It Off","floor":3.0},{"not_picked":["Feel No Pain","Clash"],"picked":"Whirlwind","floor":4.0},{"not_picked":["Rupture","Hemokinesis","Cleave"],"picked":"SKIP","floor":7.0},{"not_picked":["Infernal Blade","Perfected Strike"],"picked":"Limit Break","floor":10.0},{"not_picked":["Cleave","Body Slam"],"picked":"Shrug It Off","floor":12.0},{"not_picked":["Searing Blow","Iron Wave","Sever Soul"],"picked":"SKIP","floor":14.0},{"not_picked":["Hemokinesis","Clothesline","Entrench"],"picked":"SKIP","floor":18.0},{"not_picked":["Flex","Whirlwind"],"picked":"Spot Weakness+1","floor":24.0},{"not_picked":["Inflame","Uppercut","Sentinel"],"picked":"SKIP","floor":25.0},{"not_picked":["Fiend Fire","Whirlwind","Reckless Charge"],"picked":"SKIP","floor":27.0},{"not_picked":["Sword Boomerang","Headbutt"],"picked":"Feel No Pain+1","floor":29.0},{"not_picked":["Twin Strike","Headbutt","Blood for Blood"],"picked":"SKIP","floor":31.0},{"not_picked":["Demon Form","Bludgeon"],"picked":"Berserk","floor":33.0},{"not_picked":["Heavy Blade","Cleave","Havoc"],"picked":"SKIP","floor":35.0},{"not_picked":["Body Slam","Cleave","Sever Soul+1"],"picked":"SKIP","floor":38.0}],"player_experience":294698,"relics_obtained":[{"floor":7.0,"key":"Red Skull"},{"floor":9.0,"key":"Tiny Chest"},{"floor":10.0,"key":"Smiling Mask"},{"floor":26.0,"key":"Shuriken"},{"floor":27.0,"key":"Toy Ornithopter"},{"floor":28.0,"key":"Thread and Needle"},{"floor":29.0,"key":"Blue Candle"}],"event_choices":[{"damage_healed":0.0,"max_hp_gain":5.0,"max_hp_loss":0.0,"gold_gain":0.0,"event_name":"Big Fish","player_choice":"Donut","floor":5.0,"gold_loss":0.0,"damage_taken":0.0},{"damage_healed":0.0,"max_hp_gain":0.0,"max_hp_loss":0.0,"gold_gain":0.0,"cards_transformed":["Strike_R","Strike_R"],"event_name":"Drug Dealer","player_choice":"Became Test Subject","floor":19.0,"gold_loss":0.0,"damage_taken":0.0,"cards_obtained":["Rupture","Fiend Fire"]},{"damage_healed":0.0,"max_hp_gain":0.0,"max_hp_loss":0.0,"gold_gain":0.0,"event_name":"The Mausoleum","player_choice":"Ignored","floor":20.0,"gold_loss":0.0,"damage_taken":0.0},{"damage_healed":0.0,"max_hp_gain":0.0,"max_hp_loss":0.0,"gold_gain":0.0,"event_name":"Back to Basics","player_choice":"Simplicity","floor":21.0,"gold_loss":0.0,"damage_taken":0.0,"cards_upgraded":["Strike_R","Strike_R","Strike_R","Defend_R","Defend_R","Defend_R","Defend_R"]},{"damage_healed":0.0,"max_hp_gain":0.0,"max_hp_loss":0.0,"gold_gain":0.0,"cards_transformed":["Anger"],"event_name":"Transmorgrifier","player_choice":"Transformed","floor":36.0,"gold_loss":0.0,"damage_taken":0.0,"cards_obtained":["Shrug It Off"]}],"is_beta":false,"boss_relics":[{"not_picked":["Astrolabe","Busted Crown"],"picked":"Runic Dome"},{"not_picked":["Fusion Hammer","Tiny House"],"picked":"SlaversCollar"}],"items_purged_floors":[37],"is_endless":false,"potions_floor_spawned":[2,4,12,14,24,27,29,33,35],"killed_by":"Sphere and 2 Shapes","ascension_level":20}}