{"host":"nnmmiiw4bez2c8ei","time":1612077399,"event":{"mods":["AchievementEnabler","BaseMod","Colored Map","Colored Powertips","Minty Spire (QoL Compilation)","Rare Cards Sparkle","StSLib"],"gold_per_floor":[118,293,293,313,313,357,357,307,307,307,32,32,66,66,66,189,189,214,313,177,177,201,201,201,201],"floor_reached":24,"language":"KOR","playtime":870,"items_purged":["Doubt","Defend_B"],"score":310,"play_id":"c1cb315f-6ffa-4f06-a7b6-c9c6bcf056a3","local_time":"20210131161639","is_ascension_mode":true,"campfire_choices":[{"data":"Dualcast","floor":7,"key":"SMITH"},{"data":"Zap","floor":10,"key":"SMITH"},{"data":"Self Repair","floor":12,"key":"SMITH"},{"data":"White Noise","floor":15,"key":"SMITH"},{"data":"Fusion","floor":23,"key":"SMITH"}],"circlet_count":0,"master_deck":["Strike_B","Defend_B","Zap+1","Dualcast+1","Conserve Battery","Self Repair+1","Cold Snap","Coolheaded","White Noise+1","Buffer","Fusion+1","Defragment","FTL","Chill+1"],"relics":["Cracked Core","NeowsBlessing","Golden Idol","Mummified Hand","Thread and Needle","DataDisk","Ginger","Empty Cage"],"acts_visited":["Exordium","TheCity"],"potions_floor_usage":[13,18,24],"damage_taken":[{"damage":0,"enemies":"2 Louse","floor":1,"turns":1},{"damage":0,"enemies":"Jaw Worm","floor":4,"turns":1},{"damage":0,"enemies":"Lagavulin","floor":6,"turns":1},{"damage":0,"enemies":"3 Sentries","floor":13,"turns":9},{"damage":44,"enemies":"Slime Boss","floor":16,"turns":17},{"damage":4,"enemies":"3 Byrds","floor":18,"turns":7},{"damage":0,"enemies":"Spheric Guardian","floor":22,"turns":4},{"damage":86,"enemies":"Gremlin Leader","floor":24,"turns":10}],"seed_played":"7940252872771665895","potions_obtained":[{"floor":1,"key":"Weak Potion"},{"floor":6,"key":"FocusPotion"},{"floor":13,"key":"Fruit Juice"},{"floor":18,"key":"Energy Potion"}],"is_trial":false,"path_per_floor":["M","?","?","M","?","E","R","?","T","R","$","R","E","?","R","B",null,"M","?","$","?","M","R","E"],"character_chosen":"DEFECT","items_purchased":["DataDisk","Coolheaded","Fusion"],"campfire_rested":0,"item_purchase_floors":[11,11,20],"current_hp_per_floor":[75,75,57,57,57,57,57,57,57,57,57,57,72,65,65,31,68,74,74,74,74,80,80,0,0],"gold":201,"neow_bonus":"THREE_ENEMY_KILL","is_daily":false,"chose_seed":false,"campfire_upgraded":5,"win_rate":0.0,"timestamp":1612077399,"path_taken":["M","?","?","?","?","E","R","?","T","R","$","R","E","?","R","BOSS","M","?","$","?","M","R","E"],"items_purchased_type":["Relic","Card","Card"],"build_version":"2020-12-22","purchased_purges":2,"victory":false,"max_hp_per_floor":[75,75,75,75,75,75,75,75,75,75,75,75,80,80,80,80,80,80,80,80,80,80,80,80,80],"card_choices":[{"not_picked":["Skim","Stack"],"picked":"Conserve Battery","floor":1},{"not_picked":["Reprogram","Skim"],"picked":"Self Repair","floor":4},{"not_picked":["Tempest","Ball Lightning"],"picked":"Cold Snap","floor":6},{"not_picked":["Fusion","Double Energy"],"picked":"White Noise","floor":13},{"not_picked":["Hyperbeam","All For One"],"picked":"Buffer","floor":16},{"not_picked":["Beam Cell+1","Coolheaded+1","Steam+1"],"picked":"SKIP","floor":18},{"not_picked":["Genetic Algorithm","Steam"],"picked":"Chill+1","floor":22}],"player_experience":501969,"relics_obtained":[{"floor":6,"key":"Thread and Needle"},{"floor":13,"key":"Ginger"}],"event_choices":[{"damage_healed":0,"gold_gain":175,"player_choice":"AGREE","damage_taken":0,"max_hp_gain":0,"max_hp_loss":0,"event_name":"Liars Game","floor":2,"gold_loss":0,"cards_obtained":["Doubt"]},{"damage_healed":0,"gold_gain":0,"player_choice":"Take Damage","damage_taken":18,"relics_obtained":["Golden Idol"],"max_hp_gain":0,"max_hp_loss":0,"event_name":"Golden Idol","floor":3,"gold_loss":0},{"damage_healed":0,"gold_gain":0,"player_choice":"Box","damage_taken":0,"relics_obtained":["Mummified Hand"],"max_hp_gain":0,"max_hp_loss":0,"event_name":"Big Fish","floor":5,"gold_loss":0,"cards_obtained":["Regret"]},{"cards_removed":["Regret"],"damage_healed":0,"gold_gain":0,"player_choice":"Card Removal","damage_taken":0,"max_hp_gain":0,"max_hp_loss":0,"event_name":"The Cleric","floor":8,"gold_loss":50},{"cards_removed":["Defend_B"],"damage_healed":0,"gold_gain":0,"player_choice":"Card Removal","damage_taken":7,"max_hp_gain":0,"max_hp_loss":0,"event_name":"Golden Wing","floor":14,"gold_loss":0},{"damage_healed":0,"gold_gain":99,"player_choice":"Stole From Cult","damage_taken":0,"max_hp_gain":0,"max_hp_loss":0,"event_name":"Nest","floor":19,"gold_loss":0},{"damage_healed":0,"gold_gain":0,"cards_transformed":["Strike_B","Defend_B"],"player_choice":"Became Test Subject","damage_taken":0,"max_hp_gain":0,"max_hp_loss":0,"event_name":"Drug Dealer","floor":21,"gold_loss":0,"cards_obtained":["Defragment","FTL"]}],"is_beta":false,"boss_relics":[{"not_picked":["SlaversCollar","SacredBark"],"picked":"Empty Cage"}],"items_purged_floors":[11,20],"is_endless":false,"potions_floor_spawned":[1,6,13,18],"killed_by":"Gremlin Leader","ascension_level":5}}