{"host":"9n6i2vl93jt4o42q","time":1612131170,"event":{"mods":["BaseMod","Minty Spire (QoL Compilation)","Relic Stats"],"gold_per_floor":[13,13,29,55,76,76,109,109,135,156,156,156,169,205,205,298,298,314,40,90,104,127,127,143,143,198,219,219,240,274,105,105,105,105],"floor_reached":33,"language":"ENG","playtime":1793,"items_purged":["Reprogram"],"score":604,"play_id":"8daaac58-0138-4f34-aa6b-457c13489ee7","local_time":"20210131231250","is_ascension_mode":true,"campfire_choices":[{"data":"Zap","floor":6.0,"key":"SMITH"},{"floor":8.0,"key":"REST"},{"data":"Multi-Cast","floor":12.0,"key":"SMITH"},{"floor":15,"key":"REST"},{"floor":23,"key":"REST"},{"floor":25,"key":"REST"},{"data":"Seek","floor":28,"key":"SMITH"},{"data":"Seek","floor":32,"key":"SMITH"}],"circlet_count":0,"master_deck":["AscendersBane","Zap+1","Dualcast","Multi-Cast+1","Cold Snap","Conserve Battery","Defragment","Rainbow","Ball Lightning","Redo","Lockon","Seek+1","Biased Cognition","Electrodynamics","Conserve Battery","Biased Cognition","Compile Driver","Heatsinks","Double Energy+1","Seek+1","Steam","Auto Shields","Chill","Conserve Battery"],"relics":["Cracked Core","Golden Idol","Smiling Mask","Centennial Puzzle","Regal Pillow","Potion Belt","Pandora\u0027s Box","DollysMirror","MealTicket","Lantern","Lee\u0027s Waffle"],"acts_visited":["Exordium","TheCity"],"potions_floor_usage":[14],"damage_taken":[{"damage":5.0,"enemies":"Small Slimes","floor":1.0,"turns":3.0},{"damage":2.0,"enemies":"Jaw Worm","floor":3.0,"turns":3.0},{"damage":0.0,"enemies":"2 Louse","floor":5.0,"turns":3.0},{"damage":32.0,"enemies":"3 Sentries","floor":7.0,"turns":7.0},{"damage":15.0,"enemies":"Exordium Thugs","floor":10.0,"turns":5.0},{"damage":8,"enemies":"Large Slime","floor":13,"turns":4},{"damage":1,"enemies":"Gremlin Nob","floor":14,"turns":3},{"damage":32,"enemies":"Slime Boss","floor":16,"turns":7},{"damage":0,"enemies":"3 Byrds","floor":18,"turns":2},{"damage":15,"enemies":"2 Thieves","floor":21,"turns":2},{"damage":27,"enemies":"Shelled Parasite and Fungi","floor":22,"turns":3},{"damage":27,"enemies":"Centurion and Healer","floor":24,"turns":6},{"damage":11,"enemies":"3 Cultists","floor":27,"turns":3},{"damage":0,"enemies":"Chosen and Byrds","floor":29,"turns":3},{"damage":0,"enemies":"Book of Stabbing","floor":30,"turns":4},{"damage":72,"enemies":"Collector","floor":33,"turns":8}],"seed_played":"6847090483917632083","potions_obtained":[{"floor":3.0,"key":"AttackPotion"},{"floor":7.0,"key":"Block Potion"},{"floor":16,"key":"PotionOfCapacity"},{"floor":18,"key":"DuplicationPotion"},{"floor":22,"key":"Fruit Juice"}],"is_trial":false,"path_per_floor":["M","?","M","T","M","R","E","R","T","M","?","R","M","E","R","B",null,"M","$","?","M","M","R","M","R","T","M","R","M","E","$","R","B"],"character_chosen":"DEFECT","items_purchased":["DollysMirror","Steam","Lee\u0027s Waffle"],"campfire_rested":4,"item_purchase_floors":[19,19,31],"current_hp_per_floor":[59,59,57,57,57,57,25,44,44,29,29,29,21,20,54,22,54,54,54,54,39,12,46,19,53,53,42,42,42,42,71,71,0,0],"gold":105,"neow_bonus":"THREE_RARE_CARDS","is_daily":false,"chose_seed":false,"campfire_upgraded":4,"win_rate":0.0,"timestamp":1612131170,"path_taken":["M","?","M","?","M","R","E","R","T","M","?","R","M","E","R","BOSS","M","$","?","M","M","R","M","R","T","M","R","M","E","$","R","BOSS"],"items_purchased_type":["Relic","Card","Relic"],"build_version":"2020-12-22","purchased_purges":1,"victory":false,"max_hp_per_floor":[71,64,64,64,64,64,64,64,64,64,64,64,64,64,64,64,64,64,64,64,64,64,64,64,64,64,64,64,64,64,71,71,71,71],"relic_stats":{"Centennial Puzzle":[27],"Regal Pillow":45,"Lee\u0027s Waffle":14,"counters":[16,66],"Golden Idol":76,"Pandora\u0027s Box":["Biased Cognition","Electrodynamics","Reprogram","Conserve Battery","Biased Cognition","Compile Driver","Heatsinks"],"MealTicket":15,"Smiling Mask":25,"obtain_stats":[{"Potion Belt":14,"Centennial Puzzle":7,"Regal Pillow":9,"Lantern":30,"Lee\u0027s Waffle":31,"Golden Idol":2,"DollysMirror":19,"Pandora\u0027s Box":17,"MealTicket":26,"Cracked Core":0,"Smiling Mask":4},{"Potion Belt":7,"Centennial Puzzle":4,"Regal Pillow":4,"Lantern":15,"Lee\u0027s Waffle":15,"Golden Idol":1,"DollysMirror":9,"Pandora\u0027s Box":8,"MealTicket":12,"Cracked Core":0,"Smiling Mask":2},{"Potion Belt":28,"Centennial Puzzle":16,"Regal Pillow":16,"Lantern":58,"Lee\u0027s Waffle":58,"Golden Idol":3,"DollysMirror":37,"Pandora\u0027s Box":35,"MealTicket":48,"Cracked Core":0,"Smiling Mask":6}]},"card_choices":[{"not_picked":["Reboot","Meteor Strike"],"picked":"Multi-Cast","floor":0.0},{"not_picked":["Coolheaded","Rebound"],"picked":"Cold Snap","floor":1.0},{"not_picked":["Steam","Compile Driver"],"picked":"Conserve Battery","floor":3.0},{"not_picked":["Capacitor","Rebound"],"picked":"Defragment","floor":5.0},{"not_picked":["Go for the Eyes","Heatsinks"],"picked":"Rainbow","floor":7.0},{"not_picked":["Compile Driver","Go for the Eyes"],"picked":"Ball Lightning","floor":10.0},{"not_picked":["Beam Cell","Scrape"],"picked":"Redo","floor":13},{"not_picked":["Hyperbeam","Gash"],"picked":"Lockon","floor":14},{"not_picked":["Amplify","Thunder Strike"],"picked":"Seek","floor":16},{"not_picked":["Rebound","Gash"],"picked":"Double Energy+1","floor":18},{"not_picked":["Go for the Eyes","Compile Driver"],"picked":"Auto Shields","floor":21},{"not_picked":["Streamline","Gash","Ball Lightning"],"picked":"SKIP","floor":22},{"not_picked":["Go for the Eyes","Beam Cell+1","Streamline"],"picked":"SKIP","floor":24},{"not_picked":["Darkness","Ball Lightning","Rebound"],"picked":"SKIP","floor":27},{"not_picked":["Barrage","Gash"],"picked":"Chill","floor":29},{"not_picked":["Go for the Eyes","All For One"],"picked":"Conserve Battery","floor":30}],"player_experience":2367605,"relics_obtained":[{"floor":4.0,"key":"Smiling Mask"},{"floor":7.0,"key":"Centennial Puzzle"},{"floor":9.0,"key":"Regal Pillow"},{"floor":14,"key":"Potion Belt"},{"floor":26,"key":"MealTicket"},{"floor":30,"key":"Lantern"}],"event_choices":[{"damage_healed":0.0,"max_hp_gain":0.0,"max_hp_loss":7.0,"gold_gain":0.0,"event_name":"Golden Idol","player_choice":"Lose Max HP","floor":2.0,"gold_loss":0.0,"damage_taken":0.0,"relics_obtained":["Golden Idol"]},{"cards_removed":["Strike_B"],"damage_healed":0.0,"max_hp_gain":0.0,"max_hp_loss":0.0,"gold_gain":0.0,"event_name":"Purifier","player_choice":"Purged","floor":11.0,"gold_loss":0.0,"damage_taken":0.0},{"damage_healed":0,"gold_gain":50,"player_choice":"Stole From Cult","damage_taken":0,"max_hp_gain":0,"max_hp_loss":0,"event_name":"Nest","floor":20,"gold_loss":0}],"is_beta":false,"boss_relics":[{"not_picked":["Tiny House","Ectoplasm"],"picked":"Pandora\u0027s Box"}],"items_purged_floors":[19],"is_endless":false,"potions_floor_spawned":[3,7,16,18,22],"killed_by":"Collector","ascension_level":20}}