{"host":"b5fatnnekk5nir4z","time":1612095778,"event":{"mods":["Act Like it!","Aspiration","BaseMod","Better Match","Better Note","Better Sensory Stone","Better Skull","Better Third Choice","Better Vampires","Colored Powertips","Conspire","Downfall","Energized Spire","GifTheSpireLib","Gremlin Skip","Halation","Hubris","Infinite Spire","Marisa（F雨　魔理沙）","Mimic Mod","Minty Spire (QoL Compilation)","Pale of the Ancients","Permanent Neow","Reliquary","Replay The Spire","RumiaBox-露米娅的神秘盒子","Shop Mod","Spikes Relics","StSLib","Stuff the Spire","Trackpad"],"gold_per_floor":[111,149,149,144,69,69,79,79,111,128,128,132,190,194,194,308,308,346,346,346,346,231,299,330,176,210,210,198,217,217,246,246,425,525,586,594,662,394,436,436,577,274,274,347,373,430,430,506,506,562,562],"floor_reached":50,"language":"ZHS","playtime":2553,"items_purged":["Strike_MRS","downfall:Bewildered","Strike_MRS","Strike_MRS"],"score":860,"play_id":"80ec8bee-6130-4b61-a027-64f1b6251977","local_time":"20210131202258","is_ascension_mode":false,"campfire_choices":[{"data":"MysteriousBeam","floor":15.0,"key":"SMITH"},{"data":"SprinkleStarSeal","floor":27.0,"key":"SMITH"},{"data":"CollectingQuirk","floor":30.0,"key":"SMITH"},{"floor":40.0,"key":"RECALL"},{"data":"Strike_MRS","floor":49.0,"key":"PURGE"}],"circlet_count":0,"master_deck":["hubris:Hubris","Defend_MRS+1","Defend_MRS","Defend_MRS","Defend_MRS+1","MasterSpark","UpSweep","Parasite","Parasite","ShootingEcho","SprinkleStarSeal+1","UnstableBomb","SatelliteIllusion","MilkyWay","WitchOfGreed","MysteriousBeam+1","BigCrunch+1","6A+1","WitchOfGreed+1","SporeBomb+1","CollectingQuirk+1","6A+1","MilkyWay+1","EarthLightRay+1","PowerUp","EarthLightRay+1"],"relics":["MiniHakkero","ShroomBag","trackpad:AdjectivePendant","Baka2","StuffTheSpire:Nightcore","infinitespire:Midas Blood","infinitespire:Midas Blood","halation:AfternoonTea","ExperimentalFamiliar","sneckomod:BabySnecko","halation:BottledLove","reliquary:Boomerang","MerchantsRug","Letter Opener","ChaoDraw","trackpad:BottledShadow","infinitespire:EvilPickle","Replay:Wanted Poster","hubris:SlimyHat","ZombieArmy","reliquary:OuijaBoard","Medical Kit","Simple Rune","Thread and Needle","Bronze Scales","CatCart","Mummified Hand"],"acts_visited":["Exordium","TheCity","TheBeyond"],"potions_floor_usage":[],"damage_taken":[{"damage":1.0,"enemies":"Cultist","floor":1.0,"turns":3.0},{"damage":24.0,"enemies":"conspire:MimicChest","floor":2.0,"turns":5.0},{"damage":7.0,"enemies":"2 Louse","floor":4.0,"turns":1.0},{"damage":1.0,"enemies":"Replay:BlueRogue","floor":6.0,"turns":5.0},{"damage":4.0,"enemies":"Small Slimes","floor":7.0,"turns":3.0},{"damage":1.0,"enemies":"Gremlin Nob","floor":8.0,"turns":3.0},{"damage":4.0,"enemies":"Red Slaver","floor":9.0,"turns":5.0},{"damage":4.0,"enemies":"Red Slaver","floor":10.0,"turns":3.0},{"damage":0.0,"enemies":"Exordium Thugs","floor":12.0,"turns":5.0},{"damage":31.0,"enemies":"Lagavulin","floor":13.0,"turns":5.0},{"damage":9.0,"enemies":"Large Slime","floor":14.0,"turns":2.0},{"damage":6.0,"enemies":"Slime Boss","floor":16.0,"turns":7.0},{"damage":26.0,"enemies":"conspire:FuzzyDice","floor":18.0,"turns":2.0},{"damage":15.0,"enemies":"Spheric Guardian","floor":22.0,"turns":3.0},{"damage":35.0,"enemies":"Nightmare","floor":23.0,"turns":5.0},{"damage":0.0,"enemies":"Snake Plant","floor":24.0,"turns":3.0},{"damage":1.0,"enemies":"Centurion and Healer","floor":26.0,"turns":3.0},{"damage":0.0,"enemies":"Gremlin Leader","floor":28.0,"turns":2.0},{"damage":7.0,"enemies":"Centurion and Healer","floor":29.0,"turns":2.0},{"damage":4.0,"enemies":"3 Cultists","floor":31.0,"turns":3.0},{"damage":11.0,"enemies":"Pondfish","floor":33.0,"turns":8.0},{"damage":0.0,"enemies":"Orb Walker","floor":35.0,"turns":2.0},{"damage":0.0,"enemies":"3 Darklings","floor":37.0,"turns":2.0},{"damage":0.0,"enemies":"Jaw Worm Horde","floor":39.0,"turns":1.0},{"damage":46.0,"enemies":"Nightmare","floor":41.0,"turns":5.0},{"damage":5.0,"enemies":"Giant Head","floor":44.0,"turns":5.0},{"damage":0.0,"enemies":"Sphere and 2 Shapes","floor":46.0,"turns":3.0},{"damage":22.0,"enemies":"Orin","floor":48.0,"turns":3.0},{"damage":57,"enemies":"infinitespire:MassOfShapes","floor":50,"turns":4}],"seed_played":"-9175271510849926465","potions_obtained":[{"floor":4.0,"key":"BottledSpark"},{"floor":7.0,"key":"Adrenaline Potion"},{"floor":10.0,"key":"bronze:BurnAndBuffPotion"},{"floor":12.0,"key":"infinitespire:BlackPotion"},{"floor":23.0,"key":"EssenceOfSteel"},{"floor":28.0,"key":"SpeedPotion"},{"floor":28.0,"key":"SneckoOil"},{"floor":29.0,"key":"champ:CounterPotion"},{"floor":33.0,"key":"Explosive Potion"},{"floor":33.0,"key":"Dexterity Potion"}],"is_trial":false,"path_per_floor":["M","?","?","M","$","E","M","E","MIM","M","?","M","E","M","R","B",null,"M","?","?","T","M","NM","M","$","MIM","R","E","M","R","M","R","B",null,"M","?","M","$","M","R","NM","$","T","E","T","M","AVR","?","R","B"],"character_chosen":"MARISA","items_purchased":["MerchantsRug","ZombieArmy","Medical Kit"],"campfire_rested":0,"item_purchase_floors":[25,38,42],"current_hp_per_floor":[74,51,51,51,51,54,68,77,77,77,77,83,56,49,49,47,89,65,65,65,65,64,29,29,29,30,30,30,23,23,19,45,66,89,89,71,71,71,71,71,50,50,50,50,50,58,58,40,40,0,0],"gold":562,"neow_bonus":"RANDOM_COMMON_RELIC","is_daily":false,"chose_seed":false,"campfire_upgraded":3,"win_rate":0.0,"timestamp":1612095778,"path_taken":["M","?","?","M","$","E","M","E","MIM","?","?","M","E","M","R","BOSS","M","?","?","?","M","NM","M","$","MIM","R","E","?","R","M","R","BOSS","M","?","?","$","M","R","NM","?","T","E","?","M","AVR","?","R","BOSS"],"items_purchased_type":["Relic","Relic","Relic"],"build_version":"2020-12-22","purchased_purges":4,"victory":false,"max_hp_per_floor":[75,75,75,75,75,75,89,89,89,89,89,89,89,89,89,89,89,89,89,89,89,89,89,89,89,89,89,89,89,89,89,89,89,89,89,89,89,89,89,89,89,89,89,89,89,89,89,89,89,89,89],"card_choices":[{"not_picked":["Robbery","DC"],"picked":"ShootingEcho","floor":1.0},{"not_picked":["DC","WitchLeyline"],"picked":"SprinkleStarSeal","floor":2.0},{"not_picked":["GravityBeat","MagicChant"],"picked":"UnstableBomb","floor":4.0},{"not_picked":["DoubleSpark","UnstableBomb","Acceleration"],"picked":"SKIP","floor":6.0},{"not_picked":["ChargeUpSpray","AsteroidBelt"],"picked":"SatelliteIllusion","floor":7.0},{"not_picked":["UnstableBomb","Robbery","EnergyRecoil"],"picked":"SKIP","floor":8.0},{"not_picked":["WitchLeyline","Robbery"],"picked":"MilkyWay","floor":10.0},{"not_picked":["SporeBomb","UnstableBomb"],"picked":"WitchOfGreed","floor":12.0},{"not_picked":["LuminesStrike","Singularity","UnstableBomb"],"picked":"SKIP","floor":13.0},{"not_picked":["GalacticHalo","DeepEcoloBomb"],"picked":"MysteriousBeam","floor":14.0},{"not_picked":["MillisecondPulsars","MaximisePower"],"picked":"BigCrunch","floor":16.0},{"not_picked":["GalacticHalo+1","WitchOfGreed","MysteriousBeam+1"],"picked":"SKIP","floor":18.0},{"not_picked":["UnstableBomb+1","Robbery"],"picked":"6A+1","floor":22.0},{"not_picked":["GalacticHalo","OpenUniverse+1","PowerUp"],"picked":"SKIP","floor":23.0},{"not_picked":["GalacticHalo","IllusionStar","RefractionSpark"],"picked":"SKIP","floor":24.0},{"not_picked":["OpenUniverse","MysteriousBeam+1"],"picked":"SporeBomb","floor":26.0},{"not_picked":["EventHorizon","ShootingEcho"],"picked":"CollectingQuirk","floor":28.0},{"not_picked":["GalacticHalo","IllusionStar"],"picked":"6A+1","floor":29.0},{"not_picked":["OpenUniverse","EnergyRecoil+1"],"picked":"MilkyWay+1","floor":31.0},{"not_picked":["NonDirectionalLaser","Acceleration+1","DarkSpark+1"],"picked":"SKIP","floor":35.0},{"not_picked":["DC","AsteroidBelt","SprinkleStarSeal"],"picked":"SKIP","floor":37.0},{"not_picked":["DC+1","ChargeUpSpray","FairyDestructionRay+1"],"picked":"SKIP","floor":39.0},{"not_picked":["LuminesStrike","AsteroidBelt+1"],"picked":"EarthLightRay+1","floor":41.0},{"not_picked":["LuminesStrike","GasGiant+1","CasketOfStar"],"picked":"SKIP","floor":44.0},{"not_picked":["WitchOfGreed","DarkSpark"],"picked":"PowerUp","floor":46.0},{"not_picked":["WitchOfGreed+1","OpenUniverse"],"picked":"EarthLightRay+1","floor":48.0}],"player_experience":6814,"relics_obtained":[{"floor":1.0,"key":"Baka"},{"floor":2.0,"key":"trackpad:AdjectivePendant"},{"floor":2.0,"key":"Baka2"},{"floor":6.0,"key":"StuffTheSpire:Nightcore"},{"floor":7.0,"key":"Mango"},{"floor":8.0,"key":"infinitespire:Midas Blood"},{"floor":10.0,"key":"infinitespire:Midas Blood"},{"floor":13.0,"key":"halation:AfternoonTea"},{"floor":21.0,"key":"halation:BottledLove"},{"floor":23.0,"key":"reliquary:Boomerang"},{"floor":26.0,"key":"Letter Opener"},{"floor":28.0,"key":"ChaoDraw"},{"floor":31.0,"key":"trackpad:BottledShadow"},{"floor":41.0,"key":"reliquary:OuijaBoard"},{"floor":43.0,"key":"Simple Rune"},{"floor":44.0,"key":"Thread and Needle"},{"floor":45.0,"key":"Bronze Scales"},{"floor":48.0,"key":"CatCart"}],"event_choices":[{"cards_removed":["SprinkleStarSeal"],"damage_healed":0.0,"max_hp_gain":0.0,"max_hp_loss":0.0,"gold_gain":0.0,"event_name":"betterNote:BetterNote","player_choice":"Give","floor":3.0,"gold_loss":0.0,"damage_taken":0.0,"cards_obtained":["None"]},{"damage_healed":0.0,"max_hp_gain":0.0,"max_hp_loss":0.0,"gold_gain":0.0,"event_name":"betterSkull:BetterSkull","player_choice":"RE ","floor":36.0,"gold_loss":0.0,"damage_taken":20.0,"cards_upgraded":[],"relics_obtained":["hubris:SlimyHat"]},{"damage_healed":0.0,"max_hp_gain":0.0,"max_hp_loss":0.0,"gold_gain":0.0,"event_name":"OrinTheCat","player_choice":"Fight","floor":48.0,"gold_loss":0.0,"damage_taken":0.0}],"is_beta":false,"boss_relics":[{"not_picked":["trackpad:Coffee","aspiration:SecretTechniqueScroll"],"picked":"ExperimentalFamiliar"},{"not_picked":["Painkiller Herb","Fusion Hammer"],"picked":"Replay:Wanted Poster"}],"items_purged_floors":[5,25,38,42],"is_endless":false,"potions_floor_spawned":[4,7,10,12,13,16,18,28,29,33,39,41,46],"killed_by":"infinitespire:MassOfShapes","ascension_level":0}}