{"host":"iy0764csshny54kk","time":1612085222,"event":{"mods":["100% Spire Juice","Arknights","BaseMod","Bestiary","Better Altar","Better Sensory Stone","Better Skull","Better Third Choice","Block Reminder","Colored Powertips","Downfall","Highlight Path","Minty Spire (QoL Compilation)","Relic Sorter","StS++","StSLib","The Alterego","The Hierophant","The Marked"],"gold_per_floor":[99,118,135,152,164,180,180,86,86,102,116,134,34,48,59,59,59,59],"floor_reached":16,"language":"ENG","playtime":1464,"items_purged":[],"score":100,"play_id":"051bd356-44b0-454b-8f2a-cbc8745149c1","local_time":"20210131022702","is_ascension_mode":false,"campfire_choices":[{"floor":1,"key":"RECALL"},{"floor":9,"key":"REST"},{"floor":13,"key":"REST"}],"circlet_count":0,"master_deck":["bronze:Strike","bronze:Strike","bronze:Strike","bronze:Strike","bronze:Defend","bronze:Defend","bronze:Defend","bronze:Defend","bronze:Replicate","bronze:Goto","bronze:OilSpill","bronze:WildBeam","bronze:WhirlingStrike","bronze:Repulsor","bronze:GetLatest","bronze:ThunderWave","bronze:BronzeOrb","bronze:Flail","bronze:DelayedGuard","bronze:SpaghettiCode","bronze:Safeguard","bronze:Flail"],"relics":["bronze:BronzeCore","downfall:HeartBlessingRed"],"acts_visited":["Exordium"],"potions_floor_usage":[8,16,16],"damage_taken":[{"damage":5,"enemies":"Small Slimes","floor":2,"turns":4},{"damage":0,"enemies":"Cultist","floor":3,"turns":3},{"damage":5,"enemies":"2 Louse","floor":4,"turns":3},{"damage":9,"enemies":"2 Fungi Beasts","floor":5,"turns":3},{"damage":22,"enemies":"Large Slime","floor":6,"turns":5},{"damage":5,"enemies":"downfall:FleeingMerchant","floor":8,"turns":4},{"damage":0,"enemies":"3 Louse","floor":10,"turns":3},{"damage":5,"enemies":"Exordium Wildlife","floor":11,"turns":2},{"damage":2,"enemies":"Large Slime","floor":12,"turns":7},{"damage":1,"enemies":"Blue Slaver","floor":14,"turns":2},{"damage":6,"enemies":"3 Louse","floor":15,"turns":3},{"damage":64,"enemies":"SI_SHIV_ARCHETYPE","floor":16,"turns":9}],"seed_played":"-5376716193199339375","potions_obtained":[{"floor":3,"key":"StSpp:SecondWindPotion"},{"floor":5,"key":"champ:CounterPotion"},{"floor":11,"key":"GamblersBrew"},{"floor":12,"key":"Energy Potion"},{"floor":15,"key":"Explosive Potion"}],"is_trial":false,"path_per_floor":["R","M","M","M","M","M","T","$","R","M","M","M","R","M","M","B"],"character_chosen":"THE_AUTOMATON","items_purchased":["bronze:BronzeOrb"],"campfire_rested":2,"item_purchase_floors":[8],"current_hp_per_floor":[77,72,72,67,58,36,36,31,54,54,49,47,70,69,63,0,0,0],"gold":59,"neow_bonus":"TEN_PERCENT_HP_BONUS","is_daily":false,"chose_seed":false,"campfire_upgraded":0,"win_rate":0.0,"timestamp":1612085222,"path_taken":["R","M","M","M","M","M","T","$","R","M","M","M","R","M","M","BOSS"],"items_purchased_type":["Card"],"build_version":"2020-12-22","purchased_purges":0,"victory":false,"max_hp_per_floor":[77,77,77,77,77,77,77,77,77,77,77,77,77,77,77,77,77,77],"card_choices":[{"not_picked":["bronze:BuggyMess","bronze:BitShift"],"picked":"bronze:OilSpill","floor":2},{"not_picked":["bronze:Branch","bronze:Shell"],"picked":"bronze:WildBeam","floor":3},{"not_picked":["bronze:DigitalCarnage","bronze:MaxOutput"],"picked":"bronze:WhirlingStrike","floor":4},{"not_picked":["bronze:BugBarrage","bronze:FineTuning"],"picked":"bronze:Repulsor","floor":5},{"not_picked":["bronze:ForLoop","bronze:Return"],"picked":"bronze:GetLatest","floor":6},{"not_picked":["bronze:ItsAFeature","bronze:Branch"],"picked":"bronze:ThunderWave","floor":8},{"not_picked":["bronze:Philosophize","bronze:Frontload"],"picked":"bronze:Flail","floor":10},{"not_picked":["bronze:Deprecate","bronze:Optimize"],"picked":"bronze:DelayedGuard","floor":11},{"not_picked":["bronze:OilSpill","bronze:CloningBeam"],"picked":"bronze:SpaghettiCode","floor":12},{"not_picked":["bronze:Overload","bronze:BuggyMess"],"picked":"bronze:Safeguard","floor":14},{"not_picked":["bronze:GetLatest","bronze:WildBeam"],"picked":"bronze:Flail","floor":15}],"player_experience":209081,"relics_obtained":[],"event_choices":[],"is_beta":false,"boss_relics":[],"items_purged_floors":[],"is_endless":false,"potions_floor_spawned":[3,5,11,12,15],"killed_by":"SI_SHIV_ARCHETYPE","ascension_level":0}}