{"host":"iittsup1ixgwip8e","time":1612072105,"event":{"mods":["A Magickal Journey","Aspiration","BaseMod","Challenge The Spire","Clockwork Mod","Colored Powertips","Conspire","Downfall","Energized Spire","Exacting","GifTheSpireLib","Halation","Hermit","Hubris","Infinite Spire","Mari Mod (Legacy)","Mari\u0027s V1 Patch","Marisa????????","Mimic Mod","Minty Spire (QoL Compilation)","Quick Restart","READ ME - Guardian Mod","Reliquary","Replay The Spire","Shop Mod","Spikes Relics","Spire Arcade","StSLib","Stuff the Spire","The Animator","The Cursed","The Disciple","The Jungle","The Marked","The Runesmith","The Servant 0.9.4","The Valiant","The Vixen"],"gold_per_floor":[116,136,168,198,198,198,243,258,307,327,327,327,327,327,327,429,429,449,449,465,17,29,29,29],"floor_reached":23,"language":"ENG","playtime":4119,"items_purged":[],"score":193,"play_id":"381fcf43-1b6c-4800-991d-869a71702f44","local_time":"20210131004825","is_ascension_mode":false,"campfire_choices":[{"floor":6,"key":"REST"},{"floor":15,"key":"REST"}],"circlet_count":0,"master_deck":["hermit:Strike_Hermit","hermit:Strike_Hermit","hermit:Strike_Hermit","hermit:Strike_Hermit","hermit:Defend_Hermit","hermit:Defend_Hermit","hermit:Defend_Hermit","hermit:Defend_Hermit","hermit:Snapshot","hermit:Covet","animator:Strike_TenSura","Strike_G","hermit:Headshot","hermit:Glare","hermit:Glare","hermit:LowProfile","Regret","hermit:Ricochet","hermit:Ricochet","hermit:Deadeye","hermit:PistolWhip","CommonCold","Parasite","hermit:EternalForm","hermit:Headshot","hermit:Headshot","hermit:Glare","hermit:Combo","Sadistic Nature","hermit:HeroicBravado"],"relics":["hermit:Momento","Gambling Chip","StuffTheSpire:RedRose","Ring of Peace","hubris:MysteriousPyramids","hubris:EvacipatedBox","hubris:RunicObelisk","Nloth\u0027s Gift","Toolbox"],"acts_visited":["Exordium","TheCity"],"potions_floor_usage":[7,7,7,10,16,16,23],"damage_taken":[{"damage":6,"enemies":"2 Louse","floor":1,"turns":3},{"damage":2,"enemies":"Jaw Worm","floor":2,"turns":4},{"damage":5,"enemies":"Small Slimes","floor":3,"turns":3},{"damage":6,"enemies":"3 Louse","floor":4,"turns":3},{"damage":23,"enemies":"3 Sentries","floor":7,"turns":5},{"damage":7,"enemies":"Looter","floor":8,"turns":2},{"damage":2,"enemies":"Gremlin Gang","floor":10,"turns":3},{"damage":23,"enemies":"Fading Forest","floor":16,"turns":11},{"damage":26,"enemies":"Shell Parasite","floor":18,"turns":4},{"damage":15,"enemies":"conspire:FuzzyDice","floor":20,"turns":6},{"damage":18,"enemies":"Centurion and Healer","floor":22,"turns":5},{"damage":20,"enemies":"conspire:Head Lice","floor":23,"turns":2}],"seed_played":"5635773297842052445","potions_obtained":[{"floor":2,"key":"FearPotion"},{"floor":3,"key":"hermit:BlackBile"},{"floor":4,"key":"FearPotion"},{"floor":8,"key":"SneckoOil"},{"floor":22,"key":"sneckomod:MuddlingPotion"}],"is_trial":false,"path_per_floor":["M","M","M","M","?","R","E","M","T","M","?","?","?","$","R","B",null,"M","?","M","$","M","E"],"character_chosen":"HERMIT","items_purchased":["hubris:EvacipatedBox","SteroidPotion","FearPotion","hermit:Glare","hermit:Combo","Toolbox","Sadistic Nature"],"campfire_rested":2,"item_purchase_floors":[14,14,14,21,21,21,21],"current_hp_per_floor":[69,67,62,56,56,75,52,45,45,43,43,43,61,36,58,35,75,49,49,34,34,16,0,0],"gold":29,"neow_bonus":"ONE_RARE_RELIC","is_daily":false,"chose_seed":false,"campfire_upgraded":0,"win_rate":0.0,"timestamp":1612072105,"path_taken":["M","M","M","M","?","R","E","M","T","M","?","?","?","?","R","BOSS","M","?","M","?","M","E"],"items_purchased_type":["Relic","Potion","Potion","Card","Card","Relic","Card"],"build_version":"2020-12-22","purchased_purges":0,"victory":false,"max_hp_per_floor":[75,75,75,75,75,75,75,75,75,75,75,75,75,75,75,75,75,75,75,75,75,75,75,75],"card_choices":[{"not_picked":["hermit:Misfire","hermit:Dive"],"picked":"hermit:Headshot","floor":1},{"not_picked":["hermit:Roulette","hermit:CalledShot"],"picked":"hermit:Glare","floor":2},{"not_picked":["hermit:LowProfile","hermit:Spite"],"picked":"hermit:Glare","floor":3},{"not_picked":["hermit:BodyArmor","hermit:Manifest"],"picked":"hermit:LowProfile","floor":4},{"not_picked":["hermit:OverwhelmingPower","hermit:Dive"],"picked":"hermit:Ricochet","floor":7},{"not_picked":["hermit:HighCaliber","hermit:Desperado"],"picked":"hermit:Ricochet","floor":8},{"not_picked":["hermit:Desperado","hermit:SprayPray"],"picked":"hermit:Deadeye","floor":8},{"not_picked":["hermit:Manifest","hermit:FlashPowder"],"picked":"hermit:PistolWhip","floor":10},{"not_picked":["hermit:OverwhelmingPower","hermit:Adapt"],"picked":"hermit:EternalForm","floor":16},{"not_picked":["hermit:Midnight","hermit:Coalescence+1"],"picked":"hermit:Headshot","floor":18},{"not_picked":["hermit:TakeCover","hermit:CalledShot"],"picked":"hermit:Headshot","floor":20},{"not_picked":["hermit:Ricochet","hermit:Manifest"],"picked":"hermit:HeroicBravado","floor":22}],"player_experience":128596,"relics_obtained":[{"floor":7,"key":"Bottled Lightning"},{"floor":11,"key":"Ring of Peace"},{"floor":12,"key":"hubris:MysteriousPyramids"}],"event_choices":[{"damage_healed":18,"gold_gain":0,"player_choice":"Healed and dodged fight","damage_taken":0,"max_hp_gain":0,"max_hp_loss":0,"event_name":"Mushrooms","floor":13,"gold_loss":0,"cards_obtained":["Parasite"]},{"damage_healed":0,"gold_gain":0,"player_choice":"Traded Relic","damage_taken":0,"relics_obtained":["Nloth\u0027s Gift"],"max_hp_gain":0,"max_hp_loss":0,"event_name":"N\u0027loth","floor":19,"relics_lost":["Bottled Lightning"],"gold_loss":0}],"is_beta":false,"boss_relics":[{"not_picked":["Cursed Key","energizedSpire:DeadBattery","Runic Dome"],"picked":"hubris:RunicObelisk"}],"items_purged_floors":[],"is_endless":false,"potions_floor_spawned":[2,3,4,8,22],"killed_by":"conspire:Head Lice","ascension_level":0}}