{"host":"y7357sx8ps3jkgoj","time":1612079081,"event":{"mods":["BaseMod","Friendly Minions","Minty Spire (QoL Compilation)","Permanent Neow","Relic Stats","Shop Mod","StSLib","The Alterego","Uncapped","Unceasing Turn Reminder"],"gold_per_floor":[119,119,44,68,93,168,207,207,226,226,242,263,263,263,281,306,306,437,437,460,360,384,106,106,127,143,143,181,181,181,200,200,232,232,252,202,202,202,299,299,311,326,176,176,188,202,219,246,246,246,246,246,246,256,256,290,305,323,323,323],"floor_reached":61,"language":"ENG","playtime":5518,"items_purged":["alterego_mod:Defend","alterego_mod:Impale","alterego_mod:Strike","Writhe"],"score":1187,"play_id":"04474e7b-44c4-4ebe-b457-8f11709fd3a3","local_time":"20210131014441","is_ascension_mode":true,"campfire_choices":[{"data":"alterego_mod:BrynhildrRomantia","floor":14,"key":"SMITH"},{"data":"alterego_mod:PerceptionDisorder","floor":17,"key":"SMITH"},{"data":"alterego_mod:MagicResistance","floor":27,"key":"SMITH"},{"data":"alterego_mod:MaintainEyeContact","floor":32,"key":"SMITH"},{"data":"alterego_mod:Pet","floor":34,"key":"SMITH"},{"data":"alterego_mod:SakuraFive","floor":37,"key":"SMITH"},{"floor":38,"key":"REST"},{"data":"alterego_mod:Clones","floor":49,"key":"SMITH"},{"data":"alterego_mod:TrashNCrash","floor":55,"key":"SMITH"},{"data":"alterego_mod:ClassAdvantage","floor":59,"key":"SMITH"}],"circlet_count":0,"master_deck":["alterego_mod:BigMeatyClaws","alterego_mod:BrynhildrsRune+1","alterego_mod:PerceptionDisorder+1","alterego_mod:BrynhildrRomantia+1","alterego_mod:SakuraFive+1","alterego_mod:PresenceConcealment","alterego_mod:MaintainEyeContact+1","alterego_mod:MagicResistance+1","alterego_mod:RidiculouslyBig+1","alterego_mod:PerceptionDisorder+1","alterego_mod:Pet+1","alterego_mod:ClassAdvantage+1","alterego_mod:MagicResistance+1","alterego_mod:Table+1","alterego_mod:Clones+1","alterego_mod:Nekomimi+1","alterego_mod:TrashNCrash+1"],"relics":["alterego_mod:MasochisticConstitution","Bloody Idol","MealTicket","SacredBark","Art of War","Dead Branch","Toy Ornithopter","Pear","Nunchaku","Pandora\u0027s Box","Pen Nib","Bag of Preparation","Bottled Flame","White Beast Statue","Blood Vial"],"acts_visited":["Exordium","TheCity","TheBeyond"],"potions_floor_usage":[33,39,54],"damage_taken":[{"damage":2,"enemies":"2 Louse","floor":1,"turns":4},{"damage":0,"enemies":"Small Slimes","floor":4,"turns":7},{"damage":8,"enemies":"Jaw Worm","floor":5,"turns":5},{"damage":47,"enemies":"3 Sentries","floor":7,"turns":16},{"damage":4,"enemies":"Looter","floor":9,"turns":5},{"damage":52,"enemies":"Lots of Slimes","floor":11,"turns":16},{"damage":16,"enemies":"Large Slime","floor":12,"turns":10},{"damage":8,"enemies":"Blue Slaver","floor":15,"turns":4},{"damage":14,"enemies":"Looter","floor":16,"turns":5},{"damage":93,"enemies":"Slime Boss","floor":18,"turns":22},{"damage":37,"enemies":"3 Byrds","floor":20,"turns":11},{"damage":16,"enemies":"Shell Parasite","floor":22,"turns":11},{"damage":71,"enemies":"Chosen and Byrds","floor":25,"turns":14},{"damage":9,"enemies":"Snake Plant","floor":26,"turns":8},{"damage":47,"enemies":"Slavers","floor":28,"turns":8},{"damage":41,"enemies":"Shelled Parasite and Fungi","floor":31,"turns":8},{"damage":34,"enemies":"Gremlin Leader","floor":33,"turns":12},{"damage":35,"enemies":"Centurion and Healer","floor":35,"turns":10},{"damage":115,"enemies":"Automaton","floor":39,"turns":19},{"damage":8,"enemies":"Orb Walker","floor":41,"turns":4},{"damage":2,"enemies":"3 Shapes","floor":42,"turns":5},{"damage":38,"enemies":"Maw","floor":45,"turns":6},{"damage":9,"enemies":"3 Darklings","floor":46,"turns":11},{"damage":17,"enemies":"Spire Growth","floor":47,"turns":9},{"damage":134,"enemies":"Nemesis","floor":48,"turns":9},{"damage":6,"enemies":"Jaw Worm Horde","floor":54,"turns":6},{"damage":34,"enemies":"Giant Head","floor":56,"turns":6},{"damage":56,"enemies":"3 Darklings","floor":57,"turns":4},{"damage":27,"enemies":"4 Shapes","floor":58,"turns":9},{"damage":93,"enemies":"Time Eater","floor":60,"turns":10}],"seed_played":"-3406737181549414426","potions_obtained":[{"floor":4,"key":"Weak Potion"},{"floor":7,"key":"DuplicationPotion"},{"floor":9,"key":"GamblersBrew"},{"floor":31,"key":"DistilledChaos"},{"floor":33,"key":"AttackPotion"},{"floor":42,"key":"DistilledChaos"},{"floor":48,"key":"DuplicationPotion"},{"floor":54,"key":"LiquidMemories"}],"is_trial":false,"path_per_floor":["M","?","$","M","M","?","E","?","M","T","M","M","?","R","M","M","R","B",null,"M","$","M","$","?","M","M","R","E","?","T","M","R","E","R","M","?","R","R","B",null,"M","M","$","?","M","M","M","E","R","?","T","?","T","M","R","E","M","M","R","B",null],"character_chosen":"The_Alterego","items_purchased":["Art of War"],"campfire_rested":1,"item_purchase_floors":[23],"current_hp_per_floor":[71,54,54,68,68,57,32,56,63,63,62,74,74,74,78,76,76,35,104,97,112,108,123,123,75,78,78,65,65,75,62,62,92,92,85,85,85,145,66,171,180,213,220,220,199,221,235,114,114,114,114,206,206,219,219,202,182,206,206,127],"gold":323,"neow_bonus":"UPGRADE_CARD","is_daily":false,"chose_seed":false,"campfire_upgraded":9,"win_rate":0.0,"timestamp":1612079081,"path_taken":["M","?","$","M","M","?","E","?","M","T","M","?","?","R","?","M","R","BOSS","M","$","M","$","?","M","M","R","E","?","T","M","R","E","R","M","?","R","R","BOSS","M","M","$","?","M","M","?","E","R","?","T","?","?","M","R","E","M","M","R","BOSS"],"items_purchased_type":["Relic"],"build_version":"2020-12-22","purchased_purges":4,"victory":true,"max_hp_per_floor":[71,71,71,71,72,72,73,73,77,77,93,100,100,100,105,110,110,127,127,136,136,141,141,141,150,155,155,168,168,178,187,187,192,192,201,201,201,201,206,206,211,220,220,220,225,230,235,236,236,236,236,206,206,219,219,224,229,245,245,250],"relic_stats":{"Blood Vial":6,"Nunchaku":[9],"counters":[30,274],"Bloody Idol":60,"Dead Branch":[84],"MealTicket":37,"Pandora\u0027s Box":["alterego_mod:SakuraFive","alterego_mod:SideboobHour","alterego_mod:RingBreak","alterego_mod:InsideBaseball","alterego_mod:Birthday"],"Pen Nib":[5],"Art of War":[70],"Bag of Preparation":[10],"obtain_stats":[{"alterego_mod:MasochisticConstitution":0,"Pear":30,"Golden Idol":2,"SacredBark":19,"Dead Branch":24,"Pen Nib":44,"Bag of Preparation":48,"White Beast Statue":53,"Blood Vial":56,"Nunchaku":33,"Bottled Flame":51,"Bloody Idol":29,"MealTicket":7,"Pandora\u0027s Box":40,"Art of War":23,"Toy Ornithopter":28},{"alterego_mod:MasochisticConstitution":0,"Pear":15,"Golden Idol":1,"SacredBark":10,"Dead Branch":12,"Pen Nib":21,"Bag of Preparation":25,"White Beast Statue":25,"Blood Vial":27,"Nunchaku":17,"Bottled Flame":25,"Bloody Idol":15,"MealTicket":4,"Pandora\u0027s Box":19,"Art of War":12,"Toy Ornithopter":15},{"alterego_mod:MasochisticConstitution":0,"Pear":146,"Golden Idol":4,"SacredBark":94,"Dead Branch":116,"Pen Nib":204,"Bag of Preparation":239,"White Beast Statue":239,"Blood Vial":251,"Nunchaku":166,"Bottled Flame":239,"Bloody Idol":146,"MealTicket":32,"Pandora\u0027s Box":195,"Art of War":116,"Toy Ornithopter":146}],"Toy Ornithopter":10},"card_choices":[{"not_picked":["alterego_mod:Jiggle","alterego_mod:SakuraPetals","alterego_mod:Rip"],"picked":"SKIP","floor":1},{"not_picked":["alterego_mod:Jiggle","alterego_mod:SakuraPetals","alterego_mod:Rip"],"picked":"SKIP","floor":1},{"not_picked":["alterego_mod:Cycle","alterego_mod:Birthday"],"picked":"alterego_mod:PerceptionDisorder","floor":4},{"not_picked":["alterego_mod:DiscoLights","alterego_mod:Cycle","alterego_mod:MaintainEyeContact"],"picked":"SKIP","floor":5},{"not_picked":["alterego_mod:Skirt","alterego_mod:Jiggle"],"picked":"alterego_mod:BrynhildrRomantia","floor":7},{"not_picked":["alterego_mod:Bounce","alterego_mod:PerceptionDisorder"],"picked":"alterego_mod:SakuraFive","floor":9},{"not_picked":["alterego_mod:DustData","alterego_mod:RidiculouslyBig"],"picked":"alterego_mod:PresenceConcealment","floor":11},{"not_picked":["alterego_mod:Jiggle","alterego_mod:PerceptionDisorder","alterego_mod:Stockings"],"picked":"SKIP","floor":12},{"not_picked":["alterego_mod:Pet","alterego_mod:Belle"],"picked":"alterego_mod:MagicResistance","floor":15},{"not_picked":["alterego_mod:PerceptionDisorder","alterego_mod:SuperDuperMasochism","alterego_mod:MagicResistance"],"picked":"SKIP","floor":16},{"not_picked":["alterego_mod:HighServant","alterego_mod:Maid+1","alterego_mod:Lingerie"],"picked":"SKIP","floor":20},{"not_picked":["alterego_mod:Support+1","alterego_mod:Bounce","alterego_mod:Smother"],"picked":"SKIP","floor":22},{"not_picked":["alterego_mod:SakuraFive","alterego_mod:Bloomers"],"picked":"alterego_mod:RidiculouslyBig+1","floor":25},{"not_picked":["alterego_mod:Maid","alterego_mod:GoddessCore","alterego_mod:GachaTicket"],"picked":"SKIP","floor":26},{"not_picked":["alterego_mod:RocketPunch","alterego_mod:DeftHands","alterego_mod:SakuraPetals"],"picked":"SKIP","floor":28},{"not_picked":["alterego_mod:Santa","alterego_mod:Punishment"],"picked":"alterego_mod:PerceptionDisorder+1","floor":31},{"not_picked":["alterego_mod:Rip+1","alterego_mod:Skirt"],"picked":"alterego_mod:Pet","floor":33},{"not_picked":["alterego_mod:PerceptionDisorder","alterego_mod:Weigh","alterego_mod:Bunnysuit"],"picked":"SKIP","floor":35},{"not_picked":["alterego_mod:IdEs","alterego_mod:STier"],"picked":"alterego_mod:ClassAdvantage","floor":39},{"not_picked":["alterego_mod:TrashNCrash+1","alterego_mod:PerceptionDisorder+1"],"picked":"alterego_mod:MagicResistance+1","floor":41},{"not_picked":["alterego_mod:Clones+1","alterego_mod:Birthday+1"],"picked":"alterego_mod:Table+1","floor":42},{"not_picked":["alterego_mod:ChallengeComplete","alterego_mod:Cycle+1"],"picked":"alterego_mod:Mirror+1","floor":45},{"not_picked":["alterego_mod:Cooking","alterego_mod:Maid"],"picked":"alterego_mod:Clones","floor":46},{"not_picked":["alterego_mod:Cycle","alterego_mod:PurpleHair","alterego_mod:DeftHands+1"],"picked":"SKIP","floor":47},{"not_picked":["alterego_mod:MaintainEyeContact+1","alterego_mod:Vow"],"picked":"alterego_mod:Nekomimi+1","floor":48},{"not_picked":["alterego_mod:BustOut","alterego_mod:Cycle+1"],"picked":"alterego_mod:TrashNCrash","floor":54},{"not_picked":["alterego_mod:Birthday","alterego_mod:Lingerie+1","alterego_mod:SuperDuperMasochism"],"picked":"SKIP","floor":56},{"not_picked":["alterego_mod:Maid","alterego_mod:Undulate+1","alterego_mod:DeftHands+1"],"picked":"SKIP","floor":57},{"not_picked":["alterego_mod:1TonWallop+1","alterego_mod:Smother+1","alterego_mod:Maid"],"picked":"SKIP","floor":58}],"player_experience":363397,"relics_obtained":[{"floor":7,"key":"MealTicket"},{"floor":28,"key":"Toy Ornithopter"},{"floor":30,"key":"Pear"},{"floor":33,"key":"Nunchaku"},{"floor":48,"key":"Bag of Preparation"},{"floor":51,"key":"Bottled Flame"},{"floor":53,"key":"White Beast Statue"},{"floor":56,"key":"Blood Vial"}],"event_choices":[{"damage_healed":0,"gold_gain":0,"player_choice":"Take Damage","damage_taken":17,"relics_obtained":["Golden Idol"],"max_hp_gain":0,"max_hp_loss":0,"event_name":"Golden Idol","floor":2,"gold_loss":0},{"damage_healed":0,"gold_gain":75,"player_choice":"Gather Gold","damage_taken":11,"max_hp_gain":0,"max_hp_loss":0,"event_name":"World of Goop","floor":6,"gold_loss":0},{"damage_healed":24,"gold_gain":0,"player_choice":"Banana","damage_taken":0,"max_hp_gain":0,"max_hp_loss":0,"event_name":"Big Fish","floor":8,"gold_loss":0},{"damage_healed":0,"gold_gain":0,"cards_transformed":["alterego_mod:Strike"],"player_choice":"Transformed","damage_taken":0,"max_hp_gain":0,"max_hp_loss":0,"event_name":"Transmorgrifier","floor":13,"gold_loss":0,"cards_obtained":["alterego_mod:MaintainEyeContact"]},{"damage_healed":0,"gold_gain":0,"player_choice":"Opened","damage_taken":0,"relics_obtained":["Dead Branch"],"max_hp_gain":0,"max_hp_loss":0,"event_name":"The Mausoleum","floor":24,"gold_loss":0,"cards_obtained":["Writhe"]},{"damage_healed":0,"gold_gain":0,"player_choice":"Gave Idol","damage_taken":0,"relics_obtained":["Bloody Idol"],"max_hp_gain":0,"max_hp_loss":0,"event_name":"Forgotten Altar","floor":29,"relics_lost":["Golden Idol"],"gold_loss":0},{"damage_healed":0,"gold_gain":0,"player_choice":"Bet on Owner","damage_taken":0,"max_hp_gain":0,"max_hp_loss":0,"event_name":"The Joust","floor":36,"gold_loss":50},{"damage_healed":0,"gold_gain":0,"player_choice":"Gave Potion","damage_taken":0,"relics_obtained":["Pen Nib"],"max_hp_gain":0,"max_hp_loss":0,"event_name":"WeMeetAgain","floor":44,"gold_loss":0},{"cards_removed":["alterego_mod:Mirror"],"damage_healed":0,"gold_gain":0,"player_choice":"Removed Skill","damage_taken":0,"max_hp_gain":0,"max_hp_loss":0,"event_name":"Falling","floor":50,"gold_loss":0},{"damage_healed":206,"gold_gain":0,"player_choice":"Heal","damage_taken":0,"max_hp_gain":0,"max_hp_loss":30,"event_name":"The Moai Head","floor":52,"gold_loss":0}],"is_beta":false,"boss_relics":[{"not_picked":["Snecko Eye","Velvet Choker"],"picked":"SacredBark"},{"not_picked":["Busted Crown","Empty Cage"],"picked":"Pandora\u0027s Box"}],"items_purged_floors":[3,21,23,43],"is_endless":false,"potions_floor_spawned":[4,7,9,16,20,25,26,31,33,42,48,54,56,57,58],"ascension_level":9}}