{"host":"o3b7ow6d1xe49css","time":1612121618,"event":{"mods":["Act Like it!","Aspiration","BaseMod","Bestiary","Better Altar","Better Match","Better Note","Better Sensory Stone","Better Skull","Better Third Choice","Colored Powertips","Conspire","Energized Spire","Force Act Four","GifTheSpireLib","Halation","Hermit","Hubris","Infinite Spire","Lobotomy","Minty Spire (QoL Compilation)","Quick Restart","Rare Cards Sparkle","Relic Filter Mod","Reliquary","Replay The Spire","Spicy Shops","Spikes Relics","Spire Arcade","StSLib","Stuff the Spire","The Blue Laboratory","Wandering Minibosses"],"gold_per_floor":[119,130,140,157,157,157,190,224,224,224,250,250,265,19,19,121,121,138,149,149,149,149,149,184,217,217,217,316,316,84,110,110,214,214,244,244,244,279,69,101,138,180,180,227,227,502,545,614,614,750,750,750,115,157,157,157],"floor_reached":55,"language":"ENG","playtime":3291,"items_purged":["Strike_P","Strike_P","Strike_P","Strike_P"],"score":2169,"play_id":"d2977448-9c6e-472f-a03e-b8cc5a381c59","local_time":"20210131103338","daily_mods":["Heirloom","Flight"],"is_ascension_mode":true,"campfire_choices":[{"data":"BattleHymn","floor":6,"key":"SMITH"},{"floor":10,"key":"REST"},{"data":"Eruption","floor":12,"key":"SMITH"},{"data":"CrushJoints","floor":15,"key":"SMITH"},{"floor":23,"key":"REST"},{"floor":27,"key":"RECALL"},{"data":"Scrawl","floor":32,"key":"SMITH"},{"floor":49,"key":"REST"},{"data":"Tantrum","floor":52,"key":"SMITH"}],"circlet_count":0,"master_deck":["Defend_P","Defend_P","Defend_P","Defend_P","Eruption+1","Vigilance","UniverseFragment","Scorched","BattleHymn+1","Wireheading","CrushJoints+1","CutThroughFate","Halt","Scrawl+1","Weave","Fasting2+1","Consecrate+1","Mercenary","Halt+1","Tantrum+1","OSAHOGD"],"relics":["PureWater","Ring of Chaos","hubris:CuriousFeather","CogitoBucket","Dream Catcher","Pantograph","Ornamental Fan","Lantern","wanderingMiniBosses:Inkheart","SkinProphecy","TeardropLocket","hubris:TerracottaHorce","hubris:FruitBowl","Pen Nib","reliquary:MudwinsCradle","reliquary:PorcupineQuills","hubris:SphereOfDissonance","Ancient Tea Set","reliquary:PrincelyHelmet","infinitespire:EvilPickle","reliquary:RedCape","ResearcherNote","halation:PeacePiece","Darkstone Periapt","Omamori","ShockBauble","hubris:BottledRain","Boot","AtMidnight","hubris:DisguiseKit","Snecko Eye","Ring of Chaos","Anchor","reliquary:PurpleTingedLeaf","aspiration:Nostalgia","infinitespire:DarkRift","reliquary:TridentHead"],"acts_visited":["Exordium","TheCity","TheBeyond","Exordium","TheEnding"],"potions_floor_usage":[4,7,24,24,25,48,55,55],"damage_taken":[{"damage":2,"enemies":"Cultist","floor":1,"turns":3},{"damage":5,"enemies":"Jaw Worm","floor":2,"turns":7},{"damage":1,"enemies":"2 Louse","floor":3,"turns":2},{"damage":2,"enemies":"Large Slime","floor":4,"turns":6},{"damage":43,"enemies":"Lagavulin","floor":7,"turns":5},{"damage":0,"enemies":"Replay:BlueRogue","floor":8,"turns":4},{"damage":9,"enemies":"Gremlin Nob","floor":11,"turns":3},{"damage":8,"enemies":"Exordium Wildlife","floor":13,"turns":4},{"damage":11,"enemies":"Hexaghost","floor":16,"turns":4},{"damage":0,"enemies":"Shell Parasite","floor":18,"turns":2},{"damage":1,"enemies":"Chosen","floor":19,"turns":2},{"damage":0,"enemies":"Nightmare","floor":24,"turns":2},{"damage":0,"enemies":"Slavers","floor":25,"turns":2},{"damage":0,"enemies":"Book of Stabbing","floor":31,"turns":2},{"damage":2,"enemies":"Pondfish","floor":33,"turns":6},{"damage":0,"enemies":"3 Shapes","floor":35,"turns":2},{"damage":0,"enemies":"3 Darklings","floor":38,"turns":1},{"damage":0,"enemies":"Nightmare","floor":40,"turns":1},{"damage":0,"enemies":"Reptomancer","floor":41,"turns":2},{"damage":0,"enemies":"Giant Head","floor":42,"turns":2},{"damage":0,"enemies":"Reptomancer","floor":44,"turns":1},{"damage":0,"enemies":"4 Shapes","floor":47,"turns":2},{"damage":28,"enemies":"Nemesis","floor":48,"turns":5},{"damage":52,"enemies":"hubris:GrandSnecko","floor":50,"turns":10},{"damage":0,"enemies":"Shield and Spear","floor":54,"turns":2}],"seed_played":"-8420717614548962647","potions_obtained":[{"floor":3,"key":"blueLaboratory:FruitPunch"},{"floor":4,"key":"Fire Potion"},{"floor":8,"key":"Elixir"},{"floor":16,"key":"SkillPotion"},{"floor":18,"key":"LiquidMemories"},{"floor":24,"key":"Swift Potion"},{"floor":38,"key":"BottledMiracle"}],"is_trial":true,"path_per_floor":["M","M","M","M","?","R","E","E","T","R","E","R","M","$","R","B",null,"M","M","$","AVR","?","R","NM","E","T","R","?","$","$","E","R","B",null,"M","?","AVR","M","$","NM","E","E","T","E","?","?","M","E","R","B",null,"R","$","E","B"],"character_chosen":"WATCHER","items_purchased":["TeardropLocket","hubris:FruitBowl","Ancient Tea Set","blueLaboratory:ImpenetrablePotion","Anchor","reliquary:PurpleTingedLeaf","aspiration:Nostalgia"],"campfire_rested":3,"item_purchase_floors":[14,20,30,39,53,53,53],"current_hp_per_floor":[70,65,64,64,64,64,21,21,21,43,34,34,26,26,26,36,66,62,57,38,38,38,62,58,54,54,54,54,54,54,50,50,69,83,75,75,75,71,71,67,63,59,59,55,55,55,47,15,47,37,107,107,107,104,59,59],"gold":157,"neow_bonus":"","is_daily":false,"chose_seed":false,"campfire_upgraded":5,"win_rate":0.0,"timestamp":1612121618,"path_taken":["M","M","M","?","?","R","E","E","T","R","E","R","M","$","R","BOSS","M","M","?","AVR","?","R","NM","E","T","R","?","$","$","E","R","BOSS","M","?","AVR","M","$","NM","E","E","T","E","?","?","?","E","R","BOSS","R","$","E","BOSS"],"items_purchased_type":["Relic","Relic","Relic","Potion","Relic","Relic","Relic"],"build_version":"2020-12-22","purchased_purges":4,"victory":false,"max_hp_per_floor":[72,72,72,74,74,74,74,74,74,74,74,74,74,74,74,76,76,78,80,80,80,80,80,82,84,84,84,84,84,84,86,86,88,88,92,92,92,94,94,96,98,100,100,102,102,102,106,108,108,112,112,112,112,114,116,116],"card_choices":[{"not_picked":["Bloodbath","OSAHOGD"],"picked":"UniverseFragment","floor":1},{"not_picked":["Protect","PathToVictory","Replay:Anticipation"],"picked":"SKIP","floor":1},{"not_picked":["FairyFestival","Wellcheers"],"picked":"Scorched","floor":2},{"not_picked":["Nirvana","Evaluate"],"picked":"BattleHymn","floor":2},{"not_picked":["ClearTheMind","TalkToTheHand"],"picked":"Wireheading","floor":3},{"not_picked":["OldLady","QueenOfHatred","VoidDream"],"picked":"Singing Bowl","floor":3},{"not_picked":["FieryBird","CherryBlossoms","Variant"],"picked":"Singing Bowl","floor":4},{"not_picked":["Replay:BluntJabs","PathToVictory"],"picked":"CrushJoints","floor":4},{"not_picked":["VoidDream","OldLady","Bloodbath"],"picked":"Singing Bowl","floor":7},{"not_picked":["FollowUp","SignatureMove"],"picked":"CutThroughFate","floor":7},{"not_picked":["WallGazer","LongBird","ShyLook"],"picked":"Singing Bowl","floor":8},{"not_picked":["ClearTheMind","EmptyBody"],"picked":"Halt","floor":8},{"not_picked":["Replay:Battleflow","FollowUp"],"picked":"Scrawl","floor":10},{"not_picked":["Freischutz","SpiderBud","Funeral"],"picked":"Singing Bowl","floor":11},{"not_picked":["CrushJoints","Meditate","WreathOfFlame"],"picked":"SKIP","floor":11},{"not_picked":["Variant","CherryBlossoms","BlackSwan"],"picked":"Singing Bowl","floor":13},{"not_picked":["Weave","EmptyFist","WindmillStrike"],"picked":"SKIP","floor":13},{"not_picked":["EmptyFist","WindmillStrike"],"picked":"Weave","floor":13},{"not_picked":["Murderer","SpiderBud","MeatLantern"],"picked":"Singing Bowl","floor":16},{"not_picked":["Yin","BlackArmy","BeautyBeast"],"picked":"Singing Bowl","floor":18},{"not_picked":["Wallop","CutThroughFate"],"picked":"Fasting2","floor":18},{"not_picked":["NothingThere","Yin","MeatLantern"],"picked":"Singing Bowl","floor":19},{"not_picked":["SignatureMove","DeceiveReality","EmptyFist"],"picked":"SKIP","floor":19},{"not_picked":["Protect","FollowUp"],"picked":"Consecrate+1","floor":24},{"not_picked":["WallGazer","PunishingBird","Funeral"],"picked":"Singing Bowl","floor":24},{"not_picked":["Freischutz","MHz","SpiderBud"],"picked":"Singing Bowl","floor":25},{"not_picked":["NakedNest","SpiderBud"],"picked":"Mercenary","floor":25},{"not_picked":["Collect","ReachHeaven"],"picked":"Halt+1","floor":25},{"not_picked":["BeautyBeast","Funeral","HappyTeddy"],"picked":"Singing Bowl","floor":31},{"not_picked":["Swivel+1","SpiritShield","JustLucky"],"picked":"SKIP","floor":31},{"not_picked":["SpiderBud","CrumblingArmor","BeautyBeast"],"picked":"Singing Bowl","floor":33},{"not_picked":["LongBird","HeroicMonk","BeautyBeast"],"picked":"Singing Bowl","floor":35},{"not_picked":["Replay:BluntJabs+1","Replay:AtTheReady+1","FollowUp+1"],"picked":"SKIP","floor":35},{"not_picked":["Protect+1","Blasphemy"],"picked":"Tantrum","floor":38},{"not_picked":["Woodsman","LongBird"],"picked":"OSAHOGD","floor":38},{"not_picked":["Establishment","Halt","Crescendo"],"picked":"SKIP","floor":40},{"not_picked":["BattleHymn","Replay:Cycle","Crescendo+1"],"picked":"SKIP","floor":41},{"not_picked":["Perseverance","CarveReality","Conclude+1"],"picked":"SKIP","floor":42},{"not_picked":["FollowUp+1","FlyingSleeves","Weave+1"],"picked":"SKIP","floor":44},{"not_picked":["Weave+1","EmptyBody","JustLucky+1"],"picked":"SKIP","floor":47},{"not_picked":["EmptyFist+1","PathToVictory+1","WindmillStrike"],"picked":"SKIP","floor":48},{"not_picked":["FlyingSleeves","Consecrate","FlurryOfBlows+1","Carnage"],"picked":"SKIP","floor":54},{"not_picked":["FlyingSleeves","Consecrate","FlurryOfBlows+1","Carnage"],"picked":"SKIP","floor":54}],"player_experience":1234808,"relics_obtained":[{"floor":7,"key":"Dream Catcher"},{"floor":8,"key":"Pantograph"},{"floor":9,"key":"Ornamental Fan"},{"floor":11,"key":"Lantern"},{"floor":13,"key":"wanderingMiniBosses:Inkheart"},{"floor":24,"key":"reliquary:MudwinsCradle"},{"floor":25,"key":"reliquary:PorcupineQuills"},{"floor":26,"key":"hubris:SphereOfDissonance"},{"floor":31,"key":"reliquary:PrincelyHelmet"},{"floor":40,"key":"Darkstone Periapt"},{"floor":41,"key":"Omamori"},{"floor":42,"key":"ShockBauble"},{"floor":43,"key":"hubris:BottledRain"},{"floor":44,"key":"Boot"},{"floor":47,"key":"AtMidnight"},{"floor":48,"key":"hubris:DisguiseKit"},{"floor":54,"key":"reliquary:TridentHead"}],"event_choices":[{"damage_healed":0,"gold_gain":0,"player_choice":"Leave","damage_taken":0,"max_hp_gain":0,"max_hp_loss":0,"event_name":"The Cleric","floor":5,"gold_loss":0},{"damage_healed":0,"gold_gain":99,"player_choice":"Steal","damage_taken":0,"max_hp_gain":0,"max_hp_loss":0,"event_name":"betterThird:BetterNest","floor":28,"gold_loss":0},{"damage_healed":0,"gold_gain":0,"player_choice":"Leave","damage_taken":0,"max_hp_gain":0,"max_hp_loss":0,"event_name":"conspire:Investor","floor":36,"gold_loss":0},{"damage_healed":0,"gold_gain":275,"player_choice":"Desecrate","damage_taken":0,"max_hp_gain":0,"max_hp_loss":0,"event_name":"Golden Shrine","floor":46,"gold_loss":0,"cards_obtained":["Regret"]}],"is_beta":false,"boss_relics":[{"not_picked":["aspiration:FutureDiary","Replay:Drink Me"],"picked":"hubris:TerracottaHorce"},{"not_picked":["ReplayTheSpireMod:DimensionalGlitch","Painkiller Herb"],"picked":"reliquary:RedCape"},{"not_picked":["StuffTheSpire:Kangaroo","StuffTheSpire:RunicHypercube"],"picked":"Snecko Eye"}],"items_purged_floors":[21,30,37,53],"is_endless":true,"potions_floor_spawned":[3,4,8,16,18,24,38,40,44,50,54],"killed_by":"The Heart","ascension_level":5}}