{"host":"xp5rvh2jwe2ejyfm","time":1612127737,"event":{"mods":["Aspiration","BaseMod","BetterRewards","Colored Powertips","Conspire","Downfall","Duelist Mod","GifTheSpireLib","Gremlin Mod","Hermit","Hubris","Minty Spire (QoL Compilation)","Robot Space Explorer","StSLib","The Blackbeard","The Clintock","The Construct","The Cursed","The Disciple","The Forsaken","The Hierophant","The Necromancer","The Runesmith","The Servant 0.9.4"],"gold_per_floor":[99,109,31,51,226,226,252,252,252,267,285,298,53,68,68,164,164,184,198,212,89,107,133,133,148,148,5,23,23,23,23],"floor_reached":30,"language":"ENG","playtime":1148,"items_purged":[],"score":331,"play_id":"1aceaea6-2b23-4f2e-a0bd-732ae212e7df","local_time":"20210131161537","is_ascension_mode":false,"campfire_choices":[{"floor":15,"key":"REST"},{"floor":24,"key":"RECALL"}],"circlet_count":0,"master_deck":["TheCursedMod:Strike_TheCursed","TheCursedMod:Strike_TheCursed","TheCursedMod:Strike_TheCursed","TheCursedMod:Strike_TheCursed","TheCursedMod:Defend_TheCursed","TheCursedMod:Defend_TheCursed","TheCursedMod:Defend_TheCursed","TheCursedMod:CursedWand","TheCursedMod:CleanUpWorkshop","TheCursedMod:Dregs","TheCursedMod:CursedBlade","TheCursedMod:CircleOfCorruption","TheCursedMod:SmokeScreen","TheCursedMod:CursedBlade","TheCursedMod:SmokeScreen","Doubt","TheCursedMod:EmpowerCircles","TheCursedMod:CursedBlade","TheCursedMod:CursedBlade","TheCursedMod:ReleasedStrength","TheCursedMod:CursedBlade","TheCursedMod:CursedAmulet","TheCursedMod:Hemoplague","TheCursedMod:HellsGateOpen","TheCursedMod:OutForBlood","TheCursedMod:ReleasedStrength","TheCursedMod:SoulReap+1","TheCursedMod:Stigma+1","TheCursedMod:HellfireBreathing","TheCursedMod:CursedShiv","TheCursedMod:CircleOfCorruption","TheCursedMod:ReleasedStrength","TheCursedMod:VitalStrike","TheCursedMod:CircleOfFlame","TheCursedMod:TacticalStrike+1","TheCursedMod:CircleOfBlood","TheCursedMod:FleshFromBone+1","TheCursedMod:ManaBullet+1","TheCursedMod:RapidMovement"],"relics":["TheCursedMod:BlackMagic101","NeowsBlessing","aspiration:ChemicalBlood","TheCursedMod:SoulVessel","HandDrill","Coffee Dripper","Dream Catcher","Orrery"],"acts_visited":["Exordium","TheCity"],"potions_floor_usage":[16,16,16,22,22,28,28,30,30,30,30],"damage_taken":[{"damage":0,"enemies":"Jaw Worm","floor":1,"turns":1},{"damage":0,"enemies":"Small Slimes","floor":2,"turns":1},{"damage":0,"enemies":"2 Louse","floor":4,"turns":1},{"damage":52,"enemies":"Lagavulin","floor":7,"turns":9},{"damage":6,"enemies":"Large Slime","floor":10,"turns":5},{"damage":3,"enemies":"Red Slaver","floor":11,"turns":3},{"damage":0,"enemies":"Exordium Wildlife","floor":12,"turns":3},{"damage":0,"enemies":"Gremlin Gang","floor":14,"turns":2},{"damage":24,"enemies":"The Guardian","floor":16,"turns":10},{"damage":21,"enemies":"Spheric Guardian","floor":18,"turns":5},{"damage":13,"enemies":"3 Byrds","floor":19,"turns":4},{"damage":0,"enemies":"3 Cultists","floor":20,"turns":3},{"damage":6,"enemies":"Snecko","floor":22,"turns":7},{"damage":2,"enemies":"Gremlin Leader","floor":23,"turns":5},{"damage":30,"enemies":"Centurion and Healer","floor":25,"turns":5},{"damage":29,"enemies":"Shelled Parasite and Fungi","floor":28,"turns":5},{"damage":49,"enemies":"Slavers","floor":30,"turns":5}],"seed_played":"-8366936002504226748","potions_obtained":[{"floor":4,"key":"champ:CounterPotion"},{"floor":10,"key":"Ancient Potion"},{"floor":11,"key":"Strength Potion"},{"floor":14,"key":"hexamod:SoulburnPotion"},{"floor":16,"key":"BlessingOfTheForge"},{"floor":18,"key":"Guardian:BlockOnCardUsePotion"},{"floor":22,"key":"construct:ShiftPotion"},{"floor":25,"key":"SpeedPotion"},{"floor":28,"key":"Ancient Potion"},{"floor":28,"key":"Dexterity Potion"},{"floor":28,"key":"hexamod:SoulburnPotion"}],"is_trial":false,"path_per_floor":["M","M","$","M","?","?","E","?","T","M","M","M","$","M","R","B",null,"M","M","M","$","M","E","R","M","T","$","M","?","E"],"character_chosen":"THE_CURSED","items_purchased":["TheCursedMod:SmokeScreen","TheCursedMod:CursedBlade","HandDrill","TheCursedMod:CursedAmulet","TheCursedMod:Hemoplague","TheCursedMod:HellfireBreathing","TheCursedMod:CursedShiv","Orrery"],"campfire_rested":1,"item_purchase_floors":[3,3,13,13,13,21,21,27],"current_hp_per_floor":[75,75,75,75,75,75,23,23,23,19,17,18,18,19,41,22,75,59,48,61,61,66,74,74,64,64,64,44,44,0,0],"gold":23,"neow_bonus":"THREE_ENEMY_KILL","is_daily":false,"chose_seed":false,"campfire_upgraded":0,"win_rate":0.0,"timestamp":1612127737,"path_taken":["M","M","$","M","?","?","E","?","T","M","M","M","$","M","R","BOSS","M","M","M","$","M","E","R","M","T","$","M","?","E"],"items_purchased_type":["Card","Card","Relic","Card","Card","Card","Card","Relic"],"build_version":"2020-12-22","purchased_purges":0,"victory":false,"max_hp_per_floor":[75,75,75,75,75,75,75,75,75,75,75,75,75,75,75,75,75,75,75,75,75,75,75,75,75,75,75,75,75,75,75],"card_choices":[{"not_picked":["TheCursedMod:TacticalStrike","TheCursedMod:FleshFromBone"],"picked":"TheCursedMod:CursedBlade","floor":1},{"not_picked":["TheCursedMod:CursedAmulet","TheCursedMod:AntiAging"],"picked":"TheCursedMod:CircleOfCorruption","floor":2},{"not_picked":["TheCursedMod:CursedAmulet","TheCursedMod:Stigma"],"picked":"TheCursedMod:SmokeScreen","floor":4},{"not_picked":["TheCursedMod:RapidMovement","TheCursedMod:VitalStrike"],"picked":"TheCursedMod:CursedBlade","floor":7},{"not_picked":["TheCursedMod:RapidMovement","TheCursedMod:CursedShiv"],"picked":"TheCursedMod:CursedBlade","floor":10},{"not_picked":["TheCursedMod:CircleOfAbyss","TheCursedMod:CursedMace"],"picked":"TheCursedMod:ReleasedStrength","floor":11},{"not_picked":["TheCursedMod:SoulReap","TheCursedMod:SmokeScreen"],"picked":"TheCursedMod:CursedBlade","floor":12},{"not_picked":["TheCursedMod:Evocation","TheCursedMod:RavingStaff"],"picked":"TheCursedMod:HellsGateOpen","floor":14},{"not_picked":["TheCursedMod:AntiAging","TheCursedMod:Neurasthenia"],"picked":"TheCursedMod:OutForBlood","floor":16},{"not_picked":["TheCursedMod:Mangle","TheCursedMod:Stretching"],"picked":"TheCursedMod:ReleasedStrength","floor":18},{"not_picked":["TheCursedMod:Hemoplague","TheCursedMod:SpitefulPray+1"],"picked":"TheCursedMod:SoulReap+1","floor":19},{"not_picked":["TheCursedMod:CursedShiv","TheCursedMod:VitalStrike"],"picked":"TheCursedMod:Stigma+1","floor":20},{"not_picked":["TheCursedMod:TacticalStrike","TheCursedMod:Stretching"],"picked":"TheCursedMod:CircleOfCorruption","floor":22},{"not_picked":["TheCursedMod:Torture","TheCursedMod:Evocation"],"picked":"TheCursedMod:ReleasedStrength","floor":23},{"not_picked":["TheCursedMod:RavingStaff","TheCursedMod:RapidMovement"],"picked":"TheCursedMod:VitalStrike","floor":25},{"not_picked":["TheCursedMod:RavingStaff","TheCursedMod:LuckyCharm+1"],"picked":"TheCursedMod:CircleOfFlame","floor":27},{"not_picked":["TheCursedMod:RavingStaff","TheCursedMod:ParallelWorld"],"picked":"TheCursedMod:TacticalStrike+1","floor":27},{"not_picked":["TheCursedMod:CursedAmulet","TheCursedMod:TacticalStrike"],"picked":"TheCursedMod:CircleOfBlood","floor":27},{"not_picked":["TheCursedMod:SmokeScreen","TheCursedMod:SpitefulPray+1"],"picked":"TheCursedMod:FleshFromBone+1","floor":27},{"not_picked":["TheCursedMod:CursedShiv","TheCursedMod:CursedBoomerang"],"picked":"TheCursedMod:ManaBullet+1","floor":27},{"not_picked":["TheCursedMod:RapidMovement+1","TheCursedMod:PrepareRite+1","TheCursedMod:SmokeScreen+1"],"picked":"SKIP","floor":28}],"player_experience":368327,"relics_obtained":[{"floor":7,"key":"aspiration:ChemicalBlood"},{"floor":9,"key":"TheCursedMod:SoulVessel"},{"floor":23,"key":"Dream Catcher"}],"event_choices":[{"damage_healed":0,"gold_gain":175,"player_choice":"AGREE","damage_taken":0,"max_hp_gain":0,"max_hp_loss":0,"event_name":"Liars Game","floor":5,"gold_loss":0,"cards_obtained":["Doubt"]},{"damage_healed":0,"gold_gain":0,"player_choice":"Ignored","damage_taken":0,"max_hp_gain":0,"max_hp_loss":0,"event_name":"Golden Wing","floor":8,"gold_loss":0},{"damage_healed":0,"gold_gain":0,"cards_transformed":["TheCursedMod:Defend_TheCursed"],"player_choice":"Transformed","damage_taken":0,"max_hp_gain":0,"max_hp_loss":0,"event_name":"Transmorgrifier","floor":29,"gold_loss":0,"cards_obtained":["TheCursedMod:RapidMovement"]}],"is_beta":false,"boss_relics":[{"not_picked":["conspire:SeveredTorchhead","hubris:CrackedHourglass"],"picked":"Coffee Dripper"}],"items_purged_floors":[],"is_endless":false,"potions_floor_spawned":[4,10,11,14,16,18,22,28],"killed_by":"Slavers","ascension_level":0}}