{"host":"q0ahhcf6jhp3yzzb","time":1612078757,"event":{"mods":["Ascension Unlocker","BaseMod","Bestiary","Minty Spire (QoL Compilation)","Relic Stats","StSLib"],"gold_per_floor":[119,130,130,130,155,155,184,134,161,161,161,11,42,56,56,135,135,147,72,72,86,86,86,36,52,52,52,52,52,87,97,97,97,97],"floor_reached":33,"language":"ENG","playtime":1018,"items_purged":["Strike_G"],"score":588,"play_id":"70af606d-27df-4d22-ab34-6df968dd3d32","local_time":"20210131003917","is_ascension_mode":true,"campfire_choices":[{"floor":6.0,"key":"REST"},{"floor":11.0,"key":"REST"},{"data":"Corpse Explosion","floor":15.0,"key":"SMITH"},{"data":"Adrenaline","floor":23.0,"key":"SMITH"},{"data":"Dash","floor":27,"key":"SMITH"},{"floor":29,"key":"REST"},{"floor":32,"key":"REST"}],"circlet_count":0,"master_deck":["AscendersBane","Strike_G","Strike_G","Strike_G","Defend_G","Defend_G","Defend_G","Defend_G","Defend_G","Survivor","Neutralize","Deadly Poison","Flying Knee","Quick Slash","Corpse Explosion+1","Venomology","Adrenaline+1","Dash+1","Dodge and Roll+1","Noxious Fumes+1","Decay","Terror"],"relics":["Snecko Eye","Dead Branch","Smiling Mask","Happy Flower","Bag of Marbles","Strawberry","Cursed Key","Enchiridion","Centennial Puzzle"],"acts_visited":["Exordium","TheCity"],"potions_floor_usage":[30,30,33,33],"damage_taken":[{"damage":4.0,"enemies":"Jaw Worm","floor":1.0,"turns":6.0},{"damage":10.0,"enemies":"Small Slimes","floor":2.0,"turns":4.0},{"damage":9.0,"enemies":"Lagavulin","floor":7.0,"turns":10.0},{"damage":7.0,"enemies":"3 Sentries","floor":13.0,"turns":4.0},{"damage":1.0,"enemies":"2 Louse","floor":14.0,"turns":4.0},{"damage":15.0,"enemies":"The Guardian","floor":16.0,"turns":8.0},{"damage":0.0,"enemies":"Chosen","floor":18.0,"turns":3.0},{"damage":6.0,"enemies":"2 Thieves","floor":21.0,"turns":2.0},{"damage":3.0,"enemies":"Cultist and Chosen","floor":25.0,"turns":4.0},{"damage":20,"enemies":"Slavers","floor":30,"turns":2},{"damage":11,"enemies":"Centurion and Healer","floor":31,"turns":2},{"damage":76,"enemies":"Champ","floor":33,"turns":7}],"seed_played":"360551019052929922","potions_obtained":[{"floor":2.0,"key":"Dexterity Potion"},{"floor":7.0,"key":"SkillPotion"},{"floor":14.0,"key":"Strength Potion"},{"floor":18.0,"key":"GamblersBrew"},{"floor":31,"key":"PowerPotion"}],"is_trial":false,"path_per_floor":["M","M","?","?","T","R","E","?","T","$","R","$","E","M","R","B",null,"M","?","?","M","T","R","$","M","T","R","?","R","E","M","R","B"],"character_chosen":"THE_SILENT","items_purchased":["Corpse Explosion"],"campfire_rested":4,"item_purchase_floors":[12],"current_hp_per_floor":[55,45,50,15,15,36,27,27,27,27,48,48,48,47,47,32,67,67,67,46,40,40,40,40,37,37,37,37,60,40,29,52,0,0],"gold":97,"neow_bonus":"BOSS_RELIC","is_daily":false,"chose_seed":false,"campfire_upgraded":3,"win_rate":0.0,"timestamp":1612078757,"path_taken":["M","M","?","?","?","R","E","?","T","?","R","$","E","M","R","BOSS","M","?","?","M","?","R","$","M","T","R","?","R","E","M","R","BOSS"],"items_purchased_type":["Card"],"build_version":"2020-12-22","purchased_purges":1,"victory":false,"max_hp_per_floor":[66,66,71,71,71,71,71,71,71,71,71,71,78,78,78,78,78,78,78,78,78,78,78,78,78,78,78,78,78,78,78,78,78,78],"relic_stats":{"Centennial Puzzle":[6],"Happy Flower":[12],"counters":[12,56],"Dead Branch":[50],"Snecko Eye":[98,108,97,94],"Smiling Mask":25,"Cursed Key":0,"obtain_stats":[{"Centennial Puzzle":30,"Happy Flower":7,"Dead Branch":4,"Strawberry":13,"Snecko Eye":0,"Enchiridion":20,"Bag of Marbles":9,"Smiling Mask":5,"Cursed Key":17,"Ring of the Snake":0},{"Centennial Puzzle":10,"Happy Flower":3,"Dead Branch":2,"Strawberry":4,"Snecko Eye":0,"Enchiridion":7,"Bag of Marbles":3,"Smiling Mask":2,"Cursed Key":6,"Ring of the Snake":0},{"Centennial Puzzle":47,"Happy Flower":20,"Dead Branch":10,"Strawberry":24,"Snecko Eye":0,"Enchiridion":39,"Bag of Marbles":20,"Smiling Mask":10,"Cursed Key":36,"Ring of the Snake":0}]},"card_choices":[{"not_picked":["Prepared","Dagger Throw"],"picked":"Deadly Poison","floor":1.0},{"not_picked":["Slice","Heel Hook"],"picked":"Flying Knee","floor":2.0},{"not_picked":["Outmaneuver","Backflip"],"picked":"Quick Slash","floor":7.0},{"not_picked":["Prepared","Backstab"],"picked":"Venomology","floor":13.0},{"not_picked":["Setup","Acrobatics","Outmaneuver"],"picked":"SKIP","floor":14.0},{"not_picked":["Doppelganger","Grand Finale"],"picked":"Adrenaline","floor":16.0},{"not_picked":["Reflex","Quick Slash"],"picked":"Dash","floor":18.0},{"not_picked":["Outmaneuver","Sucker Punch"],"picked":"Dodge and Roll+1","floor":21.0},{"not_picked":["Dagger Throw","Outmaneuver"],"picked":"Noxious Fumes+1","floor":25.0},{"not_picked":["Acrobatics","Flying Knee"],"picked":"Terror","floor":30},{"not_picked":["Distraction","Bane","Tactician"],"picked":"SKIP","floor":31}],"player_experience":823188,"relics_obtained":[{"floor":5.0,"key":"Smiling Mask"},{"floor":7.0,"key":"Happy Flower"},{"floor":9.0,"key":"Bag of Marbles"},{"floor":13.0,"key":"Strawberry"},{"floor":20.0,"key":"Enchiridion"},{"floor":30,"key":"Centennial Puzzle"}],"event_choices":[{"damage_healed":0.0,"max_hp_gain":5.0,"max_hp_loss":0.0,"gold_gain":0.0,"event_name":"Big Fish","player_choice":"Donut","floor":3.0,"gold_loss":0.0,"damage_taken":0.0},{"damage_healed":0.0,"max_hp_gain":0.0,"max_hp_loss":0.0,"gold_gain":0.0,"event_name":"Scrap Ooze","player_choice":"Success","floor":4.0,"gold_loss":0.0,"damage_taken":35.0,"relics_obtained":["Dead Branch"]},{"damage_healed":0.0,"max_hp_gain":0.0,"max_hp_loss":0.0,"gold_gain":0.0,"event_name":"World of Goop","player_choice":"Left Gold","floor":8.0,"gold_loss":50.0,"damage_taken":0.0},{"cards_removed":["Strike_G"],"damage_healed":0.0,"max_hp_gain":0.0,"max_hp_loss":0.0,"gold_gain":0.0,"event_name":"Beggar","player_choice":"Gave Gold","floor":19.0,"gold_loss":75.0,"damage_taken":0.0},{"damage_healed":0.0,"max_hp_gain":0.0,"max_hp_loss":0.0,"gold_gain":0.0,"event_name":"Cursed Tome","player_choice":"Obtained Book","floor":20.0,"gold_loss":0.0,"damage_taken":21.0},{"damage_healed":0,"gold_gain":0,"player_choice":"Smashed Altar","damage_taken":0,"max_hp_gain":0,"max_hp_loss":0,"event_name":"Forgotten Altar","floor":28,"gold_loss":0,"cards_obtained":["Decay"]}],"is_beta":false,"boss_relics":[{"not_picked":["Philosopher\u0027s Stone","Runic Pyramid"],"picked":"Cursed Key"}],"items_purged_floors":[24],"is_endless":false,"potions_floor_spawned":[2,7,14,18,31],"killed_by":"Champ","ascension_level":20}}