{"host":"xb8s6f94jxtwitgf","time":1612098865,"event":{"mods":["Act Like it!","BaseMod","Better Third Choice","BetterRewards","GifTheSpireLib","Hubris","Minty Spire (QoL Compilation)","Reliquary","Remove Card Discount Mod","Spicy Shops","Spikes Relics","StSLib","TheSurvivalist"],"gold_per_floor":[115,131,131,145,165,165,181,212,238,238,238,238,238,251,251,350,350,366,386,397,188,207,239,239,84,84,84,134,134,134,148,148,248,248,263,263,72,72,0,28,28,40,94,105,124,154,154,7,7,7],"floor_reached":51,"language":"ENG","playtime":23033,"items_purged":["Clumsy","survmod:Strike","survmod:Defend","survmod:Defend","Regret","survmod:Strike","survmod:PinningSnipe","survmod:PenetratingShot","survmod:Strike","survmod:Strike","survmod:FlashbangTrap","survmod:FenceTrap"],"score":725,"play_id":"9a58a7ad-c31f-440e-ace7-2dbb999fe23f","local_time":"20210131131425","is_ascension_mode":false,"campfire_choices":[{"floor":6.0,"key":"REST"},{"data":"survmod:Sprint","floor":10.0,"key":"SMITH"},{"data":"survmod:AcidTrap","floor":13.0,"key":"SMITH"},{"floor":15.0,"key":"REST"},{"data":"survmod:PerfectPosition","floor":24.0,"key":"SMITH"},{"data":"survmod:VersatilePower","floor":27.0,"key":"SMITH"},{"data":"survmod:GoForFace","floor":30.0,"key":"SMITH"},{"data":"survmod:GoForFace","floor":32.0,"key":"SMITH"},{"data":"survmod:GoForFace","floor":41.0,"key":"SMITH"},{"data":"survmod:VersatileOffense","floor":47.0,"key":"SMITH"},{"data":"survmod:Defend","floor":49.0,"key":"SMITH"}],"circlet_count":0,"master_deck":["survmod:Defend","survmod:Defend+1","survmod:VersatileOffense+1","survmod:Sprint+1","survmod:GoForFace+1","survmod:DuckAndFlare","survmod:NockAnArrow","survmod:AcidTrap+1","survmod:NockAnArrow","hubris:NaturalOne","survmod:QuickThinking","survmod:VersatilePower+1","survmod:PerfectPosition+1","survmod:GoForFace+1","survmod:NockAnArrow+1","survmod:QuickDash+1","Writhe","survmod:GoForFace+1","survmod:MarkedShot+1"],"relics":["survmod:AdvancedEvolution","reliquary:Firecrackers","Tiny Chest","BrokenLever","hubris:Icosahedron","SnailShell","reliquary:SharkskinSheath","Bronze Scales","hubris:Towel","Velvet Choker","Lee\u0027s Waffle","Gambling Chip","Juzu Bracelet","Pantograph","reliquary:PorcupineQuills","reliquary:RosewoodLute","reliquary:QuartzCube","survmod:GoodBoy","Bottled Tornado","Red Mask","Eternal Feather","Strawberry","Turnip","hubris:TenFootPole"],"acts_visited":["Exordium","TheCity","TheBeyond"],"potions_floor_usage":[50],"damage_taken":[{"damage":0.0,"enemies":"Small Slimes","floor":1.0,"turns":2.0},{"damage":0.0,"enemies":"2 Louse","floor":2.0,"turns":2.0},{"damage":1.0,"enemies":"Jaw Worm","floor":4.0,"turns":5.0},{"damage":0.0,"enemies":"Exordium Wildlife","floor":5.0,"turns":3.0},{"damage":7.0,"enemies":"Looter","floor":7.0,"turns":4.0},{"damage":14.0,"enemies":"Lagavulin","floor":8.0,"turns":10.0},{"damage":3.0,"enemies":"Exordium Thugs","floor":14.0,"turns":4.0},{"damage":17.0,"enemies":"Hexaghost","floor":16.0,"turns":11.0},{"damage":6.0,"enemies":"Chosen","floor":18.0,"turns":5.0},{"damage":8.0,"enemies":"3 Byrds","floor":19.0,"turns":4.0},{"damage":6.0,"enemies":"Sentry and Sphere","floor":20.0,"turns":5.0},{"damage":22.0,"enemies":"Cultist and Chosen","floor":22.0,"turns":6.0},{"damage":2.0,"enemies":"Slavers","floor":23.0,"turns":4.0},{"damage":0.0,"enemies":"Chosen and Byrds","floor":31.0,"turns":4.0},{"damage":5.0,"enemies":"Automaton","floor":33.0,"turns":8.0},{"damage":0.0,"enemies":"3 Darklings","floor":35.0,"turns":4.0},{"damage":0.0,"enemies":"Nemesis","floor":40.0,"turns":7.0},{"damage":0.0,"enemies":"Orb Walker","floor":42.0,"turns":3.0},{"damage":4.0,"enemies":"4 Shapes","floor":44.0,"turns":3.0},{"damage":3.0,"enemies":"Sphere and 2 Shapes","floor":45.0,"turns":4.0},{"damage":24.0,"enemies":"Reptomancer","floor":46.0,"turns":5.0},{"damage":9,"enemies":"Awakened One","floor":50,"turns":11}],"seed_played":"7870473463688913637","potions_obtained":[{"floor":8.0,"key":"Swift Potion"},{"floor":14.0,"key":"SkillPotion"},{"floor":16.0,"key":"FairyPotion"},{"floor":18.0,"key":"DuplicationPotion"},{"floor":22.0,"key":"FairyPotion"},{"floor":23.0,"key":"Weak Potion"},{"floor":42.0,"key":"Regen Potion"},{"floor":46.0,"key":"Explosive Potion"}],"is_trial":false,"path_per_floor":["M","M","?","M","M","R","M","E","T","R","?","?","R","M","R","B",null,"M","M","M","$","M","E","R","$","T","R","T","?","R","M","R","B",null,"M","?","$","T","?","E","R","M","T","M","M","E","R","$","R","B",null],"character_chosen":"THE_SURVIVOR","items_purchased":["reliquary:Firecrackers","Tiny Chest","survmod:GoForFace","survmod:DuckAndFlare","survmod:NockAnArrow","Fruit Juice","BrokenLever","survmod:GoForFace","Lee\u0027s Waffle","Juzu Bracelet","survmod:GoodBoy","survmod:GoForFace","hubris:TenFootPole"],"campfire_rested":2,"item_purchase_floors":[0,0,0,0,0,0,0,21,21,25,37,37,48],"current_hp_per_floor":[32,32,32,31,31,47,40,26,26,26,26,26,26,23,39,22,55,49,41,35,62,40,38,38,38,38,38,38,38,38,38,38,57,62,62,62,62,62,62,62,62,62,69,65,62,43,52,52,61,60],"gold":7,"neow_bonus":"","is_daily":false,"chose_seed":false,"campfire_upgraded":9,"win_rate":0.0,"timestamp":1612098865,"path_taken":["M","M","?","M","M","R","M","E","T","R","?","?","R","M","R","BOSS","M","M","M","$","M","E","R","$","T","R","?","?","R","M","R","BOSS","M","?","?","?","?","E","R","M","T","M","M","E","R","$","R","BOSS"],"items_purchased_type":["Relic","Relic","Card","Card","Card","Potion","Relic","Card","Relic","Relic","Relic","Card","Relic"],"build_version":"2020-12-22","purchased_purges":12,"victory":true,"max_hp_per_floor":[55,55,55,55,55,55,55,55,55,55,55,55,55,55,55,55,55,55,55,55,62,62,62,62,62,62,62,62,62,62,62,62,62,62,62,62,62,62,62,62,62,62,69,69,69,69,69,69,69,69],"card_choices":[{"not_picked":["survmod:PinningSnipe","survmod:MarkedShot"],"picked":"survmod:FenceTrap","floor":1.0},{"not_picked":["survmod:FocusedFire","survmod:PenetratingShot"],"picked":"survmod:FlashbangTrap","floor":2.0},{"not_picked":["survmod:FlashbangShot","survmod:QuickDash"],"picked":"survmod:PinningSnipe","floor":4.0},{"not_picked":["survmod:SwiftKick","survmod:SimpleMutation"],"picked":"survmod:AcidTrap","floor":5.0},{"not_picked":["survmod:QuickDash","survmod:SimpleMutation"],"picked":"survmod:NockAnArrow","floor":7.0},{"not_picked":["survmod:FocusedFire","survmod:TrickShot"],"picked":"survmod:QuickThinking","floor":8.0},{"not_picked":["survmod:ExplosiveTrap","survmod:SimpleMutation"],"picked":"survmod:VersatilePower","floor":14.0},{"not_picked":["survmod:BatteringStrike","survmod:RobFromTheRich"],"picked":"survmod:PerfectPosition","floor":16.0},{"not_picked":["survmod:SwiftKick+1","survmod:VersatileDefense"],"picked":"survmod:PenetratingShot","floor":18.0},{"not_picked":["survmod:LongShot","survmod:DuckAndFlare","survmod:MarkedFromAfar"],"picked":"SKIP","floor":19.0},{"not_picked":["survmod:QuickDash+1","survmod:LongShot","survmod:SimpleMutation"],"picked":"SKIP","floor":20.0},{"not_picked":["survmod:TakeAim","survmod:FlashbangTrap"],"picked":"survmod:NockAnArrow+1","floor":22.0},{"not_picked":["survmod:SwiftKick","survmod:NockAnArrow"],"picked":"survmod:QuickDash+1","floor":23.0},{"not_picked":["survmod:SurpriseTrap+1","survmod:UnfortunateEscape+1","survmod:SimpleMutation"],"picked":"SKIP","floor":31.0},{"not_picked":["survmod:MarkedFromAfar+1","survmod:OverexertingShot+1","survmod:FocusedFire+1"],"picked":"SKIP","floor":35.0},{"not_picked":["survmod:AcidTrap","survmod:PenetratingShot","survmod:BearTrap"],"picked":"SKIP","floor":40.0},{"not_picked":["survmod:UnfortunateEscape+1","survmod:PersonalMark+1","survmod:MarkTrap+1"],"picked":"SKIP","floor":42.0},{"not_picked":["survmod:DeadlyAim","survmod:SurpriseTrap","survmod:TwinShot"],"picked":"SKIP","floor":44.0},{"not_picked":["survmod:TwinShot","survmod:FlashbangShot"],"picked":"survmod:MarkedShot+1","floor":45.0},{"not_picked":["survmod:QuickDash+1","survmod:PersonalMark","survmod:FlashbangTrap"],"picked":"SKIP","floor":46.0}],"player_experience":963242,"relics_obtained":[{"floor":8.0,"key":"SnailShell"},{"floor":9.0,"key":"reliquary:SharkskinSheath"},{"floor":23.0,"key":"Gambling Chip"},{"floor":26.0,"key":"Pantograph"},{"floor":28.0,"key":"reliquary:PorcupineQuills"},{"floor":38.0,"key":"Bottled Tornado"},{"floor":40.0,"key":"Eternal Feather"},{"floor":43.0,"key":"Strawberry"},{"floor":46.0,"key":"Turnip"}],"event_choices":[{"damage_healed":0.0,"max_hp_gain":0.0,"max_hp_loss":0.0,"gold_gain":0.0,"event_name":"Big Fish","player_choice":"Box","floor":11.0,"gold_loss":0.0,"damage_taken":0.0,"relics_obtained":["Bronze Scales"],"cards_obtained":["Regret"]},{"damage_healed":0.0,"max_hp_gain":0.0,"max_hp_loss":0.0,"gold_gain":0.0,"event_name":"The Mausoleum","player_choice":"Opened","floor":29.0,"gold_loss":0.0,"damage_taken":0.0,"relics_obtained":["reliquary:RosewoodLute"],"cards_obtained":["Writhe"]},{"damage_healed":0.0,"max_hp_gain":0.0,"max_hp_loss":0.0,"gold_gain":0.0,"event_name":"WeMeetAgain","player_choice":"Gave Potion","floor":36.0,"gold_loss":0.0,"damage_taken":0.0,"relics_obtained":["reliquary:QuartzCube"]},{"damage_healed":0.0,"max_hp_gain":0.0,"max_hp_loss":0.0,"gold_gain":0.0,"event_name":"Tomb of Lord Red Mask","player_choice":"Paid","floor":39.0,"gold_loss":72.0,"damage_taken":0.0,"relics_obtained":["Red Mask"]}],"is_beta":false,"boss_relics":[{"not_picked":["hubris:HollowSoul","Empty Cage"],"picked":"Velvet Choker"},{"not_picked":["Calling Bell","hubris:VirtuousBlindfold"],"picked":"survmod:AdvancedEvolution"}],"items_purged_floors":[0,0,0,0,21,21,25,25,25,25,25,25],"is_endless":false,"potions_floor_spawned":[8,14,16,18,22,23,31,35,42,46],"ascension_level":0}}