{"host":"zwezhz46a5cjkxff","time":1612093526,"event":{"mods":["AchievementEnabler","BaseMod","Colored Map","Colored Powertips","DeckTracker","Hermit","Minty Spire (QoL Compilation)","Permanent Neow","Quick Restart","Rare Cards Sparkle","Relic Stats","Robot Space Explorer","StSLib","SuperFastMode","The Hierophant","The Servant 0.9.4","Weighted Paths","slay the spire mod where everything is the same but ironclad has a cowboy hat"],"gold_per_floor":[109,128,140,206,223,223,254,254,306,306,318,350,350,379,379,481,481,498,498,7,107,125,125,152,165,188,188,199,209,209,224,224,329,329,349,365,381,401,20,20,30,63,63,83,83,108,128,153,153,153,153,153,7,33,33],"floor_reached":56,"language":"ENG","playtime":2059,"items_purged":[],"score":1380,"play_id":"b79abaef-026e-4ee1-a4a9-09add7586eb5","local_time":"20210131054526","is_ascension_mode":true,"campfire_choices":[{"floor":6,"key":"RECALL"},{"floor":8,"key":"REST"},{"data":"Inflame","floor":10,"key":"SMITH"},{"data":"Feed","floor":13,"key":"SMITH"},{"data":"Ghostly Armor","floor":15,"key":"SMITH"},{"data":"Armaments","floor":23,"key":"SMITH"},{"data":"Rampage","floor":27,"key":"SMITH"},{"floor":30,"key":"REST"},{"data":"Clothesline","floor":32,"key":"SMITH"},{"data":"Juggernaut","floor":40,"key":"SMITH"},{"data":"Inflame","floor":45,"key":"SMITH"},{"data":"Barricade","floor":49,"key":"SMITH"},{"data":"Flame Barrier","floor":52,"key":"SMITH"}],"circlet_count":0,"master_deck":["Bash","Offering","Iron Wave","Clothesline+1","Inflame+1","Feed+1","Dual Wield","Feed","Ghostly Armor+1","Rampage+1","Pommel Strike+1","Armaments+1","Uppercut+1","Shrug It Off","Feel No Pain+1","Juggernaut+1","Metallicize+1","Reaper","Inflame+1","Flame Barrier+1","Shrug It Off","Barricade+1"],"relics":["Pandora\u0027s Box","Self Forming Clay","PreservedInsect","Ancient Tea Set","Mark of Pain","Orichalcum","Gambling Chip","Bronze Scales","Tiny Chest","Philosopher\u0027s Stone","ClockworkSouvenir","Oddly Smooth Stone","Gremlin Horn","CaptainsWheel","Molten Egg 2","Nunchaku","Bag of Preparation"],"acts_visited":["Exordium","TheCity","TheBeyond","TheEnding"],"potions_floor_usage":[7,14,33,33,42,44,50,50,54],"damage_taken":[{"damage":6,"enemies":"Small Slimes","floor":1,"turns":2},{"damage":6,"enemies":"Cultist","floor":2,"turns":2},{"damage":17,"enemies":"Jaw Worm","floor":3,"turns":2},{"damage":15,"enemies":"Red Slaver","floor":5,"turns":2},{"damage":32,"enemies":"Lagavulin","floor":7,"turns":5},{"damage":12,"enemies":"Blue Slaver","floor":11,"turns":4},{"damage":8,"enemies":"Gremlin Nob","floor":12,"turns":3},{"damage":9,"enemies":"3 Sentries","floor":14,"turns":4},{"damage":25,"enemies":"The Guardian","floor":16,"turns":7},{"damage":7,"enemies":"Chosen","floor":18,"turns":3},{"damage":17,"enemies":"Spheric Guardian","floor":22,"turns":4},{"damage":21,"enemies":"Slavers","floor":24,"turns":6},{"damage":18,"enemies":"Snake Plant","floor":25,"turns":3},{"damage":16,"enemies":"Centurion and Healer","floor":28,"turns":4},{"damage":8,"enemies":"Chosen and Byrds","floor":29,"turns":3},{"damage":18,"enemies":"Snake Plant","floor":31,"turns":3},{"damage":52,"enemies":"Collector","floor":33,"turns":6},{"damage":30,"enemies":"3 Darklings","floor":35,"turns":5},{"damage":11,"enemies":"Orb Walker","floor":36,"turns":3},{"damage":6,"enemies":"Writhing Mass","floor":37,"turns":6},{"damage":8,"enemies":"3 Darklings","floor":38,"turns":4},{"damage":6,"enemies":"Maw","floor":41,"turns":6},{"damage":15,"enemies":"Giant Head","floor":42,"turns":6},{"damage":16,"enemies":"Spire Growth","floor":44,"turns":4},{"damage":23,"enemies":"Reptomancer","floor":46,"turns":4},{"damage":18,"enemies":"4 Shapes","floor":47,"turns":5},{"damage":6,"enemies":"Nemesis","floor":48,"turns":7},{"damage":20,"enemies":"Time Eater","floor":50,"turns":11},{"damage":54,"enemies":"Shield and Spear","floor":54,"turns":5},{"damage":80,"enemies":"The Heart","floor":55,"turns":11}],"seed_played":"-4063210837392035458","potions_obtained":[{"floor":1,"key":"BlessingOfTheForge"},{"floor":5,"key":"SkillPotion"},{"floor":7,"key":"Regen Potion"},{"floor":11,"key":"BloodPotion"},{"floor":12,"key":"FairyPotion"},{"floor":28,"key":"SteroidPotion"},{"floor":38,"key":"Energy Potion"},{"floor":41,"key":"AttackPotion"},{"floor":42,"key":"Strength Potion"},{"floor":46,"key":"SneckoOil"},{"floor":54,"key":"Fruit Juice"}],"is_trial":false,"path_per_floor":["M","M","M","?","M","R","E","R","T","R","M","E","R","E","R","B",null,"M","?","$","?","M","R","E","M","T","R","M","M","R","M","R","B",null,"M","M","M","M","$","R","M","E","T","M","R","E","M","E","R","B",null,"R","$","E","B",null],"character_chosen":"IRONCLAD","items_purchased":["Orichalcum","Armaments","Gambling Chip","Reaper","ClockworkSouvenir","Inflame","Nunchaku"],"campfire_rested":2,"item_purchase_floors":[20,20,20,39,39,39,53],"current_hp_per_floor":[80,77,63,63,51,51,19,47,47,47,38,33,33,43,43,18,108,104,104,104,104,90,90,77,63,63,63,54,49,89,71,71,50,140,110,102,96,88,88,88,82,84,84,87,87,92,106,118,118,120,166,166,166,133,69],"gold":33,"neow_bonus":"BOSS_RELIC","is_daily":false,"chose_seed":false,"campfire_upgraded":10,"win_rate":0.0,"timestamp":1612093526,"path_taken":["M","M","M","?","M","R","E","R","T","R","M","E","R","E","R","BOSS","M","?","$","?","M","R","E","M","T","R","?","M","R","M","R","BOSS","M","M","M","M","$","R","M","E","T","M","R","E","M","E","R","BOSS","R","$","E","BOSS"],"items_purchased_type":["Relic","Card","Relic","Card","Relic","Card","Relic"],"build_version":"2020-12-22","purchased_purges":0,"victory":true,"max_hp_per_floor":[86,89,92,92,95,95,95,95,95,95,98,101,101,108,108,108,108,111,111,111,111,114,114,122,126,126,126,133,136,136,136,136,140,140,140,143,143,143,143,143,143,147,147,151,151,155,159,162,162,166,166,166,166,175,175],"relic_stats":{"Nunchaku":[2],"Gremlin Horn":[7,7],"counters":[30,140],"Self Forming Clay":[261],"Gambling Chip":[37],"Bronze Scales":[407],"Pandora\u0027s Box":["Offering","Iron Wave","Clothesline","Inflame","Feed","Dual Wield","Feed","Ghostly Armor","Rampage"],"Tiny Chest":0,"PreservedInsect":386,"Bag of Preparation":[2],"Orichalcum":[30],"obtain_stats":[{"Gremlin Horn":43,"Self Forming Clay":7,"Oddly Smooth Stone":42,"PreservedInsect":12,"Bag of Preparation":54,"Orichalcum":20,"Ancient Tea Set":14,"Burning Blood":0,"ClockworkSouvenir":39,"CaptainsWheel":46,"Nunchaku":53,"Gambling Chip":20,"Bronze Scales":24,"Pandora\u0027s Box":0,"Tiny Chest":26,"Philosopher\u0027s Stone":34,"Molten Egg 2":48,"Mark of Pain":17},{"Gremlin Horn":23,"Self Forming Clay":5,"Oddly Smooth Stone":23,"PreservedInsect":7,"Bag of Preparation":29,"Orichalcum":10,"Ancient Tea Set":8,"Burning Blood":0,"ClockworkSouvenir":21,"CaptainsWheel":25,"Nunchaku":28,"Gambling Chip":10,"Bronze Scales":12,"Pandora\u0027s Box":0,"Tiny Chest":13,"Philosopher\u0027s Stone":17,"Molten Egg 2":27,"Mark of Pain":9},{"Gremlin Horn":93,"Self Forming Clay":13,"Oddly Smooth Stone":93,"PreservedInsect":20,"Bag of Preparation":129,"Orichalcum":34,"Ancient Tea Set":24,"Burning Blood":0,"ClockworkSouvenir":81,"CaptainsWheel":101,"Nunchaku":124,"Gambling Chip":34,"Bronze Scales":44,"Pandora\u0027s Box":0,"Tiny Chest":47,"Philosopher\u0027s Stone":63,"Molten Egg 2":113,"Mark of Pain":31}]},"card_choices":[{"not_picked":["Pummel","Perfected Strike","Body Slam"],"picked":"SKIP","floor":1},{"not_picked":["Bloodletting","Clothesline","Cleave"],"picked":"SKIP","floor":2},{"not_picked":["Clothesline","Brutality","Bloodletting"],"picked":"SKIP","floor":3},{"not_picked":["Bloodletting","Clothesline","Perfected Strike"],"picked":"SKIP","floor":5},{"not_picked":["Clash","Body Slam","Headbutt"],"picked":"SKIP","floor":7},{"not_picked":["Cleave","Warcry","Flex"],"picked":"SKIP","floor":11},{"not_picked":["Clash","Sword Boomerang","Anger"],"picked":"SKIP","floor":12},{"not_picked":["Wild Strike","Flex","Infernal Blade"],"picked":"SKIP","floor":14},{"not_picked":["Hemokinesis+1","Carnage+1"],"picked":"Pommel Strike+1","floor":18},{"not_picked":["Fire Breathing+1","Heavy Blade","Armaments+1"],"picked":"SKIP","floor":22},{"not_picked":["Bloodletting","Seeing Red","Rupture"],"picked":"SKIP","floor":24},{"not_picked":["Searing Blow+1","Blood for Blood"],"picked":"Uppercut+1","floor":25},{"not_picked":["Blood for Blood","Pommel Strike"],"picked":"Shrug It Off","floor":28},{"not_picked":["True Grit","Pommel Strike","Armaments"],"picked":"SKIP","floor":29},{"not_picked":["Anger","Warcry"],"picked":"Feel No Pain+1","floor":31},{"not_picked":["Berserk","Impervious"],"picked":"Juggernaut","floor":33},{"not_picked":["Heavy Blade","Carnage+1"],"picked":"Metallicize+1","floor":35},{"not_picked":["True Grit","Perfected Strike+1","Entrench+1"],"picked":"SKIP","floor":36},{"not_picked":["Sword Boomerang+1","Twin Strike","Seeing Red"],"picked":"SKIP","floor":37},{"not_picked":["Cleave","Rage+1","Iron Wave"],"picked":"SKIP","floor":38},{"not_picked":["Blood for Blood","Pummel","Clash+1"],"picked":"SKIP","floor":41},{"not_picked":["Wild Strike","Bludgeon"],"picked":"Flame Barrier","floor":42},{"not_picked":["Perfected Strike","Evolve"],"picked":"Shrug It Off","floor":44},{"not_picked":["Twin Strike","Metallicize+1"],"picked":"Barricade","floor":46},{"not_picked":["Sword Boomerang+1","Sever Soul","Feel No Pain+1"],"picked":"SKIP","floor":47},{"not_picked":["Wild Strike+1","Havoc","Burning Pact+1"],"picked":"SKIP","floor":48},{"not_picked":["Iron Wave+1","Perfected Strike+1","Second Wind+1"],"picked":"SKIP","floor":54}],"player_experience":53630,"relics_obtained":[{"floor":7,"key":"Self Forming Clay"},{"floor":12,"key":"PreservedInsect"},{"floor":14,"key":"Ancient Tea Set"},{"floor":24,"key":"Bronze Scales"},{"floor":26,"key":"Tiny Chest"},{"floor":42,"key":"Oddly Smooth Stone"},{"floor":43,"key":"Gremlin Horn"},{"floor":46,"key":"CaptainsWheel"},{"floor":48,"key":"Molten Egg 2"},{"floor":54,"key":"Bag of Preparation"}],"event_choices":[{"damage_healed":0,"gold_gain":66,"player_choice":"Gained Gold","damage_taken":0,"max_hp_gain":0,"max_hp_loss":0,"event_name":"Golden Wing","floor":4,"gold_loss":0},{"damage_healed":0,"gold_gain":0,"player_choice":"Ignored","damage_taken":0,"max_hp_gain":0,"max_hp_loss":0,"event_name":"Ghosts","floor":19,"gold_loss":0},{"damage_healed":0,"gold_gain":100,"player_choice":"Pray","damage_taken":0,"max_hp_gain":0,"max_hp_loss":0,"event_name":"Golden Shrine","floor":21,"gold_loss":0}],"is_beta":false,"boss_relics":[{"not_picked":["Busted Crown","SacredBark"],"picked":"Mark of Pain"},{"not_picked":["Runic Pyramid","Astrolabe"],"picked":"Philosopher\u0027s Stone"}],"items_purged_floors":[],"is_endless":false,"potions_floor_spawned":[1,5,7,11,12,28,38,41,42,46,54],"ascension_level":1}}