{"host":"7jl348xfsxr8glry","time":1612095466,"event":{"mods":["AchievementEnabler","BaseMod","Colored Map","Minty Spire (QoL Compilation)","Random Character Button","Unceasing Turn Reminder"],"gold_per_floor":[118,118,128,142,142,142,168,179,179,214,214,230,405,10,10,107,107,126,126,126,126,26,55,55,84,84,84,116,116,126,142,142,142,142],"floor_reached":33,"language":"ENG","playtime":1697,"items_purged":["Doubt","Strike_G"],"score":408,"play_id":"fbcc7abd-0b30-4a29-b672-cd81030561ca","local_time":"20210131231746","is_ascension_mode":true,"campfire_choices":[{"data":"Unload","floor":6,"key":"SMITH"},{"floor":11,"key":"REST"},{"floor":15,"key":"REST"},{"floor":24,"key":"REST"},{"floor":27,"key":"REST"},{"floor":29,"key":"REST"},{"floor":32,"key":"RECALL"}],"circlet_count":0,"master_deck":["Strike_G","Strike_G","Strike_G","Strike_G","Defend_G","Defend_G","Defend_G","Defend_G","Defend_G","Survivor","Neutralize","Unload+1","Dodge and Roll","Blade Dance","Blade Dance","Blur","A Thousand Cuts","Sucker Punch+1","Outmaneuver","Blade Dance","A Thousand Cuts","Cloak And Dagger","Quick Slash+1","Flying Knee+1","Backstab+1","Blade Dance"],"relics":["Ring of the Snake","Boot","Molten Egg 2","Prayer Wheel","SacredBark","InkBottle","Paper Crane","Regal Pillow","Singing Bowl","Pear","HornCleat"],"acts_visited":["Exordium","TheCity"],"potions_floor_usage":[7,18,23,25],"damage_taken":[{"damage":0,"enemies":"2 Louse","floor":1,"turns":2},{"damage":0,"enemies":"Cultist","floor":3,"turns":3},{"damage":0,"enemies":"Jaw Worm","floor":4,"turns":3},{"damage":11,"enemies":"3 Sentries","floor":7,"turns":8},{"damage":0,"enemies":"Exordium Wildlife","floor":8,"turns":3},{"damage":42,"enemies":"Lagavulin","floor":10,"turns":7},{"damage":9,"enemies":"3 Louse","floor":12,"turns":3},{"damage":35,"enemies":"The Guardian","floor":16,"turns":11},{"damage":10,"enemies":"Chosen","floor":18,"turns":4},{"damage":30,"enemies":"Gremlin Leader","floor":23,"turns":6},{"damage":48,"enemies":"Book of Stabbing","floor":25,"turns":7},{"damage":8,"enemies":"Gremlin Leader","floor":28,"turns":7},{"damage":0,"enemies":"Spheric Guardian","floor":30,"turns":3},{"damage":16,"enemies":"3 Cultists","floor":31,"turns":6},{"damage":70,"enemies":"Collector","floor":33,"turns":7}],"seed_played":"5503586649215637503","potions_obtained":[{"floor":3,"key":"SpeedPotion"},{"floor":12,"key":"BlessingOfTheForge"},{"floor":16,"key":"CunningPotion"},{"floor":18,"key":"Block Potion"},{"floor":31,"key":"Swift Potion"}],"is_trial":false,"path_per_floor":["M","?","M","M","$","R","E","M","T","E","R","M","?","$","R","B",null,"M","?","T","?","$","E","R","E","T","R","E","R","M","M","R","B"],"character_chosen":"THE_SILENT","items_purchased":["Blade Dance","Prayer Wheel"],"campfire_rested":5,"item_purchase_floors":[14,14],"current_hp_per_floor":[70,70,70,70,70,70,59,59,59,17,38,29,29,29,50,15,70,60,60,60,60,60,30,66,20,30,69,61,82,86,70,70,0,0],"gold":142,"neow_bonus":"ONE_RANDOM_RARE_CARD","is_daily":false,"chose_seed":false,"campfire_upgraded":1,"win_rate":0.0,"timestamp":1612095466,"path_taken":["M","?","M","M","$","R","E","?","T","E","R","?","?","$","R","BOSS","M","?","?","?","$","E","R","E","T","R","E","R","M","M","R","BOSS"],"items_purchased_type":["Card","Relic"],"build_version":"2020-12-22","purchased_purges":2,"victory":false,"max_hp_per_floor":[70,70,70,70,70,70,70,70,70,70,70,70,70,70,70,70,70,70,70,70,70,70,70,70,72,82,82,82,82,86,86,86,86,86],"card_choices":[{"not_picked":["Backflip","Deflect"],"picked":"Dodge and Roll","floor":1},{"not_picked":["Deadly Poison","Sucker Punch"],"picked":"Blade Dance","floor":3},{"not_picked":["Endless Agony","Deflect"],"picked":"Blade Dance","floor":4},{"not_picked":["Dagger Spray","Poisoned Stab"],"picked":"Blur","floor":7},{"not_picked":["Riddle With Holes","Underhanded Strike"],"picked":"A Thousand Cuts","floor":8},{"not_picked":["Leg Sweep","Backflip"],"picked":"Sucker Punch+1","floor":10},{"not_picked":["Acrobatics","Prepared"],"picked":"Outmaneuver","floor":12},{"not_picked":["Corpse Explosion","Venomology"],"picked":"A Thousand Cuts","floor":16},{"not_picked":["Dodge and Roll+1","Riddle With Holes+1"],"picked":"Cloak And Dagger","floor":18},{"not_picked":["All Out Attack+1","Acrobatics"],"picked":"Quick Slash+1","floor":18},{"not_picked":["Crippling Poison","Well Laid Plans+1"],"picked":"Flying Knee+1","floor":23},{"not_picked":["Calculated Gamble+1","Riddle With Holes+1","Bouncing Flask"],"picked":"Singing Bowl","floor":25},{"not_picked":["Bane+1","Heel Hook+1"],"picked":"Backstab+1","floor":28},{"not_picked":["Acrobatics+1","Deflect","Calculated Gamble"],"picked":"Singing Bowl","floor":30},{"not_picked":["Dagger Throw+1","Backflip","Concentrate"],"picked":"Singing Bowl","floor":30},{"not_picked":["Quick Slash+1","Flying Knee+1"],"picked":"Blade Dance","floor":31},{"not_picked":["Outmaneuver","Dagger Throw+1","PiercingWail"],"picked":"SKIP","floor":31}],"player_experience":174429,"relics_obtained":[{"floor":7,"key":"Boot"},{"floor":10,"key":"Molten Egg 2"},{"floor":20,"key":"Paper Crane"},{"floor":23,"key":"Regal Pillow"},{"floor":25,"key":"Singing Bowl"},{"floor":26,"key":"Pear"},{"floor":28,"key":"HornCleat"}],"event_choices":[{"damage_healed":0,"gold_gain":0,"player_choice":"Bought 0 Potions","damage_taken":0,"max_hp_gain":0,"max_hp_loss":0,"event_name":"The Woman in Blue","floor":2,"gold_loss":0},{"damage_healed":0,"gold_gain":175,"player_choice":"AGREE","damage_taken":0,"max_hp_gain":0,"max_hp_loss":0,"event_name":"Liars Game","floor":13,"gold_loss":0,"cards_obtained":["Doubt"]},{"damage_healed":0,"gold_gain":0,"player_choice":"Opened","damage_taken":0,"relics_obtained":["InkBottle"],"max_hp_gain":0,"max_hp_loss":0,"event_name":"The Mausoleum","floor":19,"gold_loss":0},{"damage_healed":0,"gold_gain":0,"player_choice":"Ignored","damage_taken":0,"max_hp_gain":0,"max_hp_loss":0,"event_name":"Ghosts","floor":21,"gold_loss":0}],"is_beta":false,"boss_relics":[{"not_picked":["Empty Cage","Fusion Hammer"],"picked":"SacredBark"}],"items_purged_floors":[14,22],"is_endless":false,"potions_floor_spawned":[3,12,16,18,31],"killed_by":"Collector","ascension_level":3}}