{"host":"splhgeaql3beeqc1","time":1612085260,"event":{"mods":["BaseMod","Minty Spire (QoL Compilation)","Quick Restart","StSLib"],"gold_per_floor":[117,137,156,175,38,65,82,107,107,107,140,158,158,173,173,275,275,289,302,34,34,49,79,79,79,105,137,62,93,8,18,18,115,115,130,130,50,66,84,119,134,134,161,193,211,237,237,251,251,251,251,251,67,98,98,98],"floor_reached":55,"language":"ENG","playtime":6567,"items_purged":["Strike_R","Berserk","Demon Form"],"score":995,"play_id":"b22d302c-5a49-4871-9c45-ba68648c56fb","local_time":"20210131092740","is_ascension_mode":true,"campfire_choices":[{"floor":10,"key":"REST"},{"floor":15,"key":"REST"},{"floor":24,"key":"REST"},{"data":"Demon Form","floor":32,"key":"SMITH"},{"floor":42,"key":"RECALL"},{"data":"Bash","floor":49,"key":"SMITH"},{"data":"Barricade","floor":52,"key":"SMITH"}],"circlet_count":0,"master_deck":["Bash+1","Clothesline","Intimidate","Fire Breathing","Blood for Blood","Immolate+1","Offering","Ghostly Armor","Hemokinesis","Shrug It Off+1","Feed","Reaper","Bloodletting+1","Armaments+1","Necronomicurse","Infernal Blade+1","Spot Weakness+1","RitualDagger","Demon Form+1","Flame Barrier+1","Limit Break+1","Thunderclap+1","Demon Form","Metallicize","Bludgeon","Barricade+1","Clothesline","Writhe","Battle Trance+1","Seeing Red+1","Rupture","Sadistic Nature","Panacea+1","Shockwave+1","Evolve","Flame Barrier+1"],"relics":["Burning Blood","Red Skull","Question Card","Toxic Egg 2","Blood Vial","Ice Cream","Black Star","Gremlin Horn","Necronomicon","MealTicket","FossilizedHelix","Happy Flower","Du-Vu Doll","Matryoshka","Magic Flower","The Courier","Pandora\u0027s Box","Oddly Smooth Stone","Regal Pillow","Vajra","Whetstone","Ornamental Fan","Calipers","Prayer Wheel","Bronze Scales","Paper Frog","Bottled Flame"],"acts_visited":["Exordium","TheCity","TheBeyond","TheEnding"],"potions_floor_usage":[12,19,27,27,29,29,33,46,54,55],"damage_taken":[{"damage":1,"enemies":"Cultist","floor":1,"turns":3},{"damage":7,"enemies":"Jaw Worm","floor":2,"turns":3},{"damage":12,"enemies":"Small Slimes","floor":3,"turns":3},{"damage":10,"enemies":"2 Fungi Beasts","floor":4,"turns":4},{"damage":24,"enemies":"Gremlin Nob","floor":6,"turns":5},{"damage":7,"enemies":"Blue Slaver","floor":7,"turns":2},{"damage":24,"enemies":"Lagavulin","floor":8,"turns":5},{"damage":21,"enemies":"Gremlin Nob","floor":11,"turns":4},{"damage":0,"enemies":"Lots of Slimes","floor":12,"turns":1},{"damage":14,"enemies":"Looter","floor":14,"turns":3},{"damage":24,"enemies":"Slime Boss","floor":16,"turns":7},{"damage":24,"enemies":"Shell Parasite","floor":18,"turns":8},{"damage":8,"enemies":"Chosen","floor":19,"turns":4},{"damage":46,"enemies":"Shelled Parasite and Fungi","floor":22,"turns":4},{"damage":11,"enemies":"Book of Stabbing","floor":23,"turns":3},{"damage":23,"enemies":"Slavers","floor":27,"turns":3},{"damage":26,"enemies":"Book of Stabbing","floor":29,"turns":5},{"damage":8,"enemies":"Sentry and Sphere","floor":31,"turns":3},{"damage":17,"enemies":"Automaton","floor":33,"turns":6},{"damage":17,"enemies":"Orb Walker","floor":35,"turns":3},{"damage":23,"enemies":"3 Shapes","floor":38,"turns":3},{"damage":24,"enemies":"Maw","floor":39,"turns":7},{"damage":42,"enemies":"Nemesis","floor":40,"turns":7},{"damage":0,"enemies":"3 Darklings","floor":41,"turns":3},{"damage":12,"enemies":"Giant Head","floor":44,"turns":5},{"damage":0,"enemies":"Sphere and 2 Shapes","floor":45,"turns":3},{"damage":5,"enemies":"Reptomancer","floor":46,"turns":3},{"damage":2,"enemies":"Spire Growth","floor":48,"turns":3},{"damage":44,"enemies":"Time Eater","floor":50,"turns":8},{"damage":58,"enemies":"Shield and Spear","floor":54,"turns":3},{"damage":87,"enemies":"The Heart","floor":55,"turns":6}],"seed_played":"6859648110955545215","potions_obtained":[{"floor":6,"key":"Explosive Potion"},{"floor":8,"key":"SpeedPotion"},{"floor":11,"key":"SpeedPotion"},{"floor":12,"key":"Swift Potion"},{"floor":14,"key":"Explosive Potion"},{"floor":18,"key":"Dexterity Potion"},{"floor":22,"key":"LiquidMemories"},{"floor":23,"key":"EntropicBrew"},{"floor":29,"key":"LiquidMemories"},{"floor":40,"key":"Explosive Potion"},{"floor":46,"key":"CultistPotion"}],"is_trial":false,"path_per_floor":["M","M","M","M","$","E","M","E","T","R","E","M","?","M","R","B",null,"M","M","$","?","M","E","R","?","T","E","$","E","?","M","R","B",null,"M","?","$","M","M","E","M","R","T","E","M","E","?","M","R","B",null,"R","$","E","B"],"character_chosen":"IRONCLAD","items_purchased":["Immolate","Armaments+1","Gremlin Horn","Shockwave+1","Evolve"],"campfire_rested":3,"item_purchase_floors":[5,20,20,53,53],"current_hp_per_floor":[88,87,81,77,77,59,58,40,40,66,51,59,52,46,72,56,88,77,77,77,61,36,33,61,55,55,86,97,77,77,81,81,76,97,89,97,97,83,85,59,71,71,71,71,100,100,95,100,100,65,100,100,100,51,0,0],"gold":98,"neow_bonus":"TEN_PERCENT_HP_BONUS","is_daily":false,"chose_seed":false,"campfire_upgraded":3,"win_rate":0.0,"timestamp":1612085260,"path_taken":["M","M","M","M","$","E","M","E","T","R","E","?","?","M","R","BOSS","M","M","$","?","M","E","R","?","T","E","$","E","?","M","R","BOSS","M","?","$","M","M","E","M","R","T","E","M","E","?","M","R","BOSS","R","$","E","BOSS"],"items_purchased_type":["Card","Card","Relic","Card","Card"],"build_version":"2020-12-22","purchased_purges":3,"victory":false,"max_hp_per_floor":[88,88,88,88,88,88,88,88,88,88,88,88,88,88,88,88,88,91,91,91,91,94,94,94,94,94,97,97,97,97,97,97,97,97,97,97,97,97,97,97,97,97,97,97,100,100,100,100,100,100,100,100,100,100,100,100],"card_choices":[{"not_picked":["Perfected Strike","Infernal Blade"],"picked":"Clothesline","floor":1},{"not_picked":["Clothesline","Body Slam"],"picked":"Intimidate","floor":2},{"not_picked":["Burning Pact","Headbutt"],"picked":"Fire Breathing","floor":3},{"not_picked":["Combust","Havoc"],"picked":"Blood for Blood","floor":4},{"not_picked":["Searing Blow","Power Through"],"picked":"Offering","floor":6},{"not_picked":["Twin Strike","Body Slam","Thunderclap"],"picked":"SKIP","floor":7},{"not_picked":["Second Wind","Seeing Red"],"picked":"Ghostly Armor","floor":8},{"not_picked":["Anger","Sever Soul","Dropkick"],"picked":"Hemokinesis","floor":11},{"not_picked":["Perfected Strike","True Grit+1","Flex+1"],"picked":"Shrug It Off+1","floor":12},{"not_picked":["Pommel Strike","Havoc+1","Shrug It Off+1"],"picked":"Feed","floor":14},{"not_picked":["Corruption","Impervious+1","Limit Break+1"],"picked":"Reaper","floor":16},{"not_picked":["Warcry+1","Anger","Inflame","Sentinel+1"],"picked":"SKIP","floor":18},{"not_picked":["Twin Strike","Hemokinesis","Shrug It Off+1"],"picked":"Bloodletting+1","floor":19},{"not_picked":["Rampage","Pommel Strike","Burning Pact+1"],"picked":"Infernal Blade+1","floor":22},{"not_picked":["Blood for Blood","Shockwave+1","Fire Breathing"],"picked":"Spot Weakness+1","floor":23},{"not_picked":["Clothesline+1","Carnage","Armaments+1"],"picked":"Demon Form","floor":27},{"not_picked":["Warcry+1","Headbutt+1","Fiend Fire","Wild Strike"],"picked":"SKIP","floor":29},{"not_picked":["Perfected Strike","Sword Boomerang+1","Second Wind+1"],"picked":"Flame Barrier+1","floor":31},{"not_picked":["Juggernaut","Reaper","Bludgeon"],"picked":"Limit Break+1","floor":33},{"not_picked":["True Grit+1","Clash","Flex+1","Warcry+1"],"picked":"SKIP","floor":35},{"not_picked":["True Grit+1","Pommel Strike","Dropkick","Anger+1"],"picked":"SKIP","floor":38},{"not_picked":["Thunderclap+1","Exhume+1","Infernal Blade+1"],"picked":"Battle Trance+1","floor":39},{"not_picked":["Clash+1","Dual Wield+1","Perfected Strike+1"],"picked":"Seeing Red+1","floor":40},{"not_picked":["Bloodletting+1","Iron Wave","Pommel Strike+1","Shrug It Off+1"],"picked":"SKIP","floor":41},{"not_picked":["Dark Embrace","Perfected Strike+1","Sever Soul+1","Juggernaut"],"picked":"SKIP","floor":44},{"not_picked":["Clash","Pommel Strike+1","Sever Soul"],"picked":"Rupture","floor":45},{"not_picked":["Clothesline+1","Warcry+1","Wild Strike","Combust"],"picked":"SKIP","floor":46},{"not_picked":["PanicButton+1","Forethought+1","Finesse+1"],"picked":"Sadistic Nature","floor":47},{"not_picked":["Forethought+1","Bandage Up+1","Impatience+1"],"picked":"Panacea+1","floor":47},{"not_picked":["Havoc+1","Pommel Strike","Power Through+1","Anger"],"picked":"SKIP","floor":48},{"not_picked":["Twin Strike","Warcry+1","Carnage","Body Slam"],"picked":"SKIP","floor":48},{"not_picked":["Flame Barrier+1","True Grit+1","Sword Boomerang+1","Evolve+1"],"picked":"SKIP","floor":54},{"not_picked":["True Grit+1","Sword Boomerang+1","Evolve+1"],"picked":"Flame Barrier+1","floor":54}],"player_experience":81010,"relics_obtained":[{"floor":6,"key":"Red Skull"},{"floor":8,"key":"Question Card"},{"floor":9,"key":"Toxic Egg 2"},{"floor":11,"key":"Blood Vial"},{"floor":21,"key":"Necronomicon"},{"floor":23,"key":"MealTicket"},{"floor":23,"key":"FossilizedHelix"},{"floor":27,"key":"Happy Flower"},{"floor":27,"key":"Du-Vu Doll"},{"floor":29,"key":"Matryoshka"},{"floor":29,"key":"Magic Flower"},{"floor":40,"key":"Oddly Smooth Stone"},{"floor":40,"key":"Regal Pillow"},{"floor":43,"key":"Vajra"},{"floor":43,"key":"Whetstone"},{"floor":44,"key":"Ornamental Fan"},{"floor":44,"key":"Calipers"},{"floor":46,"key":"Prayer Wheel"},{"floor":46,"key":"Bronze Scales"},{"floor":54,"key":"Paper Frog"},{"floor":54,"key":"Bottled Flame"}],"event_choices":[{"damage_healed":0,"gold_gain":0,"player_choice":"Success","damage_taken":7,"relics_obtained":["Ice Cream"],"max_hp_gain":0,"max_hp_loss":0,"event_name":"Scrap Ooze","floor":13,"gold_loss":0},{"damage_healed":0,"gold_gain":0,"player_choice":"Obtained Book","damage_taken":16,"max_hp_gain":0,"max_hp_loss":0,"event_name":"Cursed Tome","floor":21,"gold_loss":0},{"damage_healed":0,"gold_gain":0,"player_choice":"Joined the Cult","damage_taken":6,"max_hp_gain":0,"max_hp_loss":0,"event_name":"Nest","floor":25,"gold_loss":0,"cards_obtained":["RitualDagger"]},{"damage_healed":0,"gold_gain":0,"player_choice":"Obtained Relic","damage_taken":0,"relics_obtained":["The Courier"],"max_hp_gain":0,"max_hp_loss":0,"event_name":"Addict","floor":30,"gold_loss":85},{"damage_healed":24,"gold_gain":0,"player_choice":"Writhe","damage_taken":0,"max_hp_gain":0,"max_hp_loss":0,"event_name":"Winding Halls","floor":36,"gold_loss":0,"cards_obtained":["Writhe"]},{"damage_healed":0,"gold_gain":0,"player_choice":"Memory 2","damage_taken":5,"max_hp_gain":0,"max_hp_loss":0,"event_name":"SensoryStone","floor":47,"gold_loss":0}],"is_beta":false,"boss_relics":[{"not_picked":["SlaversCollar","SacredBark"],"picked":"Black Star"},{"not_picked":["Fusion Hammer","Coffee Dripper"],"picked":"Pandora\u0027s Box"}],"items_purged_floors":[28,37,53],"is_endless":false,"potions_floor_spawned":[6,8,11,12,14,18,22,23,29,40,44,45,46],"killed_by":"The Heart","ascension_level":2}}