{"host":"vjkx177ju3wjmzef","time":1612089131,"event":{"mods":["BaseMod","Block Reminder","Colored Map","Colored Powertips","DeckTracker","Googly Eyes","Highlight Path","Minty Spire (QoL Compilation)","Quick Restart","Random Character Button","Relic Stats","Replay The Spire","StSLib"],"gold_per_floor":[118,118,21,34,46,80,80,32,32,64,76,88,100,122,134,243,255,281,293,333,260,289,301,346,27,27,27,27,59,59,75,75,90,90,193,193,207,258,189,64,83,83,83],"floor_reached":42,"language":"ENG","playtime":3542,"items_purged":["Normality","Normality","Brilliance"],"score":457,"play_id":"ff221de5-8c23-4c05-895d-a7c08502ff0f","local_time":"20210131043211","is_ascension_mode":false,"campfire_choices":[{"data":"LikeWater","floor":7,"key":"SMITH"},{"floor":13,"key":"REST"},{"floor":15,"key":"REST"},{"data":"DevaForm","floor":23,"key":"SMITH"},{"data":"LikeWater","floor":30,"key":"SMITH"},{"data":"WheelKick","floor":32,"key":"SMITH"}],"circlet_count":0,"master_deck":["Eruption","Vigilance","FlurryOfBlows","LikeWater+1","WheelKick+1","Replay:ManipulateFuture","Halt+1","ThirdEye","Perseverance+1","Consecrate+1","BattleHymn+1","LikeWater+1","DevaForm+1","SashWhip+1","WindmillStrike","Pot Of Greed","Pot Of Greed","Pot Of Greed","WheelKick+1","Replay:Battleflow+1","Meditate","FlyingSleeves","FlyingSleeves","Establishment","Replay:Cycle","Omniscience","Vengeance","SashWhip","ForeignInfluence","DeusExMachina","Protect","Pot Of Greed","Halt+1"],"relics":["PureWater","HornCleat","ReplayTheSpireMod:CursedCoin","Gremlin Horn","MawBank","Sozu","ReplayFunnel","Red Mask","Grinning Jar","Simple Rune","Guide Book","Mummified Hand","Pet Ghost","Pandora\u0027s Box","Dead Branch","Replay:Purple Gloves"],"acts_visited":["Exordium","TheCity","TheBeyond"],"potions_floor_usage":[16,35,35],"damage_taken":[{"damage":1,"enemies":"Cultist","floor":1,"turns":4},{"damage":11,"enemies":"Jaw Worm","floor":4,"turns":3},{"damage":0,"enemies":"2 Louse","floor":5,"turns":3},{"damage":26,"enemies":"3 Sentries","floor":6,"turns":11},{"damage":5,"enemies":"Large Slime","floor":10,"turns":7},{"damage":5,"enemies":"Looter","floor":14,"turns":3},{"damage":16,"enemies":"Fading Forest","floor":16,"turns":11},{"damage":0,"enemies":"3 Byrds","floor":18,"turns":5},{"damage":12,"enemies":"Masked Bandits","floor":20,"turns":6},{"damage":0,"enemies":"Spheric Guardian","floor":22,"turns":1},{"damage":14,"enemies":"Book of Stabbing","floor":24,"turns":6},{"damage":17,"enemies":"Gremlin Leader","floor":29,"turns":6},{"damage":0,"enemies":"Cultist and Chosen","floor":31,"turns":7},{"damage":1,"enemies":"Shelled Parasite and Fungi","floor":33,"turns":5},{"damage":18,"enemies":"Champ","floor":35,"turns":10},{"damage":49,"enemies":"3 Shapes","floor":37,"turns":6},{"damage":3,"enemies":"2 Orb Walkers","floor":38,"turns":6},{"damage":0,"enemies":"3 Darklings","floor":41,"turns":4},{"damage":26,"enemies":"Nemesis","floor":42,"turns":6}],"seed_played":"1656593988111970453","potions_obtained":[{"floor":0,"key":"Cursed Concoction"},{"floor":0,"key":"BlessingOfTheForge"},{"floor":0,"key":"Languid Potion"},{"floor":16,"key":"Ancient Potion"}],"is_trial":false,"path_per_floor":["M","?","$","M","M","E","R","$","T","M","$","?","R","M","R","B",null,"M","?","?","?","M","R","E","$","T","PTL","PTL","E","R","M","R","M","R_BF","B",null,"M","?","?","$","M","E"],"character_chosen":"WATCHER","items_purchased":["ReplayTheSpireMod:CursedCoin","LikeWater","WheelKick+1","Replay:ManipulateFuture","Consecrate","Guide Book","Meditate"],"campfire_rested":2,"item_purchase_floors":[3,3,3,3,8,25,25],"current_hp_per_floor":[71,53,53,42,42,16,16,16,16,11,11,11,32,27,48,32,72,72,72,60,60,60,60,46,46,46,46,46,29,29,29,29,28,49,31,72,23,20,20,20,20,0,0],"gold":83,"neow_bonus":"THREE_SMALL_POTIONS","is_daily":false,"chose_seed":false,"campfire_upgraded":4,"win_rate":0.0,"timestamp":1612089131,"path_taken":["M","?","?","M","M","E","R","$","T","?","$","?","R","M","R","BOSS","M","?","?","?","M","R","E","$","T","PTL","PTL","E","R","M","R","M","R_BF","BOSS","M","?","?","$","M","E"],"items_purchased_type":["Relic","Card","Card","Card","Card","Relic","Card"],"build_version":"2020-12-22","purchased_purges":3,"victory":false,"max_hp_per_floor":[72,72,72,72,72,72,72,72,72,72,72,72,72,72,72,72,72,72,72,72,72,72,72,72,72,72,72,72,72,72,72,72,72,72,72,72,72,72,72,72,72,72,72],"relic_stats":{"Sozu":5,"Gremlin Horn":[20,20],"counters":[19,110],"Mummified Hand":[50],"Dead Branch":[31],"Pandora\u0027s Box":["Brilliance","Replay:Cycle","Omniscience","Vengeance","SashWhip","ForeignInfluence","DeusExMachina","Protect"],"MawBank":192,"obtain_stats":[{"ReplayFunnel":19,"Gremlin Horn":6,"ReplayTheSpireMod:CursedCoin":3,"Guide Book":25,"Dead Branch":38,"Replay:Purple Gloves":39,"MawBank":9,"Pet Ghost":29,"Sozu":17,"HornCleat":2,"Mummified Hand":26,"Simple Rune":24,"Pandora\u0027s Box":36,"Red Mask":20,"PureWater":0,"Grinning Jar":21},{"ReplayFunnel":8,"Gremlin Horn":4,"ReplayTheSpireMod:CursedCoin":1,"Guide Book":11,"Dead Branch":17,"Replay:Purple Gloves":17,"MawBank":4,"Pet Ghost":12,"Sozu":7,"HornCleat":1,"Mummified Hand":11,"Simple Rune":11,"Pandora\u0027s Box":15,"Red Mask":9,"PureWater":0,"Grinning Jar":9},{"ReplayFunnel":47,"Gremlin Horn":21,"ReplayTheSpireMod:CursedCoin":4,"Guide Book":60,"Dead Branch":100,"Replay:Purple Gloves":100,"MawBank":21,"Pet Ghost":66,"Sozu":42,"HornCleat":4,"Mummified Hand":60,"Simple Rune":60,"Pandora\u0027s Box":88,"Red Mask":53,"PureWater":0,"Grinning Jar":53}]},"card_choices":[{"not_picked":["Replay:BluntJabs","Replay:AtTheReady"],"picked":"FlurryOfBlows","floor":1},{"not_picked":["Replay:Vibes","PathToVictory"],"picked":"Halt","floor":4},{"not_picked":["Replay:BluntJabs","PathToVictory"],"picked":"ThirdEye","floor":5},{"not_picked":["ThirdEye","Replay:LoomingThreat"],"picked":"Perseverance","floor":6},{"not_picked":["BowlingBash","Evaluate"],"picked":"BattleHymn","floor":10},{"not_picked":["Sanctity","EmptyFist"],"picked":"LikeWater","floor":14},{"not_picked":["Establishment","Wish"],"picked":"DevaForm","floor":16},{"not_picked":["Evaluate","Replay:Anticipation+1"],"picked":"SashWhip+1","floor":18},{"not_picked":["PathToVictory","Protect"],"picked":"WindmillStrike","floor":20},{"not_picked":["FlurryOfBlows+1","Replay:Battleflow"],"picked":"WheelKick","floor":22},{"not_picked":["ThirdEye+1","Prostrate+1"],"picked":"Replay:Battleflow+1","floor":24},{"not_picked":["SashWhip+1","CrushJoints","Replay:BluntJabs+1"],"picked":"SKIP","floor":29},{"not_picked":["MentalFortress","Prostrate"],"picked":"FlyingSleeves","floor":31},{"not_picked":["BowlingBash","Consecrate"],"picked":"FlyingSleeves","floor":33},{"not_picked":["Omniscience","Replay:LoomingThreat"],"picked":"Establishment","floor":35},{"not_picked":["Protect","Replay:ManipulateFuture+1","FollowUp"],"picked":"SKIP","floor":37},{"not_picked":["CutThroughFate","BowlingBash"],"picked":"Halt+1","floor":38},{"not_picked":["Consecrate","ClearTheMind","ThirdEye+1"],"picked":"SKIP","floor":41}],"player_experience":171699,"relics_obtained":[{"floor":6,"key":"Gremlin Horn"},{"floor":9,"key":"MawBank"},{"floor":20,"key":"Red Mask"},{"floor":24,"key":"Simple Rune"},{"floor":26,"key":"Mummified Hand"},{"floor":29,"key":"Pet Ghost"},{"floor":38,"key":"Dead Branch"}],"event_choices":[{"damage_healed":0,"gold_gain":0,"player_choice":"Success","damage_taken":18,"relics_obtained":["HornCleat"],"max_hp_gain":0,"max_hp_loss":0,"event_name":"Scrap Ooze","floor":2,"gold_loss":0},{"damage_healed":0,"gold_gain":0,"player_choice":"Fought Bandits","damage_taken":0,"max_hp_gain":0,"max_hp_loss":0,"event_name":"Masked Bandits","floor":20,"gold_loss":0},{"damage_healed":0,"gold_gain":0,"player_choice":"Obtained Relic","damage_taken":0,"relics_obtained":["Grinning Jar"],"max_hp_gain":0,"max_hp_loss":0,"event_name":"Addict","floor":21,"gold_loss":85},{"damage_healed":0,"gold_gain":0,"player_choice":"Fight","damage_taken":0,"max_hp_gain":0,"max_hp_loss":0,"event_name":"Mysterious Sphere","floor":38,"gold_loss":0},{"damage_healed":0,"gold_gain":0,"player_choice":"Paid Gold","damage_taken":0,"relics_obtained":["Replay:Purple Gloves"],"max_hp_gain":0,"max_hp_loss":0,"event_name":"WeMeetAgain","floor":39,"gold_loss":69}],"is_beta":false,"boss_relics":[{"not_picked":["Painkiller Herb","ChewingGum"],"picked":"Sozu"},{"not_picked":["Cursed Key","Runic Dome"],"picked":"Pandora\u0027s Box"}],"items_purged_floors":[3,25,40],"is_endless":false,"potions_floor_spawned":[4,10,16,18,24,33,35,37],"killed_by":"Nemesis","ascension_level":0}}