{"host":"9slw7l0ws16384qq","time":1612124614,"event":{"mods":["A Penny For Your Troubles","BaseMod","Colored Map","Downfall","Evolution","Hubris","Minty Spire (QoL Compilation)","Replay The Spire","StS++","StSLib"],"gold_per_floor":[99,118,129,129,144,172,198,198,232,142,160,45,45,45,60,165,165,65,77,95,80,92,118,142,362,362,371,371,387,287,315,337,337,337,337],"floor_reached":33,"language":"FRA","playtime":1599,"items_purged":["Slimebound:Defend_Slimebound","Slimebound:Strike_Slimebound","Slimebound:Tackle"],"score":385,"play_id":"89142aef-d554-4771-8aad-8b25c762b33f","local_time":"20210131212334","is_ascension_mode":true,"campfire_choices":[{"data":"Slimebound:Split","floor":1.0,"key":"SMITH"},{"data":"Slimebound:SamplingLick","floor":8.0,"key":"SMITH"},{"data":"Slimebound:TagTeam","floor":18,"key":"SMITH"},{"data":"Slimebound:SpikyOuterGoop","floor":26,"key":"SMITH"},{"floor":28,"key":"RECALL"},{"data":"Slimebound:Recollect","floor":30,"key":"SMITH"}],"circlet_count":0,"master_deck":["Slimebound:Strike_Slimebound","Slimebound:Strike_Slimebound","Slimebound:Defend_Slimebound","Slimebound:Defend_Slimebound","Slimebound:Split+1","Slimebound:CorrosiveSpit+1","Slimebound:SamplingLick+1","Slimebound:Gluttony","Slimebound:Recollect+1","Slimebound:SpikyOuterGoop+1","Slimebound:TagTeam+1","Slimebound:Gluttony","Slimebound:SamplingLick+1","Slimebound:SplitAcid+1","Slimebound:AcidTongue+1","downfall:Bewildered","Slimebound:TongueLash","Slimebound:LevelUp"],"relics":["Slimebound:AbsorbEndCombat","EVO:Axolotl","hubris:TenFootPole","Bronze Scales","hubris:ScarierMask","downfall:HeartBlessingBlue","White Beast Statue","CeramicFish","sneckomod:BabySnecko","downfall:HeartBlessingRed"],"acts_visited":["Exordium","TheCity"],"potions_floor_usage":[23,33],"damage_taken":[{"damage":1.0,"enemies":"Cultist","floor":2.0,"turns":3.0},{"damage":5.0,"enemies":"Jaw Worm","floor":3.0,"turns":4.0},{"damage":3.0,"enemies":"2 Louse","floor":5.0,"turns":2.0},{"damage":20.0,"enemies":"3 Sentries","floor":6.0,"turns":7.0},{"damage":39.0,"enemies":"Lagavulin","floor":9.0,"turns":6.0},{"damage":8.0,"enemies":"downfall:FleeingMerchant","floor":10.0,"turns":4.0},{"damage":6.0,"enemies":"Gremlin Gang","floor":11.0,"turns":3.0},{"damage":3.0,"enemies":"downfall:FleeingMerchant","floor":12.0,"turns":4.0},{"damage":1,"enemies":"Blue Slaver","floor":15,"turns":3},{"damage":42,"enemies":"IC_STATUS_ARCHETYPE","floor":16,"turns":10},{"damage":0,"enemies":"Chosen","floor":19,"turns":3},{"damage":4,"enemies":"Snake Plant","floor":20,"turns":3},{"damage":5,"enemies":"downfall:FleeingMerchant","floor":21,"turns":4},{"damage":14,"enemies":"Centurion and Healer","floor":22,"turns":3},{"damage":7,"enemies":"Gremlin Leader","floor":23,"turns":5},{"damage":19,"enemies":"downfall:FleeingMerchant","floor":25,"turns":4},{"damage":3,"enemies":"Chosen and Byrds","floor":29,"turns":4},{"damage":35,"enemies":"Snake Plant","floor":31,"turns":3},{"damage":0,"enemies":"Centurion and Healer","floor":32,"turns":3},{"damage":40,"enemies":"DF_ARCHETYPE_CLAW","floor":33,"turns":3}],"seed_played":"-7992000447566796458","potions_obtained":[{"floor":2.0,"key":"FearPotion"},{"floor":5.0,"key":"SteroidPotion"},{"floor":9.0,"key":"PowerPotion"},{"floor":15,"key":"Fire Potion"},{"floor":16,"key":"Slimebound:SlimedPotion"},{"floor":23,"key":"Reflective Coating"}],"is_trial":false,"path_per_floor":["R","M","M","?","M","E","T","R","E","$","M","$","?","?","M","B",null,"R","M","M","$","M","E","T","$","R","?","R","M","R","M","M","B"],"character_chosen":"SLIMEBOUND","items_purchased":[],"campfire_rested":0,"item_purchase_floors":[],"current_hp_per_floor":[65,68,69,69,70,58,58,58,27,27,27,32,32,32,37,3,54,64,70,74,77,69,70,70,59,59,59,59,60,60,29,33,0,0,0],"gold":337,"neow_bonus":"TEN_PERCENT_HP_BONUS","is_daily":false,"chose_seed":false,"campfire_upgraded":5,"win_rate":0.0,"timestamp":1612124614,"path_taken":["R","M","M","?","M","E","T","R","E","$","M","$","?","?","M","BOSS","R","M","?","$","M","E","T","$","R","?","R","M","R","M","M","BOSS"],"items_purchased_type":[],"build_version":"2020-12-22","purchased_purges":3,"victory":false,"max_hp_per_floor":[71,71,71,71,71,71,71,71,71,71,71,71,71,71,71,71,71,81,81,81,81,81,81,81,81,81,81,81,81,81,81,81,81,81,81],"card_choices":[{"not_picked":["Slimebound:Chomp","Slimebound:SplitMire","Slimebound:HungryTackle"],"picked":"SKIP","floor":2.0},{"not_picked":["Slimebound:SplitBruiser","Slimebound:GoopSpray","Slimebound:Repurpose"],"picked":"SKIP","floor":3.0},{"not_picked":["Slimebound:LivingWall","Slimebound:SplitAcid"],"picked":"Slimebound:SamplingLick","floor":5.0},{"not_picked":["Slimebound:LivingWall","Slimebound:Dissolve"],"picked":"Slimebound:Gluttony","floor":6.0},{"not_picked":["Slimebound:HungryTackle","Slimebound:RollThrough","Slimebound:LivingWall"],"picked":"SKIP","floor":9.0},{"not_picked":["Slimebound:SplitLeeching","Slimebound:ViciousTackle","Slimebound:SlimeSpikes"],"picked":"SKIP","floor":10.0},{"not_picked":["Slimebound:Prepare","Slimebound:LivingWall"],"picked":"Slimebound:Recollect","floor":11.0},{"not_picked":["Slimebound:SamplingLick","Slimebound:ComboTackle"],"picked":"Slimebound:SpikyOuterGoop","floor":12.0},{"not_picked":["Slimebound:LeechingTouch","Slimebound:GoopSpray","Slimebound:ComboTackle"],"picked":"SKIP","floor":15},{"not_picked":["Slimebound:LeechingTouch","Slimebound:GoopSpray","Slimebound:ComboTackle"],"picked":"SKIP","floor":15},{"not_picked":["Slimebound:OneTwoCombo","Slimebound:SlimeSlap"],"picked":"Slimebound:TagTeam","floor":16},{"not_picked":["Slimebound:ForwardTackle","Slimebound:HauntingLick","Slimebound:FinishingTackle"],"picked":"SKIP","floor":19},{"not_picked":["Slimebound:ItLooksTasty+1","Slimebound:Nibble"],"picked":"Slimebound:Gluttony","floor":20},{"not_picked":["Slimebound:SplitLeeching","Slimebound:TagTeam"],"picked":"Slimebound:SamplingLick+1","floor":21},{"not_picked":["Slimebound:RainOfGoop","Slimebound:SplitLeeching"],"picked":"Slimebound:SplitAcid+1","floor":22},{"not_picked":["Slimebound:RollThrough","Slimebound:SlimeSpikes"],"picked":"Slimebound:AcidTongue+1","floor":23},{"not_picked":["Slimebound:SlimeSlap","Slimebound:LivingWall","Slimebound:OozeBath"],"picked":"SKIP","floor":25},{"not_picked":["Slimebound:Gluttony+1","Slimebound:LeechingTouch","Slimebound:FlameTackle"],"picked":"SKIP","floor":29},{"not_picked":["Slimebound:SplitBruiser","Slimebound:LivingWall"],"picked":"Slimebound:TongueLash","floor":31},{"not_picked":["Slimebound:ComboTackle","Slimebound:FinishingTackle+1"],"picked":"Slimebound:LevelUp","floor":32}],"player_experience":1565838,"relics_obtained":[{"floor":6.0,"key":"hubris:TenFootPole"},{"floor":9.0,"key":"Bronze Scales"},{"floor":23,"key":"White Beast Statue"},{"floor":24,"key":"CeramicFish"}],"event_choices":[{"cards_removed":["Slimebound:Defend_Slimebound"],"damage_healed":0.0,"max_hp_gain":0.0,"max_hp_loss":0.0,"gold_gain":0.0,"event_name":"The Cleric","player_choice":"Card Removal","floor":4.0,"gold_loss":0.0,"damage_taken":0.0},{"damage_healed":0,"gold_gain":0,"player_choice":"Leave","damage_taken":0,"max_hp_gain":0,"max_hp_loss":0,"event_name":"FaceTrader","floor":14,"gold_loss":0}],"is_beta":false,"boss_relics":[{"not_picked":["ReplayTheSpireMod:DimensionalGlitch","Replay:Drink Me"],"picked":"hubris:ScarierMask"}],"items_purged_floors":[10,12,25],"is_endless":false,"potions_floor_spawned":[2,5,9,15,16,19,22,23,25,29,31,32],"killed_by":"DF_ARCHETYPE_CLAW","ascension_level":6}}