{"host":"k7udt7atmcuzf6l0","time":1612097170,"event":{"mods":["AchievementEnabler","BaseMod","BetterRewards","Colored Map","Colored Powertips","Highlight Path","Minty Spire (QoL Compilation)","Quick Restart","Rare Cards Sparkle","Relic Stats","StSLib","UnlockEverythingMod"],"gold_per_floor":[117,192,66,85,85,85,116,116,116,128,142,160,160,234,234,332,332,332,55,55,55,55,55,55,55,55,55,55,55,55,55,55,55,55,55,55,7,7,7,7,7,7,7,7,7,0,0,0,0,0,0],"floor_reached":50,"language":"ZHS","playtime":899,"items_purged":["Defend_R"],"score":563,"play_id":"b161ef95-0d0b-4f71-8fd7-630c55db0ed9","local_time":"20210131204610","is_ascension_mode":false,"campfire_choices":[{"data":"Flex","floor":6.0,"key":"SMITH"},{"data":"Armaments","floor":8.0,"key":"SMITH"},{"data":"Whirlwind","floor":13.0,"key":"SMITH"},{"data":"Clash","floor":15.0,"key":"SMITH"},{"data":"Berserk","floor":23,"key":"SMITH"},{"data":"Sword Boomerang","floor":25,"key":"SMITH"},{"data":"Battle Trance","floor":27,"key":"SMITH"},{"data":"Bash","floor":32,"key":"SMITH"},{"data":"Strike_R","floor":40,"key":"SMITH"},{"data":"Strike_R","floor":44,"key":"SMITH"},{"data":"Trip","floor":49,"key":"SMITH"}],"circlet_count":0,"master_deck":["Strike_R+1","Strike_R","Strike_R+1","Strike_R+1","Strike_R+1","Defend_R","Defend_R","Defend_R","Bash+1","Armaments+1","Flex+1","Whirlwind+1","Battle Trance+1","Headbutt+1","Clash+1","Berserk+1","Sword Boomerang+1","Rampage+1","Combust+1","Clash+1","Flex+1","Burning Pact+1","Spot Weakness+1","Flex+1","Trip+1","Anger+1"],"relics":["Burning Blood","NeowsBlessing","Nunchaku","Sundial","Pantograph","Bottled Flame","Ectoplasm","Anchor","Ginger","Potion Belt","FossilizedHelix","Busted Crown","Whetstone","MealTicket","Red Mask","Ancient Tea Set"],"acts_visited":["Exordium","TheCity","TheBeyond"],"potions_floor_usage":[28,29,31,33,41,48,50,50],"damage_taken":[{"damage":0.0,"enemies":"Jaw Worm","floor":1.0,"turns":1.0},{"damage":0.0,"enemies":"Small Slimes","floor":4.0,"turns":1.0},{"damage":0.0,"enemies":"Gremlin Nob","floor":7.0,"turns":1.0},{"damage":10.0,"enemies":"Cultist","floor":10.0,"turns":4.0},{"damage":14.0,"enemies":"Blue Slaver","floor":11.0,"turns":3.0},{"damage":0.0,"enemies":"Lots of Slimes","floor":12.0,"turns":1.0},{"damage":23.0,"enemies":"The Guardian","floor":16.0,"turns":6.0},{"damage":0,"enemies":"Spheric Guardian","floor":18,"turns":3},{"damage":0,"enemies":"Chosen","floor":20,"turns":3},{"damage":23,"enemies":"Book of Stabbing","floor":28,"turns":3},{"damage":17,"enemies":"Centurion and Healer","floor":29,"turns":4},{"damage":1,"enemies":"3 Cultists","floor":30,"turns":3},{"damage":2,"enemies":"Slavers","floor":31,"turns":2},{"damage":29,"enemies":"Automaton","floor":33,"turns":6},{"damage":0,"enemies":"Orb Walker","floor":35,"turns":2},{"damage":3,"enemies":"3 Shapes","floor":38,"turns":2},{"damage":3,"enemies":"Transient","floor":39,"turns":5},{"damage":22,"enemies":"Giant Head","floor":41,"turns":4},{"damage":0,"enemies":"Sphere and 2 Shapes","floor":42,"turns":1},{"damage":25,"enemies":"Jaw Worm Horde","floor":47,"turns":3},{"damage":30,"enemies":"Reptomancer","floor":48,"turns":3},{"damage":57,"enemies":"Time Eater","floor":50,"turns":4}],"seed_played":"-3937661480693693953","potions_obtained":[{"floor":10.0,"key":"DistilledChaos"},{"floor":11.0,"key":"Dexterity Potion"},{"floor":12.0,"key":"DuplicationPotion"},{"floor":18,"key":"FearPotion"},{"floor":28,"key":"Regen Potion"},{"floor":30,"key":"GamblersBrew"},{"floor":31,"key":"PowerPotion"},{"floor":42,"key":"Block Potion"},{"floor":47,"key":"AttackPotion"},{"floor":48,"key":"Dexterity Potion"}],"is_trial":false,"path_per_floor":["M","?","$","M","?","R","E","R","T","M","M","M","R","T","R","B",null,"M","$","M","?","$","R","$","R","T","R","E","M","M","E","R","B",null,"M","?","$","M","M","R","E","M","T","R","?","?","M","E","R","B"],"character_chosen":"IRONCLAD","items_purchased":["Flex","Whirlwind","Anchor","Sword Boomerang","SteroidPotion"],"campfire_rested":0,"item_purchase_floors":[3,3,19,19,37],"current_hp_per_floor":[80,69,69,75,42,42,48,48,48,44,36,42,42,42,42,50,80,80,80,80,80,80,80,80,80,80,80,63,64,69,73,73,57,80,80,80,80,80,80,80,64,70,70,70,70,70,51,27,27,0,0],"gold":0,"neow_bonus":"THREE_ENEMY_KILL","is_daily":false,"chose_seed":false,"campfire_upgraded":11,"win_rate":0.0,"timestamp":1612097170,"path_taken":["M","?","$","M","?","R","E","R","T","M","M","?","R","?","R","BOSS","M","$","M","?","?","R","$","R","T","R","E","M","M","E","R","BOSS","M","?","$","?","M","R","E","M","T","R","?","?","M","E","R","BOSS"],"items_purchased_type":["Card","Card","Relic","Card","Potion"],"build_version":"2020-12-22","purchased_purges":1,"victory":false,"max_hp_per_floor":[80,80,80,80,80,80,80,80,80,80,80,80,80,80,80,80,80,80,80,80,80,80,80,80,80,80,80,80,80,80,80,80,80,80,80,80,80,80,80,80,80,80,80,80,80,80,80,80,80,80,80],"relic_stats":{"Nunchaku":[14],"Busted Crown":16,"counters":[22,65],"Sundial":[4],"Pantograph":57,"MealTicket":0,"Ectoplasm":391,"Ginger":[1],"Whetstone":["Strike_R","Strike_R"],"obtain_stats":[{"Potion Belt":28,"NeowsBlessing":0,"Ginger":26,"Whetstone":41,"Ancient Tea Set":48,"Burning Blood":0,"Nunchaku":5,"Bottled Flame":14,"Anchor":19,"Busted Crown":34,"Sundial":7,"Pantograph":9,"MealTicket":43,"Ectoplasm":17,"Red Mask":46,"FossilizedHelix":31},{"Potion Belt":10,"NeowsBlessing":0,"Ginger":9,"Whetstone":18,"Ancient Tea Set":21,"Burning Blood":0,"Nunchaku":2,"Bottled Flame":6,"Anchor":8,"Busted Crown":14,"Sundial":3,"Pantograph":3,"MealTicket":19,"Ectoplasm":7,"Red Mask":19,"FossilizedHelix":13},{"Potion Belt":26,"NeowsBlessing":0,"Ginger":23,"Whetstone":54,"Ancient Tea Set":61,"Burning Blood":0,"Nunchaku":2,"Bottled Flame":11,"Anchor":20,"Busted Crown":41,"Sundial":3,"Pantograph":3,"MealTicket":55,"Ectoplasm":17,"Red Mask":55,"FossilizedHelix":35}],"Burning Blood":96},"card_choices":[{"not_picked":["True Grit","Heavy Blade"],"picked":"Armaments","floor":1.0},{"not_picked":["Blood for Blood","Flex"],"picked":"Battle Trance","floor":4.0},{"not_picked":["Sever Soul","Bludgeon"],"picked":"Headbutt","floor":7.0},{"not_picked":["Reckless Charge","Perfected Strike","Dropkick"],"picked":"SKIP","floor":10.0},{"not_picked":["Heavy Blade","Cleave"],"picked":"Clash","floor":11.0},{"not_picked":["Ghostly Armor","Clothesline","Pommel Strike"],"picked":"SKIP","floor":12.0},{"not_picked":["Brutality","Feed"],"picked":"Berserk","floor":16.0},{"not_picked":["Shrug It Off","Perfected Strike"],"picked":"Sever Soul+1","floor":18},{"not_picked":["Warcry","Reckless Charge"],"picked":"Rampage+1","floor":20},{"not_picked":["Headbutt","Double Tap"],"picked":"Combust+1","floor":28},{"not_picked":["Pommel Strike","Blood for Blood"],"picked":"Clash+1","floor":29},{"not_picked":["Seeing Red","Shrug It Off"],"picked":"Flex+1","floor":30},{"not_picked":["Searing Blow","Entrench"],"picked":"Burning Pact+1","floor":31},{"not_picked":["Wild Strike+1"],"picked":"SKIP","floor":35},{"not_picked":[],"picked":"Spot Weakness+1","floor":38},{"not_picked":["Shrug It Off"],"picked":"SKIP","floor":39},{"not_picked":["Power Through"],"picked":"SKIP","floor":41},{"not_picked":[],"picked":"Flex+1","floor":42},{"not_picked":[],"picked":"Trip","floor":45},{"not_picked":[],"picked":"Anger+1","floor":47},{"not_picked":["Disarm"],"picked":"SKIP","floor":48}],"player_experience":20484,"relics_obtained":[{"floor":7.0,"key":"Sundial"},{"floor":9.0,"key":"Pantograph"},{"floor":14.0,"key":"Bottled Flame"},{"floor":26,"key":"Ginger"},{"floor":28,"key":"Potion Belt"},{"floor":31,"key":"FossilizedHelix"},{"floor":41,"key":"Whetstone"},{"floor":43,"key":"MealTicket"},{"floor":48,"key":"Ancient Tea Set"}],"event_choices":[{"damage_healed":0.0,"max_hp_gain":0.0,"max_hp_loss":0.0,"gold_gain":75.0,"event_name":"World of Goop","player_choice":"Gather Gold","floor":2.0,"gold_loss":0.0,"damage_taken":11.0},{"damage_healed":0.0,"max_hp_gain":0.0,"max_hp_loss":0.0,"gold_gain":0.0,"event_name":"Scrap Ooze","player_choice":"Success","floor":5.0,"gold_loss":0.0,"damage_taken":33.0,"relics_obtained":["Nunchaku"]},{"cards_removed":["Sever Soul"],"damage_healed":0,"gold_gain":0,"player_choice":"Offered Uncommon","damage_taken":0,"max_hp_gain":0,"max_hp_loss":0,"event_name":"Bonfire Elementals","floor":21,"gold_loss":0},{"damage_healed":0,"gold_gain":0,"player_choice":"Upgraded","damage_taken":0,"max_hp_gain":0,"max_hp_loss":0,"event_name":"Upgrade Shrine","floor":36,"gold_loss":0,"cards_upgraded":["Headbutt"]},{"damage_healed":0,"gold_gain":0,"player_choice":"Memory 1","damage_taken":0,"max_hp_gain":0,"max_hp_loss":0,"event_name":"SensoryStone","floor":45,"gold_loss":0},{"damage_healed":0,"gold_gain":0,"player_choice":"Paid","damage_taken":0,"relics_obtained":["Red Mask"],"max_hp_gain":0,"max_hp_loss":0,"event_name":"Tomb of Lord Red Mask","floor":46,"gold_loss":7}],"is_beta":false,"boss_relics":[{"not_picked":["Cursed Key","Tiny House"],"picked":"Ectoplasm"},{"not_picked":["Coffee Dripper","Mark of Pain"],"picked":"Busted Crown"}],"items_purged_floors":[19],"is_endless":false,"potions_floor_spawned":[10,11,12,18,28,30,31,42,47,48],"killed_by":"Time Eater","ascension_level":0}}