{"host":"36zn1fhase90d3ns","time":1612069757,"event":{"mods":["2.2 Compatiblity","AchievementEnabler","Act Like it!","Aspiration","BaseMod","BetterRewards","Block Reminder","Colored Map","Colored Powertips","Conspire","Curses Come First","Custom Start","Dark Map","Energized Spire","Friendly Minions","Halation","Hermit","Hubris","Minty Spire (QoL Compilation)","Prisma Mod","Quick Restart","Relic Sorter","Reliquary","Remilia??????","Replay The Spire","Spicy Shops","StSLib","The Necromancer","Unceasing Turn Reminder","Yohane!","??????REMEMod"],"gold_per_floor":[116,116,66,80,255,287,287,318,318,318,318],"floor_reached":10,"language":"ENG","playtime":454,"items_purged":["hermit:Strike_Hermit","hermit:Strike_Hermit"],"score":89,"play_id":"5cd6689c-b980-4e51-9269-6f701a699efd","local_time":"20210130230917","is_ascension_mode":true,"campfire_choices":[{"floor":7,"key":"REST"}],"circlet_count":0,"master_deck":["hermit:Strike_Hermit","hermit:Strike_Hermit","hermit:Defend_Hermit","hermit:Defend_Hermit","hermit:Snapshot","hermit:Covet+1","ScarletCoffin","REME_FirmDetermination+1","REME_AllRoundStrike+1","Doubt"],"relics":["hermit:Momento","REME_ComplimentaryCards","Golden Egg","Membership Card","Oddly Smooth Stone","aspiration:Nostalgia","Sizzling Blood","halation:TwoAmDonut","Replay:Wax Seal"],"acts_visited":["Exordium"],"potions_floor_usage":[4,8,8],"damage_taken":[{"damage":1,"enemies":"2 Louse","floor":1,"turns":5},{"damage":0,"enemies":"Small Slimes","floor":4,"turns":2},{"damage":46,"enemies":"Gremlin Nob","floor":6,"turns":5},{"damage":16,"enemies":"3 Sentries","floor":8,"turns":7},{"damage":14,"enemies":"Lagavulin","floor":10,"turns":5}],"seed_played":"-222285315605360974","potions_obtained":[{"floor":1,"key":"PowerPotion"},{"floor":6,"key":"DistilledChaos"},{"floor":6,"key":"AttackPotion"},{"floor":8,"key":"Swift Potion"}],"is_trial":false,"path_per_floor":["M","?","?","M","?","E","R","E","T","E"],"character_chosen":"HERMIT","items_purchased":["Golden Egg","REME_FirmDetermination","Membership Card","Oddly Smooth Stone","aspiration:Nostalgia","REME_AllRoundStrike"],"campfire_rested":1,"item_purchase_floors":[0,0,0,0,0,0],"current_hp_per_floor":[47,47,47,51,51,9,32,20,20,6,6],"gold":318,"neow_bonus":"","is_daily":false,"chose_seed":false,"campfire_upgraded":0,"win_rate":0.0,"timestamp":1612069757,"path_taken":["M","?","?","M","?","E","R","E","T","E"],"items_purchased_type":["Relic","Card","Relic","Relic","Relic","Card"],"build_version":"2020-12-22","purchased_purges":2,"victory":false,"max_hp_per_floor":[79,79,79,79,79,79,79,79,79,79,79],"card_choices":[{"not_picked":["hermit:WideOpen","hermit:Desperado","hermit:BodyArmor"],"picked":"SKIP","floor":1},{"not_picked":["hermit:Virtue","hermit:Horror","hermit:BodyArmor"],"picked":"SKIP","floor":4},{"not_picked":["hermit:Desperado","hermit:Coalescence","hermit:FatalDesire"],"picked":"SKIP","floor":6},{"not_picked":["hermit:CursedWeapon","hermit:HighCaliber","hermit:TakeAim"],"picked":"SKIP","floor":8}],"player_experience":515694,"relics_obtained":[{"floor":6,"key":"halation:TwoAmDonut"},{"floor":8,"key":"Replay:Wax Seal"}],"event_choices":[{"cards_removed":["hermit:Defend_Hermit"],"damage_healed":0,"gold_gain":0,"player_choice":"Card Removal","damage_taken":0,"max_hp_gain":0,"max_hp_loss":0,"event_name":"The Cleric","floor":3,"gold_loss":50},{"damage_healed":0,"gold_gain":175,"player_choice":"AGREE","damage_taken":0,"max_hp_gain":0,"max_hp_loss":0,"event_name":"Liars Game","floor":5,"gold_loss":0,"cards_obtained":["Doubt"]}],"is_beta":false,"boss_relics":[],"items_purged_floors":[0,0],"is_endless":false,"potions_floor_spawned":[1,6],"killed_by":"Lagavulin","ascension_level":4}}