{"host":"l5zfpd2l2htson6l","time":1612131478,"event":{"mods":["AchievementEnabler","BaseMod","Colored Map","Colored Powertips","Minty Spire (QoL Compilation)","Permanent Neow","Quick Restart","Rare Cards Sparkle","Relic Stats","SuperFastMode"],"gold_per_floor":[116,116,140,160,160,160,183,183,256,287,287,334,334,362,362,362,362],"floor_reached":16,"language":"ENG","playtime":879,"items_purged":[],"score":204,"play_id":"034bf4d1-ca66-4374-8559-85102a3834ae","local_time":"20210131141758","is_ascension_mode":true,"campfire_choices":[{"data":"Carnage","floor":6.0,"key":"SMITH"},{"floor":11,"key":"REST"},{"data":"Bash","floor":13,"key":"SMITH"},{"floor":15,"key":"REST"}],"circlet_count":0,"master_deck":["AscendersBane","Strike_R","Strike_R","Strike_R","Defend_R","Defend_R","Defend_R","Defend_R","Bash+1","Infernal Blade","Infernal Blade","Carnage+1","Shrug It Off","Clothesline","True Grit","Fiend Fire"],"relics":["Burning Blood","Peace Pipe","Golden Idol","Frozen Egg 2","Blood Vial","CeramicFish"],"acts_visited":["Exordium"],"potions_floor_usage":[10,16,16],"damage_taken":[{"damage":16.0,"enemies":"Jaw Worm","floor":1.0,"turns":4.0},{"damage":3.0,"enemies":"2 Louse","floor":3.0,"turns":3.0},{"damage":9.0,"enemies":"Small Slimes","floor":4.0,"turns":4.0},{"damage":13.0,"enemies":"Blue Slaver","floor":7.0,"turns":2.0},{"damage":15,"enemies":"Lagavulin","floor":10,"turns":4},{"damage":23,"enemies":"Gremlin Nob","floor":12,"turns":4},{"damage":12,"enemies":"2 Fungi Beasts","floor":14,"turns":3},{"damage":54,"enemies":"Hexaghost","floor":16,"turns":9}],"seed_played":"-5930325178704574160","potions_obtained":[{"floor":1.0,"key":"SpeedPotion"},{"floor":7.0,"key":"FearPotion"},{"floor":12,"key":"LiquidMemories"}],"is_trial":false,"path_per_floor":["M","?","M","M","?","R","M","?","T","E","R","E","R","M","R","B"],"character_chosen":"IRONCLAD","items_purchased":[],"campfire_rested":2,"item_purchase_floors":[],"current_hp_per_floor":[58,58,61,58,51,51,44,44,44,35,53,38,38,34,52,0,0],"gold":362,"neow_bonus":"ONE_RARE_RELIC","is_daily":false,"chose_seed":false,"campfire_upgraded":2,"win_rate":0.0,"timestamp":1612131478,"path_taken":["M","?","M","M","?","R","?","?","T","E","R","E","R","M","R","BOSS"],"items_purchased_type":[],"build_version":"2020-12-22","purchased_purges":0,"victory":false,"max_hp_per_floor":[68,62,62,62,62,62,62,62,62,62,62,62,62,62,62,62,62],"relic_stats":{"Peace Pipe":0,"Blood Vial":6,"counters":[8,33],"Golden Idol":32,"CeramicFish":18,"obtain_stats":[{"Peace Pipe":0,"Blood Vial":10,"Golden Idol":2,"CeramicFish":12,"Frozen Egg 2":9,"Burning Blood":0},{"Peace Pipe":0,"Blood Vial":5,"Golden Idol":1,"CeramicFish":6,"Frozen Egg 2":4,"Burning Blood":0},{"Peace Pipe":0,"Blood Vial":17,"Golden Idol":4,"CeramicFish":21,"Frozen Egg 2":13,"Burning Blood":0}],"Burning Blood":42},"card_choices":[{"not_picked":["Warcry","Twin Strike"],"picked":"Infernal Blade","floor":1.0},{"not_picked":["Searing Blow","Feel No Pain"],"picked":"Infernal Blade","floor":3.0},{"not_picked":["Second Wind","Shrug It Off"],"picked":"Carnage","floor":4.0},{"not_picked":["Searing Blow","Combust"],"picked":"Shrug It Off","floor":7.0},{"not_picked":["Body Slam","Sentinel"],"picked":"Clothesline","floor":10},{"not_picked":["Combust+1","Havoc"],"picked":"True Grit","floor":12},{"not_picked":["Burning Pact","Armaments"],"picked":"Fiend Fire","floor":14}],"player_experience":804772,"relics_obtained":[{"floor":9.0,"key":"Frozen Egg 2"},{"floor":10,"key":"Blood Vial"},{"floor":12,"key":"CeramicFish"}],"event_choices":[{"damage_healed":0.0,"max_hp_gain":0.0,"max_hp_loss":6.0,"gold_gain":0.0,"event_name":"Golden Idol","player_choice":"Lose Max HP","floor":2.0,"gold_loss":0.0,"damage_taken":0.0,"relics_obtained":["Golden Idol"]},{"cards_removed":["Strike_R"],"damage_healed":0.0,"max_hp_gain":0.0,"max_hp_loss":0.0,"gold_gain":0.0,"event_name":"Golden Wing","player_choice":"Card Removal","floor":5.0,"gold_loss":0.0,"damage_taken":7.0},{"cards_removed":["Strike_R"],"damage_healed":0.0,"max_hp_gain":0.0,"max_hp_loss":0.0,"gold_gain":0.0,"event_name":"Purifier","player_choice":"Purged","floor":8.0,"gold_loss":0.0,"damage_taken":0.0}],"is_beta":false,"boss_relics":[],"items_purged_floors":[],"is_endless":false,"potions_floor_spawned":[1,7,12],"killed_by":"Hexaghost","ascension_level":17}}