{"host":"oeh4wb93hhtrshvk","time":1612106116,"event":{"mods":["2.2 Compatiblity","AchievementEnabler","Act Like it!","Aspiration","BaseMod","Better Skull","Better Third Choice","Block Reminder","Card Filter","Colored Powertips","Conspire","Curses Come First","Defuse TimeMaze Blight","Displayed Cursed Tome","Downfall","Energized Spire","GifTheSpireLib","Hermit","Hubris","Infinite Spire","Marisa????????","Minty Spire (QoL Compilation)","Pale of the Ancients","Poor People Problems","Quick Restart","Rare Cards Sparkle","Relic Filter","Reliquary","Replay The Spire","Shop Mod","Spicy Shops","StS++","StSLib","The Blue Laboratory","The Cursed","The Disciple","Transform Curses","Wandering Minibosses","Weighted Paths","Wide Potions"],"gold_per_floor":[113,129,129,140,14,10,36,36,36,36,36,49,64,64,64,167,167,177,177,102,128,144,170,221,221,221,266,266,11,59,123,123,262,262,262,262],"floor_reached":35,"language":"FRA","playtime":1785,"items_purged":["Shame"],"score":415,"play_id":"34c8ee22-cb30-4d6e-b02e-2e456fb272d6","local_time":"20210131161516","daily_mods":["Heirloom","DeadlyEvents"],"is_ascension_mode":false,"campfire_choices":[{"data":"infinitespire:DeathsTouch","floor":8,"key":"SMITH"},{"data":"Panache","floor":10,"key":"SMITH"},{"data":"Engulf","floor":15,"key":"SMITH"},{"data":"BackFourSeconds","floor":25,"key":"SMITH"},{"data":"LockedAstrolabe","floor":28,"key":"SMITH"},{"data":"PatternShift","floor":32,"key":"SMITH"}],"circlet_count":0,"master_deck":["Strike_Br+1","Strike_Br+1","Strike_Br+1","Strike_Br+1","Defend_Br","Defend_Br","Defend_Br","Defend_Br","SecondHand","PatternShift+1","LockedTornado+1","Break","infinitespire:DeathsTouch+1","Engulf+1","Sadistic Nature+1","Panacea","Panache+1","Keepsakes","Break","LockedAnchor","BackFourSeconds+1","WindUp","LockedUrn+1","LockedAstrolabe+1","Engulf+1","LockedLightning"],"relics":["Chronometer","Replay:Towering Pillar of Hats","ReplayTheSpireMod:ShopPack","Replay:Bottled Eggs","hubris:SlimyHat","expansioncontent:StudyCardRelic","Matryoshka","Letter Opener","Replay:Bandana","infinitespire:Bottled Soul","Omamori","reliquary:Buckler","Gremlin Horn","Strange Spoon","reliquary:QuartzCube","aspiration:Stabinomicon","StSpp:PileOfSugar"],"acts_visited":["Exordium","TheCity","TheBeyond"],"potions_floor_usage":[7,22,23,23,30,31,35],"damage_taken":[{"damage":1,"enemies":"Cultist","floor":1,"turns":5},{"damage":4,"enemies":"Jaw Worm","floor":2,"turns":6},{"damage":0,"enemies":"Small Slimes","floor":4,"turns":2},{"damage":7,"enemies":"Blue Slaver","floor":6,"turns":8},{"damage":25,"enemies":"Gremlin Nob","floor":7,"turns":5},{"damage":0,"enemies":"3 Louse","floor":12,"turns":3},{"damage":8,"enemies":"Exordium Thugs","floor":13,"turns":3},{"damage":14,"enemies":"The Guardian","floor":16,"turns":9},{"damage":0,"enemies":"3 Byrds","floor":18,"turns":2},{"damage":45,"enemies":"Book of Stabbing","floor":21,"turns":6},{"damage":0,"enemies":"Chosen","floor":22,"turns":3},{"damage":33,"enemies":"Slavers","floor":23,"turns":5},{"damage":12,"enemies":"Centurion and Healer","floor":27,"turns":2},{"damage":0,"enemies":"Chosen and Byrds","floor":30,"turns":4},{"damage":16,"enemies":"Book of Stabbing","floor":31,"turns":4},{"damage":18,"enemies":"conspire:MysteriousRune","floor":33,"turns":7},{"damage":36,"enemies":"3 Darklings","floor":35,"turns":2}],"seed_played":"1160025920985265714","potions_obtained":[{"floor":1,"key":"Ancient Potion"},{"floor":6,"key":"conspire:TimeTravelPotion"},{"floor":12,"key":"blueLaboratory:Moonshine"},{"floor":16,"key":"Regen Potion"},{"floor":22,"key":"Strength Potion"},{"floor":27,"key":"Adrenaline Potion"},{"floor":30,"key":"Strength Potion"},{"floor":31,"key":"BlessingOfTheForge"}],"is_trial":true,"path_per_floor":["M","M","?","M","$","M","E","R","T","R","$","M","M","$","R","B",null,"M","?","$","E","M","E","T","R","T","M","R","$","M","E","R","B",null,"M"],"character_chosen":"CHRONO_CLASS","items_purchased":["ReplayTheSpireMod:ShopPack","Strange Spoon","reliquary:QuartzCube"],"campfire_rested":0,"item_purchase_floors":[5,29,29],"current_hp_per_floor":[64,60,44,44,44,37,30,30,30,30,30,30,22,22,22,8,65,65,65,65,26,32,44,44,44,44,32,32,32,35,25,25,23,65,29,29],"gold":262,"neow_bonus":"","is_daily":false,"chose_seed":false,"campfire_upgraded":6,"win_rate":0.0,"timestamp":1612106116,"path_taken":["M","M","?","M","$","?","?","R","T","R","?","M","?","?","R","BOSS","M","?","?","?","M","E","?","R","T","?","R","?","M","?","R","BOSS","M"],"items_purchased_type":["Relic","Relic","Relic"],"build_version":"2020-12-22","purchased_purges":1,"victory":false,"max_hp_per_floor":[65,65,65,65,65,65,65,65,65,65,65,65,65,65,65,65,65,65,65,65,65,65,65,65,65,65,65,65,65,65,65,65,65,65,65,65],"card_choices":[{"not_picked":["LockedMedicine","HandsUpC"],"picked":"LockedTornado","floor":1},{"not_picked":["LockedMedicine","Backlash"],"picked":"Break","floor":2},{"not_picked":["infinitespire:UltimateForm","infinitespire:FinalStrike"],"picked":"infinitespire:DeathsTouch","floor":3},{"not_picked":["Tempo","LockedPlans"],"picked":"Engulf","floor":4},{"not_picked":["Magnetism","Metamorphosis"],"picked":"Sadistic Nature","floor":5},{"not_picked":["StSpp:MindBarrier","StSpp:Panic"],"picked":"Panacea","floor":5},{"not_picked":["Thinking Ahead","Forethought"],"picked":"Panache","floor":5},{"not_picked":["WindUp","HandsUpB"],"picked":"Keepsakes","floor":6},{"not_picked":["WakeUpCall","LockedBlood"],"picked":"Break","floor":7},{"not_picked":["Echoward","HandsUpB","Cuckoo"],"picked":"SKIP","floor":12},{"not_picked":["BiteCommand","PrimeTime"],"picked":"LockedAnchor","floor":13},{"not_picked":["OracleForm","LockedCalendar"],"picked":"BackFourSeconds","floor":16},{"not_picked":["LockedOrichalcum","CrunchTime"],"picked":"WindUp","floor":18},{"not_picked":["BlueShift","Cuckoo"],"picked":"LockedUrn+1","floor":21},{"not_picked":["BlueShift","CrunchTime+1","BeatsPerMinute"],"picked":"SKIP","floor":22},{"not_picked":["TiringSlam","ReapSow","LockedMedicine"],"picked":"SKIP","floor":23},{"not_picked":["ReapSow+1","TiringSlam"],"picked":"LockedAstrolabe","floor":27},{"not_picked":["WakeUpCall+1","WindUp"],"picked":"Engulf+1","floor":30},{"not_picked":["HandsUpC","LockedOrichalcum+1","LockedPlans"],"picked":"SKIP","floor":31},{"not_picked":["LockedCalendar","OracleForm"],"picked":"LockedLightning","floor":33}],"player_experience":652395,"relics_obtained":[{"floor":7,"key":"Replay:Bottled Eggs"},{"floor":9,"key":"hubris:SlimyHat"},{"floor":21,"key":"Letter Opener"},{"floor":23,"key":"Replay:Bandana"},{"floor":24,"key":"infinitespire:Bottled Soul"},{"floor":24,"key":"Omamori"},{"floor":26,"key":"reliquary:Buckler"},{"floor":26,"key":"Gremlin Horn"},{"floor":31,"key":"aspiration:Stabinomicon"}],"event_choices":[{"damage_healed":0,"gold_gain":0,"player_choice":"Stole Relic","damage_taken":0,"relics_obtained":["Matryoshka"],"max_hp_gain":0,"max_hp_loss":0,"event_name":"Addict","floor":19,"gold_loss":0,"cards_obtained":["Shame"]}],"is_beta":false,"boss_relics":[{"not_picked":["Empty Cage","Tiny House"],"picked":"expansioncontent:StudyCardRelic"},{"not_picked":["energizedSpire:MagnifyingGlass","Snecko Eye"],"picked":"StSpp:PileOfSugar"}],"items_purged_floors":[20],"is_endless":false,"potions_floor_spawned":[1,6,12,16,21,22,27,30,31],"killed_by":"3 Darklings","ascension_level":0}}