{"host":"9qk11wtevf51xvhl","time":1612130601,"event":{"mods":["BaseMod","Minty Spire (QoL Compilation)"],"gold_per_floor":[116,116,191,45,45,79,4,24,74,105,122,133,144,158,158,257,257,271,271,370,270,270,270,270],"floor_reached":23,"language":"ENG","playtime":1592,"items_purged":["Strike_B","Strike_B"],"score":229,"play_id":"3238a3ff-9d09-46e6-bdfb-4e31426f06bb","local_time":"20210131230321","is_ascension_mode":true,"campfire_choices":[{"floor":15,"key":"REST"}],"circlet_count":0,"master_deck":["Strike_B","Strike_B","Defend_B","Defend_B","Defend_B","Defend_B","Zap","Dualcast","BootSequence","Streamline+1","Leap","Capacitor","Ball Lightning","Double Energy","Echo Form","White Noise","White Noise","Force Field","Rainbow","Turbo"],"relics":["Cracked Core","Happy Flower","Orrery","Boot","Blood Vial","Black Star","Enchiridion","Matryoshka"],"acts_visited":["Exordium","TheCity"],"potions_floor_usage":[10,10,16,18],"damage_taken":[{"damage":1,"enemies":"Cultist","floor":1,"turns":4},{"damage":26,"enemies":"3 Sentries","floor":6,"turns":6},{"damage":0,"enemies":"Jaw Worm","floor":8,"turns":3},{"damage":15,"enemies":"Gremlin Nob","floor":10,"turns":3},{"damage":2,"enemies":"Small Slimes","floor":11,"turns":3},{"damage":0,"enemies":"Blue Slaver","floor":12,"turns":4},{"damage":0,"enemies":"Exordium Wildlife","floor":13,"turns":4},{"damage":10,"enemies":"3 Louse","floor":14,"turns":4},{"damage":1,"enemies":"The Guardian","floor":16,"turns":10},{"damage":29,"enemies":"3 Byrds","floor":18,"turns":4},{"damage":37,"enemies":"Slavers","floor":23,"turns":2}],"seed_played":"1682851598321040056","potions_obtained":[{"floor":1,"key":"Weak Potion"},{"floor":8,"key":"FocusPotion"},{"floor":14,"key":"Block Potion"},{"floor":16,"key":"Explosive Potion"}],"is_trial":false,"path_per_floor":["M","?","?","$","?","E","$","M","T","E","M","M","M","M","R","B",null,"M","?","?","$","?","E"],"character_chosen":"DEFECT","items_purchased":["Orrery"],"campfire_rested":1,"item_purchase_floors":[4],"current_hp_per_floor":[74,74,63,63,63,37,37,37,37,22,22,24,26,18,40,41,75,46,30,30,30,30,0,0],"gold":270,"neow_bonus":"RANDOM_COMMON_RELIC","is_daily":false,"chose_seed":false,"campfire_upgraded":0,"win_rate":0.0,"timestamp":1612130601,"path_taken":["M","?","?","$","?","E","?","M","T","E","M","M","M","M","R","BOSS","M","?","?","$","?","E"],"items_purchased_type":["Relic"],"build_version":"2020-12-22","purchased_purges":2,"victory":false,"max_hp_per_floor":[75,75,75,75,75,75,75,75,75,75,75,75,75,75,75,75,75,75,75,75,75,75,75,75],"card_choices":[{"not_picked":["Storm","Darkness"],"picked":"BootSequence","floor":1},{"not_picked":["Blizzard","Cold Snap"],"picked":"Streamline","floor":4},{"not_picked":["Sunder","Rebound"],"picked":"Leap","floor":4},{"not_picked":["Turbo","Redo"],"picked":"Capacitor","floor":4},{"not_picked":["Turbo","Gash"],"picked":"Ball Lightning","floor":4},{"not_picked":["Stack","Sweeping Beam"],"picked":"Double Energy","floor":4},{"not_picked":["Steam","Hologram"],"picked":"Echo Form","floor":6},{"not_picked":["Streamline","BootSequence"],"picked":"White Noise","floor":8},{"not_picked":["Melter","Barrage","Steam Power"],"picked":"SKIP","floor":10},{"not_picked":["Turbo","Rebound"],"picked":"White Noise","floor":11},{"not_picked":["Scrape","Streamline","Rainbow"],"picked":"SKIP","floor":12},{"not_picked":["Recycle","BootSequence"],"picked":"Force Field","floor":13},{"not_picked":["Doom and Gloom","Hologram","Double Energy"],"picked":"SKIP","floor":14},{"not_picked":["Fission","Core Surge"],"picked":"Rainbow","floor":16},{"not_picked":["Compile Driver+1","Loop"],"picked":"Turbo","floor":18}],"player_experience":579246,"relics_obtained":[{"floor":6,"key":"Boot"},{"floor":10,"key":"Blood Vial"},{"floor":19,"key":"Enchiridion"}],"event_choices":[{"damage_healed":0,"gold_gain":0,"player_choice":"Leave","damage_taken":0,"max_hp_gain":0,"max_hp_loss":0,"event_name":"The Cleric","floor":2,"gold_loss":0},{"damage_healed":0,"gold_gain":75,"player_choice":"Gather Gold","damage_taken":11,"max_hp_gain":0,"max_hp_loss":0,"event_name":"World of Goop","floor":3,"gold_loss":0},{"damage_healed":0,"gold_gain":0,"player_choice":"Grow","damage_taken":0,"max_hp_gain":0,"max_hp_loss":0,"event_name":"Living Wall","floor":5,"gold_loss":0,"cards_upgraded":["Streamline"]},{"damage_healed":0,"gold_gain":0,"player_choice":"Obtained Book","damage_taken":16,"max_hp_gain":0,"max_hp_loss":0,"event_name":"Cursed Tome","floor":19,"gold_loss":0},{"damage_healed":0,"gold_gain":99,"player_choice":"Stole From Cult","damage_taken":0,"max_hp_gain":0,"max_hp_loss":0,"event_name":"Nest","floor":20,"gold_loss":0},{"damage_healed":0,"gold_gain":0,"player_choice":"Opened","damage_taken":0,"relics_obtained":["Matryoshka"],"max_hp_gain":0,"max_hp_loss":0,"event_name":"The Mausoleum","floor":22,"gold_loss":0}],"is_beta":false,"boss_relics":[{"not_picked":["Pandora\u0027s Box","FrozenCore"],"picked":"Black Star"}],"items_purged_floors":[7,21],"is_endless":false,"potions_floor_spawned":[1,8,14,16],"killed_by":"Slavers","ascension_level":3}}