{"host":"6xsbn6ynqlzwllfm","time":1612120682,"event":{"mods":["2.2 Compatiblity","BaseMod","Bestiary","Colored Map","Colored Powertips","Curses Come First","Highlight Path","Keyboard Shortcuts","Minty Spire (QoL Compilation)","Relic Stats","Slay the Relics Exporter","StSLib","SuperFastMode"],"gold_per_floor":[119,137,156,170,180,210,290,290,290,322,339,396,396,441,441,548,548,613,687,308,308,338,338],"floor_reached":22,"language":"ENG","playtime":504,"items_purged":["Strike_P"],"score":616,"play_id":"e99f5b8a-c6ba-495c-836a-dc09c8543c8b","local_time":"20210131141802","daily_mods":["Heirloom"],"is_ascension_mode":true,"campfire_choices":[{"data":"Conclude","floor":8,"key":"SMITH"},{"data":"Wish","floor":15,"key":"SMITH"}],"circlet_count":0,"master_deck":["AscendersBane","Strike_P","Strike_P","Strike_P","Defend_P","Defend_P","Defend_P","Defend_P","Eruption","Vigilance","Conclude+1","ReachHeaven+1","Wish+1","DeusExMachina","Wish","Wallop","FlyingSleeves","BattleHymn"],"relics":["PureWater","FossilizedHelix","StrikeDummy","Mercury Hourglass","Happy Flower","CloakClasp","Black Star","Tiny Chest"],"acts_visited":["Exordium","TheCity"],"potions_floor_usage":[6,6,16,22,22],"damage_taken":[{"damage":0,"enemies":"Cultist","floor":1,"turns":2},{"damage":0,"enemies":"Jaw Worm","floor":2,"turns":3},{"damage":0,"enemies":"2 Louse","floor":3,"turns":3},{"damage":0,"enemies":"Blue Slaver","floor":4,"turns":2},{"damage":0,"enemies":"Looter","floor":5,"turns":3},{"damage":15,"enemies":"3 Sentries","floor":6,"turns":3},{"damage":0,"enemies":"Gremlin Nob","floor":10,"turns":3},{"damage":0,"enemies":"3 Louse","floor":11,"turns":2},{"damage":0,"enemies":"Lagavulin","floor":12,"turns":4},{"damage":6,"enemies":"Large Slime","floor":14,"turns":5},{"damage":0,"enemies":"Slime Boss","floor":16,"turns":4},{"damage":19,"enemies":"Shell Parasite","floor":18,"turns":6},{"damage":12,"enemies":"3 Byrds","floor":19,"turns":4},{"damage":31,"enemies":"Cultist and Chosen","floor":22,"turns":4}],"seed_played":"-6953961284196232732","potions_obtained":[{"floor":2,"key":"SkillPotion"},{"floor":4,"key":"Weak Potion"},{"floor":5,"key":"Swift Potion"},{"floor":11,"key":"SpeedPotion"},{"floor":14,"key":"Fire Potion"},{"floor":18,"key":"ColorlessPotion"}],"is_trial":true,"path_per_floor":["M","M","M","M","M","E","?","R","T","E","M","E","?","M","R","B",null,"M","M","$","?","M"],"character_chosen":"WATCHER","items_purchased":["Tiny Chest","FlyingSleeves","BattleHymn"],"campfire_rested":0,"item_purchase_floors":[20,20,20],"current_hp_per_floor":[61,61,61,61,61,46,46,46,46,46,46,46,46,40,40,40,61,42,30,30,30,0,0],"gold":338,"neow_bonus":"","is_daily":false,"chose_seed":false,"campfire_upgraded":2,"win_rate":0.0,"timestamp":1612120682,"path_taken":["M","M","M","M","?","E","?","R","T","E","M","E","?","M","R","BOSS","M","M","$","?","M"],"items_purchased_type":["Relic","Card","Card"],"build_version":"2020-12-22","purchased_purges":1,"victory":false,"max_hp_per_floor":[68,68,68,68,68,68,68,68,68,68,68,68,68,68,68,68,68,68,68,68,68,68,68],"relic_stats":{"Happy Flower":[9],"counters":[14,48],"Tiny Chest":0,"CloakClasp":[71],"Black Star":0,"obtain_stats":[{"Happy Flower":10,"Tiny Chest":20,"CloakClasp":12,"Black Star":17,"PureWater":0,"StrikeDummy":6,"FossilizedHelix":0,"Mercury Hourglass":9},{"Happy Flower":7,"Tiny Chest":13,"CloakClasp":9,"Black Star":11,"PureWater":0,"StrikeDummy":6,"FossilizedHelix":0,"Mercury Hourglass":6},{"Happy Flower":19,"Tiny Chest":44,"CloakClasp":25,"Black Star":34,"PureWater":0,"StrikeDummy":16,"FossilizedHelix":0,"Mercury Hourglass":16}],"Mercury Hourglass":[111]},"card_choices":[{"not_picked":["CrushJoints","ThirdEye"],"picked":"Conclude","floor":2},{"not_picked":["Wireheading","ClearTheMind"],"picked":"ReachHeaven","floor":3},{"not_picked":["Halt","Evaluate"],"picked":"Wish","floor":11},{"not_picked":["Consecrate","Sanctity"],"picked":"DeusExMachina","floor":12},{"not_picked":["Alpha","Establishment"],"picked":"Wish","floor":16},{"not_picked":["Consecrate","Evaluate"],"picked":"Wallop","floor":18}],"player_experience":1364756,"relics_obtained":[{"floor":6,"key":"StrikeDummy"},{"floor":9,"key":"Mercury Hourglass"},{"floor":10,"key":"Happy Flower"},{"floor":12,"key":"CloakClasp"}],"event_choices":[{"damage_healed":0,"gold_gain":80,"player_choice":"Gained Gold","damage_taken":0,"max_hp_gain":0,"max_hp_loss":0,"event_name":"Golden Wing","floor":7,"gold_loss":0},{"damage_healed":0,"gold_gain":0,"player_choice":"Grow","damage_taken":0,"max_hp_gain":0,"max_hp_loss":0,"event_name":"Living Wall","floor":13,"gold_loss":0,"cards_upgraded":["ReachHeaven"]},{"damage_healed":0,"gold_gain":0,"player_choice":"Ignored","damage_taken":0,"max_hp_gain":0,"max_hp_loss":0,"event_name":"Ghosts","floor":21,"gold_loss":0}],"is_beta":false,"boss_relics":[{"not_picked":["Tiny House","Busted Crown"],"picked":"Black Star"}],"items_purged_floors":[20],"is_endless":true,"potions_floor_spawned":[2,4,5,11,14,18],"killed_by":"Cultist and Chosen","ascension_level":20}}