{"host":"vm3f1ccwgbs4oygt","time":1612081296,"event":{"mods":["BaseMod","Bestiary","BetterRewards","Block Reminder","Colored Powertips","Highlight Path","Minty Spire (QoL Compilation)","Permanent Neow","Relic Stats","Shop Mod","StSLib"],"gold_per_floor":[111,111,125,300,144,144,161,161,161,180,208,67,101,118,118,222,222,204,217,217,217,227,227,252,252,252,252,267,182,182,182],"floor_reached":30,"language":"ENG","playtime":44556,"items_purged":["Doubt","Strike_G"],"score":284,"play_id":"70b64b4a-558e-48b8-90bb-28aede3cee27","local_time":"20210131092136","is_ascension_mode":true,"campfire_choices":[{"data":"Neutralize","floor":6,"key":"SMITH"},{"data":"Skewer","floor":8,"key":"SMITH"},{"data":"Backflip","floor":15,"key":"SMITH"},{"data":"After Image","floor":23,"key":"SMITH"}],"circlet_count":0,"master_deck":["Strike_G","Strike_G","Strike_G","Strike_G","Defend_G","Defend_G","Defend_G","Defend_G","Defend_G","Survivor","Neutralize+1","Flying Knee","Dagger Spray","Dash","Skewer+1","Underhanded Strike","Footwork","Calculated Gamble","Backflip+1","Dagger Throw","After Image+1","Cloak And Dagger+1","Acrobatics+1","RitualDagger","Writhe","PiercingWail+1","Footwork+1","After Image","Decay"],"relics":["Ring of the Snake","Kunai","Regal Pillow","Orichalcum","Philosopher\u0027s Stone","Boot","Bottled Lightning","Tiny Chest","Smiling Mask"],"acts_visited":["Exordium","TheCity"],"potions_floor_usage":[19,24,24,28],"damage_taken":[{"damage":0,"enemies":"Small Slimes","floor":1,"turns":5},{"damage":0,"enemies":"Jaw Worm","floor":3,"turns":4},{"damage":0,"enemies":"2 Louse","floor":7,"turns":2},{"damage":0,"enemies":"2 Fungi Beasts","floor":10,"turns":3},{"damage":12,"enemies":"3 Sentries","floor":11,"turns":9},{"damage":14,"enemies":"Gremlin Nob","floor":13,"turns":5},{"damage":3,"enemies":"3 Louse","floor":14,"turns":3},{"damage":15,"enemies":"Slime Boss","floor":16,"turns":14},{"damage":8,"enemies":"2 Thieves","floor":18,"turns":4},{"damage":21,"enemies":"3 Byrds","floor":19,"turns":5},{"damage":31,"enemies":"Snake Plant","floor":22,"turns":7},{"damage":27,"enemies":"Gremlin Leader","floor":24,"turns":10},{"damage":0,"enemies":"Chosen and Byrds","floor":28,"turns":6},{"damage":32,"enemies":"Slavers","floor":30,"turns":3}],"seed_played":"8591728559518320071","potions_obtained":[{"floor":10,"key":"Poison Potion"},{"floor":13,"key":"FairyPotion"},{"floor":16,"key":"Swift Potion"},{"floor":18,"key":"Regen Potion"},{"floor":22,"key":"LiquidBronze"},{"floor":24,"key":"Energy Potion"}],"is_trial":false,"path_per_floor":["M","?","M","?","$","R","M","R","T","M","E","$","E","M","R","B",null,"M","M","?","?","M","R","E","?","T","?","M","?","E"],"character_chosen":"THE_SILENT","items_purchased":["Skewer","Calculated Gamble"],"campfire_rested":0,"item_purchase_floors":[5,12],"current_hp_per_floor":[70,70,70,70,70,70,70,70,70,70,58,58,44,41,41,26,70,62,55,49,49,18,18,21,21,21,21,21,21,0,0],"gold":182,"neow_bonus":"THREE_CARDS","is_daily":false,"chose_seed":false,"campfire_upgraded":4,"win_rate":0.0,"timestamp":1612081296,"path_taken":["M","?","M","?","$","R","M","R","T","M","E","$","E","M","R","BOSS","M","M","?","?","M","R","E","?","T","?","M","?","E"],"items_purchased_type":["Card","Card"],"build_version":"2020-12-22","purchased_purges":2,"victory":false,"max_hp_per_floor":[70,70,70,70,70,70,70,70,70,70,70,70,70,70,70,70,70,70,70,70,70,70,70,70,70,70,70,70,70,70,70],"relic_stats":{"Regal Pillow":0,"counters":[14,80],"Tiny Chest":0,"Kunai":[25],"Orichalcum":[66],"Boot":[72],"Smiling Mask":0,"obtain_stats":[{"Regal Pillow":11,"Philosopher\u0027s Stone":17,"Tiny Chest":26,"Kunai":9,"Bottled Lightning":24,"Orichalcum":13,"Boot":21,"Smiling Mask":29,"Ring of the Snake":0},{"Regal Pillow":5,"Philosopher\u0027s Stone":8,"Tiny Chest":12,"Kunai":3,"Bottled Lightning":12,"Orichalcum":6,"Boot":10,"Smiling Mask":13,"Ring of the Snake":0},{"Regal Pillow":23,"Philosopher\u0027s Stone":45,"Tiny Chest":71,"Kunai":11,"Bottled Lightning":71,"Orichalcum":28,"Boot":54,"Smiling Mask":77,"Ring of the Snake":0}],"Ring of the Snake":[28]},"card_choices":[{"not_picked":["Sucker Punch","PiercingWail"],"picked":"Flying Knee","floor":0},{"not_picked":["Bane","PiercingWail"],"picked":"Dagger Spray","floor":1},{"not_picked":["PiercingWail","Predator"],"picked":"Dash","floor":3},{"not_picked":["Slice","Deflect"],"picked":"Underhanded Strike","floor":7},{"not_picked":["Quick Slash","Expertise","Dodge and Roll"],"picked":"SKIP","floor":10},{"not_picked":["Dash","Malaise"],"picked":"Footwork","floor":11},{"not_picked":["Heel Hook","Crippling Poison"],"picked":"Backflip","floor":13},{"not_picked":["Quick Slash","Flying Knee"],"picked":"Dagger Throw","floor":14},{"not_picked":["Adrenaline","Doppelganger"],"picked":"After Image","floor":16},{"not_picked":["Flying Knee","Noxious Fumes"],"picked":"Cloak And Dagger+1","floor":18},{"not_picked":["Distraction","Backflip"],"picked":"Acrobatics+1","floor":19},{"not_picked":["Cloak And Dagger","All Out Attack"],"picked":"PiercingWail+1","floor":22},{"not_picked":["Endless Agony","Sucker Punch"],"picked":"Footwork+1","floor":24},{"not_picked":["Blade Dance","Tactician","Concentrate"],"picked":"SKIP","floor":28}],"player_experience":1067492,"relics_obtained":[{"floor":9,"key":"Kunai"},{"floor":11,"key":"Regal Pillow"},{"floor":13,"key":"Orichalcum"},{"floor":24,"key":"Bottled Lightning"},{"floor":26,"key":"Tiny Chest"}],"event_choices":[{"damage_healed":0,"gold_gain":0,"player_choice":"Ignored","damage_taken":0,"max_hp_gain":0,"max_hp_loss":0,"event_name":"Golden Wing","floor":2,"gold_loss":0},{"damage_healed":0,"gold_gain":175,"player_choice":"AGREE","damage_taken":0,"max_hp_gain":0,"max_hp_loss":0,"event_name":"Liars Game","floor":4,"gold_loss":0,"cards_obtained":["Doubt"]},{"damage_healed":0,"gold_gain":0,"player_choice":"Joined the Cult","damage_taken":6,"max_hp_gain":0,"max_hp_loss":0,"event_name":"Nest","floor":20,"gold_loss":0,"cards_obtained":["RitualDagger"]},{"damage_healed":0,"gold_gain":0,"player_choice":"Opened","damage_taken":0,"relics_obtained":["Boot"],"max_hp_gain":0,"max_hp_loss":0,"event_name":"The Mausoleum","floor":21,"gold_loss":0,"cards_obtained":["Writhe"]},{"damage_healed":0,"gold_gain":0,"player_choice":"Read","damage_taken":0,"max_hp_gain":0,"max_hp_loss":0,"event_name":"The Library","floor":25,"gold_loss":0,"cards_obtained":["After Image"]},{"damage_healed":0,"gold_gain":0,"player_choice":"Smashed Altar","damage_taken":0,"max_hp_gain":0,"max_hp_loss":0,"event_name":"Forgotten Altar","floor":27,"gold_loss":0,"cards_obtained":["Decay"]},{"damage_healed":0,"gold_gain":0,"player_choice":"Obtained Relic","damage_taken":0,"relics_obtained":["Smiling Mask"],"max_hp_gain":0,"max_hp_loss":0,"event_name":"Addict","floor":29,"gold_loss":85}],"is_beta":false,"boss_relics":[{"not_picked":["Pandora\u0027s Box","Ectoplasm"],"picked":"Philosopher\u0027s Stone"}],"items_purged_floors":[5,12],"is_endless":false,"potions_floor_spawned":[10,13,16,18,22,24],"killed_by":"Slavers","ascension_level":2}}