{"host":"Ringo","time":1612109647,"event":{"mods":["BaseMod","Colored Map","Conspire","Dota2Spire","Hubris","Minty Spire (QoL Compilation)","Replay The Spire","StSLib","The Construct","[IsaacMod]ÒÔÈö¼âËþ","¡¾ÒÅÎï¿¨ÅÆ¡¿REMEMod"],"gold_per_floor":[114,126,142,161,175,210,222,248,248,276,276,302,337,366,366,445,445,465,480,491,245,263,295,295,328,354,381,397,423,456,484,484,557,557,577,323,335,349,366,394,408,439,510,536,362,391,425,78,78,78,78],"floor_reached":52,"language":"ZHS","playtime":1565,"items_purged":["REME_ShadowStrike"],"score":3769,"play_id":"6590adcd-78b7-41c2-b75a-d3c5a7ad7adb","local_time":"20210201001407","daily_mods":["SealedDeck","Vintage","Heirloom","Time Dilation","Flight","DeadlyEvents","Elite Swarm","Lethality","Binary"],"is_ascension_mode":true,"campfire_choices":[{"data":"Feed","floor":11,"key":"SMITH"},{"data":"Hidden Blade","floor":15,"key":"SMITH"},{"data":"Dagger Spray","floor":24,"key":"SMITH"},{"data":"REME_GreenPollution","floor":32,"key":"SMITH"},{"data":"ReplayTheSpireMod:The Works","floor":49,"key":"SMITH"}],"circlet_count":0,"master_deck":["AscendersBane","Hidden Blade+1","Dash+1","ReplayTheSpireMod:The Works+1","Dagger Throw","Underhanded Strike","Dagger Throw","Masterful Stab","Deflect","Finisher+1","Underhanded Strike","Feed+1","Dagger Spray+1","Infinite Blades+1","Escape Plan+1","REME_GreenPollution+1","Well Laid Plans+1","REME_MagicPocketWatch+1","After Image+1","REME_SpectralBlade+1","Cloak And Dagger+1","Noxious Fumes+1","DoctorFetus+1","Acrobatics+1"],"relics":["Ring of the Snake","Busted Crown","HushsDoor","REME_ComplimentaryCards","replay:Trail_Library","Leech","SteamSale","Dota2Spire:ArmletOfMordiggian","Gremlin Food","Pet Ghost","construct:FoamFinger","Golden Egg","Akabeko","Mirror","GnawedLeaf","Meat on the Bone","Whetstone","conspire:TopHat","Pondfish Scales","Dota2Spire:ShadowBlade","Question Card","Byrd Skull","Dota2Spire:PowerTreads","Frozen Eye","Pen Nib","Regal Pillow","Replay:Baseball","REME_LimitBreaker","Dota2Spire:EchoSabre","Dota2Spire:MonkeyKingBar","GuppysTail","Gremlin Horn","Turnip","conspire:DecoderRing","MagicMushroom","GuppysHead","GuppysCollar","Bag of Marbles","Chaos","hubris:ToyBattleship","BlankCard","Snack Pack","Strange Spoon","Happy Flower","Tingsha","Iron Hammer","Toxic Egg 2","MyShadow","ClockworkSouvenir","BFFS","Replay:Rubber Ducky","Durian"],"acts_visited":["Exordium","TheCity","TheBeyond"],"potions_floor_usage":[6,18,18,51,51],"damage_taken":[{"damage":0,"enemies":"2 Louse","floor":1,"turns":1},{"damage":0,"enemies":"Small Slimes","floor":2,"turns":1},{"damage":0,"enemies":"Jaw Worm","floor":3,"turns":1},{"damage":0,"enemies":"Gremlin Gang","floor":4,"turns":2},{"damage":0,"enemies":"Looter","floor":5,"turns":1},{"damage":0,"enemies":"Gremlin Nob","floor":6,"turns":2},{"damage":0,"enemies":"Large Slime","floor":7,"turns":1},{"damage":0,"enemies":"Lagavulin","floor":8,"turns":1},{"damage":0,"enemies":"3 Sentries","floor":10,"turns":1},{"damage":0,"enemies":"Gremlin Nob","floor":12,"turns":1},{"damage":0,"enemies":"3 Sentries","floor":13,"turns":1},{"damage":0,"enemies":"Lagavulin","floor":14,"turns":1},{"damage":0,"enemies":"The Guardian","floor":16,"turns":1},{"damage":3,"enemies":"3 Byrds","floor":18,"turns":2},{"damage":0,"enemies":"Shell Parasite","floor":19,"turns":1},{"damage":0,"enemies":"3 Cultists","floor":20,"turns":1},{"damage":0,"enemies":"Centurion and Healer","floor":22,"turns":1},{"damage":0,"enemies":"Gremlin Leader","floor":23,"turns":1},{"damage":0,"enemies":"conspire:Head Lice","floor":25,"turns":1},{"damage":0,"enemies":"Book of Stabbing","floor":27,"turns":1},{"damage":0,"enemies":"Snecko","floor":28,"turns":1},{"damage":0,"enemies":"conspire:Head Lice","floor":29,"turns":1},{"damage":0,"enemies":"Book of Stabbing","floor":30,"turns":1},{"damage":0,"enemies":"Slavers","floor":31,"turns":1},{"damage":0,"enemies":"Automaton","floor":33,"turns":1},{"damage":0,"enemies":"Orb Walker","floor":35,"turns":1},{"damage":0,"enemies":"3 Darklings","floor":37,"turns":1},{"damage":0,"enemies":"Spire Growth","floor":38,"turns":1},{"damage":0,"enemies":"4 Shapes","floor":39,"turns":1},{"damage":0,"enemies":"Giant Head","floor":40,"turns":1},{"damage":0,"enemies":"Writhing Mass","floor":41,"turns":1},{"damage":0,"enemies":"R_Hoarder","floor":42,"turns":1},{"damage":0,"enemies":"Giant Head","floor":44,"turns":1},{"damage":0,"enemies":"Nemesis","floor":46,"turns":1},{"damage":0,"enemies":"R_Hoarder","floor":47,"turns":1},{"damage":0,"enemies":"Awakened One","floor":50,"turns":2},{"damage":4,"enemies":"Donu and Deca","floor":51,"turns":2}],"seed_played":"2356449787288476033","potions_obtained":[{"floor":1,"key":"Weak Potion"},{"floor":4,"key":"DistilledChaos"},{"floor":8,"key":"Reflective Coating"},{"floor":18,"key":"Weak Potion"},{"floor":27,"key":"Ancient Potion"},{"floor":30,"key":"Elixir"}],"is_trial":true,"path_per_floor":["M","M","M","M","M","E","M","E","T","E","R","E","E","E","R","B",null,"M","M","M","$","M","E","R","E","T","E","M","E","E","E","R","B",null,"M","$","M","M","M","E","M","E","T","E","$","E","E","$","R","B","B",null],"character_chosen":"THE_SILENT","items_purchased":["Frozen Eye","Pen Nib","Infinite Blades","Escape Plan","GuppysHead","GuppysCollar","Chaos","hubris:ToyBattleship","Well Laid Plans","REME_MagicPocketWatch","Cloak And Dagger+1","ClockworkSouvenir","Noxious Fumes","DoctorFetus","Durian","Acrobatics+1"],"campfire_rested":0,"item_purchase_floors":[21,21,21,21,34,34,36,36,36,36,45,45,48,48,48,48],"current_hp_per_floor":[59,62,65,69,72,73,74,77,77,77,77,81,85,89,89,89,92,94,98,102,102,106,110,110,114,114,118,122,126,126,126,126,126,113,117,117,121,125,129,129,133,133,133,137,137,137,141,146,146,150,154],"gold":78,"neow_bonus":"","is_daily":false,"chose_seed":false,"campfire_upgraded":5,"win_rate":0.0,"timestamp":1612109647,"path_taken":["M","M","M","M","M","E","M","E","T","E","R","E","E","E","R","BOSS","M","M","M","$","M","E","R","E","T","E","M","E","E","E","R","BOSS","M","$","M","M","M","E","M","E","T","E","$","E","E","$","R","BOSS","BOSS"],"items_purchased_type":["Relic","Relic","Card","Card","Relic","Relic","Card","Relic","Card","Card","Card","Relic","Card","Card","Relic","Card"],"build_version":"2020-12-18","purchased_purges":1,"victory":true,"max_hp_per_floor":[66,69,72,75,78,78,78,81,81,81,81,85,89,93,93,93,93,97,101,105,105,109,113,113,117,117,121,125,129,129,129,129,129,113,117,117,121,125,129,129,133,133,133,137,137,137,141,146,146,150,154],"card_choices":[{"not_picked":["Venomology"],"picked":"SKIP","floor":23},{"not_picked":["Unload"],"picked":"SKIP","floor":25},{"not_picked":["Night Terror"],"picked":"SKIP","floor":27},{"not_picked":["Replay:Bag of Tricks"],"picked":"SKIP","floor":29},{"not_picked":["A Thousand Cuts"],"picked":"SKIP","floor":30},{"not_picked":["Storm of Steel"],"picked":"SKIP","floor":31},{"not_picked":[],"picked":"After Image","floor":40},{"not_picked":["Doppelganger"],"picked":"SKIP","floor":42},{"not_picked":[],"picked":"REME_SpectralBlade","floor":44},{"not_picked":["ReplayTheSpireMod:Necrosis+1"],"picked":"SKIP","floor":46},{"not_picked":["REME_ShadowForm"],"picked":"SKIP","floor":47}],"player_experience":604094,"relics_obtained":[{"floor":1,"key":"Dota2Spire:ArmletOfMordiggian"},{"floor":2,"key":"Gremlin Food"},{"floor":3,"key":"Pet Ghost"},{"floor":4,"key":"construct:FoamFinger"},{"floor":5,"key":"Golden Egg"},{"floor":6,"key":"Akabeko"},{"floor":7,"key":"Mirror"},{"floor":8,"key":"GnawedLeaf"},{"floor":9,"key":"Meat on the Bone"},{"floor":10,"key":"Whetstone"},{"floor":12,"key":"conspire:TopHat"},{"floor":13,"key":"Pondfish Scales"},{"floor":14,"key":"Dota2Spire:ShadowBlade"},{"floor":18,"key":"Question Card"},{"floor":19,"key":"Byrd Skull"},{"floor":20,"key":"Dota2Spire:PowerTreads"},{"floor":22,"key":"Regal Pillow"},{"floor":23,"key":"Replay:Baseball"},{"floor":25,"key":"REME_LimitBreaker"},{"floor":26,"key":"Dota2Spire:EchoSabre"},{"floor":27,"key":"Dota2Spire:MonkeyKingBar"},{"floor":28,"key":"GuppysTail"},{"floor":29,"key":"Gremlin Horn"},{"floor":30,"key":"Turnip"},{"floor":31,"key":"conspire:DecoderRing"},{"floor":35,"key":"Bag of Marbles"},{"floor":37,"key":"BlankCard"},{"floor":38,"key":"Snack Pack"},{"floor":39,"key":"Strange Spoon"},{"floor":40,"key":"Happy Flower"},{"floor":41,"key":"Tingsha"},{"floor":42,"key":"Iron Hammer"},{"floor":43,"key":"Toxic Egg 2"},{"floor":44,"key":"MyShadow"},{"floor":46,"key":"BFFS"},{"floor":47,"key":"Replay:Rubber Ducky"}],"event_choices":[],"is_beta":true,"boss_relics":[{"not_picked":["hubris:RunicObelisk","Honey Jar","hubris:GrandSneckoEye"]},{"not_picked":["Runic Pyramid","ReplayTheSpireMod:DimensionalGlitch"],"picked":"MagicMushroom"},{"not_picked":[]}],"items_purged_floors":[45],"is_endless":false,"potions_floor_spawned":[1,4,8,12,13,14,18,27,29,30,31,33,35,40,41,46,47],"ascension_level":20}}