{"host":"w4itzgfiflucot85","time":1612099554,"event":{"mods":["2.2 Compatiblity","BaseMod","Bestiary","Better Note","BetterRewards","Colored Map","Conspire","Highlight Path","Infinite Spire","Minty Spire (QoL Compilation)","Permanent Neow","Replay The Spire","StSLib","The Bug Knight","The Dragon Tamer","The Jungle"],"gold_per_floor":[116,128,78,94,106,141,141,173,198,213,61,61,61],"floor_reached":12,"language":"ENG","playtime":763,"items_purged":["HollowMod:QuickDashStart"],"score":90,"play_id":"5513adb9-fe69-41bc-9a7e-6fee05f1544d","local_time":"20210131082554","is_ascension_mode":false,"campfire_choices":[],"circlet_count":0,"master_deck":["HollowMod:NailStrikeStart","HollowMod:NailStrikeStart","HollowMod:NailStrikeStart","HollowMod:NailStrikeStart","HollowMod:QuickDashStart+1","HollowMod:QuickDashStart","HollowMod:QuickDashStart","HollowMod:FocusHealStart","HollowMod:PogoStrike","HollowMod:NewJinnsSoul+1","HollowMod:MawleksShell+1","HollowMod:LifebloodCore","HollowMod:InfectedCysts","HollowMod:MothsMistake"],"relics":["HollowMod:VesselMask","FossilizedHelix","Thread and Needle","HollowMod:PaleOreRelic","War Paint"],"acts_visited":["Exordium"],"potions_floor_usage":[8,12],"damage_taken":[{"damage":0,"enemies":"Small Slimes","floor":1,"turns":3},{"damage":0,"enemies":"Cultist","floor":2,"turns":4},{"damage":0,"enemies":"2 Louse","floor":4,"turns":3},{"damage":0,"enemies":"Blue Slaver","floor":5,"turns":7},{"damage":33,"enemies":"3 Sentries","floor":6,"turns":12},{"damage":41,"enemies":"Gremlin Nob","floor":8,"turns":7},{"damage":9,"enemies":"3 Louse","floor":10,"turns":3},{"damage":10,"enemies":"Lagavulin","floor":12,"turns":4}],"seed_played":"-5270114461469671127","potions_obtained":[{"floor":5,"key":"PowerPotion"},{"floor":6,"key":"SkillPotion"}],"is_trial":false,"path_per_floor":["M","M","?","M","M","E","?","E","T","M","$","E"],"character_chosen":"THE_BUGKNIGHT","items_purchased":["HollowMod:MothsMistake"],"campfire_rested":0,"item_purchase_floors":[11],"current_hp_per_floor":[75,75,75,75,75,54,54,19,19,10,10,0,0],"gold":61,"neow_bonus":"ONE_RARE_RELIC","is_daily":false,"chose_seed":false,"campfire_upgraded":0,"win_rate":0.0,"timestamp":1612099554,"path_taken":["M","M","?","M","M","E","?","E","T","?","$","E"],"items_purchased_type":["Card"],"build_version":"2020-12-22","purchased_purges":1,"victory":false,"max_hp_per_floor":[75,75,75,75,75,75,75,75,75,75,75,75,75],"card_choices":[{"not_picked":["HollowMod:CornifersMapStart","HollowMod:DescendingDark"],"picked":"HollowMod:NewJinnsSoul","floor":1},{"not_picked":["HollowMod:HowlingWraiths","HollowMod:Grubsong"],"picked":"HollowMod:MawleksShell","floor":2},{"not_picked":["HollowMod:ShapeofUnn","HollowMod:DreamGate"],"picked":"HollowMod:LifebloodCore","floor":4},{"not_picked":["HollowMod:VengefulVoid","HollowMod:WraithStrike"],"picked":"HollowMod:InfectedCysts","floor":5},{"not_picked":["HollowMod:GreatSlash","HollowMod:DescendingDark"],"picked":"HollowMod:BaldurShell","floor":6},{"not_picked":["HollowMod:CrystalDash","HollowMod:WraithStrike","HollowMod:ElderbugsWisdom"],"picked":"SKIP","floor":8},{"not_picked":["HollowMod:SoulVessel","HollowMod:SoulSplash","HollowMod:TaintedHusks"],"picked":"SKIP","floor":10},{"not_picked":["HollowMod:SoulVessel","HollowMod:SoulSplash","HollowMod:TaintedHusks"],"picked":"SKIP","floor":10}],"player_experience":148179,"relics_obtained":[{"floor":6,"key":"Thread and Needle"},{"floor":8,"key":"HollowMod:PaleOreRelic"},{"floor":9,"key":"War Paint"}],"event_choices":[{"cards_removed":["Sickly"],"damage_healed":0,"gold_gain":0,"player_choice":"Card Removal","damage_taken":0,"max_hp_gain":0,"max_hp_loss":0,"event_name":"The Cleric","floor":3,"gold_loss":50},{"damage_healed":0,"gold_gain":0,"player_choice":"Forge","damage_taken":0,"max_hp_gain":0,"max_hp_loss":0,"event_name":"Accursed Blacksmith","floor":7,"gold_loss":0,"cards_upgraded":["HollowMod:MawleksShell"]}],"is_beta":false,"boss_relics":[],"items_purged_floors":[11],"is_endless":false,"potions_floor_spawned":[5,6],"killed_by":"Lagavulin","ascension_level":0}}