{"host":"9n6i2vl93jt4o42q","time":1612093516,"event":{"mods":["BaseMod","Minty Spire (QoL Compilation)","Relic Stats"],"gold_per_floor":[115,115,6,6,6,39,39,39,39,39,39,39,74,95,95,180,207,227,227,59,70,91,91,91,91],"floor_reached":24,"language":"ENG","playtime":9099,"items_purged":["Strike_R"],"score":500,"play_id":"7aafb20b-ee48-421d-b580-35a6dcb9d6ed","local_time":"20210131124516","is_ascension_mode":true,"campfire_choices":[{"data":"Armaments","floor":8,"key":"SMITH"},{"floor":11,"key":"REST"},{"data":"Anger","floor":15,"key":"SMITH"},{"data":"Pommel Strike","floor":23,"key":"SMITH"}],"circlet_count":0,"master_deck":["AscendersBane","Strike_R+1","Defend_R","Defend_R","Defend_R+1","Bash","Armaments+1","Rage","True Grit","Anger+1","Pommel Strike+1","Shrug It Off+1","True Grit+1","Double Tap+1","Clothesline+1","Pummel+1","Intimidate+1","Inflame","Finesse+1","Dual Wield+1"],"relics":["Burning Blood","NeowsBlessing","Toxic Egg 2","White Beast Statue","CeramicFish","Anchor","Ice Cream","Astrolabe"],"acts_visited":["Exordium","TheCity"],"potions_floor_usage":[16,24,24],"damage_taken":[{"damage":0,"enemies":"2 Louse","floor":1,"turns":1},{"damage":0,"enemies":"Gremlin Nob","floor":6,"turns":1},{"damage":0,"enemies":"Lagavulin","floor":13,"turns":1},{"damage":0,"enemies":"Small Slimes","floor":14,"turns":4},{"damage":52,"enemies":"Hexaghost","floor":16,"turns":14},{"damage":23,"enemies":"3 Byrds","floor":18,"turns":7},{"damage":10,"enemies":"2 Thieves","floor":21,"turns":5},{"damage":21,"enemies":"Snake Plant","floor":22,"turns":5},{"damage":46,"enemies":"Book of Stabbing","floor":24,"turns":7}],"seed_played":"-5492098903872034206","potions_obtained":[{"floor":13,"key":"Swift Potion"},{"floor":14,"key":"SkillPotion"},{"floor":16,"key":"Block Potion"},{"floor":18,"key":"Regen Potion"}],"is_trial":false,"path_per_floor":["M","?","$","?","?","E","$","R","T","T","R","$","E","M","R","B",null,"M","?","$","M","M","R","E"],"character_chosen":"IRONCLAD","items_purchased":["True Grit","Anger","Finesse+1"],"campfire_rested":1,"item_purchase_floors":[3,3,20],"current_hp_per_floor":[74,74,74,51,25,31,31,31,31,31,53,53,59,65,65,19,61,44,44,44,40,25,25,0,0],"gold":91,"neow_bonus":"THREE_ENEMY_KILL","is_daily":false,"chose_seed":false,"campfire_upgraded":3,"win_rate":0.0,"timestamp":1612093516,"path_taken":["M","?","$","?","?","E","?","R","T","?","R","$","E","M","R","BOSS","M","?","$","?","M","R","E"],"items_purchased_type":["Card","Card","Card"],"build_version":"2020-12-22","purchased_purges":1,"victory":false,"max_hp_per_floor":[75,75,75,75,75,75,75,75,75,75,75,75,75,75,75,75,75,75,75,75,75,75,75,75,75],"relic_stats":{"counters":[9,45],"CeramicFish":81,"Astrolabe":["Clothesline","Pummel","Intimidate"],"obtain_stats":[{"Ice Cream":13,"Anchor":10,"NeowsBlessing":0,"CeramicFish":9,"Astrolabe":17,"Toxic Egg 2":5,"Burning Blood":0,"White Beast Statue":6},{"Ice Cream":3,"Anchor":2,"NeowsBlessing":0,"CeramicFish":2,"Astrolabe":5,"Toxic Egg 2":1,"Burning Blood":0,"White Beast Statue":2},{"Ice Cream":3,"Anchor":2,"NeowsBlessing":0,"CeramicFish":2,"Astrolabe":21,"Toxic Egg 2":1,"Burning Blood":0,"White Beast Statue":2}],"Burning Blood":48},"card_choices":[{"not_picked":["Evolve","Flex"],"picked":"Armaments","floor":1},{"not_picked":["Evolve","Wild Strike"],"picked":"Pommel Strike","floor":6},{"not_picked":["Blood for Blood","Thunderclap"],"picked":"Shrug It Off+1","floor":13},{"not_picked":["Clash","Sword Boomerang"],"picked":"True Grit+1","floor":14},{"not_picked":["Fiend Fire","Exhume+1"],"picked":"Double Tap+1","floor":16},{"not_picked":["Flex+1","Pommel Strike"],"picked":"Inflame","floor":18},{"not_picked":["True Grit+1","Clothesline","Havoc+1"],"picked":"SKIP","floor":21},{"not_picked":["Clothesline","Entrench+1"],"picked":"Dual Wield+1","floor":22}],"player_experience":2344123,"relics_obtained":[{"floor":6,"key":"White Beast Statue"},{"floor":9,"key":"CeramicFish"},{"floor":10,"key":"Anchor"},{"floor":13,"key":"Ice Cream"}],"event_choices":[{"damage_healed":0,"gold_gain":0,"cards_transformed":["Strike_R"],"player_choice":"Change","damage_taken":0,"max_hp_gain":0,"max_hp_loss":0,"event_name":"Living Wall","floor":2,"gold_loss":0,"cards_obtained":["Rage"]},{"damage_healed":0,"gold_gain":0,"player_choice":"Entered Light","damage_taken":23,"max_hp_gain":0,"max_hp_loss":0,"event_name":"Shining Light","floor":4,"gold_loss":0,"cards_upgraded":["Strike_R","Defend_R"]},{"damage_healed":0,"gold_gain":0,"player_choice":"Success","damage_taken":26,"relics_obtained":["Toxic Egg 2"],"max_hp_gain":0,"max_hp_loss":0,"event_name":"Scrap Ooze","floor":5,"gold_loss":0},{"damage_healed":0,"gold_gain":0,"player_choice":"Ignored","damage_taken":0,"max_hp_gain":0,"max_hp_loss":0,"event_name":"N\u0027loth","floor":19,"gold_loss":0}],"is_beta":false,"boss_relics":[{"not_picked":["Black Blood","Runic Cube"],"picked":"Astrolabe"}],"items_purged_floors":[20],"is_endless":false,"potions_floor_spawned":[13,14,16,18,21,22],"killed_by":"Book of Stabbing","ascension_level":20}}