{"host":"yqw1zpryoutrnocq","time":1612097034,"event":{"mods":["2.2 Compatiblity","AchievementEnabler","BaseMod","Colored Map","Custom Start","DeckTracker","Minty Spire (QoL Compilation)","StSLib","SuperFastMode"],"gold_per_floor":[110,185,197,211,211,245,245,278,278,292,303,323,341,353,353,353,353],"floor_reached":16,"language":"KOR","playtime":540,"items_purged":[],"score":151,"play_id":"4fff36da-679d-4103-9887-504305970125","local_time":"20210131064354","is_ascension_mode":true,"campfire_choices":[{"data":"Riddle With Holes","floor":7.0,"key":"SMITH"},{"floor":15.0,"key":"REST"}],"circlet_count":0,"master_deck":["Strike_G","Strike_G","Strike_G","Strike_G","Strike_G","Defend_G","Defend_G","Defend_G","Defend_G","Defend_G","Survivor","Neutralize","Quick Slash","Flying Knee","Riddle With Holes+1","PiercingWail","Dash+1","Dodge and Roll","Sucker Punch+1","Cloak And Dagger","PiercingWail"],"relics":["Ring of the Snake","NeowsBlessing","Ancient Tea Set","Molten Egg 2","White Beast Statue"],"acts_visited":["Exordium"],"potions_floor_usage":[16],"damage_taken":[{"damage":0.0,"enemies":"Small Slimes","floor":1.0,"turns":1.0},{"damage":0.0,"enemies":"Cultist","floor":3.0,"turns":1.0},{"damage":0.0,"enemies":"Jaw Worm","floor":4.0,"turns":1.0},{"damage":22.0,"enemies":"3 Sentries","floor":6.0,"turns":7.0},{"damage":13.0,"enemies":"Gremlin Nob","floor":8.0,"turns":4.0},{"damage":10.0,"enemies":"Gremlin Gang","floor":10.0,"turns":5.0},{"damage":0.0,"enemies":"Large Slime","floor":11.0,"turns":3.0},{"damage":0.0,"enemies":"Looter","floor":12.0,"turns":3.0},{"damage":0.0,"enemies":"Exordium Wildlife","floor":13.0,"turns":4.0},{"damage":0.0,"enemies":"Large Slime","floor":14.0,"turns":5.0},{"damage":0,"enemies":"Slime Boss","floor":16,"turns":3}],"seed_played":"4117271970176205726","potions_obtained":[{"floor":1.0,"key":"FairyPotion"},{"floor":5.0,"key":"Energy Potion"},{"floor":5.0,"key":"DuplicationPotion"},{"floor":8.0,"key":"Weak Potion"},{"floor":10.0,"key":"AttackPotion"},{"floor":11.0,"key":"FearPotion"},{"floor":12.0,"key":"DuplicationPotion"},{"floor":13.0,"key":"GamblersBrew"},{"floor":14.0,"key":"SkillPotion"}],"is_trial":false,"path_per_floor":["M","?","M","M","?","E","R","E","T","M","M","M","M","M","R","B"],"character_chosen":"THE_SILENT","items_purchased":[],"campfire_rested":1,"item_purchase_floors":[],"current_hp_per_floor":[63,56,56,56,56,34,34,21,21,11,11,11,11,11,32,32,32],"gold":353,"neow_bonus":"THREE_ENEMY_KILL","is_daily":false,"chose_seed":false,"campfire_upgraded":1,"win_rate":0.0,"timestamp":1612097034,"path_taken":["M","?","?","M","?","E","R","E","T","M","M","M","?","M","R","BOSS"],"items_purchased_type":[],"build_version":"2020-12-22","purchased_purges":0,"victory":false,"max_hp_per_floor":[70,70,70,70,70,70,70,70,70,70,70,70,70,70,70,70,70],"card_choices":[{"not_picked":["Catalyst","Prepared"],"picked":"Quick Slash","floor":1.0},{"not_picked":["Deflect","Dodge and Roll"],"picked":"Flying Knee","floor":3.0},{"not_picked":["Crippling Poison","Infinite Blades"],"picked":"Riddle With Holes","floor":4.0},{"not_picked":["Flying Knee","Deadly Poison"],"picked":"PiercingWail","floor":6.0},{"not_picked":["Crippling Poison","Flying Knee+1"],"picked":"Dash+1","floor":8.0},{"not_picked":["Caltrops","Reflex"],"picked":"Dodge and Roll","floor":10.0},{"not_picked":["All Out Attack+1","Deflect"],"picked":"Sucker Punch+1","floor":11.0},{"not_picked":["Bane+1","Accuracy"],"picked":"Cloak And Dagger","floor":12.0},{"not_picked":["Infinite Blades","Dodge and Roll"],"picked":"PiercingWail","floor":13.0},{"not_picked":["Outmaneuver","Deadly Poison","Grand Finale+1"],"picked":"SKIP","floor":14.0}],"player_experience":249641,"relics_obtained":[{"floor":6.0,"key":"Ancient Tea Set"},{"floor":8.0,"key":"Molten Egg 2"},{"floor":9.0,"key":"White Beast Statue"}],"event_choices":[{"damage_healed":0.0,"max_hp_gain":0.0,"max_hp_loss":0.0,"gold_gain":75.0,"event_name":"FaceTrader","player_choice":"Touch","floor":2.0,"gold_loss":0.0,"damage_taken":7.0},{"damage_healed":0.0,"max_hp_gain":0.0,"max_hp_loss":0.0,"gold_gain":0.0,"event_name":"Lab","player_choice":"Got Potions","floor":5.0,"gold_loss":0.0,"damage_taken":0.0}],"is_beta":false,"boss_relics":[],"items_purged_floors":[],"is_endless":false,"potions_floor_spawned":[1,8,10,11,12,13,14],"killed_by":"Slime Boss","ascension_level":6}}