{"host":"b5qojbycra21l5hi","time":1612076412,"event":{"mods":["AchievementEnabler","BaseMod","BetterRewards","Colored Powertips","Highlight Path","Minty Spire (QoL Compilation)","Quick Restart","Shop Mod","StSLib"],"gold_per_floor":[110,110,127,302,320,320,352,352,352,352,364,364,393,404,404,404,404],"floor_reached":16,"language":"ENG","playtime":541,"items_purged":[],"score":127,"play_id":"e0c0dce6-766c-46c9-b79a-f2c043777dae","local_time":"20210131010012","is_ascension_mode":true,"campfire_choices":[{"data":"Cleave","floor":6,"key":"SMITH"},{"floor":8,"key":"REST"},{"floor":12,"key":"REST"},{"floor":15,"key":"REST"}],"circlet_count":0,"master_deck":["Strike_R","Strike_R","Strike_R","Strike_R","Strike_R","Defend_R+1","Defend_R","Defend_R+1","Defend_R","Bash","Cleave+1","Doubt","Shrug It Off","Flex","True Grit","Impervious","Inflame"],"relics":["Burning Blood","NeowsBlessing","Shuriken","Matryoshka","War Paint","Self Forming Clay"],"acts_visited":["Exordium"],"potions_floor_usage":[16,16],"damage_taken":[{"damage":0.0,"enemies":"2 Louse","floor":1.0,"turns":1.0},{"damage":0.0,"enemies":"Jaw Worm","floor":3.0,"turns":1.0},{"damage":0.0,"enemies":"Cultist","floor":5.0,"turns":1.0},{"damage":78,"enemies":"Lagavulin","floor":7,"turns":11},{"damage":2,"enemies":"Exordium Wildlife","floor":11,"turns":3},{"damage":35,"enemies":"Gremlin Nob","floor":13,"turns":5},{"damage":12,"enemies":"Large Slime","floor":14,"turns":10},{"damage":45,"enemies":"The Guardian","floor":16,"turns":14}],"seed_played":"1143009843361162992","potions_obtained":[{"floor":5.0,"key":"SkillPotion"},{"floor":7,"key":"AttackPotion"}],"is_trial":false,"path_per_floor":["M","?","M","?","M","R","E","R","T","?","M","R","E","M","R","B"],"character_chosen":"IRONCLAD","items_purchased":[],"campfire_rested":3,"item_purchase_floors":[],"current_hp_per_floor":[80,80,80,80,80,80,8,32,32,25,29,53,24,18,42,0,0],"gold":404,"neow_bonus":"THREE_ENEMY_KILL","is_daily":false,"chose_seed":false,"campfire_upgraded":1,"win_rate":0.0,"timestamp":1612076412,"path_taken":["M","?","M","?","M","R","E","R","T","?","M","R","E","M","R","BOSS"],"items_purchased_type":[],"build_version":"2020-12-22","purchased_purges":0,"victory":false,"max_hp_per_floor":[80,80,80,80,80,80,80,80,80,80,80,80,80,80,80,80,80],"card_choices":[{"not_picked":["Clothesline","Blood for Blood","Headbutt"],"picked":"SKIP","floor":1.0},{"not_picked":["Wild Strike","Shrug It Off"],"picked":"Cleave","floor":3.0},{"not_picked":["Wild Strike","Cleave"],"picked":"Shrug It Off","floor":5.0},{"not_picked":["Feed","Clothesline"],"picked":"Flex","floor":7},{"not_picked":["Burning Pact","Thunderclap"],"picked":"True Grit","floor":11},{"not_picked":["Pummel","Iron Wave"],"picked":"Impervious","floor":13},{"not_picked":["Heavy Blade","Clothesline"],"picked":"Inflame","floor":14}],"player_experience":145326,"relics_obtained":[{"floor":7,"key":"Shuriken"},{"floor":9,"key":"Matryoshka"},{"floor":13,"key":"Self Forming Clay"}],"event_choices":[{"damage_healed":0.0,"max_hp_gain":0.0,"max_hp_loss":0.0,"gold_gain":0.0,"event_name":"The Cleric","player_choice":"Leave","floor":2.0,"gold_loss":0.0,"damage_taken":0.0},{"damage_healed":0.0,"max_hp_gain":0.0,"max_hp_loss":0.0,"gold_gain":175.0,"event_name":"Liars Game","player_choice":"AGREE","floor":4.0,"gold_loss":0.0,"damage_taken":0.0,"cards_obtained":["Doubt"]},{"damage_healed":0,"gold_gain":0,"player_choice":"Success","damage_taken":7,"relics_obtained":["War Paint"],"max_hp_gain":0,"max_hp_loss":0,"event_name":"Scrap Ooze","floor":10,"gold_loss":0}],"is_beta":false,"boss_relics":[],"items_purged_floors":[],"is_endless":false,"potions_floor_spawned":[5,7],"killed_by":"The Guardian","ascension_level":3}}