{"host":"i0avyit1s6jb1siw","time":1612093656,"event":{"mods":["BaseMod","DeckTracker","Dota2Spire","Highlight Path","Minty Spire (QoL Compilation)","Quick Restart","StSLib","SuperFastMode"],"gold_per_floor":[11,30,50,50,65,65,98,98,98,98,139,139,159,204,204,204,204,204,204],"floor_reached":18,"language":"ENG","playtime":331,"items_purged":[],"score":228,"play_id":"12243e0e-8cf3-48f3-88cd-b71f6e952150","local_time":"20210131124736","is_ascension_mode":true,"campfire_choices":[{"data":"All Out Attack","floor":6.0,"key":"SMITH"},{"floor":8.0,"key":"REST"},{"data":"Well Laid Plans","floor":12.0,"key":"SMITH"},{"data":"Noxious Fumes","floor":16.0,"key":"SMITH"},{"floor":17.0,"key":"REST"}],"circlet_count":0,"master_deck":["AscendersBane","Strike_G","Strike_G","Strike_G","Strike_G","Strike_G","Defend_G","Defend_G","Defend_G","Defend_G","Defend_G","Survivor","Neutralize","All Out Attack+1","Poisoned Stab","Footwork","Deadly Poison","Noxious Fumes+1","Well Laid Plans+1","Blade Dance"],"relics":["Ring of the Snake","Dead Branch","Dota2Spire:ArmletOfMordiggian","Dota2Spire:HandOfMidas","SsserpentHead"],"acts_visited":["Exordium"],"potions_floor_usage":[18],"damage_taken":[{"damage":0.0,"enemies":"2 Louse","floor":1.0,"turns":4.0},{"damage":0.0,"enemies":"Small Slimes","floor":2.0,"turns":4.0},{"damage":0.0,"enemies":"Cultist","floor":3.0,"turns":3.0},{"damage":14.0,"enemies":"Exordium Thugs","floor":5.0,"turns":5.0},{"damage":33.0,"enemies":"Lagavulin","floor":7.0,"turns":6.0},{"damage":1.0,"enemies":"Blue Slaver","floor":11.0,"turns":4.0},{"damage":5.0,"enemies":"Exordium Wildlife","floor":13.0,"turns":4.0},{"damage":6.0,"enemies":"Exordium Thugs","floor":14.0,"turns":4.0},{"damage":42,"enemies":"Slime Boss","floor":18,"turns":5}],"seed_played":"168651920305318249","potions_obtained":[{"floor":1.0,"key":"CunningPotion"},{"floor":11.0,"key":"Energy Potion"},{"floor":14.0,"key":"BlessingOfTheForge"}],"is_trial":false,"path_per_floor":["M","M","M","?","M","R","E","R","T","T","M","R","M","M","?","R","R","B"],"character_chosen":"THE_SILENT","items_purchased":[],"campfire_rested":2,"item_purchase_floors":[],"current_hp_per_floor":[59,59,59,59,45,45,12,31,31,31,30,30,25,19,19,19,38,0,0],"gold":204,"neow_bonus":"ONE_RARE_RELIC","is_daily":false,"chose_seed":false,"campfire_upgraded":3,"win_rate":0.0,"timestamp":1612093656,"path_taken":["M","M","M","?","M","R","E","R","T","T","M","R","M","M","?","R","R","BOSS"],"items_purchased_type":[],"build_version":"2020-12-22","purchased_purges":0,"victory":false,"max_hp_per_floor":[66,66,66,66,66,66,66,66,66,66,66,66,66,66,66,66,66,66,66],"card_choices":[{"not_picked":["Choke","Underhanded Strike"],"picked":"All Out Attack","floor":1.0},{"not_picked":["Deflect","Bane"],"picked":"Poisoned Stab","floor":2.0},{"not_picked":["Accuracy","Caltrops"],"picked":"Footwork","floor":3.0},{"not_picked":["Bane","Dodge and Roll","Deadly Poison"],"picked":"SKIP","floor":5.0},{"not_picked":["Bane","Dodge and Roll"],"picked":"Deadly Poison","floor":5.0},{"not_picked":["Outmaneuver","PiercingWail"],"picked":"Noxious Fumes","floor":7.0},{"not_picked":["Underhanded Strike","Flying Knee"],"picked":"Well Laid Plans","floor":11.0},{"not_picked":["Prepared","Footwork","Dagger Spray"],"picked":"SKIP","floor":13.0},{"not_picked":["Deflect","Distraction"],"picked":"Blade Dance","floor":14.0}],"player_experience":2388996,"relics_obtained":[{"floor":7.0,"key":"Dota2Spire:ArmletOfMordiggian"},{"floor":9.0,"key":"Dota2Spire:HandOfMidas"}],"event_choices":[{"damage_healed":0.0,"max_hp_gain":0.0,"max_hp_loss":0.0,"gold_gain":0.0,"event_name":"The Cleric","player_choice":"Leave","floor":4.0,"gold_loss":0.0,"damage_taken":0.0},{"damage_healed":0.0,"max_hp_gain":0.0,"max_hp_loss":0.0,"gold_gain":0.0,"event_name":"FaceTrader","player_choice":"Trade","floor":15.0,"gold_loss":0.0,"damage_taken":0.0,"relics_obtained":["SsserpentHead"]}],"is_beta":false,"boss_relics":[],"items_purged_floors":[],"is_endless":false,"potions_floor_spawned":[1,11,14],"killed_by":"Slime Boss","ascension_level":20}}