{"host":"6xsbn6ynqlzwllfm","time":1612075058,"event":{"mods":["2.2 Compatiblity","BaseMod","Bestiary","Colored Map","Colored Powertips","Curses Come First","Highlight Path","Keyboard Shortcuts","Minty Spire (QoL Compilation)","Relic Stats","Slay the Relics Exporter","StSLib","SuperFastMode"],"gold_per_floor":[115,71,81,81,81,81,113,113,113,113,148,159,159,184,184,258,258,277,1,1,12,31,31,57,75,75,25,125,135,164,191,191,265,265,276,301,312,331,331,361,379,379,379,411,411,430,440,15,15,15,15,15,15,15,47,47,47],"floor_reached":56,"language":"ENG","playtime":1723,"items_purged":["Normality","Strike_P+1","Strike_P+1"],"score":2191,"play_id":"c4bf179a-95f5-49ab-9be7-0d5f82a0f546","local_time":"20210131013738","is_ascension_mode":true,"campfire_choices":[{"floor":6,"key":"REST"},{"data":"Wallop","floor":8,"key":"SMITH"},{"data":"Worship","floor":15,"key":"SMITH"},{"floor":23,"key":"REST"},{"floor":32,"key":"REST"},{"floor":42,"key":"RECALL"},{"floor":45,"key":"REST"},{"floor":49,"key":"REST"},{"floor":53,"key":"REST"}],"circlet_count":0,"master_deck":["AscendersBane","Strike_P+1","Defend_P+1","Defend_P+1","Defend_P+1","Defend_P+1","Eruption+1","Vigilance+1","Protect+1","Wallop+1","Worship+1","FlurryOfBlows+1","Clumsy","WheelKick+1","BowlingBash+1","ReachHeaven+1","DeusExMachina+1","WheelKick+1","LessonLearned+1","CrushJoints+1","DeceiveReality+1","Worship+1","Omniscience+1","Omniscience+1","Worship+1","Regret","ReachHeaven+1","Wish+1","Wallop+1"],"relics":["Cursed Key","Molten Egg 2","Gremlin Horn","Meat on the Bone","Blood Vial","Akabeko","Kunai","Black Star","Membership Card","CaptainsWheel","PreservedInsect","Incense Burner","Blue Candle","Tiny Chest","WingedGreaves","Letter Opener","Darkstone Periapt","SlaversCollar","Mango","Damaru","Dead Branch","Pear","Lantern","OrangePellets","Ice Cream","War Paint","Art of War","Bag of Marbles"],"acts_visited":["Exordium","TheCity","TheBeyond","TheEnding"],"potions_floor_usage":[7,14,22,36,50,56],"damage_taken":[{"damage":4,"enemies":"Cultist","floor":1,"turns":6},{"damage":7,"enemies":"Small Slimes","floor":3,"turns":4},{"damage":0,"enemies":"Gremlin Nob","floor":7,"turns":3},{"damage":3,"enemies":"3 Sentries","floor":11,"turns":10},{"damage":0,"enemies":"Jaw Worm","floor":12,"turns":3},{"damage":0,"enemies":"Gremlin Nob","floor":14,"turns":3},{"damage":16,"enemies":"Slime Boss","floor":16,"turns":8},{"damage":11,"enemies":"Chosen","floor":18,"turns":4},{"damage":26,"enemies":"Shell Parasite","floor":21,"turns":4},{"damage":16,"enemies":"Snake Plant","floor":22,"turns":4},{"damage":50,"enemies":"Slavers","floor":24,"turns":12},{"damage":0,"enemies":"Sentry and Sphere","floor":25,"turns":5},{"damage":11,"enemies":"Colosseum Slavers","floor":28,"turns":6},{"damage":0,"enemies":"Colosseum Nobs","floor":28,"turns":3},{"damage":21,"enemies":"Shelled Parasite and Fungi","floor":29,"turns":4},{"damage":17,"enemies":"Gremlin Leader","floor":30,"turns":4},{"damage":8,"enemies":"Book of Stabbing","floor":31,"turns":7},{"damage":11,"enemies":"Collector","floor":33,"turns":7},{"damage":14,"enemies":"3 Darklings","floor":35,"turns":3},{"damage":4,"enemies":"Mind Bloom Boss Battle","floor":36,"turns":4},{"damage":5,"enemies":"3 Shapes","floor":37,"turns":4},{"damage":1,"enemies":"3 Darklings","floor":38,"turns":1},{"damage":0,"enemies":"Nemesis","floor":40,"turns":1},{"damage":0,"enemies":"Jaw Worm Horde","floor":41,"turns":1},{"damage":2,"enemies":"Reptomancer","floor":44,"turns":2},{"damage":21,"enemies":"Spire Growth","floor":46,"turns":3},{"damage":0,"enemies":"3 Darklings","floor":47,"turns":1},{"damage":6,"enemies":"Donu and Deca","floor":50,"turns":3},{"damage":28,"enemies":"Time Eater","floor":51,"turns":5},{"damage":64,"enemies":"Shield and Spear","floor":55,"turns":4},{"damage":59,"enemies":"The Heart","floor":56,"turns":2}],"seed_played":"1331772029493496746","potions_obtained":[{"floor":1,"key":"Fire Potion"},{"floor":11,"key":"AttackPotion"},{"floor":16,"key":"Fire Potion"},{"floor":24,"key":"SneckoOil"},{"floor":25,"key":"FearPotion"},{"floor":30,"key":"PowerPotion"},{"floor":37,"key":"Ancient Potion"},{"floor":44,"key":"DuplicationPotion"}],"is_trial":false,"path_per_floor":["M","$","M","?","?","R","E","R","T","?","E","M","T","E","R","B",null,"M","$","?","M","M","R","E","M","T","$","?","M","E","E","R","B",null,"M","?","M","M","?","E","M","R","T","E","R","M","M","$","R","B","B",null,"R","$","E","B"],"character_chosen":"WATCHER","items_purchased":["Wallop","Membership Card","LessonLearned+1","OrangePellets","Ice Cream","Wallop+1","War Paint"],"campfire_rested":6,"item_purchase_floors":[2,19,19,48,48,48,48],"current_hp_per_floor":[57,57,50,24,17,37,37,37,37,37,46,48,48,50,50,36,60,51,51,51,39,37,57,21,35,35,35,40,33,30,36,56,47,63,51,63,60,61,61,63,65,65,71,81,94,73,75,75,94,88,62,86,94,94,42,0,0],"gold":47,"neow_bonus":"BOSS_RELIC","is_daily":false,"chose_seed":false,"campfire_upgraded":2,"win_rate":0.0,"timestamp":1612075058,"path_taken":["M","$","M","?","?","R","E","R","T","?","E","M","?","E","R","BOSS","M","$","?","M","M","R","E","M","T","$","?","M","E","E","R","BOSS","M","?","M","M","?","E","M","R","T","E","R","M","M","$","R","BOSS","BOSS","R","$","E","BOSS"],"items_purchased_type":["Card","Relic","Card","Relic","Relic","Card","Relic"],"build_version":"2020-12-22","purchased_purges":3,"victory":false,"max_hp_per_floor":[68,68,68,68,68,68,68,68,68,68,68,68,68,68,68,68,68,68,68,68,68,68,68,68,68,68,68,68,68,68,68,68,68,68,68,82,82,82,78,78,78,78,84,94,94,94,94,94,94,94,94,94,94,94,94,94,94],"relic_stats":{"Darkstone Periapt":6,"Gremlin Horn":[34,32],"counters":[31,131],"Blue Candle":[19],"Dead Branch":[73],"PreservedInsect":320,"Letter Opener":[279],"War Paint":["Wish"],"Cursed Key":3,"Blood Vial":48,"OrangePellets":[0],"Tiny Chest":0,"Black Star":6,"Art of War":[0],"Kunai":[41],"obtain_stats":[{"Darkstone Periapt":31,"Ice Cream":48,"Lantern":44,"Gremlin Horn":7,"Mango":36,"Incense Burner":28,"Cursed Key":0,"Blood Vial":11,"Tiny Chest":30,"WingedGreaves":30,"Kunai":14,"Pear":44,"Blue Candle":28,"Dead Branch":40,"Damaru":40,"PreservedInsect":24,"Letter Opener":31,"War Paint":48,"Akabeko":13,"SlaversCollar":34,"OrangePellets":48,"CaptainsWheel":24,"Molten Egg 2":4,"Black Star":17,"Art of War":55,"Bag of Marbles":55,"Membership Card":19,"PureWater":0,"Meat on the Bone":9},{"Darkstone Periapt":17,"Ice Cream":27,"Lantern":25,"Gremlin Horn":3,"Mango":20,"Incense Burner":14,"Cursed Key":0,"Blood Vial":4,"Tiny Chest":16,"WingedGreaves":16,"Kunai":6,"Pear":25,"Blue Candle":14,"Dead Branch":23,"Damaru":23,"PreservedInsect":11,"Letter Opener":17,"War Paint":27,"Akabeko":5,"SlaversCollar":18,"OrangePellets":27,"CaptainsWheel":11,"Molten Egg 2":2,"Black Star":7,"Art of War":30,"Bag of Marbles":30,"Membership Card":8,"PureWater":0,"Meat on the Bone":3},{"Darkstone Periapt":90,"Ice Cream":117,"Lantern":113,"Gremlin Horn":13,"Mango":104,"Incense Burner":75,"Cursed Key":0,"Blood Vial":23,"Tiny Chest":83,"WingedGreaves":83,"Kunai":29,"Pear":113,"Blue Candle":75,"Dead Branch":110,"Damaru":110,"PreservedInsect":61,"Letter Opener":90,"War Paint":117,"Akabeko":26,"SlaversCollar":97,"OrangePellets":117,"CaptainsWheel":61,"Molten Egg 2":10,"Black Star":37,"Art of War":129,"Bag of Marbles":129,"Membership Card":41,"PureWater":0,"Meat on the Bone":13}],"Meat on the Bone":120},"card_choices":[{"not_picked":["Study","ThirdEye"],"picked":"Protect","floor":1},{"not_picked":["FlyingSleeves","JustLucky"],"picked":"Worship","floor":3},{"not_picked":["SashWhip+1","FollowUp+1"],"picked":"FlurryOfBlows+1","floor":7},{"not_picked":["BowlingBash+1","FlurryOfBlows+1"],"picked":"WheelKick+1","floor":11},{"not_picked":["MasterReality","Protect"],"picked":"BowlingBash+1","floor":12},{"not_picked":["CrushJoints+1","EmptyFist+1"],"picked":"ReachHeaven+1","floor":14},{"not_picked":["Establishment","Judgement"],"picked":"DeusExMachina","floor":16},{"not_picked":["BowlingBash+1","Evaluate"],"picked":"WheelKick+1","floor":18},{"not_picked":["MentalFortress","Crescendo"],"picked":"CrushJoints+1","floor":21},{"not_picked":["WindmillStrike+1","Crescendo"],"picked":"DeceiveReality","floor":24},{"not_picked":["Consecrate+1","CutThroughFate+1"],"picked":"Worship+1","floor":25},{"not_picked":["FlurryOfBlows+1","Crescendo+1"],"picked":"Omniscience","floor":29},{"not_picked":["PathToVictory","JustLucky+1","Study"],"picked":"SKIP","floor":30},{"not_picked":["ClearTheMind","Prostrate"],"picked":"Omniscience","floor":31},{"not_picked":["SashWhip+1","Consecrate+1","Protect+1"],"picked":"SKIP","floor":35},{"not_picked":["WindmillStrike+1","CutThroughFate+1"],"picked":"Worship+1","floor":40},{"not_picked":["Indignation","Swivel"],"picked":"ReachHeaven+1","floor":44},{"not_picked":["JustLucky+1","Protect"],"picked":"Wish","floor":47}],"player_experience":1326727,"relics_obtained":[{"floor":7,"key":"Gremlin Horn"},{"floor":9,"key":"Meat on the Bone"},{"floor":11,"key":"Blood Vial"},{"floor":13,"key":"Akabeko"},{"floor":14,"key":"Kunai"},{"floor":24,"key":"CaptainsWheel"},{"floor":24,"key":"PreservedInsect"},{"floor":28,"key":"Incense Burner"},{"floor":28,"key":"Blue Candle"},{"floor":30,"key":"Tiny Chest"},{"floor":30,"key":"WingedGreaves"},{"floor":31,"key":"Letter Opener"},{"floor":31,"key":"Darkstone Periapt"},{"floor":36,"key":"Mango"},{"floor":40,"key":"Damaru"},{"floor":40,"key":"Dead Branch"},{"floor":44,"key":"Pear"},{"floor":44,"key":"Lantern"},{"floor":55,"key":"Art of War"},{"floor":55,"key":"Bag of Marbles"}],"event_choices":[{"damage_healed":0,"gold_gain":0,"player_choice":"Success","damage_taken":26,"relics_obtained":["Molten Egg 2"],"max_hp_gain":0,"max_hp_loss":0,"event_name":"Scrap Ooze","floor":4,"gold_loss":0},{"cards_removed":["Strike_P"],"damage_healed":0,"gold_gain":0,"player_choice":"Card Removal","damage_taken":7,"max_hp_gain":0,"max_hp_loss":0,"event_name":"Golden Wing","floor":5,"gold_loss":0},{"damage_healed":0,"gold_gain":0,"player_choice":"Ignored","damage_taken":0,"max_hp_gain":0,"max_hp_loss":0,"event_name":"Liars Game","floor":10,"gold_loss":0},{"damage_healed":0,"gold_gain":0,"player_choice":"Simplicity","damage_taken":0,"max_hp_gain":0,"max_hp_loss":0,"event_name":"Back to Basics","floor":20,"gold_loss":0,"cards_upgraded":["Strike_P","Strike_P","Strike_P","Defend_P","Defend_P","Defend_P","Defend_P"]},{"damage_healed":0,"gold_gain":0,"player_choice":"Fight","damage_taken":0,"max_hp_gain":0,"max_hp_loss":0,"event_name":"Colosseum","floor":28,"gold_loss":0},{"damage_healed":0,"gold_gain":0,"player_choice":"Fought Nobs","damage_taken":0,"max_hp_gain":0,"max_hp_loss":0,"event_name":"Colosseum","floor":28,"gold_loss":0},{"damage_healed":0,"gold_gain":0,"player_choice":"Fight","damage_taken":0,"max_hp_gain":0,"max_hp_loss":0,"event_name":"MindBloom","floor":36,"gold_loss":0},{"damage_healed":0,"gold_gain":0,"player_choice":"Max HP","damage_taken":0,"max_hp_gain":0,"max_hp_loss":4,"event_name":"Winding Halls","floor":39,"gold_loss":0}],"is_beta":false,"boss_relics":[{"not_picked":["SacredBark","Empty Cage"],"picked":"Black Star"},{"not_picked":["Philosopher\u0027s Stone","Coffee Dripper"],"picked":"SlaversCollar"}],"items_purged_floors":[19,27,48],"is_endless":false,"potions_floor_spawned":[1,11,16,24,25,28,30,31,33,37,44,46],"killed_by":"The Heart","ascension_level":20}}