{"host":"39i3emxub3h8uyq3","time":1612128119,"event":{"mods":["AchievementEnabler","BaseMod","Clockwork Mod","Colored Map","Colored Powertips","DeckTracker","Downfall","Glutton Mod","Gold Saver","Hubris","Minty Spire (QoL Compilation)","Permanent Neow","Quick Restart","Rare Cards Sparkle","Replay The Spire","StSLib","The Bug Knight","The Jungle","The Necromancer","TheHeartMod","Wandering Minibosses"],"gold_per_floor":[494,123,123,19,39,73,73,73,73,73,73,89,89,113,133,148,148,252,252,270,284,284,303,303,303,315,315,339,352,352,352,225,297,297,394,394,405,13,27,39,39,39],"floor_reached":41,"language":"ENG","playtime":2329,"items_purged":["downfall:Bewildered"],"score":416,"play_id":"939ad454-9b20-43cf-8df6-e0bdbcb4df1c","local_time":"20210131162159","is_ascension_mode":false,"campfire_choices":[{"floor":7.0,"key":"REST"},{"data":"Deadly Poison","floor":10.0,"key":"SMITH"},{"data":"Blade Dance","floor":13.0,"key":"SMITH"},{"data":"Deadly Poison","floor":17.0,"key":"SMITH"},{"floor":25.0,"key":"REST"},{"floor":27.0,"key":"REST"},{"floor":31.0,"key":"REST"},{"data":"Deadly Poison","floor":34.0,"key":"SMITH"}],"circlet_count":0,"master_deck":["Strike_G","Strike_G","Strike_G","Strike_G","Strike_G","Defend_G","Defend_G","Defend_G","Defend_G","Defend_G","Survivor","Neutralize","Quick Slash","Leg Sweep","Deadly Poison+1","Deadly Poison+1","Terror","Deadly Poison+1","Blade Dance+1","Dagger Throw","Dagger Spray","Blade Dance","Unload","Slice","Bane+1","Cloak And Dagger","Slice","Terror+1","Writhe","Dagger Spray","A Thousand Cuts","Poisoned Stab+1","Slice","Outmaneuver","Draining Mist+1","Parasite","Accuracy+1"],"relics":["Ring of the Serpent","Lee\u0027s Waffle","Happy Flower","Ninja Scroll","Quantum Egg","hubris:OldNail","HoveringKite","hubris:Towel","sneckomod:BabySnecko","Tiny Chest","Blood Vial","ReplayTheSpireMod:CursedCoin","Mercury Hourglass","hubris:TenFootPole","Medical Kit"],"acts_visited":["Exordium","TheCity","TheBeyond"],"potions_floor_usage":[],"damage_taken":[{"damage":4.0,"enemies":"Cultist","floor":1.0,"turns":5.0},{"damage":3.0,"enemies":"Jaw Worm","floor":5.0,"turns":3.0},{"damage":10.0,"enemies":"Replay:BlueRogue","floor":6.0,"turns":5.0},{"damage":0.0,"enemies":"Small Slimes","floor":12.0,"turns":2.0},{"damage":0.0,"enemies":"3 Louse","floor":15.0,"turns":1.0},{"damage":2.0,"enemies":"Blue Slaver","floor":16.0,"turns":2.0},{"damage":20.0,"enemies":"Hexaghost","floor":18.0,"turns":6.0},{"damage":14.0,"enemies":"2 Thieves","floor":20.0,"turns":3.0},{"damage":10.0,"enemies":"Shell Parasite","floor":21.0,"turns":3.0},{"damage":31.0,"enemies":"Snake Plant","floor":23.0,"turns":4.0},{"damage":2.0,"enemies":"Snecko","floor":26.0,"turns":3.0},{"damage":6.0,"enemies":"3 Cultists","floor":29.0,"turns":3.0},{"damage":73.0,"enemies":"Champ","floor":35.0,"turns":12.0},{"damage":32.0,"enemies":"3 Darklings","floor":37.0,"turns":3.0},{"damage":22.0,"enemies":"3 Shapes","floor":39.0,"turns":3.0},{"damage":9.0,"enemies":"Writhing Mass","floor":40.0,"turns":4.0},{"damage":27,"enemies":"4 Shapes","floor":41,"turns":3}],"seed_played":"2724828914180669005","potions_obtained":[{"floor":6.0,"key":"Death Potion"},{"floor":16.0,"key":"Weak Potion"},{"floor":20.0,"key":"Cursed Concoction"},{"floor":21.0,"key":"SteroidPotion"}],"is_trial":false,"path_per_floor":["M","$","?","$","M","E","R","PTL","PTL","R","T","M","R","T","M","M","R","B",null,"M","M","?","M","?","R","M","R","T","M","?","R","$","T","R","B",null,"M","$","M","M","M"],"character_chosen":"THE_SILENT","items_purchased":["Lee\u0027s Waffle","Leg Sweep","Happy Flower","Deadly Poison","Terror","Blood Vial","ReplayTheSpireMod:CursedCoin","Dagger Spray","Slice","Outmaneuver","hubris:TenFootPole","Medical Kit"],"campfire_rested":4,"item_purchase_floors":[2,2,2,4,4,32,32,32,38,38,38,38],"current_hp_per_floor":[69,80,80,80,77,67,80,80,80,80,80,80,80,80,80,78,78,58,80,66,56,56,25,25,49,47,71,71,65,65,80,80,80,80,7,80,48,48,28,21,0,0],"gold":39,"neow_bonus":"RANDOM_EVENT","is_daily":false,"chose_seed":false,"campfire_upgraded":4,"win_rate":0.0,"timestamp":1612128119,"path_taken":["M","$","?","$","M","E","R","PTL","PTL","R","T","M","R","?","M","M","R","BOSS","M","M","?","M","?","R","M","R","T","M","?","R","$","?","R","BOSS","M","$","M","M","?"],"items_purchased_type":["Relic","Card","Relic","Card","Card","Relic","Relic","Card","Card","Card","Relic","Relic"],"build_version":"2020-12-22","purchased_purges":1,"victory":false,"max_hp_per_floor":[73,80,80,80,80,80,80,80,80,80,80,80,80,80,80,80,80,80,80,80,80,80,80,80,80,80,80,80,80,80,80,80,80,80,80,80,80,80,80,80,80,80],"card_choices":[{"not_picked":["Backflip","Dodge and Roll"],"picked":"Quick Slash","floor":1.0},{"not_picked":["Quick Slash","hubris:Counter"],"picked":"Deadly Poison","floor":5.0},{"not_picked":["Predator","Calculated Gamble"],"picked":"Blade Dance","floor":6.0},{"not_picked":["Masterful Stab","Backflip"],"picked":"Dagger Throw","floor":12.0},{"not_picked":["ReplayTheSpireMod:Exploit Weakness","Slice"],"picked":"Dagger Spray","floor":15.0},{"not_picked":["Underhanded Strike","Cloak And Dagger"],"picked":"Blade Dance","floor":16.0},{"not_picked":["A Thousand Cuts","Venomology"],"picked":"Unload","floor":18.0},{"not_picked":["Cloak And Dagger","Expertise"],"picked":"Slice","floor":20.0},{"not_picked":["Flechettes","Outmaneuver+1"],"picked":"Bane+1","floor":21.0},{"not_picked":["Unload","Underhanded Strike+1"],"picked":"Cloak And Dagger","floor":23.0},{"not_picked":["Bane+1","Dagger Spray"],"picked":"Slice","floor":26.0},{"not_picked":["Underhanded Strike","Prepared"],"picked":"Terror+1","floor":29.0},{"not_picked":["Glass Knife","Storm of Steel"],"picked":"A Thousand Cuts","floor":35.0},{"not_picked":["Hidden Blade","Deflect+1"],"picked":"Poisoned Stab+1","floor":37.0},{"not_picked":["Tools of the Trade","Crippling Poison+1"],"picked":"Draining Mist+1","floor":39.0},{"not_picked":["ReplayTheSpireMod:Speed Training+1","Distraction+1"],"picked":"Accuracy+1","floor":40.0}],"player_experience":83536,"relics_obtained":[{"floor":6.0,"key":"Ninja Scroll"},{"floor":11.0,"key":"Quantum Egg"},{"floor":14.0,"key":"hubris:OldNail"},{"floor":28.0,"key":"Tiny Chest"},{"floor":33.0,"key":"Mercury Hourglass"}],"event_choices":[{"damage_healed":0.0,"max_hp_gain":0.0,"max_hp_loss":0.0,"gold_gain":0.0,"event_name":"The Cleric","player_choice":"Leave","floor":3.0,"gold_loss":0.0,"damage_taken":0.0}],"is_beta":false,"boss_relics":[{"not_picked":["hubris:GrandSneckoEye","Fusion Hammer"],"picked":"HoveringKite"},{"not_picked":["SlaversCollar","Replay:Cursed D8"],"picked":"Ring of the Serpent"}],"items_purged_floors":[32],"is_endless":false,"potions_floor_spawned":[6,16,20,21,26,29,37,40],"killed_by":"4 Shapes","ascension_level":0}}