{"host":"b5jaqh8y266k2cz4","time":1612058278,"event":{"mods":["AchievementEnabler","Aspiration","BaseMod","Colored Powertips","Conspire","Downfall","Googly Eyes","Hermit","Highlight Path","Hubris","Infinite Spire","MarisaÅiñ∂âJÅ@ñÇóùçπÅj","Mimic Mod","Minty Spire (QoL Compilation)","Quick Restart","Replay The Spire","SOSÅiézîb?îVéqÅj","Spikes Relics","StSLib","Synergy Search","The Animator","The Cursed","The Jungle","The Necromancer","The Servant 0.9.4","The Wild Card","slay the spire mod where everything is the same but ironclad has a cowboy hat","Åyå˜î\ModÅz?ñæìIç≈?Boss"],"gold_per_floor":[116,132,146,64,64,98,117,117,140,171,171,59,99,123,218,341,341,362,362,362,177,177,217,217,255,255,255,176,189,208,232,232,358,421,446,87,108,129,143,183,199,199,199,199,199,122,155,171,171,171],"floor_reached":51,"language":"ENG","playtime":1738,"items_purged":["theWildCard:Arsene","theWildCard:SeveringSlash"],"score":1131,"play_id":"5d9ed71e-b2da-49ee-be74-f5568fa54b9f","local_time":"20210130205758","is_ascension_mode":true,"campfire_choices":[{"data":"theWildCard:Desolation","floor":24,"key":"SMITH"},{"data":"theWildCard:Ruination","floor":27,"key":"SMITH"},{"data":"theWildCard:TheGreatSeal","floor":32,"key":"SMITH"},{"data":"theWildCard:Abstinence","floor":49,"key":"SMITH"}],"circlet_count":0,"master_deck":["theWildCard:BasicStrike","theWildCard:BasicStrike","theWildCard:BasicStrike","theWildCard:BasicStrike","theWildCard:BasicDefend","theWildCard:BasicDefend","theWildCard:BasicDefend","theWildCard:BasicDefend","theWildCard:CallToAdventure","theWildCard:Desolation+1","theWildCard:Abstinence","theWildCard:Patience","theWildCard:SacrificialStroke+1","theWildCard:Patience+1","theWildCard:Ruination+1","theWildCard:Abstinence+1","theWildCard:Impatience+1","theWildCard:Patience","theWildCard:TheGreatSeal+1","theWildCard:TheGreatSeal+1","theWildCard:Salvation","theWildCard:Providence","theWildCard:SacrificialStroke+1"],"relics":["theWildCard:VelvetContract","Iron Hammer","Bag of Marbles","HornCleat","Golden Idol","Oddly Smooth Stone","Sozu","Smiling Mask","Runic Pyramid","theJungle:Creamberry","Simple Rune","InkBottle","RetroEgg","Tiny House","Bronze Scales","PreservedInsect","Replay:Ringing Soul","Replay:WaspNest","infinitespire:Lucky Rock"],"acts_visited":["Exordium","theJungle:Jungle","TheBeyond"],"potions_floor_usage":[16,23,50,50],"damage_taken":[{"damage":2,"enemies":"Small Slimes","floor":1,"turns":4},{"damage":12,"enemies":"2 Louse","floor":2,"turns":2},{"damage":2,"enemies":"Jaw Worm","floor":3,"turns":3},{"damage":16,"enemies":"Lagavulin","floor":6,"turns":11},{"damage":2,"enemies":"Large Slime","floor":7,"turns":6},{"damage":1,"enemies":"Gremlin Nob","floor":10,"turns":4},{"damage":0,"enemies":"Lagavulin","floor":13,"turns":4},{"damage":0,"enemies":"Looter","floor":14,"turns":2},{"damage":0,"enemies":"Hexaghost","floor":16,"turns":7},{"damage":0,"enemies":"theJungle:GiantWrat","floor":18,"turns":1},{"damage":0,"enemies":"theJungle:2_Phrogs","floor":23,"turns":4},{"damage":0,"enemies":"theJungle:Cassacara","floor":25,"turns":2},{"damage":0,"enemies":"theJungle:MUSHROOMGANG","floor":29,"turns":1},{"damage":0,"enemies":"theJungle:Snecko_Cultist_And_Trap","floor":30,"turns":3},{"damage":0,"enemies":"theJungle:2_Snecko_Cultists","floor":31,"turns":1},{"damage":0,"enemies":"theJungle:QueenSpyder","floor":33,"turns":4},{"damage":0,"enemies":"3 Shapes","floor":35,"turns":1},{"damage":0,"enemies":"Orb Walker","floor":37,"turns":2},{"damage":0,"enemies":"4 Shapes","floor":38,"turns":1},{"damage":0,"enemies":"Maw","floor":39,"turns":5},{"damage":0,"enemies":"Giant Head","floor":40,"turns":4},{"damage":10,"enemies":"Writhing Mass","floor":41,"turns":3},{"damage":0,"enemies":"Nemesis","floor":47,"turns":5},{"damage":0,"enemies":"3 Darklings","floor":48,"turns":3},{"damage":36,"enemies":"conspire:OrnateMirror","floor":50,"turns":5}],"seed_played":"4949171881444776080","potions_obtained":[{"floor":6,"key":"BlessingOfTheForge"},{"floor":7,"key":"Dexterity Potion"},{"floor":10,"key":"Fire Potion"},{"floor":16,"key":"DuplicationPotion"}],"is_trial":false,"path_per_floor":["M","M","M","$","?","E","M","?","T","E","?","$","E","M","R","B",null,"M","?","AVR","?","?","E","R","E","T","R","$","M","M","M","R","B",null,"M","$","M","M","M","E","M","$","T","T","?","$","E","M","R","B",null],"character_chosen":"THE_WILD_CARD","items_purchased":["theWildCard:Abstinence","theWildCard:Patience+1","theWildCard:TheGreatSeal","Bronze Scales","PreservedInsect","theWildCard:Salvation","theWildCard:Providence"],"campfire_rested":0,"item_purchase_floors":[4,12,28,36,36,36,46],"current_hp_per_floor":[58,46,44,44,49,33,31,31,31,30,30,30,30,30,30,30,60,60,60,60,60,60,60,60,60,60,60,60,60,60,60,60,60,65,65,65,65,65,65,65,55,55,55,55,55,58,62,65,65,31],"gold":171,"neow_bonus":"THREE_CARDS","is_daily":false,"chose_seed":false,"campfire_upgraded":4,"win_rate":0.0,"timestamp":1612058278,"path_taken":["M","M","M","$","?","E","M","?","T","E","?","$","E","M","R","BOSS","M","?","AVR","?","?","E","R","E","T","R","$","M","M","M","R","BOSS","M","$","M","M","?","E","M","$","T","?","?","?","E","M","R","BOSS"],"items_purchased_type":["Card","Card","Card","Relic","Relic","Card","Card"],"build_version":"2020-12-22","purchased_purges":2,"victory":true,"max_hp_per_floor":[60,60,60,60,65,65,65,65,65,65,60,60,60,60,60,60,60,60,60,60,60,60,60,60,60,60,60,60,60,60,60,60,60,65,65,65,65,65,65,65,65,65,65,65,65,68,68,71,71,71],"card_choices":[{"not_picked":["theWildCard:ManOfManyFaces","theWildCard:StalwartBlade"],"picked":"theWildCard:StingingStrike","floor":0},{"not_picked":["theWildCard:StingingStrike","theWildCard:Polydeuces"],"picked":"theWildCard:SeveringSlash","floor":1},{"not_picked":["theWildCard:LadyLuck","theWildCard:PaleRider","theWildCard:Unburden"],"picked":"SKIP","floor":2},{"not_picked":["theWildCard:SeveringSlash","theWildCard:Sakuya"],"picked":"theWildCard:Desolation","floor":3},{"not_picked":["theWildCard:UnendingRitual","theWildCard:Michael","theWildCard:Satanael"],"picked":"SKIP","floor":6},{"not_picked":["theWildCard:MaskChange","theWildCard:StingingStrike"],"picked":"theWildCard:Patience","floor":7},{"not_picked":["theWildCard:ArcaneArts","theWildCard:UnderLockAndKey"],"picked":"theWildCard:SacrificialStroke","floor":10},{"not_picked":["theWildCard:MagicMettle","theWildCard:StingingStrike","theWildCard:Attunement"],"picked":"SKIP","floor":13},{"not_picked":["theWildCard:StalwartBlade","theWildCard:PowerOfTheArcana","theWildCard:ArcanaArtistry"],"picked":"SKIP","floor":14},{"not_picked":["theWildCard:Caesar","theWildCard:Overwhelm"],"picked":"theWildCard:Ruination","floor":16},{"not_picked":["theWildCard:SeveringSlash+1","theWildCard:ArchaicAssault","theWildCard:StalwartBlade"],"picked":"SKIP","floor":18},{"not_picked":["theWildCard:Michael+1","theWildCard:LadyLuck+1"],"picked":"theWildCard:Impatience+1","floor":23},{"not_picked":["theWildCard:ArcaneArts","theWildCard:EnergyTheft+1"],"picked":"theWildCard:Patience","floor":25},{"not_picked":["theWildCard:Alice+1","theWildCard:SeveringSlash","theWildCard:EnergizedStroke"],"picked":"SKIP","floor":29},{"not_picked":["theWildCard:PaleRider","theWildCard:MaskChange","theWildCard:IdentityTheft+1"],"picked":"SKIP","floor":30},{"not_picked":["theWildCard:MagicalMight+1","theWildCard:Sakuya","theWildCard:Overwhelm+1"],"picked":"SKIP","floor":31},{"not_picked":["theWildCard:ArcaneArts","theWildCard:ShieldOfMany+1"],"picked":"theWildCard:TheGreatSeal+1","floor":35},{"not_picked":["theWildCard:SacrificialStroke","theWildCard:ArcaneArts","theWildCard:Overwhelm+1"],"picked":"SKIP","floor":37},{"not_picked":["theWildCard:BladeOfGenerations+1","theWildCard:Polydeuces+1","theWildCard:ArcanaArtistry+1"],"picked":"SKIP","floor":38},{"not_picked":["theWildCard:Loki+1","theWildCard:SeveringSlash+1","theWildCard:PaleRider+1"],"picked":"SKIP","floor":39},{"not_picked":["theWildCard:ManOfManyFaces+1","theWildCard:ArcanaArtistry+1","theWildCard:ArcaneArts"],"picked":"SKIP","floor":40},{"not_picked":["theWildCard:MagicalMight+1","theWildCard:StingingStrike","theWildCard:ArcaneArts+1"],"picked":"SKIP","floor":41},{"not_picked":["theWildCard:StingingStrike","theWildCard:Sakuya+1","theWildCard:Loki+1"],"picked":"SKIP","floor":47},{"not_picked":["theWildCard:StalwartBlade+1","theWildCard:ArcaneArts"],"picked":"theWildCard:SacrificialStroke+1","floor":48}],"player_experience":336703,"relics_obtained":[{"floor":6,"key":"Iron Hammer"},{"floor":9,"key":"Bag of Marbles"},{"floor":10,"key":"HornCleat"},{"floor":13,"key":"Oddly Smooth Stone"},{"floor":23,"key":"Simple Rune"},{"floor":25,"key":"InkBottle"},{"floor":26,"key":"RetroEgg"},{"floor":43,"key":"Replay:Ringing Soul"},{"floor":44,"key":"Replay:WaspNest"},{"floor":47,"key":"infinitespire:Lucky Rock"}],"event_choices":[{"damage_healed":0,"gold_gain":0,"player_choice":"Donut","damage_taken":0,"max_hp_gain":5,"max_hp_loss":0,"event_name":"Big Fish","floor":5,"gold_loss":0},{"damage_healed":0,"gold_gain":0,"player_choice":"Lose Max HP","damage_taken":0,"relics_obtained":["Golden Idol"],"max_hp_gain":0,"max_hp_loss":5,"event_name":"Golden Idol","floor":11,"gold_loss":0},{"cards_removed":["theWildCard:StingingStrike"],"damage_healed":0,"gold_gain":0,"player_choice":"Purged","damage_taken":0,"max_hp_gain":0,"max_hp_loss":0,"event_name":"Purifier","floor":22,"gold_loss":0},{"damage_healed":0,"gold_gain":0,"player_choice":"Leave","damage_taken":0,"max_hp_gain":0,"max_hp_loss":0,"event_name":"conspire:Investor","floor":45,"gold_loss":0}],"is_beta":false,"boss_relics":[{"not_picked":["Ectoplasm","Snecko Eye"],"picked":"Sozu"},{"not_picked":["Kintsugi","aspiration:IroncladSkillbook"],"picked":"Tiny House"}],"items_purged_floors":[12,20],"is_endless":false,"potions_floor_spawned":[6,7,10,16,23,30,37,47,48],"ascension_level":3}}