{"host":"sav7uxregyirlf69","time":1612100611,"event":{"mods":["AchievementEnabler","BaseMod","Colored Map","DeckTracker","Keyboard Shortcuts","Minty Spire (QoL Compilation)","READ ME - Guardian Mod","StSLib","SuperFastMode"],"gold_per_floor":[116,116,41,58,68,68,87,121,121,150,150,150,179,198,198,276,276,287,298,213,51,62,62,80,96,96,96,123,123,157,157,157,157,157],"floor_reached":33,"language":"KOR","playtime":618,"items_purged":["Pain"],"score":570,"play_id":"ea51b59f-f6a5-4c96-b3cf-7854e200849e","local_time":"20210131224331","is_ascension_mode":true,"campfire_choices":[{"data":"Bouncing Flask","floor":6,"key":"SMITH"},{"floor":11,"key":"REST"},{"data":"Neutralize","floor":15,"key":"SMITH"},{"data":"Wraith Form v2","floor":23,"key":"SMITH"},{"data":"Adrenaline","floor":29,"key":"SMITH"},{"data":"Well Laid Plans","floor":32,"key":"SMITH"}],"circlet_count":0,"master_deck":["AscendersBane","Strike_G","Strike_G","Strike_G","Defend_G","Defend_G","Defend_G","Defend_G","Defend_G","Survivor","Neutralize+1","Flying Knee","Bouncing Flask+1","All Out Attack","Adrenaline+1","Crippling Poison","Backflip","Wraith Form v2+1","PiercingWail+1","Acrobatics","Well Laid Plans+1"],"relics":["Ring of the Snake","WarpedTongs","Bag of Preparation","Singing Bowl","Meat on the Bone","Tiny Chest","Pen Nib","Empty Cage","Regal Pillow","Sundial","Gambling Chip","Darkstone Periapt"],"acts_visited":["Exordium","TheCity"],"potions_floor_usage":[10,16,22,25,30,33,33],"damage_taken":[{"damage":0,"enemies":"2 Louse","floor":1,"turns":3},{"damage":0,"enemies":"Cultist","floor":4,"turns":3},{"damage":11,"enemies":"Small Slimes","floor":5,"turns":3},{"damage":13,"enemies":"Blue Slaver","floor":7,"turns":2},{"damage":17,"enemies":"Lagavulin","floor":8,"turns":6},{"damage":23,"enemies":"3 Sentries","floor":10,"turns":7},{"damage":16,"enemies":"Lagavulin","floor":13,"turns":6},{"damage":10,"enemies":"Large Slime","floor":14,"turns":5},{"damage":7,"enemies":"The Guardian","floor":16,"turns":8},{"damage":7,"enemies":"Spheric Guardian","floor":18,"turns":4},{"damage":5,"enemies":"Chosen","floor":19,"turns":5},{"damage":9,"enemies":"Snake Plant","floor":22,"turns":5},{"damage":16,"enemies":"3 Cultists","floor":24,"turns":5},{"damage":37,"enemies":"Shelled Parasite and Fungi","floor":25,"turns":5},{"damage":12,"enemies":"Slavers","floor":30,"turns":6},{"damage":62,"enemies":"Collector","floor":33,"turns":9}],"seed_played":"-8899369897703813671","potions_obtained":[{"floor":4,"key":"SmokeBomb"},{"floor":7,"key":"Swift Potion"},{"floor":13,"key":"PowerPotion"},{"floor":14,"key":"Poison Potion"},{"floor":16,"key":"LiquidBronze"},{"floor":22,"key":"Regen Potion"},{"floor":25,"key":"Swift Potion"},{"floor":30,"key":"Ancient Potion"}],"is_trial":false,"path_per_floor":["M","?","$","M","M","R","M","E","T","E","R","?","E","M","R","B",null,"M","M","?","$","M","R","M","M","T","?","T","R","E","T","R","B"],"character_chosen":"THE_SILENT","items_purchased":["Wraith Form v2"],"campfire_rested":1,"item_purchase_floors":[21],"current_hp_per_floor":[65,65,65,65,54,54,41,24,24,3,25,25,23,27,27,32,67,60,55,55,55,48,48,46,36,36,36,36,36,36,36,36,0,0],"gold":157,"neow_bonus":"TEN_PERCENT_HP_BONUS","is_daily":false,"chose_seed":false,"campfire_upgraded":5,"win_rate":0.0,"timestamp":1612100611,"path_taken":["M","?","?","M","M","R","M","E","T","E","R","?","E","M","R","BOSS","M","M","?","$","M","R","M","M","T","?","?","R","E","?","R","BOSS"],"items_purchased_type":["Card"],"build_version":"2020-12-22","purchased_purges":1,"victory":false,"max_hp_per_floor":[72,72,72,72,72,72,72,72,72,74,74,74,76,78,78,78,78,78,78,78,78,80,80,82,82,82,82,82,82,82,82,82,82,82],"card_choices":[{"not_picked":["Sucker Punch","Prepared"],"picked":"Endless Agony","floor":1},{"not_picked":["Sucker Punch","Doppelganger"],"picked":"Flying Knee","floor":4},{"not_picked":["Quick Slash","Deflect"],"picked":"Bouncing Flask","floor":5},{"not_picked":["Underhanded Strike","Poisoned Stab","Eviscerate"],"picked":"SKIP","floor":7},{"not_picked":["Flying Knee","Dagger Throw"],"picked":"All Out Attack","floor":8},{"not_picked":["Flying Knee","Bullet Time","Sucker Punch"],"picked":"Singing Bowl","floor":10},{"not_picked":["All Out Attack","Terror","Outmaneuver"],"picked":"Singing Bowl","floor":13},{"not_picked":["Bane","Deflect","Skewer"],"picked":"Singing Bowl","floor":14},{"not_picked":["A Thousand Cuts","Envenom"],"picked":"Adrenaline","floor":16},{"not_picked":["Caltrops","Deadly Poison"],"picked":"Crippling Poison","floor":18},{"not_picked":["Cloak And Dagger","Terror"],"picked":"Backflip","floor":19},{"not_picked":["Slice","Quick Slash","Backstab"],"picked":"Singing Bowl","floor":22},{"not_picked":["Accuracy","Backstab","Leg Sweep"],"picked":"Singing Bowl","floor":24},{"not_picked":["Slice","Infinite Blades"],"picked":"PiercingWail+1","floor":25},{"not_picked":["Blur","Crippling Poison"],"picked":"Well Laid Plans","floor":30}],"player_experience":1447195,"relics_obtained":[{"floor":8,"key":"Bag of Preparation"},{"floor":9,"key":"Singing Bowl"},{"floor":10,"key":"Meat on the Bone"},{"floor":13,"key":"Pen Nib"},{"floor":26,"key":"Sundial"},{"floor":30,"key":"Gambling Chip"},{"floor":31,"key":"Darkstone Periapt"}],"event_choices":[{"damage_healed":0,"gold_gain":0,"player_choice":"Rummage","damage_taken":0,"relics_obtained":["WarpedTongs"],"max_hp_gain":0,"max_hp_loss":0,"event_name":"Accursed Blacksmith","floor":2,"gold_loss":0,"cards_obtained":["Pain"]},{"cards_removed":["Endless Agony"],"damage_healed":0,"gold_gain":0,"player_choice":"Gave Card","damage_taken":0,"relics_obtained":["Tiny Chest"],"max_hp_gain":0,"max_hp_loss":0,"event_name":"WeMeetAgain","floor":12,"gold_loss":0},{"damage_healed":0,"gold_gain":0,"player_choice":"Obtained Relic","damage_taken":0,"relics_obtained":["Regal Pillow"],"max_hp_gain":0,"max_hp_loss":0,"event_name":"Addict","floor":20,"gold_loss":85},{"damage_healed":0,"gold_gain":0,"player_choice":"Read","damage_taken":0,"max_hp_gain":0,"max_hp_loss":0,"event_name":"The Library","floor":27,"gold_loss":0,"cards_obtained":["Acrobatics"]}],"is_beta":false,"boss_relics":[{"not_picked":["Tiny House","SlaversCollar"],"picked":"Empty Cage"}],"items_purged_floors":[3],"is_endless":false,"potions_floor_spawned":[4,7,13,14,16,22,25,30],"killed_by":"Collector","ascension_level":20}}