{"host":"t7mx8yfj1no5p62f","time":1612055700,"event":{"mods":["BaseMod","Colored Map","Colored Powertips","Minty Spire (QoL Compilation)","Relic Stats","StSLib"],"gold_per_floor":[116,129,146,166,166,166,166,166],"floor_reached":7,"language":"ENG","playtime":436,"items_purged":[],"score":86,"play_id":"734ac15b-6d71-4d1c-8a7d-8c725009dece","local_time":"20210130201500","is_ascension_mode":true,"campfire_choices":[{"data":"Deadly Poison","floor":6,"key":"SMITH"}],"circlet_count":0,"master_deck":["AscendersBane","Strike_G","Strike_G","Strike_G","Strike_G","Strike_G","Defend_G","Defend_G","Defend_G","Defend_G","Defend_G","Survivor","Neutralize","CurseOfTheBell","Deadly Poison+1","Quick Slash","Sucker Punch","Bane"],"relics":["Calling Bell","Orichalcum","Singing Bowl","Turnip"],"acts_visited":["Exordium"],"potions_floor_usage":[],"damage_taken":[{"damage":5,"enemies":"Small Slimes","floor":1,"turns":6},{"damage":2,"enemies":"Jaw Worm","floor":2,"turns":5},{"damage":0,"enemies":"Cultist","floor":3,"turns":4},{"damage":34,"enemies":"Large Slime","floor":4,"turns":12},{"damage":21,"enemies":"3 Sentries","floor":7,"turns":5}],"seed_played":"-901673246410241091","potions_obtained":[],"is_trial":false,"path_per_floor":["M","M","M","M","?","R","E"],"character_chosen":"THE_SILENT","items_purchased":[],"campfire_rested":0,"item_purchase_floors":[],"current_hp_per_floor":[54,52,52,18,18,18,0,0],"gold":166,"neow_bonus":"BOSS_RELIC","is_daily":false,"chose_seed":false,"campfire_upgraded":1,"win_rate":0.0,"timestamp":1612055700,"path_taken":["M","M","M","M","?","R","E"],"items_purchased_type":[],"build_version":"2020-12-22","purchased_purges":0,"victory":false,"max_hp_per_floor":[66,66,66,66,66,66,66,66],"relic_stats":{"Singing Bowl":0,"counters":[5,32],"Turnip":[0],"Orichalcum":[78],"obtain_stats":[{"Calling Bell":0,"Singing Bowl":0,"Turnip":0,"Orichalcum":0,"Ring of the Snake":0},{"Calling Bell":0,"Singing Bowl":0,"Turnip":0,"Orichalcum":0,"Ring of the Snake":0},{"Calling Bell":0,"Singing Bowl":0,"Turnip":0,"Orichalcum":0,"Ring of the Snake":0}]},"card_choices":[{"not_picked":["Catalyst","Terror"],"picked":"Deadly Poison","floor":1},{"not_picked":["Crippling Poison","Backstab"],"picked":"Quick Slash","floor":2},{"not_picked":["Accuracy","Prepared"],"picked":"Sucker Punch","floor":3},{"not_picked":["Dodge and Roll","Doppelganger"],"picked":"Bane","floor":4}],"player_experience":1894947,"relics_obtained":[{"floor":0,"key":"Orichalcum"},{"floor":0,"key":"Singing Bowl"},{"floor":0,"key":"Turnip"}],"event_choices":[{"damage_healed":0,"gold_gain":0,"player_choice":"Ignored","damage_taken":0,"max_hp_gain":0,"max_hp_loss":0,"event_name":"Liars Game","floor":5,"gold_loss":0}],"is_beta":false,"boss_relics":[],"items_purged_floors":[],"is_endless":false,"potions_floor_spawned":[],"killed_by":"3 Sentries","ascension_level":20}}