{"host":"zwuytn9vh5b8tdl7","time":1612057104,"event":{"mods":["AchievementEnabler","BaseMod","Colored Powertips","GifTheSpireLib","Minty Spire (QoL Compilation)","Rare Cards Sparkle","StSLib","The Animator"],"gold_per_floor":[121,146,221,221,396,421,436,436,436,436,453,453,423,96,96,96,96],"floor_reached":16,"language":"ENG","playtime":447,"items_purged":[],"score":123,"play_id":"be49dd18-dfcb-4ec4-99b7-6e75bbedcab3","local_time":"20210130203824","is_ascension_mode":false,"campfire_choices":[{"floor":8,"key":"REST"},{"floor":10,"key":"RECALL"},{"floor":15,"key":"REST"}],"circlet_count":0,"master_deck":["animator:Strike_Fate","animator:Defend_Fate","animator:Strike","animator:Strike","animator:Strike","animator:Defend","animator:Defend","animator:Defend","animator:Alexander","animator:Rider","animator:Sonic","animator:Lancer","Doubt","animator:Demiurge","animator:Illya","animator:Geryuganshoop","animator:ChlammyZell","animator:YunYun"],"relics":["animator:LivingPicture","animator:TheMissingPiece","NeowsBlessing","Gremlin Horn","Nunchaku","Anchor","Mummified Hand"],"acts_visited":["Exordium"],"potions_floor_usage":[16],"damage_taken":[{"damage":0,"enemies":"2 Louse","floor":1,"turns":1},{"damage":0,"enemies":"Jaw Worm","floor":2,"turns":1},{"damage":0,"enemies":"Lagavulin","floor":6,"turns":1},{"damage":10,"enemies":"Small Slimes","floor":7,"turns":5},{"damage":14,"enemies":"2 Fungi Beasts","floor":11,"turns":5},{"damage":1,"enemies":"Looter","floor":13,"turns":4},{"damage":70,"enemies":"Slime Boss","floor":16,"turns":10}],"seed_played":"-209740833655883077","potions_obtained":[{"floor":6,"key":"Ancient Potion"},{"floor":11,"key":"animator:FalseLifePotion"}],"is_trial":false,"path_per_floor":["M","M","?","T","?","E","M","R","T","R","M","?","M","$","R","B"],"character_chosen":"THE_ANIMATOR","items_purchased":["Mummified Hand","animator:YunYun"],"campfire_rested":2,"item_purchase_floors":[14,14],"current_hp_per_floor":[66,66,55,55,55,55,46,66,66,66,53,53,52,52,68,0,0],"gold":96,"neow_bonus":"THREE_ENEMY_KILL","is_daily":false,"chose_seed":false,"campfire_upgraded":0,"win_rate":0.0,"timestamp":1612057104,"path_taken":["M","M","?","?","?","E","?","R","T","R","M","?","M","$","R","BOSS"],"items_purchased_type":["Relic","Card"],"build_version":"2020-12-22","purchased_purges":0,"victory":false,"max_hp_per_floor":[66,66,66,66,66,66,67,67,67,67,68,68,68,68,68,68,68],"card_choices":[{"not_picked":["animator:Verdia","animator:SilverFang"],"picked":"animator:Sonic","floor":1},{"not_picked":["animator:Shuna","animator:ChlammyZell"],"picked":"animator:Lancer","floor":2},{"not_picked":["animator:Kazuma","animator:Genos"],"picked":"animator:Demiurge","floor":6},{"not_picked":["animator:Caster","animator:Lancer"],"picked":"animator:Illya","floor":7},{"not_picked":["animator:Verdia","animator:Kazuma"],"picked":"animator:Geryuganshoop","floor":11},{"not_picked":["animator:DolaRiku","animator:Berserker"],"picked":"animator:ChlammyZell","floor":13}],"player_experience":347245,"relics_obtained":[{"floor":4,"key":"Gremlin Horn"},{"floor":6,"key":"Nunchaku"},{"floor":9,"key":"Anchor"}],"event_choices":[{"damage_healed":0,"gold_gain":75,"player_choice":"Gather Gold","damage_taken":11,"max_hp_gain":0,"max_hp_loss":0,"event_name":"World of Goop","floor":3,"gold_loss":0},{"damage_healed":0,"gold_gain":175,"player_choice":"AGREE","damage_taken":0,"max_hp_gain":0,"max_hp_loss":0,"event_name":"Liars Game","floor":5,"gold_loss":0,"cards_obtained":["Doubt"]},{"damage_healed":0,"gold_gain":0,"player_choice":"Ignored","damage_taken":0,"max_hp_gain":0,"max_hp_loss":0,"event_name":"Golden Wing","floor":12,"gold_loss":0}],"is_beta":false,"boss_relics":[],"items_purged_floors":[],"is_endless":false,"potions_floor_spawned":[6,11],"killed_by":"Slime Boss","ascension_level":0}}