{"host":"fubl5olmpa6illow","time":1612125643,"event":{"mods":["BaseMod","Colored Map","Colored Powertips","Highlight Path","Minty Spire (QoL Compilation)","Quick Restart","Random Character Button","Relic Sorter","Relic Stats"],"gold_per_floor":[109,128,22,22,33,33,58,58,135,135,173,191,191,229,229,358,358,372,372,391,412,412,412,427,452,452,72,115,40,40,53,53,154,154,167,167,71,86,105,105,132,148,148,148,166,22,22,22,22,22,22],"floor_reached":50,"language":"ENG","playtime":5696,"items_purged":["Strike_P+1"],"score":665,"play_id":"688005dc-e182-4c80-ae20-de1d9c1ea827","local_time":"20210131214043","is_ascension_mode":true,"campfire_choices":[{"data":"Eruption","floor":6.0,"key":"SMITH"},{"data":"SashWhip","floor":10.0,"key":"SMITH"},{"data":"ThirdEye","floor":13.0,"key":"SMITH"},{"floor":15.0,"key":"REST"},{"data":"Blasphemy","floor":23,"key":"SMITH"},{"data":"Devotion","floor":32,"key":"SMITH"},{"floor":40,"key":"RECALL"}],"circlet_count":0,"master_deck":["Strike_P+1","Strike_P+1","Strike_P+1","Defend_P+1","Defend_P+1","Defend_P+1","Eruption+1","Vigilance","JustLucky","DeceiveReality","Swivel","ThirdEye+1","ReachHeaven","SashWhip+1","Worship","Nirvana","Blasphemy+1","Weave","Consecrate+1","Prostrate","ClearTheMind","Sanctity","Devotion+1","Collect","LikeWater+1","FollowUp+1","Vault","Evaluate+1","Trip","JustLucky","FlurryOfBlows","CutThroughFate","Prostrate+1","Weave+1","Prostrate+1","MentalFortress","JustLucky","ThirdEye"],"relics":["PureWater","Art of War","Bloody Idol","Question Card","Mango","Letter Opener","Coffee Dripper","Bottled Tornado","Lee\u0027s Waffle","Ginger","Fusion Hammer","Vajra"],"acts_visited":["Exordium","TheCity","TheBeyond"],"potions_floor_usage":[18,20,25,25,28,38,39,41,50,50],"damage_taken":[{"damage":3.0,"enemies":"2 Louse","floor":1.0,"turns":3.0},{"damage":4.0,"enemies":"Small Slimes","floor":2.0,"turns":3.0},{"damage":9.0,"enemies":"Jaw Worm","floor":5.0,"turns":6.0},{"damage":0.0,"enemies":"3 Sentries","floor":7.0,"turns":4.0},{"damage":10.0,"enemies":"Lagavulin","floor":11.0,"turns":5.0},{"damage":14.0,"enemies":"Gremlin Gang","floor":12.0,"turns":3.0},{"damage":18.0,"enemies":"3 Sentries","floor":14.0,"turns":4.0},{"damage":31.0,"enemies":"The Guardian","floor":16.0,"turns":10.0},{"damage":33,"enemies":"3 Byrds","floor":18,"turns":8},{"damage":0,"enemies":"Chosen","floor":20,"turns":5},{"damage":8,"enemies":"3 Cultists","floor":21,"turns":5},{"damage":11,"enemies":"Cultist and Chosen","floor":24,"turns":5},{"damage":0,"enemies":"Shelled Parasite and Fungi","floor":25,"turns":1},{"damage":20,"enemies":"Gremlin Leader","floor":28,"turns":7},{"damage":23,"enemies":"Centurion and Healer","floor":31,"turns":4},{"damage":7,"enemies":"Champ","floor":33,"turns":11},{"damage":11,"enemies":"Orb Walker","floor":35,"turns":3},{"damage":4,"enemies":"3 Shapes","floor":38,"turns":4},{"damage":16,"enemies":"Jaw Worm Horde","floor":39,"turns":5},{"damage":77,"enemies":"Reptomancer","floor":41,"turns":7},{"damage":5,"enemies":"Spire Growth","floor":42,"turns":4},{"damage":0,"enemies":"Maw","floor":45,"turns":6},{"damage":50,"enemies":"Time Eater","floor":50,"turns":4}],"seed_played":"-3372943470451700607","potions_obtained":[{"floor":5.0,"key":"DistilledChaos"},{"floor":7.0,"key":"DuplicationPotion"},{"floor":16.0,"key":"PowerPotion"},{"floor":18,"key":"FearPotion"},{"floor":20,"key":"GamblersBrew"},{"floor":21,"key":"AttackPotion"},{"floor":25,"key":"Weak Potion"},{"floor":31,"key":"DuplicationPotion"},{"floor":38,"key":"Strength Potion"},{"floor":39,"key":"Regen Potion"},{"floor":42,"key":"Fire Potion"}],"is_trial":false,"path_per_floor":["M","M","$","?","M","R","E","?","T","R","E","M","R","E","R","B",null,"M","?","M","M","?","R","M","M","T","$","E","$","?","M","R","B",null,"M","?","$","M","M","R","E","M","T","?","M","$","R","?","R","B"],"character_chosen":"WATCHER","items_purchased":["ThirdEye","ReachHeaven","Devotion","Lee\u0027s Waffle","Collect","JustLucky","Regen Potion","MentalFortress","JustLucky","ThirdEye"],"campfire_rested":1,"item_purchase_floors":[3,3,27,27,27,37,37,46,46,46],"current_hp_per_floor":[69,65,65,70,61,61,61,42,42,42,46,32,32,14,41,10,91,58,58,58,50,50,50,39,39,39,98,78,78,78,60,60,58,98,92,92,92,93,94,94,37,37,37,37,42,42,42,42,42,0,0],"gold":22,"neow_bonus":"THREE_CARDS","is_daily":false,"chose_seed":false,"campfire_upgraded":5,"win_rate":0.0,"timestamp":1612125643,"path_taken":["M","M","$","?","M","R","E","?","T","R","E","M","R","E","R","BOSS","M","?","M","?","?","R","M","M","T","$","E","?","?","M","R","BOSS","M","?","$","M","M","R","E","M","T","?","M","$","R","?","R","BOSS"],"items_purchased_type":["Card","Card","Card","Relic","Card","Card","Potion","Card","Card","Card"],"build_version":"2020-12-22","purchased_purges":1,"victory":false,"max_hp_per_floor":[72,72,72,77,77,77,77,77,77,77,91,91,91,91,91,91,91,91,91,91,91,91,91,91,91,91,98,98,98,98,98,98,98,98,98,98,98,98,98,98,98,98,98,98,98,98,98,98,98,98,98],"relic_stats":{"Lee\u0027s Waffle":59,"counters":[23,117],"Bloody Idol":40,"Art of War":[8],"Letter Opener":[223],"Ginger":[10],"Question Card":19,"obtain_stats":[{"Lee\u0027s Waffle":27,"Golden Idol":8,"Vajra":41,"Mango":11,"Letter Opener":14,"Ginger":28,"Bottled Tornado":26,"Question Card":9,"Bloody Idol":30,"Fusion Hammer":34,"Art of War":7,"Coffee Dripper":17,"PureWater":0},{"Lee\u0027s Waffle":13,"Golden Idol":4,"Vajra":20,"Mango":5,"Letter Opener":7,"Ginger":14,"Bottled Tornado":13,"Question Card":4,"Bloody Idol":14,"Fusion Hammer":16,"Art of War":4,"Coffee Dripper":8,"PureWater":0},{"Lee\u0027s Waffle":62,"Golden Idol":16,"Vajra":103,"Mango":21,"Letter Opener":28,"Ginger":69,"Bottled Tornado":62,"Question Card":16,"Bloody Idol":69,"Fusion Hammer":84,"Art of War":16,"Coffee Dripper":38,"PureWater":0}]},"card_choices":[{"not_picked":["Wireheading","Crescendo"],"picked":"JustLucky","floor":0.0},{"not_picked":["Protect","Prostrate"],"picked":"DeceiveReality","floor":1.0},{"not_picked":["Meditate","PathToVictory"],"picked":"Swivel","floor":2.0},{"not_picked":["Wireheading","Prostrate"],"picked":"SashWhip","floor":5.0},{"not_picked":["JustLucky","Evaluate"],"picked":"Worship","floor":7.0},{"not_picked":["Tantrum","SashWhip","MasterReality"],"picked":"Nirvana","floor":11.0},{"not_picked":["WindmillStrike","CutThroughFate","Prostrate"],"picked":"Wireheading","floor":12.0},{"not_picked":["PathToVictory","ReachHeaven","BattleHymn","LikeWater"],"picked":"SKIP","floor":14.0},{"not_picked":["Alpha","Judgement","Brilliance"],"picked":"Blasphemy","floor":16.0},{"not_picked":["JustLucky","Consecrate","LikeWater"],"picked":"Weave","floor":18},{"not_picked":["WheelKick","Vengeance","FlurryOfBlows"],"picked":"Consecrate+1","floor":20},{"not_picked":["Halt+1","ClearTheMind","Protect"],"picked":"Prostrate","floor":21},{"not_picked":["BowlingBash","EmptyFist","FollowUp"],"picked":"ClearTheMind","floor":24},{"not_picked":["FlyingSleeves","Protect","Swivel"],"picked":"Sanctity","floor":25},{"not_picked":["Tantrum+1","ConjureBlade","Collect"],"picked":"LikeWater+1","floor":28},{"not_picked":["Evaluate","BowlingBash","PathToVictory+1"],"picked":"FollowUp+1","floor":31},{"not_picked":["Blasphemy","Scrawl","Establishment"],"picked":"Vault","floor":33},{"not_picked":["CrushJoints+1","Consecrate+1","BowlingBash+1"],"picked":"Evaluate+1","floor":35},{"not_picked":["Discovery","Enlightenment","Dramatic Entrance"],"picked":"Trip","floor":36},{"not_picked":["Consecrate","FearNoEvil+1","Halt+1"],"picked":"FlurryOfBlows","floor":38},{"not_picked":["Omniscience","Collect+1","CrushJoints"],"picked":"CutThroughFate","floor":39},{"not_picked":["Wireheading","SashWhip","BowlingBash+1"],"picked":"Prostrate+1","floor":41},{"not_picked":["FearNoEvil","Prostrate+1","Meditate"],"picked":"Weave+1","floor":42},{"not_picked":["PathToVictory","Blasphemy","FollowUp"],"picked":"Prostrate+1","floor":45}],"player_experience":376524,"relics_obtained":[{"floor":7.0,"key":"Art of War"},{"floor":9.0,"key":"Question Card"},{"floor":11.0,"key":"Mango"},{"floor":14.0,"key":"Letter Opener"},{"floor":26,"key":"Bottled Tornado"},{"floor":28,"key":"Ginger"},{"floor":41,"key":"Vajra"}],"event_choices":[{"damage_healed":0.0,"max_hp_gain":5.0,"max_hp_loss":0.0,"gold_gain":0.0,"event_name":"Big Fish","player_choice":"Donut","floor":4.0,"gold_loss":0.0,"damage_taken":0.0},{"damage_healed":0.0,"max_hp_gain":0.0,"max_hp_loss":0.0,"gold_gain":0.0,"event_name":"Golden Idol","player_choice":"Take Damage","floor":8.0,"gold_loss":0.0,"damage_taken":19.0,"relics_obtained":["Golden Idol"]},{"cards_removed":["Defend_P"],"damage_healed":0,"gold_gain":0,"player_choice":"Purged","damage_taken":0,"max_hp_gain":0,"max_hp_loss":0,"event_name":"Purifier","floor":19,"gold_loss":0},{"damage_healed":0,"gold_gain":0,"player_choice":"Simplicity","damage_taken":0,"max_hp_gain":0,"max_hp_loss":0,"event_name":"Back to Basics","floor":22,"gold_loss":0,"cards_upgraded":["Strike_P","Strike_P","Strike_P","Strike_P","Defend_P","Defend_P","Defend_P"]},{"damage_healed":0,"gold_gain":0,"player_choice":"Gave Idol","damage_taken":0,"relics_obtained":["Bloody Idol"],"max_hp_gain":0,"max_hp_loss":0,"event_name":"Forgotten Altar","floor":30,"relics_lost":["Golden Idol"],"gold_loss":0},{"damage_healed":0,"gold_gain":0,"player_choice":"Memory 1","damage_taken":0,"max_hp_gain":0,"max_hp_loss":0,"event_name":"SensoryStone","floor":36,"gold_loss":0},{"cards_removed":["Wireheading"],"damage_healed":0,"gold_gain":0,"player_choice":"Removed Power","damage_taken":0,"max_hp_gain":0,"max_hp_loss":0,"event_name":"Falling","floor":44,"gold_loss":0},{"damage_healed":0,"gold_gain":0,"player_choice":"Ignored","damage_taken":0,"max_hp_gain":0,"max_hp_loss":0,"event_name":"Mysterious Sphere","floor":48,"gold_loss":0}],"is_beta":false,"boss_relics":[{"not_picked":["Snecko Eye","SacredBark"],"picked":"Coffee Dripper"},{"not_picked":["Runic Dome","Black Star"],"picked":"Fusion Hammer"}],"items_purged_floors":[29],"is_endless":false,"potions_floor_spawned":[5,7,16,18,20,21,25,31,38,39,42],"killed_by":"Time Eater","ascension_level":3}}