{"host":"test","time":1612094796,"event":{"mods":["BaseMod","Colored Map","Colored Powertips","Minty Spire (QoL Compilation)","Relic Stats","Slay the Relics Exporter","SpireBot","StSLib","ojb\u0027s Better Paths Mod","ojb\u0027s Info Mod"],"gold_per_floor":[119,119,119,138,238,254,287,287,312,390,419,419,439,474,486,24,24,24,121,121,136,58,76,76,92,92,92,106,439,439,439,470,486,486,568,598,598,617,637,668,613,633,659,659,659,755,755,768,783,234,234,244,254,254,285,38,65,65,97,97,97,130,0,16,16,32,1031,1031,1031],"floor_reached":70,"language":"JPN","playtime":5012,"items_purged":["Strike_R","Strike_R"],"score":1698,"play_id":"726a695e-89fc-444c-ad81-043da3287d56","local_time":"20210131210636","daily_mods":["Allstar","Diverse","Elite Swarm"],"is_ascension_mode":false,"campfire_choices":[{"data":"Discovery","floor":8,"key":"SMITH"},{"data":"Fiend Fire","floor":12,"key":"SMITH"},{"data":"ConjureBlade","floor":17,"key":"SMITH"},{"data":"Bash","floor":18,"key":"SMITH"},{"data":"Blind","floor":30,"key":"SMITH"},{"data":"Die Die Die","floor":37,"key":"SMITH"},{"data":"Footwork","floor":44,"key":"SMITH"},{"data":"Burst","floor":45,"key":"SMITH"},{"data":"Hyperbeam","floor":54,"key":"SMITH"},{"data":"Conserve Battery","floor":60,"key":"SMITH"},{"data":"Impatience","floor":65,"key":"SMITH"},{"data":"Unload","floor":68,"key":"SMITH"}],"circlet_count":0,"master_deck":["Strike_R+1","Defend_R","Defend_R","Defend_R","Defend_R","Bash+1","Discovery+1","Blind+1","Transmutation+1","Impatience+1","Panacea","Conserve Battery+1","CutThroughFate","ReachHeaven","Fiend Fire+1","ConjureBlade+1","Burst+1","Melter","Phantasmal Killer+1","Hologram+1","Tantrum","Shrug It Off+1","Die Die Die+1","Unload+1","Outmaneuver+1","Footwork+1","Uppercut+1","Crippling Poison+1","Expertise+1","Steam Power+1","All Out Attack","Acrobatics+1","DeusExMachina+1","Shame","Exhume+1","Tempest+1","Storm of Steel+1","Warcry+1","Protect+1","Malaise+1","Pommel Strike","Adrenaline+1","Hyperbeam+1","CurseOfTheBell","Calculated Gamble+1","Armaments+1","FollowUp","Jack Of All Trades+1","Dark Shackles+1","Magnetism+1","Dodge and Roll+1","Reboot+1","Night Terror+1","Writhe","Corruption+1","Cloak And Dagger+1","Sanctity+1","Normality","Normality"],"relics":["Burning Blood","Incense Burner","Self Forming Clay","Bronze Scales","Paper Frog","Blood Vial","Toxic Egg 2","Chemical X","SlaversCollar","Old Coin","Ornamental Fan","Bottled Tornado","Shuriken","Bottled Flame","Blue Candle","Gremlin Horn","Potion Belt","Frozen Egg 2","Calling Bell","Lantern","Eternal Feather","Gambling Chip","Akabeko","Cauldron","StrikeDummy","Pear","Unceasing Top","InkBottle","Anchor","Ginger","Red Mask"],"acts_visited":["Exordium","TheCity","TheBeyond"],"potions_floor_usage":[32,32,40,46,46,50,55,69,69,69],"damage_taken":[{"damage":0,"enemies":"Small Slimes","floor":1,"turns":3},{"damage":6,"enemies":"Jaw Worm","floor":4,"turns":3},{"damage":0,"enemies":"Cultist","floor":6,"turns":5},{"damage":13,"enemies":"Lagavulin","floor":7,"turns":9},{"damage":11,"enemies":"3 Sentries","floor":9,"turns":9},{"damage":15,"enemies":"Gremlin Nob","floor":11,"turns":4},{"damage":11,"enemies":"Lots of Slimes","floor":13,"turns":3},{"damage":18,"enemies":"Lagavulin","floor":14,"turns":6},{"damage":3,"enemies":"3 Louse","floor":15,"turns":4},{"damage":0,"enemies":"Slime Boss","floor":19,"turns":4},{"damage":0,"enemies":"2 Thieves","floor":21,"turns":2},{"damage":8,"enemies":"Shell Parasite","floor":23,"turns":4},{"damage":2,"enemies":"Shelled Parasite and Fungi","floor":25,"turns":4},{"damage":11,"enemies":"Snecko","floor":28,"turns":3},{"damage":0,"enemies":"Gremlin Leader","floor":29,"turns":2},{"damage":0,"enemies":"Slavers","floor":32,"turns":2},{"damage":6,"enemies":"Centurion and Healer","floor":33,"turns":3},{"damage":7,"enemies":"Book of Stabbing","floor":36,"turns":4},{"damage":15,"enemies":"Shelled Parasite and Fungi","floor":38,"turns":4},{"damage":9,"enemies":"Chosen and Byrds","floor":39,"turns":5},{"damage":0,"enemies":"Gremlin Leader","floor":40,"turns":2},{"damage":0,"enemies":"Sentry and Sphere","floor":42,"turns":1},{"damage":0,"enemies":"Book of Stabbing","floor":43,"turns":3},{"damage":1,"enemies":"Collector","floor":46,"turns":3},{"damage":1,"enemies":"3 Darklings","floor":48,"turns":2},{"damage":17,"enemies":"3 Shapes","floor":49,"turns":2},{"damage":0,"enemies":"Jaw Worm Horde","floor":52,"turns":1},{"damage":2,"enemies":"Writhing Mass","floor":53,"turns":7},{"damage":2,"enemies":"Giant Head","floor":55,"turns":6},{"damage":2,"enemies":"Nemesis","floor":57,"turns":7},{"damage":1,"enemies":"Reptomancer","floor":59,"turns":3},{"damage":2,"enemies":"Nemesis","floor":62,"turns":5},{"damage":0,"enemies":"Sphere and 2 Shapes","floor":64,"turns":1},{"damage":2,"enemies":"Transient","floor":66,"turns":5},{"damage":3,"enemies":"Awakened One","floor":69,"turns":5}],"seed_played":"7510361231737359051","potions_obtained":[{"floor":4,"key":"BloodPotion"},{"floor":7,"key":"Dexterity Potion"},{"floor":14,"key":"SpeedPotion"},{"floor":15,"key":"Swift Potion"},{"floor":32,"key":"SteroidPotion"},{"floor":33,"key":"Dexterity Potion"},{"floor":36,"key":"DistilledChaos"},{"floor":40,"key":"BlessingOfTheForge"},{"floor":42,"key":"Dexterity Potion"},{"floor":46,"key":"Weak Potion"},{"floor":48,"key":"SkillPotion"},{"floor":50,"key":"BloodPotion"},{"floor":50,"key":"CultistPotion"},{"floor":50,"key":"Ancient Potion"},{"floor":53,"key":"GamblersBrew"},{"floor":62,"key":"Ancient Potion"}],"is_trial":true,"path_per_floor":["M","?","?","M","?","M","E","R","E","T","E","R","M","E","M","$","R","R","B",null,"M","$","M","?","M","?","?","M","E","R","?","E","M","T","T","E","R","M","M","E","?","M","E","R","R","B",null,"M","M","$","?","M","M","R","E","$","E","T","E","R","?","E","?","M","R","M","?","R","B",null],"character_chosen":"IRONCLAD","items_purchased":["Chemical X","Tantrum","Shrug It Off+1","Die Die Die","Footwork","Akabeko","FollowUp","Jack Of All Trades+1","Cauldron","Pear"],"campfire_rested":0,"item_purchase_floors":[16,16,16,16,22,50,50,50,50,56],"current_hp_per_floor":[80,62,46,46,46,52,45,45,40,40,31,31,28,18,23,23,23,23,31,80,80,80,78,78,80,80,65,62,70,70,70,78,80,80,80,81,81,74,73,85,85,85,85,85,85,85,85,85,74,85,75,83,85,85,85,95,95,95,95,95,95,95,95,95,95,95,95,95,95],"gold":1031,"neow_bonus":"","is_daily":false,"chose_seed":true,"campfire_upgraded":12,"win_rate":0.0,"timestamp":1612094796,"path_taken":["M","?","?","M","?","?","E","R","E","T","E","R","?","E","M","$","R","R","BOSS","M","$","M","?","M","?","?","M","E","R","?","E","M","T","T","E","R","M","M","E","?","M","E","R","R","BOSS","M","?","$","?","M","M","R","E","?","E","T","E","R","?","E","?","M","R","M","?","R","BOSS"],"items_purchased_type":["Relic","Card","Card","Card","Card","Relic","Card","Card","Relic","Relic"],"build_version":"2020-12-18","purchased_purges":2,"victory":true,"max_hp_per_floor":[80,80,80,80,80,80,80,80,80,80,80,80,80,80,80,80,80,80,80,80,80,80,80,80,80,80,85,85,85,85,85,85,85,85,85,85,85,85,85,85,85,85,85,85,85,85,85,85,85,85,85,85,85,85,85,95,95,95,95,95,95,95,95,95,95,95,95,95,95],"relic_stats":{"Gremlin Horn":[13,13],"counters":[35,136],"Self Forming Clay":[129],"Blue Candle":[17],"Eternal Feather":0,"Ginger":[0],"Burning Blood":138,"Blood Vial":30,"Ornamental Fan":[80],"Shuriken":[18],"Bronze Scales":[296],"Gambling Chip":[27],"Chemical X":[44],"obtain_stats":[{"Lantern":47,"Gremlin Horn":40,"Incense Burner":2,"Ginger":62,"Bottled Tornado":32,"Burning Blood":0,"Old Coin":29,"Blood Vial":11,"Gambling Chip":47,"Red Mask":63,"Chemical X":16,"Toxic Egg 2":14,"InkBottle":58,"Paper Frog":10,"Potion Belt":41,"Pear":56,"Self Forming Clay":7,"Blue Candle":36,"Eternal Feather":47,"Frozen Egg 2":43,"Akabeko":50,"Calling Bell":47,"SlaversCollar":20,"Cauldron":50,"Bottled Flame":35,"Anchor":59,"Ornamental Fan":31,"Shuriken":34,"Bronze Scales":9,"StrikeDummy":55,"Unceasing Top":57},{"Lantern":24,"Gremlin Horn":21,"Incense Burner":1,"Ginger":32,"Bottled Tornado":16,"Burning Blood":0,"Old Coin":15,"Blood Vial":6,"Gambling Chip":24,"Red Mask":32,"Chemical X":9,"Toxic Egg 2":8,"InkBottle":30,"Paper Frog":5,"Potion Belt":21,"Pear":29,"Self Forming Clay":4,"Blue Candle":18,"Eternal Feather":24,"Frozen Egg 2":23,"Akabeko":26,"Calling Bell":24,"SlaversCollar":10,"Cauldron":26,"Bottled Flame":17,"Anchor":31,"Ornamental Fan":15,"Shuriken":17,"Bronze Scales":5,"StrikeDummy":29,"Unceasing Top":30},{"Lantern":92,"Gremlin Horn":85,"Incense Burner":3,"Ginger":125,"Bottled Tornado":67,"Burning Blood":0,"Old Coin":65,"Blood Vial":33,"Gambling Chip":92,"Red Mask":125,"Chemical X":46,"Toxic Egg 2":42,"InkBottle":117,"Paper Frog":29,"Potion Belt":85,"Pear":110,"Self Forming Clay":20,"Blue Candle":74,"Eternal Feather":92,"Frozen Egg 2":89,"Akabeko":96,"Calling Bell":92,"SlaversCollar":50,"Cauldron":96,"Bottled Flame":70,"Anchor":120,"Ornamental Fan":65,"Shuriken":70,"Bronze Scales":29,"StrikeDummy":110,"Unceasing Top":117}],"Unceasing Top":[3],"InkBottle":[17]},"card_choices":[{"not_picked":["Prostrate","Prepared"],"picked":"Conserve Battery","floor":1},{"not_picked":["Skewer","Pummel"],"picked":"CutThroughFate","floor":4},{"not_picked":["Conserve Battery","FollowUp"],"picked":"ReachHeaven","floor":6},{"not_picked":["Envenom","Grand Finale"],"picked":"Fiend Fire","floor":7},{"not_picked":["Establishment","Storm of Steel"],"picked":"ConjureBlade","floor":9},{"not_picked":["Limit Break","Reboot"],"picked":"Burst","floor":11},{"not_picked":["EmptyFist","Crescendo"],"picked":"Melter","floor":13},{"not_picked":["Bullet Time+1","Double Tap+1"],"picked":"Phantasmal Killer+1","floor":14},{"not_picked":["Redo+1","Compile Driver"],"picked":"Hologram+1","floor":15},{"not_picked":["Alpha+1","Meteor Strike"],"picked":"Unload","floor":19},{"not_picked":["BowlingBash","EmptyFist"],"picked":"Outmaneuver+1","floor":21},{"not_picked":["Cleave","SandsOfTime"],"picked":"Uppercut+1","floor":23},{"not_picked":["WindmillStrike","Loop"],"picked":"Expertise+1","floor":25},{"not_picked":["Choke","Thunderclap"],"picked":"Acrobatics+1","floor":28},{"not_picked":["After Image","Unload"],"picked":"DeusExMachina+1","floor":29},{"not_picked":["Devotion","Rainbow+1"],"picked":"Exhume+1","floor":32},{"not_picked":["Adaptation+1","WindmillStrike"],"picked":"Tempest+1","floor":33},{"not_picked":["ConjureBlade+1","Reaper"],"picked":"Storm of Steel+1","floor":36},{"not_picked":["Evolve","EmptyBody+1"],"picked":"Warcry+1","floor":38},{"not_picked":["Cloak And Dagger+1","Ball Lightning+1"],"picked":"Protect+1","floor":39},{"not_picked":["Double Tap+1","Corpse Explosion+1"],"picked":"Malaise+1","floor":40},{"not_picked":["FollowUp","Pray+1"],"picked":"Pommel Strike","floor":42},{"not_picked":["Corpse Explosion+1","Venomology+1"],"picked":"Adrenaline+1","floor":43},{"not_picked":["Establishment+1","Juggernaut+1"],"picked":"Hyperbeam","floor":46},{"not_picked":["Searing Blow+1","Blade Dance+1"],"picked":"Calculated Gamble+1","floor":48},{"not_picked":["Steam+1","Leap+1"],"picked":"Armaments+1","floor":49},{"not_picked":["Enlightenment+1","Purity+1"],"picked":"Dark Shackles+1","floor":51},{"not_picked":["Mayhem+1","Good Instincts+1"],"picked":"Magnetism+1","floor":51},{"not_picked":["Underhanded Strike","Metallicize+1"],"picked":"Dodge and Roll+1","floor":52},{"not_picked":["Dodge and Roll+1","Caltrops+1"],"picked":"Reboot+1","floor":53},{"not_picked":["Glass Knife","Immolate"],"picked":"Night Terror+1","floor":55},{"not_picked":["Establishment+1","Thunder Strike","Rainbow+1"],"picked":"SKIP","floor":57},{"not_picked":["Grand Finale","Unload","Thunder Strike"],"picked":"SKIP","floor":59},{"not_picked":["Thunder Strike","Amplify+1"],"picked":"Corruption+1","floor":62},{"not_picked":["PathToVictory+1","SashWhip"],"picked":"Cloak And Dagger+1","floor":64},{"not_picked":["Consecrate","Swivel+1"],"picked":"Sanctity+1","floor":66}],"player_experience":2011740,"relics_obtained":[{"floor":7,"key":"Self Forming Clay"},{"floor":9,"key":"Bronze Scales"},{"floor":10,"key":"Paper Frog"},{"floor":11,"key":"Blood Vial"},{"floor":14,"key":"Toxic Egg 2"},{"floor":29,"key":"Old Coin"},{"floor":32,"key":"Bottled Tornado"},{"floor":34,"key":"Shuriken"},{"floor":35,"key":"Bottled Flame"},{"floor":36,"key":"Blue Candle"},{"floor":40,"key":"Gremlin Horn"},{"floor":43,"key":"Frozen Egg 2"},{"floor":47,"key":"Lantern"},{"floor":47,"key":"Eternal Feather"},{"floor":47,"key":"Gambling Chip"},{"floor":55,"key":"StrikeDummy"},{"floor":57,"key":"Unceasing Top"},{"floor":58,"key":"InkBottle"},{"floor":59,"key":"Anchor"},{"floor":62,"key":"Ginger"}],"event_choices":[{"damage_healed":0,"gold_gain":0,"player_choice":"Success","damage_taken":18,"relics_obtained":["Incense Burner"],"max_hp_gain":0,"max_hp_loss":0,"event_name":"Scrap Ooze","floor":2,"gold_loss":0},{"damage_healed":0,"gold_gain":0,"player_choice":"Entered Light","damage_taken":16,"max_hp_gain":0,"max_hp_loss":0,"event_name":"Shining Light","floor":3,"gold_loss":0,"cards_upgraded":["Transmutation","Strike_R"]},{"damage_healed":0,"gold_gain":100,"player_choice":"Gold","damage_taken":0,"max_hp_gain":0,"max_hp_loss":0,"event_name":"Wheel of Change","floor":5,"gold_loss":0},{"damage_healed":0,"gold_gain":0,"player_choice":"Read","damage_taken":0,"max_hp_gain":0,"max_hp_loss":0,"event_name":"The Library","floor":24,"gold_loss":0,"cards_obtained":["Crippling Poison"]},{"damage_healed":0,"gold_gain":0,"cards_transformed":["Strike_R","Strike_R"],"player_choice":"Became Test Subject","damage_taken":0,"max_hp_gain":0,"max_hp_loss":0,"event_name":"Drug Dealer","floor":26,"gold_loss":0,"cards_obtained":["Steam Power","All Out Attack"]},{"damage_healed":0,"gold_gain":0,"player_choice":"Shed Blood","damage_taken":20,"max_hp_gain":5,"max_hp_loss":0,"event_name":"Forgotten Altar","floor":27,"gold_loss":0},{"damage_healed":0,"gold_gain":0,"player_choice":"Stole Relic","damage_taken":0,"relics_obtained":["Ornamental Fan"],"max_hp_gain":0,"max_hp_loss":0,"event_name":"Addict","floor":31,"gold_loss":0,"cards_obtained":["Shame"]},{"damage_healed":0,"gold_gain":0,"player_choice":"Paid Gold","damage_taken":0,"relics_obtained":["Potion Belt"],"max_hp_gain":0,"max_hp_loss":0,"event_name":"WeMeetAgain","floor":41,"gold_loss":55},{"damage_healed":0,"gold_gain":0,"player_choice":"Memory 3","damage_taken":10,"max_hp_gain":0,"max_hp_loss":0,"event_name":"SensoryStone","floor":51,"gold_loss":0},{"damage_healed":24,"gold_gain":0,"player_choice":"Writhe","damage_taken":0,"max_hp_gain":0,"max_hp_loss":0,"event_name":"Winding Halls","floor":61,"gold_loss":0,"cards_obtained":["Writhe"]},{"damage_healed":0,"gold_gain":0,"player_choice":"Paid","damage_taken":0,"relics_obtained":["Red Mask"],"max_hp_gain":0,"max_hp_loss":0,"event_name":"Tomb of Lord Red Mask","floor":63,"gold_loss":130},{"damage_healed":0,"gold_gain":999,"player_choice":"Gold","damage_taken":0,"max_hp_gain":0,"max_hp_loss":0,"event_name":"MindBloom","floor":67,"gold_loss":0,"cards_obtained":["Normality","Normality"]}],"is_beta":true,"boss_relics":[{"not_picked":["Mark of Pain","Sozu"],"picked":"SlaversCollar"},{"not_picked":["SacredBark","Velvet Choker"],"picked":"Calling Bell"}],"items_purged_floors":[16,50],"is_endless":false,"potions_floor_spawned":[4,7,14,15,25,32,33,36,40,42,46,48,53,62,66],"ascension_level":0}}