{"host":"1mv6gj0zv8k9e9tz","time":1612089937,"event":{"mods":["AchievementEnabler","BaseMod","Better Third Choice","Colored Map","DeckTracker","Highlight Path","KOR Keyword Fix","Keyboard Shortcuts","Minty Spire (QoL Compilation)","Permanent Neow","Quick Restart","Rare Cards Sparkle","StSLib","SuperFastMode","everything is the same but u backflip on backflip"],"gold_per_floor":[13,33,50,69,69,69,144,144,169,184,197,197,46,62,62,62,62],"floor_reached":16,"language":"KOR","playtime":465,"items_purged":[],"score":150,"play_id":"704eaa5a-6c4b-49c4-b2af-cae6a0d2d9bc","local_time":"20210131194537","is_ascension_mode":true,"campfire_choices":[{"data":"Fusion","floor":6.0,"key":"SMITH"},{"data":"Darkness","floor":12,"key":"SMITH"},{"data":"Redo","floor":15,"key":"SMITH"}],"circlet_count":0,"master_deck":["AscendersBane","Strike_B+1","Strike_B","Strike_B","Defend_B+1","Defend_B+1","Defend_B","Zap","Dualcast+1","Fusion+1","Darkness+1","Conserve Battery","Redo+1","Recycle"],"relics":["Cracked Core","DataDisk","War Paint"],"acts_visited":["Exordium"],"potions_floor_usage":[11],"damage_taken":[{"damage":2.0,"enemies":"Jaw Worm","floor":1.0,"turns":3.0},{"damage":0.0,"enemies":"2 Louse","floor":2.0,"turns":2.0},{"damage":7.0,"enemies":"Small Slimes","floor":3.0,"turns":4.0},{"damage":6.0,"enemies":"Looter","floor":4.0,"turns":3.0},{"damage":16.0,"enemies":"3 Louse","floor":10.0,"turns":4.0},{"damage":6,"enemies":"Large Slime","floor":11,"turns":4},{"damage":0,"enemies":"Exordium Wildlife","floor":14,"turns":4},{"damage":5,"enemies":"Hexaghost","floor":16,"turns":4}],"seed_played":"-4467570406139305100","potions_obtained":[{"floor":1.0,"key":"DistilledChaos"},{"floor":4.0,"key":"SmokeBomb"},{"floor":10.0,"key":"LiquidBronze"}],"is_trial":false,"path_per_floor":["M","M","M","M","?","R","?","?","T","M","M","R","$","M","R","B"],"character_chosen":"DEFECT","items_purchased":["War Paint"],"campfire_rested":0,"item_purchase_floors":[13],"current_hp_per_floor":[66,66,59,53,38,38,27,27,27,11,5,5,5,5,5,0,0],"gold":62,"neow_bonus":"REMOVE_TWO","is_daily":false,"chose_seed":false,"campfire_upgraded":3,"win_rate":0.0,"timestamp":1612089937,"path_taken":["M","M","M","M","?","R","?","?","T","M","M","R","$","M","R","BOSS"],"items_purchased_type":["Relic"],"build_version":"2020-12-22","purchased_purges":0,"victory":false,"max_hp_per_floor":[75,75,75,75,75,75,75,75,75,75,75,75,75,75,75,75,75],"card_choices":[{"not_picked":["Loop","Recycle"],"picked":"Fusion","floor":1.0},{"not_picked":["Go for the Eyes","Leap"],"picked":"Darkness","floor":2.0},{"not_picked":["Stack","Steam Power"],"picked":"Conserve Battery","floor":3.0},{"not_picked":["Streamline","Stack","Steam"],"picked":"SKIP","floor":4.0},{"not_picked":["Ball Lightning","Blizzard"],"picked":"Redo","floor":10.0},{"not_picked":["Turbo","Coolheaded"],"picked":"Recycle","floor":11},{"not_picked":["Coolheaded","Compile Driver","Tempest"],"picked":"SKIP","floor":14}],"player_experience":593784,"relics_obtained":[{"floor":9.0,"key":"DataDisk"}],"event_choices":[{"damage_healed":53.0,"max_hp_gain":0.0,"max_hp_loss":75.0,"gold_gain":0.0,"event_name":"betterThird:BetterShining","player_choice":"Upgrade","floor":5.0,"gold_loss":0.0,"damage_taken":15.0,"cards_upgraded":["Strike_B","Defend_B"]},{"damage_healed":0.0,"max_hp_gain":0.0,"max_hp_loss":0.0,"gold_gain":75.0,"event_name":"betterThird:BetterGoop","player_choice":"Gold","floor":7.0,"gold_loss":0.0,"damage_taken":11.0},{"damage_healed":0.0,"max_hp_gain":0.0,"max_hp_loss":0.0,"gold_gain":0.0,"event_name":"Dead Adventurer","player_choice":"Searched \u00270\u0027 times","floor":8.0,"gold_loss":0.0,"damage_taken":0.0}],"is_beta":false,"boss_relics":[],"items_purged_floors":[],"is_endless":false,"potions_floor_spawned":[1,4,10],"killed_by":"Hexaghost","ascension_level":12}}