{"host":"pe7ycb8t2t906so2","time":1612057160,"event":{"mods":["BaseMod","Colored Map","Highlight Path","Minty Spire (QoL Compilation)"],"gold_per_floor":[113,113,83,100,117,117,136,146,146,146,196,214,15,45,45,120,120,131,113,130,35,35,66,66,99,124,144,158,158,73,85,85,162,162,182,36,36,36,36,36,52,52,133,133,25,43,93,93,93,93,93],"floor_reached":50,"language":"FRA","playtime":3590,"items_purged":["Strike_B","Strike_B","Normality"],"score":954,"play_id":"c83b61dd-db97-4052-8cc5-f9656e2d49df","local_time":"20210130203920","is_ascension_mode":true,"campfire_choices":[{"data":"Zap","floor":6,"key":"SMITH"},{"data":"Dualcast","floor":10,"key":"SMITH"},{"data":"Scrape","floor":15,"key":"SMITH"},{"data":"Fission","floor":24,"key":"SMITH"},{"data":"Electrodynamics","floor":29,"key":"SMITH"},{"data":"Self Repair","floor":32,"key":"SMITH"},{"data":"Fission","floor":40,"key":"SMITH"},{"data":"Capacitor","floor":42,"key":"SMITH"},{"data":"Steam","floor":44,"key":"SMITH"},{"data":"Capacitor","floor":49,"key":"SMITH"}],"circlet_count":0,"master_deck":["AscendersBane","Strike_B","Strike_B","Defend_B","Defend_B","Defend_B","Defend_B","Zap+1","Dualcast+1","Gash","Go for the Eyes","Go for the Eyes","Scrape+1","Steam+1","Ball Lightning","Electrodynamics+1","Fission+1","Gash","Gash","Self Repair+1","Self Repair+1","Fission+1","Chill+1","Capacitor+1","Good Instincts","Finesse","Scrape+1","Capacitor+1","Madness","Madness"],"relics":["FrozenCore","NeowsBlessing","Shuriken","Membership Card","Ornamental Fan","Lee\u0027s Waffle","White Beast Statue","HornCleat","Potion Belt","Juzu Bracelet","Cursed Key","Singing Bowl"],"acts_visited":["Exordium","TheCity","TheBeyond"],"potions_floor_usage":[8,14,19,25,25,27,31,33,33,47,50,50],"damage_taken":[{"damage":0,"enemies":"Jaw Worm","floor":1,"turns":1},{"damage":0,"enemies":"Small Slimes","floor":4,"turns":1},{"damage":0,"enemies":"Cultist","floor":5,"turns":1},{"damage":3,"enemies":"Looter","floor":7,"turns":3},{"damage":20,"enemies":"Lots of Slimes","floor":8,"turns":4},{"damage":0,"enemies":"Blue Slaver","floor":12,"turns":2},{"damage":16,"enemies":"Lagavulin","floor":14,"turns":5},{"damage":0,"enemies":"Hexaghost","floor":16,"turns":7},{"damage":7,"enemies":"Shell Parasite","floor":18,"turns":5},{"damage":12,"enemies":"2 Thieves","floor":19,"turns":4},{"damage":21,"enemies":"Snecko","floor":20,"turns":5},{"damage":19,"enemies":"Book of Stabbing","floor":23,"turns":5},{"damage":17,"enemies":"Slavers","floor":25,"turns":3},{"damage":8,"enemies":"Shelled Parasite and Fungi","floor":27,"turns":4},{"damage":1,"enemies":"Centurion and Healer","floor":28,"turns":4},{"damage":3,"enemies":"Cultist and Chosen","floor":31,"turns":5},{"damage":56,"enemies":"Automaton","floor":33,"turns":10},{"damage":13,"enemies":"3 Shapes","floor":35,"turns":7},{"damage":5,"enemies":"Orb Walker","floor":41,"turns":5},{"damage":0,"enemies":"Spire Growth","floor":46,"turns":5},{"damage":71,"enemies":"Awakened One","floor":50,"turns":9}],"seed_played":"3760961231202295716","potions_obtained":[{"floor":3,"key":"SneckoOil"},{"floor":3,"key":"SneckoOil"},{"floor":4,"key":"Dexterity Potion"},{"floor":7,"key":"BlessingOfTheForge"},{"floor":16,"key":"Regen Potion"},{"floor":18,"key":"ColorlessPotion"},{"floor":23,"key":"DuplicationPotion"},{"floor":25,"key":"Explosive Potion"},{"floor":27,"key":"FocusPotion"},{"floor":28,"key":"LiquidMemories"},{"floor":31,"key":"FocusPotion"},{"floor":33,"key":"Energy Potion"},{"floor":35,"key":"Strength Potion"},{"floor":41,"key":"Dexterity Potion"},{"floor":46,"key":"Fruit Juice"}],"is_trial":false,"path_per_floor":["M","?","?","M","M","R","M","M","T","R","?","M","$","E","R","B",null,"M","M","M","$","?","E","R","E","T","M","M","R","?","M","R","B",null,"M","$","?","?","?","R","M","R","T","R","$","M","?","?","R","B"],"character_chosen":"DEFECT","items_purchased":["Membership Card","Lee\u0027s Waffle","Gash","Capacitor","Good Instincts","Capacitor"],"campfire_rested":0,"item_purchase_floors":[13,21,21,36,36,45],"current_hp_per_floor":[64,64,64,64,64,64,61,41,41,41,41,41,41,25,25,25,60,53,41,20,78,78,59,59,51,51,50,66,66,66,78,78,42,69,76,76,76,76,76,76,78,78,78,78,78,80,85,70,70,0,0],"gold":93,"neow_bonus":"THREE_ENEMY_KILL","is_daily":false,"chose_seed":false,"campfire_upgraded":10,"win_rate":0.0,"timestamp":1612057160,"path_taken":["M","?","?","M","M","R","?","M","T","R","?","?","$","E","R","BOSS","M","M","M","$","?","E","R","E","T","M","M","R","?","M","R","BOSS","M","$","?","?","?","R","M","R","T","R","?","M","?","?","R","BOSS"],"items_purchased_type":["Relic","Relic","Card","Card","Card","Card"],"build_version":"2020-12-22","purchased_purges":3,"victory":false,"max_hp_per_floor":[71,71,71,71,71,71,71,71,71,71,71,71,71,71,71,71,71,71,71,71,78,78,78,78,78,78,78,78,78,78,78,78,78,78,78,78,78,78,78,78,78,78,78,78,78,80,85,85,85,85,85],"card_choices":[{"not_picked":["Doom and Gloom","Rebound"],"picked":"Gash","floor":1},{"not_picked":["Rebound","Ball Lightning"],"picked":"Go for the Eyes","floor":4},{"not_picked":["Barrage","Cold Snap"],"picked":"Go for the Eyes","floor":5},{"not_picked":["Compile Driver","Darkness"],"picked":"Scrape","floor":7},{"not_picked":["Reprogram","Static Discharge"],"picked":"Steam","floor":8},{"not_picked":["Coolheaded","Auto Shields"],"picked":"Ball Lightning","floor":12},{"not_picked":["Rip and Tear","Skim","Genetic Algorithm"],"picked":"SKIP","floor":14},{"not_picked":["Seek","Reboot"],"picked":"Electrodynamics","floor":16},{"not_picked":["Coolheaded","Hologram","Compile Driver"],"picked":"SKIP","floor":18},{"not_picked":["Barrage","Turbo"],"picked":"Fission","floor":19},{"not_picked":["Hologram","Conserve Battery","Sweeping Beam"],"picked":"SKIP","floor":20},{"not_picked":["Barrage","Beam Cell","Hello World"],"picked":"SKIP","floor":23},{"not_picked":["Coolheaded","Reprogram"],"picked":"Self Repair","floor":25},{"not_picked":["Core Surge","Steam Power"],"picked":"Self Repair+1","floor":27},{"not_picked":["Barrage","Melter","Cold Snap+1"],"picked":"SKIP","floor":28},{"not_picked":["Hologram","Compile Driver","Leap"],"picked":"SKIP","floor":31},{"not_picked":["Hyperbeam","Reboot"],"picked":"Fission","floor":33},{"not_picked":["Stack","Turbo+1"],"picked":"Chill+1","floor":35},{"not_picked":["Dramatic Entrance","Discovery"],"picked":"Finesse","floor":37},{"not_picked":["Rebound","Undo","Barrage"],"picked":"SKIP","floor":41},{"not_picked":["Conserve Battery+1","Heatsinks","Leap"],"picked":"Singing Bowl","floor":46}],"player_experience":981761,"relics_obtained":[{"floor":9,"key":"Shuriken"},{"floor":14,"key":"Ornamental Fan"},{"floor":23,"key":"White Beast Statue"},{"floor":25,"key":"HornCleat"},{"floor":26,"key":"Potion Belt"},{"floor":43,"key":"Singing Bowl"}],"event_choices":[{"damage_healed":0,"gold_gain":0,"player_choice":"Ignored","damage_taken":0,"max_hp_gain":0,"max_hp_loss":0,"event_name":"Golden Idol","floor":2,"gold_loss":0},{"damage_healed":0,"gold_gain":0,"player_choice":"Bought 2 Potions","damage_taken":0,"max_hp_gain":0,"max_hp_loss":0,"event_name":"The Woman in Blue","floor":3,"gold_loss":0},{"damage_healed":0,"gold_gain":50,"player_choice":"Pray","damage_taken":0,"max_hp_gain":0,"max_hp_loss":0,"event_name":"Golden Shrine","floor":11,"gold_loss":0},{"damage_healed":0,"gold_gain":0,"player_choice":"Read","damage_taken":0,"max_hp_gain":0,"max_hp_loss":0,"event_name":"The Library","floor":22,"gold_loss":0,"cards_obtained":["Gash"]},{"damage_healed":0,"gold_gain":0,"player_choice":"Obtained Relic","damage_taken":0,"relics_obtained":["Juzu Bracelet"],"max_hp_gain":0,"max_hp_loss":0,"event_name":"Addict","floor":30,"gold_loss":85},{"damage_healed":0,"gold_gain":0,"player_choice":"Memory 1","damage_taken":0,"max_hp_gain":0,"max_hp_loss":0,"event_name":"SensoryStone","floor":37,"gold_loss":0},{"damage_healed":0,"gold_gain":0,"player_choice":"0 cards matched","damage_taken":0,"max_hp_gain":0,"max_hp_loss":0,"event_name":"Match and Keep!","floor":38,"gold_loss":0,"cards_obtained":[]},{"damage_healed":0,"gold_gain":0,"player_choice":"Copied","damage_taken":0,"max_hp_gain":0,"max_hp_loss":0,"event_name":"Duplicator","floor":39,"gold_loss":0,"cards_obtained":["Scrape"]},{"damage_healed":0,"gold_gain":50,"player_choice":"Pray","damage_taken":0,"max_hp_gain":0,"max_hp_loss":0,"event_name":"Golden Shrine","floor":47,"gold_loss":0},{"damage_healed":0,"gold_gain":0,"player_choice":"Embrace Madness","damage_taken":15,"max_hp_gain":0,"max_hp_loss":0,"event_name":"Winding Halls","floor":48,"gold_loss":0,"cards_obtained":["Madness","Madness"]}],"is_beta":false,"boss_relics":[{"not_picked":["SlaversCollar","Fusion Hammer"],"picked":"FrozenCore"},{"not_picked":["Velvet Choker","Black Star"],"picked":"Cursed Key"}],"items_purged_floors":[13,36,45],"is_endless":false,"potions_floor_spawned":[4,7,16,18,23,25,27,28,31,33,35,41,46],"killed_by":"Awakened One","ascension_level":16}}