{"host":"vyiqbz5w606ur92t","time":1612110911,"event":{"mods":["BaseMod","Downfall","Minty Spire (QoL Compilation)","StSLib"],"gold_per_floor":[149,167,181,201,201,236,236,264,264,364,395,409,429,440,456,560,560,460,474,474,474,384,284,284,297,331,331,361,393,393,406,421,519,519,519,529,556,604,604,631,631,531,541,560,263,281,281,307,317,317,317,350,72,72,72,72],"floor_reached":57,"language":"ENG","playtime":7049,"items_purged":["champ:BladeFlurry","champ:Strike","champ:Defend"],"score":1584,"play_id":"4c2c42b2-cdbe-4c47-b39d-958573965a09","local_time":"20210131163511","is_ascension_mode":true,"campfire_choices":[{"data":"champ:Taunt","floor":1,"key":"SMITH"},{"floor":18,"key":"RECALL"},{"data":"champ:UltimateStance","floor":23,"key":"SMITH"},{"data":"champ:Improvising","floor":27,"key":"SMITH"},{"data":"champ:CheapShot","floor":30,"key":"SMITH"},{"data":"champ:UltimateStance","floor":35,"key":"SMITH"},{"data":"champ:CheapShot","floor":42,"key":"SMITH"},{"data":"champ:Lariat","floor":47,"key":"SMITH"},{"data":"champ:ArenaPreparation","floor":54,"key":"SMITH"}],"circlet_count":0,"master_deck":["champ:Strike+1","champ:Defend","champ:Defend","champ:Defend","champ:Execute","champ:Taunt+1","champ:FanOfKnives+1","champ:AdrenalArmor","champ:FaceSlap","champ:EnGarde","champ:RecklessLeap","champ:UltimateStance+1","champ:SwordSigil","champ:Improvising+1","champ:Duel","champ:StanceDance","champ:Lariat+1","champ:FocusedBerserking","champ:FaceSlap","champ:BringItOn","champ:CheapShot+1","champ:CrookedStrike+1","champ:StanceDance+1","champ:Encircle+1","champ:ArenaPreparation+1","champ:RageSigil","champ:CheapShot+1","champ:Lariat+1","champ:UltimateStance+1","champ:Haymaker+1","champ:Lariat+1","champ:EndlessRage+1","champ:LastStand+1","champ:BerserkerStyle+1","champ:RageSigil+1"],"relics":["Tiny House","champ:LiftRelic","FossilizedHelix","Prayer Wheel","Regal Pillow","InkBottle","Sozu","downfall:HeartBlessingGreen","downfall:HeartBlessingRed","Frozen Egg 2","Vajra","Frozen Eye","Pear","Coffee Dripper","StoneCalendar","Blue Candle","Anchor","Question Card","downfall:HeartBlessingBlue","Bag of Preparation","Chemical X","Pocketwatch","Strawberry","Happy Flower"],"acts_visited":["Exordium","TheCity","TheBeyond","TheEnding"],"potions_floor_usage":[6,8,13,14,56,56],"damage_taken":[{"damage":12,"enemies":"Small Slimes","floor":2,"turns":3},{"damage":13,"enemies":"2 Louse","floor":3,"turns":3},{"damage":25,"enemies":"Jaw Worm","floor":4,"turns":4},{"damage":58,"enemies":"Lagavulin","floor":6,"turns":7},{"damage":35,"enemies":"3 Sentries","floor":8,"turns":6},{"damage":50,"enemies":"downfall:Heads","floor":10,"turns":5},{"damage":20,"enemies":"Gremlin Nob","floor":11,"turns":3},{"damage":8,"enemies":"Blue Slaver","floor":12,"turns":3},{"damage":20,"enemies":"Exordium Wildlife","floor":13,"turns":3},{"damage":62,"enemies":"3 Louse","floor":14,"turns":4},{"damage":0,"enemies":"Large Slime","floor":15,"turns":2},{"damage":91,"enemies":"IC_STATUS_ARCHETYPE","floor":16,"turns":7},{"damage":17,"enemies":"Spheric Guardian","floor":19,"turns":4},{"damage":65,"enemies":"downfall:FleeingMerchant","floor":22,"turns":5},{"damage":0,"enemies":"Shell Parasite","floor":25,"turns":3},{"damage":81,"enemies":"Book of Stabbing","floor":26,"turns":5},{"damage":10,"enemies":"downfall:FleeingMerchant","floor":28,"turns":2},{"damage":35,"enemies":"Gremlin Leader","floor":29,"turns":2},{"damage":20,"enemies":"Sentry and Sphere","floor":31,"turns":2},{"damage":0,"enemies":"Cultist and Chosen","floor":32,"turns":2},{"damage":70,"enemies":"SI_MIRROR_ARCHETYPE","floor":33,"turns":7},{"damage":35,"enemies":"3 Shapes","floor":36,"turns":3},{"damage":61,"enemies":"2 Orb Walkers","floor":38,"turns":4},{"damage":115,"enemies":"Reptomancer","floor":40,"turns":4},{"damage":32,"enemies":"3 Darklings","floor":43,"turns":2},{"damage":80,"enemies":"Spire Growth","floor":44,"turns":3},{"damage":95,"enemies":"Maw","floor":46,"turns":3},{"damage":110,"enemies":"Nemesis","floor":48,"turns":4},{"damage":140,"enemies":"Sphere and 2 Shapes","floor":49,"turns":3},{"damage":147,"enemies":"DF_ARCHETYPE_ORBS","floor":50,"turns":3},{"damage":197,"enemies":"downfall:CharBossMerchant","floor":52,"turns":5},{"damage":258,"enemies":"downfall:NeowBoss","floor":55,"turns":8},{"damage":219,"enemies":"downfall:NeowBossFinal","floor":56,"turns":6}],"seed_played":"-1324497301422928625","potions_obtained":[{"floor":0,"key":"champ:TechniquePotion"},{"floor":2,"key":"Energy Potion"},{"floor":8,"key":"EntropicBrew"},{"floor":11,"key":"SkillPotion"},{"floor":13,"key":"champ:OpenerPotion"},{"floor":15,"key":"PowerPotion"}],"is_trial":false,"path_per_floor":["R","M","M","M","?","E","T","E","?","?","E","M","M","M","M","B",null,"R","M","?","?","$","R","T","M","E","R","$","E","R","M","M","B",null,"R","M","?","?","?","E","T","R","M","M","$","M","R","E","M","B",null,"E","$","R","B","B",null],"character_chosen":"THE_CHAMP","items_purchased":["champ:ArenaPreparation","Frozen Eye","Bag of Preparation","Chemical X","Happy Flower"],"campfire_rested":0,"item_purchase_floors":[28,28,45,45,53],"current_hp_per_floor":[95,93,90,90,90,77,77,77,77,67,82,84,74,75,75,64,95,95,93,93,74,89,89,89,89,88,88,93,108,108,110,110,110,110,110,110,110,110,105,95,95,105,118,120,120,120,120,120,120,120,120,127,127,127,111,78],"gold":72,"neow_bonus":"BOSS_RELIC","is_daily":false,"chose_seed":false,"campfire_upgraded":8,"win_rate":0.0,"timestamp":1612110911,"path_taken":["R","M","M","M","?","E","T","E","?","?","E","M","M","?","M","BOSS","R","M","?","?","$","R","T","M","E","R","$","E","R","M","M","BOSS","R","M","?","?","?","E","T","R","?","M","$","M","R","E","M","BOSS","E","$","R","BOSS","BOSS"],"items_purchased_type":["Card","Relic","Relic","Relic","Relic"],"build_version":"2020-12-22","purchased_purges":3,"victory":true,"max_hp_per_floor":[95,95,95,95,95,95,95,95,95,95,95,95,95,95,95,95,95,95,95,95,100,100,100,100,100,100,100,100,110,110,110,110,110,110,110,110,110,110,110,110,110,120,120,120,120,120,120,120,120,120,120,127,127,127,127,127],"card_choices":[{"not_picked":["champ:FancyFootwork","champ:Circumvent"],"picked":"champ:FanOfKnives","floor":0},{"not_picked":["champ:Haymaker","champ:DefensiveShout"],"picked":"champ:AdrenalArmor","floor":2},{"not_picked":["champ:Backstep","champ:PerfectedStrike"],"picked":"champ:FaceSlap","floor":3},{"not_picked":["champ:TornadoPunch","champ:FanOfKnives"],"picked":"champ:EnGarde","floor":4},{"not_picked":["champ:Haymaker","champ:GutPunch"],"picked":"champ:RecklessLeap","floor":6},{"not_picked":["champ:StanceDance","champ:Lariat"],"picked":"champ:UltimateStance","floor":8},{"not_picked":["champ:PerfectedStrike","champ:SetATrap"],"picked":"champ:SwordSigil","floor":10},{"not_picked":["champ:PreciseThrust","champ:DeathBlow"],"picked":"champ:Improvising","floor":11},{"not_picked":["champ:ShieldSigil","champ:Shatter"],"picked":"champ:Duel","floor":12},{"not_picked":["champ:PerfectedStrike","champ:Backstep","champ:ShieldSigil"],"picked":"SKIP","floor":12},{"not_picked":["champ:TornadoPunch","champ:GutPunch"],"picked":"champ:StanceDance","floor":13},{"not_picked":["champ:Haymaker","champ:GladiatorForm"],"picked":"champ:Lariat","floor":13},{"not_picked":["champ:TornadoPunch","champ:AdrenalArmor"],"picked":"champ:FocusedBerserking","floor":14},{"not_picked":["champ:ShieldSigil","champ:ViciousMockery"],"picked":"champ:FaceSlap","floor":14},{"not_picked":["champ:PerfectedStrike","champ:Backstep"],"picked":"champ:BringItOn","floor":15},{"not_picked":["champ:TornadoPunch","champ:GladiatorStyle","champ:FaceSlap"],"picked":"SKIP","floor":15},{"not_picked":["champ:LastStand","champ:EnchantSword"],"picked":"champ:CheapShot","floor":16},{"not_picked":["champ:RageSigil","champ:EnGarde"],"picked":"champ:CrookedStrike+1","floor":19},{"not_picked":["champ:FlashCut","champ:Circumvent","champ:CrownThrow"],"picked":"SKIP","floor":19},{"not_picked":["champ:BerserkersShout+1","champ:RageSigil"],"picked":"champ:StanceDance+1","floor":22},{"not_picked":["champ:HeartStrike","champ:BringItOn","champ:SetATrap"],"picked":"SKIP","floor":25},{"not_picked":["champ:CalledShot","champ:GladiatorStyle+1","champ:UltimateStance"],"picked":"SKIP","floor":25},{"not_picked":["champ:CalledShot","champ:StanceDance","champ:BringItOn"],"picked":"SKIP","floor":26},{"not_picked":["champ:AdrenalArmor","champ:TornadoPunch+1"],"picked":"champ:Encircle+1","floor":28},{"not_picked":["champ:FanOfKnives","champ:FocusedDefense","champ:ShieldSlam"],"picked":"SKIP","floor":29},{"not_picked":["champ:FaceSlap","champ:Haymaker"],"picked":"champ:RageSigil","floor":31},{"not_picked":["champ:RapidStrikes+1","champ:PreciseThrust","champ:IronFortress+1"],"picked":"SKIP","floor":31},{"not_picked":["champ:AdrenalArmor","champ:BladeFlurry"],"picked":"champ:CheapShot","floor":32},{"not_picked":["champ:DefensiveStyle+1","champ:Backstep"],"picked":"champ:Lariat+1","floor":32},{"not_picked":["champ:VampiricStrike","champ:ShieldThrow"],"picked":"champ:UltimateStance","floor":33},{"not_picked":["champ:PreciseThrust","champ:BringItOn","champ:FanOfKnives+1"],"picked":"SKIP","floor":36},{"not_picked":["champ:Circumvent","champ:FalseCounter","champ:PreemptiveStrike"],"picked":"SKIP","floor":36},{"not_picked":["champ:ViciousMockery+1","champ:Circumvent"],"picked":"champ:Haymaker+1","floor":38},{"not_picked":["champ:EnGarde","champ:RisingSlash"],"picked":"champ:Lariat+1","floor":40},{"not_picked":["champ:RecklessLeap","champ:StanceDance+1","champ:FlashCut"],"picked":"champ:EndlessRage+1","floor":43},{"not_picked":["champ:Circumvent+1","champ:Lariat","champ:FlashCut+1","champ:ShieldSigil"],"picked":"SKIP","floor":43},{"not_picked":["champ:EnragedBash","champ:TornadoPunch+1","champ:ViciousMockery","champ:SetATrap"],"picked":"SKIP","floor":44},{"not_picked":["champ:TornadoPunch","champ:GutPunch","champ:PerfectedStrike+1","champ:ShieldSlam"],"picked":"SKIP","floor":44},{"not_picked":["champ:FocusedDefense+1","champ:FlashCut+1","champ:BringItOn"],"picked":"champ:LastStand+1","floor":46},{"not_picked":["champ:GutPunch","champ:StanceDance+1","champ:Haymaker","champ:HoldFirm"],"picked":"SKIP","floor":46},{"not_picked":["champ:Haymaker","champ:CrownThrow+1","champ:TornadoPunch"],"picked":"champ:BerserkerStyle+1","floor":48},{"not_picked":["champ:PerfectedStrike","champ:BerserkersShout","champ:Haymaker+1","champ:PreemptiveStrike+1"],"picked":"SKIP","floor":49},{"not_picked":["champ:CalledShot","champ:Shatter+1","champ:StrikeOfGenius+1","champ:BringItOn+1"],"picked":"SKIP","floor":49},{"not_picked":["champ:TornadoPunch","champ:ShieldSigil+1","champ:DefensiveStyle+1"],"picked":"champ:RageSigil+1","floor":52}],"player_experience":1294616,"relics_obtained":[{"floor":6,"key":"FossilizedHelix"},{"floor":7,"key":"Prayer Wheel"},{"floor":8,"key":"Regal Pillow"},{"floor":11,"key":"InkBottle"},{"floor":24,"key":"Frozen Egg 2"},{"floor":26,"key":"Vajra"},{"floor":29,"key":"Pear"},{"floor":38,"key":"StoneCalendar"},{"floor":40,"key":"Anchor"},{"floor":41,"key":"Question Card"},{"floor":48,"key":"Pocketwatch"},{"floor":52,"key":"Strawberry"}],"event_choices":[{"damage_healed":0,"gold_gain":0,"player_choice":"Fight","damage_taken":0,"max_hp_gain":0,"max_hp_loss":0,"event_name":"Mysterious Sphere","floor":38,"gold_loss":0}],"is_beta":false,"boss_relics":[{"not_picked":["Empty Cage","bronze:MakeshiftBattery"],"picked":"Sozu"},{"not_picked":["Astrolabe","SlaversCollar"],"picked":"Coffee Dripper"}],"items_purged_floors":[22,28,53],"is_endless":false,"potions_floor_spawned":[2,8,11,13,15,25,26,29,31,40,43,46,49],"ascension_level":2}}