{"host":"oeh4wb93hhtrshvk","time":1612117172,"event":{"mods":["2.2 Compatiblity","AchievementEnabler","Act Like it!","Aspiration","BaseMod","Better Skull","Better Third Choice","Block Reminder","Card Filter","Colored Powertips","Conspire","Curses Come First","Defuse TimeMaze Blight","Displayed Cursed Tome","Downfall","Energized Spire","GifTheSpireLib","Hermit","Hubris","Infinite Spire","Marisa????????","Minty Spire (QoL Compilation)","Monster B Gone","Pale of the Ancients","Poor People Problems","Quick Restart","Rare Cards Sparkle","Relic Filter","Reliquary","Replay The Spire","Shop Mod","Spicy Shops","StS++","StSLib","The Blue Laboratory","The Cursed","The Disciple","Transform Curses","Wandering Minibosses","Weighted Paths","Wide Potions"],"gold_per_floor":[113,129,129,129,144,176,204,204,204,204,227,245,284,314,314,414,414,426,449,249,0,0,0,100,177,177,206,280,280],"floor_reached":28,"language":"FRA","playtime":1328,"items_purged":["Burn"],"score":335,"play_id":"7c40daea-75ec-4915-b675-0803bb1b01b4","local_time":"20210131191932","daily_mods":["Heirloom","DeadlyEvents"],"is_ascension_mode":false,"campfire_choices":[{"data":"Eruption","floor":8,"key":"SMITH"},{"data":"Wallop","floor":10,"key":"SMITH"},{"data":"LessonLearned","floor":15,"key":"SMITH"},{"data":"conspire:SpireCoStock","floor":23,"key":"SMITH"}],"circlet_count":0,"master_deck":["Eruption+1","Vigilance","CutThroughFate","Flame Barrier+1","Prostrate","Wallop+1","FollowUp+1","SashWhip+1","LessonLearned+1","Brilliance","FollowUp","conspire:SpireCoStock+1","conspire:SpireCoStock+1","conspire:SpireCoStock","conspire:SpireCoStock","Consecrate","Replay:DivineShield+1"],"relics":["PureWater","champ:DuelingGlove","Boot","StSpp:PetrifiedCaterpillar","Mercury Hourglass","Regal Pillow","HornCleat","Medical Kit","ReplayTheSpireMod:Ninjato","Bronze Scales"],"acts_visited":["Exordium","TheCity"],"potions_floor_usage":[14,18,25,25,25],"damage_taken":[{"damage":0,"enemies":"Jaw Worm","floor":1,"turns":4},{"damage":6,"enemies":"Small Slimes","floor":2,"turns":2},{"damage":0,"enemies":"2 Louse","floor":5,"turns":2},{"damage":0,"enemies":"Lagavulin","floor":6,"turns":3},{"damage":0,"enemies":"Blue Slaver","floor":7,"turns":4},{"damage":0,"enemies":"Looter","floor":11,"turns":2},{"damage":9,"enemies":"Exordium Thugs","floor":12,"turns":5},{"damage":0,"enemies":"Gremlin Nob","floor":13,"turns":2},{"damage":1,"enemies":"3 Sentries","floor":14,"turns":3},{"damage":26,"enemies":"The Guardian","floor":16,"turns":12},{"damage":0,"enemies":"3 Byrds","floor":18,"turns":1},{"damage":0,"enemies":"Spheric Guardian","floor":19,"turns":3},{"damage":0,"enemies":"Snecko","floor":24,"turns":5},{"damage":54,"enemies":"Gremlin Leader","floor":25,"turns":4},{"damage":4,"enemies":"Centurion and Healer","floor":27,"turns":3},{"damage":15,"enemies":"Slavers","floor":28,"turns":1}],"seed_played":"8116498118459461574","potions_obtained":[{"floor":5,"key":"SmokeBomb"},{"floor":11,"key":"blueLaboratory:NullPotion"},{"floor":12,"key":"blueLaboratory:AbyssPotion"},{"floor":13,"key":"blueLaboratory:PressurePotion"},{"floor":14,"key":"blueLaboratory:NullPotion"},{"floor":19,"key":"blueLaboratory:HorrorPotion"}],"is_trial":true,"path_per_floor":["M","M","?","?","M","E","M","R","T","R","M","M","E","E","R","B",null,"M","M","?","$","?","R","M","E","T","M","E"],"character_chosen":"WATCHER","items_purchased":["Medical Kit","Consecrate"],"campfire_rested":0,"item_purchase_floors":[21,21],"current_hp_per_floor":[72,66,61,61,61,61,61,61,61,61,61,52,52,51,51,25,72,72,72,72,72,72,72,72,18,18,14,0,0],"gold":280,"neow_bonus":"","is_daily":false,"chose_seed":false,"campfire_upgraded":4,"win_rate":0.0,"timestamp":1612117172,"path_taken":["M","M","?","?","M","E","?","R","T","R","M","M","E","?","R","BOSS","M","M","?","$","?","R","?","?","T","M","?"],"items_purchased_type":["Relic","Card"],"build_version":"2020-12-22","purchased_purges":1,"victory":false,"max_hp_per_floor":[72,72,72,72,72,72,72,72,72,72,72,72,72,72,72,72,72,72,72,72,72,72,72,72,72,72,72,72,72],"card_choices":[{"not_picked":["Crescendo","StSpp:Renounce"],"picked":"CutThroughFate","floor":1},{"not_picked":["Replay:ManipulateFuture","StSpp:Renounce","JustLucky"],"picked":"SKIP","floor":2},{"not_picked":["FearNoEvil","StSpp:LatentStrike"],"picked":"Prostrate","floor":5},{"not_picked":["Study","Perseverance"],"picked":"Wallop","floor":6},{"not_picked":["BowlingBash","FlurryOfBlows"],"picked":"FollowUp","floor":7},{"not_picked":["JustLucky","Replay:Vibes","Tantrum"],"picked":"SKIP","floor":11},{"not_picked":["Conclude","Swivel"],"picked":"SashWhip","floor":12},{"not_picked":["Replay:Battleflow","Replay:AtTheReady"],"picked":"LessonLearned","floor":13},{"not_picked":["Wallop","CrushJoints","Evaluate"],"picked":"SKIP","floor":14},{"not_picked":["MasterReality","Wish"],"picked":"Brilliance","floor":16},{"not_picked":["Replay:Battleflow","Tantrum"],"picked":"FollowUp","floor":19},{"not_picked":["Replay:ManipulateFuture","Study+1","Replay:BluntJabs"],"picked":"SKIP","floor":24},{"not_picked":["Meditate","SashWhip","Evaluate"],"picked":"SKIP","floor":25},{"not_picked":["LikeWater","Evaluate"],"picked":"Replay:DivineShield+1","floor":27}],"player_experience":654901,"relics_obtained":[{"floor":6,"key":"StSpp:PetrifiedCaterpillar"},{"floor":9,"key":"Mercury Hourglass"},{"floor":13,"key":"Regal Pillow"},{"floor":14,"key":"HornCleat"},{"floor":25,"key":"ReplayTheSpireMod:Ninjato"},{"floor":26,"key":"Bronze Scales"}],"event_choices":[{"damage_healed":61,"gold_gain":0,"player_choice":"Embrace Burn","damage_taken":0,"max_hp_gain":0,"max_hp_loss":72,"event_name":"betterThird:BetterShining","floor":4,"gold_loss":0},{"damage_healed":0,"gold_gain":0,"player_choice":"Invest 4","damage_taken":0,"max_hp_gain":0,"max_hp_loss":0,"event_name":"conspire:Investor","floor":20,"gold_loss":0},{"damage_healed":0,"gold_gain":0,"player_choice":"Materialism","damage_taken":0,"max_hp_gain":0,"max_hp_loss":8,"event_name":"betterThird:BetterWriting","floor":22,"gold_loss":0}],"is_beta":false,"boss_relics":[{"not_picked":["hubris:CrackedHourglass","Kintsugi","reliquary:KinkedSpring"]}],"items_purged_floors":[21],"is_endless":false,"potions_floor_spawned":[5,11,12,13,14,16,19],"killed_by":"Slavers","ascension_level":0}}