{"host":"rk1e5mmpnpniq13w","time":1612128285,"event":{"mods":["BaseMod","Colored Powertips","Hubris","Minty Spire (QoL Compilation)","Replay The Spire","StSLib","The Bug Knight"],"gold_per_floor":[110,110,125,143,143,176,161,12,12,12,26,39,39,52,12,115,115,135,135,135,115,126,126,151,161,161,184,201,201,221,22,22,22,22],"floor_reached":33,"language":"ENG","playtime":2634,"items_purged":[],"score":271,"play_id":"30ddef5b-e750-4673-8fc5-9749b045e8ec","local_time":"20210131162445","is_ascension_mode":false,"campfire_choices":[{"data":"HollowMod:CycloneSlash","floor":13,"key":"SMITH"},{"floor":23,"key":"REST"},{"floor":29,"key":"REST"},{"floor":32,"key":"REST"}],"circlet_count":0,"master_deck":["HollowMod:NailStrikeStart+1","HollowMod:NailStrikeStart","HollowMod:NailStrikeStart","HollowMod:QuickDashStart","HollowMod:QuickDashStart","HollowMod:QuickDashStart","HollowMod:QuickDashStart","HollowMod:FocusHealStart","HollowMod:PogoStrike+1","HollowMod:Grubsong+1","HollowMod:VengefulSpirit+1","HollowMod:NewJinnsSoul+1","HollowMod:CycloneSlash+1","Pot Of Greed","Pot Of Greed","HollowMod:GoodIntentions","HollowMod:CornifersMapStart","HollowMod:theNailsmith","HollowMod:SharpenedNail+1","HollowMod:SoulStrike+1","HollowMod:FallenFury","HollowMod:CrystalDash","HollowMod:RecoilStrike+1","HollowMod:InfectedAttack","HollowMod:HuntersJournal+1"],"relics":["HollowMod:VesselMask","Grinning Jar","Happy Flower","ReplayTheSpireMod:Shallot","Black Star","hubris:Icosahedron","Bronze Scales","Orichalcum","Ginger","Replay:Baseball","Gremlin Food"],"acts_visited":["Exordium","TheCity"],"potions_floor_usage":[16,18,25,25,28],"damage_taken":[{"damage":0,"enemies":"Jaw Worm","floor":1,"turns":3},{"damage":0,"enemies":"Cultist","floor":3,"turns":4},{"damage":0,"enemies":"Small Slimes","floor":4,"turns":4},{"damage":32,"enemies":"Lagavulin","floor":6,"turns":8},{"damage":0,"enemies":"Exordium Thugs","floor":7,"turns":4},{"damage":2,"enemies":"3 Louse","floor":11,"turns":6},{"damage":1,"enemies":"Blue Slaver","floor":12,"turns":5},{"damage":0,"enemies":"2 Fungi Beasts","floor":14,"turns":4},{"damage":42,"enemies":"HollowMod:FalseKnight","floor":16,"turns":11},{"damage":1,"enemies":"Chosen","floor":18,"turns":6},{"damage":16,"enemies":"2 Thieves","floor":21,"turns":4},{"damage":51,"enemies":"Sentry and Sphere","floor":22,"turns":10},{"damage":27,"enemies":"Gremlin Leader","floor":24,"turns":9},{"damage":14,"enemies":"Shelled Parasite and Fungi","floor":25,"turns":5},{"damage":0,"enemies":"Centurion and Healer","floor":28,"turns":5},{"damage":2,"enemies":"Snake Plant","floor":30,"turns":4},{"damage":66,"enemies":"HollowMod:NKGrimm","floor":33,"turns":8}],"seed_played":"-404293228800134099","potions_obtained":[{"floor":1,"key":"Venom Potion"},{"floor":6,"key":"Cursed Concoction"},{"floor":12,"key":"Explosive Potion"},{"floor":14,"key":"Swift Potion"},{"floor":18,"key":"Weak Potion"},{"floor":21,"key":"AttackPotion"}],"is_trial":false,"path_per_floor":["M","?","M","M","?","E","M","$","T","$","M","M","R","M","R","B",null,"M","?","?","M","M","R","E","M","T","T","M","R","M","$","R","B"],"character_chosen":"THE_BUGKNIGHT","items_purchased":["Happy Flower","Gremlin Food","HollowMod:HuntersJournal+1"],"campfire_rested":3,"item_purchase_floors":[8,31,31],"current_hp_per_floor":[75,75,75,75,75,43,49,49,49,49,57,66,66,72,72,36,75,74,74,74,58,13,35,18,4,4,4,4,26,30,30,52,0,0],"gold":22,"neow_bonus":"UPGRADE_CARD","is_daily":false,"chose_seed":false,"campfire_upgraded":1,"win_rate":0.0,"timestamp":1612128285,"path_taken":["M","?","?","?","?","E","M","$","T","?","M","M","R","M","R","BOSS","M","?","?","M","M","R","E","M","T","?","?","R","M","$","R","BOSS"],"items_purchased_type":["Relic","Relic","Card"],"build_version":"2020-12-22","purchased_purges":0,"victory":false,"max_hp_per_floor":[75,75,75,75,75,75,75,75,75,75,75,75,75,75,75,75,75,75,75,75,75,75,75,75,75,75,75,75,75,75,75,75,75,75],"card_choices":[{"not_picked":["HollowMod:DreamGate","HollowMod:ShadowDash"],"picked":"HollowMod:Grubsong","floor":1},{"not_picked":["HollowMod:Grubsong","HollowMod:DoubleDash"],"picked":"HollowMod:NewJinnsSoul","floor":3},{"not_picked":["HollowMod:BrokenVessel","HollowMod:SharpenedNail"],"picked":"HollowMod:CycloneSlash","floor":4},{"not_picked":["HollowMod:NewInfectedGuardian","HollowMod:NewGlowingWomb"],"picked":"HollowMod:GoodIntentions","floor":6},{"not_picked":["HollowMod:VengefulVoid","HollowMod:NewJinnsSoul"],"picked":"HollowMod:CornifersMapStart","floor":7},{"not_picked":["HollowMod:LifebloodCocoon","HollowMod:HowlingWraiths","HollowMod:CornifersMapStart"],"picked":"SKIP","floor":11},{"not_picked":["HollowMod:HeavyBlow","HollowMod:MawleksShell","HollowMod:ShadowDash"],"picked":"SKIP","floor":12},{"not_picked":["HollowMod:CornifersMapStart","HollowMod:TaintedHusks","HollowMod:MawleksShell"],"picked":"SKIP","floor":14},{"not_picked":["HollowMod:SoulMaster","HollowMod:ZotesMagnificence"],"picked":"HollowMod:theNailsmith","floor":16},{"not_picked":["HollowMod:PureNailStrike","HollowMod:WraithStrike+1"],"picked":"HollowMod:SharpenedNail+1","floor":18},{"not_picked":["HollowMod:NewJinnsSoul","HollowMod:VengefulVoid+1","HollowMod:DungDefenderAura"],"picked":"SKIP","floor":21},{"not_picked":["HollowMod:FallenFury","HollowMod:DreamGate+1"],"picked":"HollowMod:SoulStrike+1","floor":22},{"not_picked":["HollowMod:ShadowDash+1","HollowMod:CornifersMapStart"],"picked":"HollowMod:FallenFury","floor":24},{"not_picked":["HollowMod:SharpenedShadows","HollowMod:FallenFury"],"picked":"HollowMod:CrystalDash","floor":25},{"not_picked":["HollowMod:DreamGate","HollowMod:TaintedHusks"],"picked":"HollowMod:RecoilStrike+1","floor":28},{"not_picked":["HollowMod:NewLittleFool","HollowMod:SiblingsSouls"],"picked":"HollowMod:InfectedAttack","floor":30}],"player_experience":403263,"relics_obtained":[{"floor":6,"key":"Grinning Jar"},{"floor":9,"key":"ReplayTheSpireMod:Shallot"},{"floor":24,"key":"Bronze Scales"},{"floor":24,"key":"Orichalcum"},{"floor":26,"key":"Ginger"},{"floor":27,"key":"Replay:Baseball"}],"event_choices":[{"damage_healed":0,"gold_gain":0,"cards_transformed":["HollowMod:NailStrikeStart"],"player_choice":"Transformed","damage_taken":0,"max_hp_gain":0,"max_hp_loss":0,"event_name":"Transmorgrifier","floor":2,"gold_loss":0,"cards_obtained":["HollowMod:VengefulSpirit"]},{"damage_healed":0,"gold_gain":0,"player_choice":"Upgraded Two","damage_taken":0,"max_hp_gain":0,"max_hp_loss":0,"event_name":"Designer","floor":15,"gold_loss":40,"cards_upgraded":["HollowMod:Grubsong","HollowMod:VengefulSpirit"]},{"damage_healed":0,"gold_gain":0,"player_choice":"Ignored","damage_taken":0,"max_hp_gain":0,"max_hp_loss":0,"event_name":"Vampires","floor":19,"gold_loss":0}],"is_beta":false,"boss_relics":[{"not_picked":["Astrolabe","Runic Pyramid"],"picked":"Black Star"}],"items_purged_floors":[],"is_endless":false,"potions_floor_spawned":[1,6,12,14,18,21],"killed_by":"HollowMod:NKGrimm","ascension_level":0}}