{"host":"vyiqbz5w606ur92t","time":1612116227,"event":{"mods":["BaseMod","Downfall","Minty Spire (QoL Compilation)","StSLib"],"gold_per_floor":[99,144,189,189,189,279,354,444,489,489,534,579,741,271,316,616,616,516,561,561,88,133,178,178,268,313,313,113,158,158,248,293,593,593,593,638,572,572,617,662,662,357,382,472,472,517,562,652,697,697,697,787,189,189,189,189],"floor_reached":57,"language":"ENG","playtime":5218,"items_purged":["downfall:Aged","Slimebound:Strike_Slimebound","Regret","Regret","downfall:Haunted"],"score":1691,"play_id":"c1df66a9-b337-4171-b0b4-e69fee1fa4ca","local_time":"20210131180347","daily_mods":["Cursed Run","Blue Cards","Midas"],"is_ascension_mode":false,"campfire_choices":[{"floor":1,"key":"RECALL"},{"floor":18,"key":"REST"},{"floor":28,"key":"REST"},{"floor":35,"key":"REST"},{"floor":54,"key":"REST"}],"circlet_count":0,"master_deck":["Slimebound:Strike_Slimebound","Slimebound:Strike_Slimebound","Slimebound:Tackle","Slimebound:Defend_Slimebound","Slimebound:Defend_Slimebound","Slimebound:Defend_Slimebound","Slimebound:Defend_Slimebound","Slimebound:Split+1","Slimebound:CorrosiveSpit","Turbo","Barrage+1","Slimebound:Recollect","Slimebound:SamplingLick","Slimebound:GoopTackle","Pain","Meteor Strike","Slimebound:GoopTackle","Streamline","Slimebound:GoopSpray","Slimebound:ComboTackle","Slimebound:Equalize","Slimebound:RollThrough","Slimebound:TagTeam","Rebound","Heatsinks","expansioncontent:StudyTheSpire","Sweeping Beam","Coolheaded+1","Hyperbeam","Slimebound:ProtectTheBoss+1","RitualDagger+1","Slimebound:PrepareCrush","expansioncontent:YouAreMine+1","Recycle+1","Meteor Strike","Slimebound:TagTeam","Slimebound:Nibble","Decay","Buffer","Clumsy","Slimebound:OozeBath+1","Amplify+1","Sunder","Slimebound:LivingWall+1","Capacitor","Metamorphosis+1","Leap+1","Go for the Eyes","downfall:Aged","Clumsy"],"relics":["Cursed Key","Darkstone Periapt","Du-Vu Doll","TungstenRod","bronze:DecasWashers","Happy Flower","WarpedTongs","hexamod:BolsterEngine","Membership Card","Blue Candle","Omamori","sneckomod:SneckoTalon","downfall:HeartBlessingRed","Eternal Feather","HornCleat","Bag of Preparation","Vajra","downfall:HeartBlessingGreen","downfall:HeartBlessingBlue","champ:DuelingGlove","Snecko Eye","Toxic Egg 2","White Beast Statue","Pocketwatch","OrangePellets","Bag of Marbles","Art of War","Shuriken","bronze:BronzeIdol","Pantograph","Slimebound:AggressiveSlimeRelic","Thread and Needle","Lee\u0027s Waffle"],"acts_visited":["Exordium","TheCity","TheBeyond","TheEnding"],"potions_floor_usage":[14,16,33,46,48,52,53,56,56],"damage_taken":[{"damage":0,"enemies":"Small Slimes","floor":2,"turns":3},{"damage":1,"enemies":"Jaw Worm","floor":3,"turns":4},{"damage":16,"enemies":"Lagavulin","floor":6,"turns":6},{"damage":1,"enemies":"3 Sentries","floor":8,"turns":7},{"damage":0,"enemies":"Cultist","floor":9,"turns":2},{"damage":0,"enemies":"Lots of Slimes","floor":11,"turns":3},{"damage":5,"enemies":"3 Louse","floor":12,"turns":3},{"damage":18,"enemies":"Lagavulin Event","floor":13,"turns":3},{"damage":0,"enemies":"downfall:FleeingMerchant","floor":14,"turns":4},{"damage":2,"enemies":"Large Slime","floor":15,"turns":4},{"damage":5,"enemies":"IC_STATUS_ARCHETYPE","floor":16,"turns":4},{"damage":0,"enemies":"Shell Parasite","floor":19,"turns":2},{"damage":0,"enemies":"downfall:FleeingMerchant","floor":21,"turns":4},{"damage":0,"enemies":"Shelled Parasite and Fungi","floor":22,"turns":3},{"damage":0,"enemies":"Snecko","floor":23,"turns":3},{"damage":29,"enemies":"Gremlin Leader","floor":25,"turns":5},{"damage":1,"enemies":"Centurion and Healer","floor":26,"turns":5},{"damage":0,"enemies":"Shelled Parasite and Fungi","floor":29,"turns":3},{"damage":0,"enemies":"Slavers","floor":31,"turns":3},{"damage":0,"enemies":"Chosen and Byrds","floor":32,"turns":3},{"damage":0,"enemies":"WA_ARCHETYPE_CALM","floor":33,"turns":4},{"damage":0,"enemies":"3 Darklings","floor":36,"turns":2},{"damage":0,"enemies":"downfall:FleeingMerchant","floor":37,"turns":1},{"damage":5,"enemies":"3 Shapes","floor":39,"turns":2},{"damage":0,"enemies":"Jaw Worm Horde","floor":40,"turns":1},{"damage":0,"enemies":"Giant Head","floor":44,"turns":3},{"damage":0,"enemies":"Writhing Mass","floor":46,"turns":1},{"damage":0,"enemies":"Sphere and 2 Shapes","floor":47,"turns":2},{"damage":3,"enemies":"Nemesis","floor":48,"turns":5},{"damage":0,"enemies":"Transient","floor":49,"turns":5},{"damage":12,"enemies":"SI_POISON_ARCHETYPE","floor":50,"turns":4},{"damage":0,"enemies":"downfall:CharBossMerchant","floor":52,"turns":2},{"damage":3,"enemies":"downfall:NeowBoss","floor":55,"turns":9},{"damage":30,"enemies":"downfall:NeowBossFinal","floor":56,"turns":5}],"seed_played":"7510361231737359051","potions_obtained":[{"floor":3,"key":"Block Potion"},{"floor":9,"key":"sneckomod:MuddlingPotion"},{"floor":11,"key":"EssenceOfSteel"},{"floor":15,"key":"SmokeBomb"},{"floor":22,"key":"DuplicationPotion"},{"floor":29,"key":"DistilledChaos"},{"floor":30,"key":"CultistPotion"},{"floor":39,"key":"hexamod:SoulburnPotion"},{"floor":44,"key":"SteroidPotion"},{"floor":46,"key":"Dexterity Potion"},{"floor":48,"key":"SmokeBomb"},{"floor":49,"key":"DuplicationPotion"},{"floor":52,"key":"SneckoOil"}],"is_trial":false,"path_per_floor":["R","M","M","?","?","E","T","E","M","?","M","M","?","$","M","B",null,"R","M","?","$","M","M","T","E","M","?","R","M","?","E","M","B",null,"R","M","$","?","M","M","T","?","T","E","?","M","M","E","M","B",null,"E","$","R","B","B",null],"character_chosen":"SLIMEBOUND","items_purchased":["Membership Card","Blue Candle","Omamori","Slimebound:ComboTackle","Slimebound:Equalize","Heatsinks","expansioncontent:StudyTheSpire","Eternal Feather","HornCleat","Dexterity Potion","Toxic Egg 2","White Beast Statue","expansioncontent:YouAreMine+1","Recycle+1","OrangePellets","Bag of Marbles","Buffer","Slimebound:AggressiveSlimeRelic","Thread and Needle","Metamorphosis+1","Fruit Juice","Swift Potion","Lee\u0027s Waffle","Leap+1","Go for the Eyes"],"campfire_rested":4,"item_purchase_floors":[14,14,14,14,14,21,21,21,21,21,37,37,37,37,42,42,42,53,53,53,53,53,53,53,53],"current_hp_per_floor":[65,65,64,70,70,54,60,59,59,65,65,60,42,42,48,51,83,83,83,83,83,83,83,83,58,65,65,93,93,93,93,93,99,99,99,99,99,105,100,100,106,106,112,112,112,112,112,114,117,119,123,123,135,135,138,117],"gold":189,"neow_bonus":"","is_daily":true,"chose_seed":false,"campfire_upgraded":0,"win_rate":0.0,"timestamp":1612116227,"path_taken":["R","M","M","?","?","E","T","E","M","?","?","?","?","$","M","BOSS","R","M","?","$","M","M","T","E","M","?","R","M","?","E","M","BOSS","R","M","$","?","M","?","T","?","?","E","?","M","M","E","M","BOSS","E","$","R","BOSS","BOSS"],"items_purchased_type":["Relic","Relic","Relic","Card","Card","Card","Card","Relic","Relic","Potion","Relic","Relic","Card","Card","Relic","Relic","Card","Relic","Relic","Card","Potion","Potion","Relic","Card","Card"],"build_version":"2020-12-22","purchased_purges":5,"victory":true,"max_hp_per_floor":[65,65,65,71,71,71,77,77,77,83,83,83,83,83,83,83,83,83,83,83,83,83,83,83,83,83,83,93,93,93,93,93,99,99,99,99,99,105,105,105,111,111,117,117,117,117,117,117,117,123,123,123,135,135,141,147],"card_choices":[{"not_picked":["Beam Cell","Slimebound:HungryTackle"],"picked":"Turbo","floor":2},{"not_picked":["Beam Cell","Stack"],"picked":"Barrage","floor":3},{"not_picked":["Slimebound:SlimeSpikes","Lockon"],"picked":"Slimebound:Recollect","floor":6},{"not_picked":["Slimebound:ItLooksTasty","Darkness"],"picked":"Slimebound:SamplingLick","floor":8},{"not_picked":["Slimebound:AcidTongue","Loop"],"picked":"Slimebound:GoopTackle","floor":9},{"not_picked":["Beam Cell","Slimebound:SlimeSpikes"],"picked":"Meteor Strike","floor":11},{"not_picked":["Force Field","Slimebound:Gluttony"],"picked":"Slimebound:GoopTackle","floor":12},{"not_picked":["Turbo","Coolheaded"],"picked":"Streamline","floor":13},{"not_picked":["Slimebound:ItLooksTasty","Slimebound:Schlurp"],"picked":"Slimebound:GoopSpray","floor":14},{"not_picked":["Coolheaded","Beam Cell"],"picked":"Slimebound:RollThrough","floor":15},{"not_picked":["Creative AI","Fission"],"picked":"Slimebound:TagTeam","floor":16},{"not_picked":["Slimebound:PressTheAttack","Self Repair"],"picked":"Rebound","floor":19},{"not_picked":["Slimebound:SplitAcid","Doom and Gloom","Compile Driver"],"picked":"SKIP","floor":21},{"not_picked":["Conserve Battery","Slimebound:HauntingLick"],"picked":"Sweeping Beam","floor":22},{"not_picked":["Rebound","Slimebound:RollThrough","Slimebound:ItLooksTasty+1"],"picked":"SKIP","floor":23},{"not_picked":["Redo","Sweeping Beam+1"],"picked":"Coolheaded+1","floor":25},{"not_picked":["Slimebound:SlimeBarrage","Slimebound:SplitAcid"],"picked":"Hyperbeam","floor":26},{"not_picked":["Barrage","Genetic Algorithm"],"picked":"Slimebound:ProtectTheBoss+1","floor":29},{"not_picked":["Cold Snap+1","Slimebound:SplitAcid","Static Discharge"],"picked":"SKIP","floor":31},{"not_picked":["Slimebound:ViciousTackle+1","Sweeping Beam","Slimebound:LeechEnergy"],"picked":"SKIP","floor":32},{"not_picked":["Fission","Thunder Strike"],"picked":"Slimebound:PrepareCrush","floor":33},{"not_picked":["Slimebound:Gluttony+1","Slimebound:ItLooksTasty+1","Slimebound:SplitMire"],"picked":"SKIP","floor":36},{"not_picked":["Slimebound:SamplingLick","Turbo","Stack+1"],"picked":"SKIP","floor":37},{"not_picked":["Auto Shields+1","Slimebound:LeechEnergy"],"picked":"Slimebound:Nibble","floor":39},{"not_picked":["Slimebound:SlimeSpikes+1","Slimebound:LeechingTouch","Lockon+1"],"picked":"SKIP","floor":40},{"not_picked":["Defragment","Gash"],"picked":"Slimebound:OozeBath+1","floor":44},{"not_picked":["Cold Snap","Sweeping Beam","Slimebound:SplitMire+1"],"picked":"SKIP","floor":46},{"not_picked":["Slimebound:Schlurp+1","Slimebound:SplitBruiser+1"],"picked":"Amplify+1","floor":47},{"not_picked":["Rip and Tear","Slimebound:Dissolve+1"],"picked":"Sunder","floor":48},{"not_picked":["Ball Lightning+1","White Noise+1"],"picked":"Slimebound:LivingWall+1","floor":49},{"not_picked":["Slimebound:GrowthPunch+1","Sweeping Beam+1"],"picked":"Capacitor","floor":52}],"player_experience":1301665,"relics_obtained":[{"floor":6,"key":"TungstenRod"},{"floor":7,"key":"bronze:DecasWashers"},{"floor":8,"key":"Happy Flower"},{"floor":25,"key":"Bag of Preparation"},{"floor":31,"key":"champ:DuelingGlove"},{"floor":41,"key":"Pocketwatch"},{"floor":43,"key":"Art of War"},{"floor":44,"key":"Shuriken"},{"floor":48,"key":"bronze:BronzeIdol"},{"floor":52,"key":"Pantograph"}],"event_choices":[{"cards_removed":["Pain"],"damage_healed":0,"gold_gain":0,"player_choice":"Card Removal","damage_taken":0,"max_hp_gain":0,"max_hp_loss":0,"event_name":"The Cleric","floor":5,"gold_loss":0},{"damage_healed":0,"gold_gain":0,"player_choice":"Rummage","damage_taken":0,"relics_obtained":["WarpedTongs"],"max_hp_gain":0,"max_hp_loss":0,"event_name":"Accursed Blacksmith","floor":10,"gold_loss":0,"cards_obtained":["Pain"]}],"is_beta":false,"boss_relics":[{"not_picked":["Sozu","Coffee Dripper"],"picked":"sneckomod:SneckoTalon"},{"not_picked":["SlaversCollar","Astrolabe"],"picked":"Snecko Eye"}],"items_purged_floors":[14,21,37,42,53],"is_endless":false,"potions_floor_spawned":[3,9,11,15,22,23,25,29,39,40,44,46,47,48,49,52],"ascension_level":0}}