{"host":"gttgmv2wah99hzdm","time":1612124374,"event":{"mods":["AchievementEnabler","BaseMod","Bestiary","Block Reminder","Filter the Spire","Jorbs\u0027s Wanderer Trilogy","Minty Spire (QoL Compilation)","Relic Stats","StSLib","Weighted Paths","ojb\u0027s Info Mod"],"gold_per_floor":[114,114,114,133,133,152,152,181,259,269,269,269,281,297,297,297,297],"floor_reached":16,"language":"ENG","playtime":535,"items_purged":[],"score":204,"play_id":"6308870a-2867-4caa-9ca5-0bfb730d7332","local_time":"20210131141934","is_ascension_mode":true,"campfire_choices":[{"data":"Crippling Poison","floor":7,"key":"SMITH"},{"floor":12,"key":"REST"},{"floor":15,"key":"REST"}],"circlet_count":0,"master_deck":["AscendersBane","Strike_G","Strike_G","Strike_G","Strike_G","Defend_G","Defend_G","Defend_G","Defend_G","Defend_G","Survivor","Neutralize","Crippling Poison+1","Skewer","Flying Knee","Terror","Reflex","Prepared"],"relics":["HoveringKite","Ninja Scroll","Bottled Lightning","Unceasing Top","Mummified Hand"],"acts_visited":["Exordium"],"potions_floor_usage":[8,16,16],"damage_taken":[{"damage":4,"enemies":"Small Slimes","floor":1,"turns":5},{"damage":5,"enemies":"Jaw Worm","floor":4,"turns":6},{"damage":3,"enemies":"Cultist","floor":6,"turns":4},{"damage":18,"enemies":"Gremlin Nob","floor":8,"turns":4},{"damage":4,"enemies":"Exordium Wildlife","floor":10,"turns":2},{"damage":9,"enemies":"Large Slime","floor":13,"turns":6},{"damage":1,"enemies":"Exordium Thugs","floor":14,"turns":5},{"damage":39,"enemies":"The Guardian","floor":16,"turns":7}],"seed_played":"-7331377002219808504","potions_obtained":[{"floor":4,"key":"Weak Potion"},{"floor":6,"key":"ColorlessPotion"},{"floor":13,"key":"EntropicBrew"}],"is_trial":false,"path_per_floor":["M","?","?","M","T","M","R","E","T","M","?","R","M","M","R","B"],"character_chosen":"THE_SILENT","items_purchased":[],"campfire_rested":2,"item_purchase_floors":[],"current_hp_per_floor":[55,37,37,32,32,29,29,11,11,7,7,26,17,16,35,0,0],"gold":297,"neow_bonus":"BOSS_RELIC","is_daily":false,"chose_seed":false,"campfire_upgraded":1,"win_rate":0.0,"timestamp":1612124374,"path_taken":["M","?","?","?","?","M","R","E","T","M","?","R","?","M","R","BOSS"],"items_purchased_type":[],"build_version":"2020-12-22","purchased_purges":0,"victory":false,"max_hp_per_floor":[66,66,66,66,66,66,66,66,66,66,66,66,66,66,66,66,66],"relic_stats":{"counters":[8,39],"Mummified Hand":[0],"HoveringKite":[10],"obtain_stats":[{"Ninja Scroll":2,"Mummified Hand":9,"HoveringKite":0,"Bottled Lightning":5,"Unceasing Top":8,"Ring of the Snake":0},{"Ninja Scroll":1,"Mummified Hand":4,"HoveringKite":0,"Bottled Lightning":2,"Unceasing Top":4,"Ring of the Snake":0},{"Ninja Scroll":5,"Mummified Hand":19,"HoveringKite":0,"Bottled Lightning":11,"Unceasing Top":19,"Ring of the Snake":0}],"Unceasing Top":[2]},"card_choices":[{"not_picked":["Bane","PiercingWail"],"picked":"Crippling Poison","floor":1},{"not_picked":["Slice","Sucker Punch"],"picked":"Skewer","floor":4},{"not_picked":["Backflip","Riddle With Holes"],"picked":"Flying Knee","floor":6},{"not_picked":["Skewer","Underhanded Strike"],"picked":"Terror","floor":8},{"not_picked":["Sucker Punch","Setup","Terror"],"picked":"SKIP","floor":10},{"not_picked":["Malaise","Masterful Stab"],"picked":"Reflex","floor":13},{"not_picked":["Deflect","Sucker Punch"],"picked":"Prepared","floor":14}],"player_experience":1188203,"relics_obtained":[{"floor":5,"key":"Bottled Lightning"},{"floor":8,"key":"Unceasing Top"},{"floor":9,"key":"Mummified Hand"}],"event_choices":[{"damage_healed":0,"gold_gain":0,"player_choice":"Success","damage_taken":18,"relics_obtained":["Ninja Scroll"],"max_hp_gain":0,"max_hp_loss":0,"event_name":"Scrap Ooze","floor":2,"gold_loss":0},{"cards_removed":["Strike_G"],"damage_healed":0,"gold_gain":0,"player_choice":"Offered Basic","damage_taken":0,"max_hp_gain":0,"max_hp_loss":0,"event_name":"Bonfire Elementals","floor":3,"gold_loss":0},{"damage_healed":0,"gold_gain":0,"player_choice":"Ignored","damage_taken":0,"max_hp_gain":0,"max_hp_loss":0,"event_name":"Shining Light","floor":11,"gold_loss":0}],"is_beta":false,"boss_relics":[],"items_purged_floors":[],"is_endless":false,"potions_floor_spawned":[4,6,13],"killed_by":"The Guardian","ascension_level":20}}