{"host":"f9ntswufr8mq3t4y","time":1612106897,"event":{"mods":["AchievementEnabler","BaseMod","Best Route Mod","Block Reminder","Colored Map","Colored Powertips","Curses Come First","DeckTracker","Displayed Cursed Tome","Highlight Path","Minty Spire (QoL Compilation)","Permanent Neow","Quick Restart","Slay-I","StSLib"],"gold_per_floor":[117,127,127,143,154,154,173,173,173,498,498,514,514,525,525,622,622,635,635,635,645,555,580,118,118,118,144,144,157,157,157],"floor_reached":30,"language":"ENG","playtime":1300,"items_purged":[],"score":324,"play_id":"a807778a-fc3e-4b01-b59d-3da714bac09a","local_time":"20210131182817","is_ascension_mode":true,"campfire_choices":[{"data":"Normality","floor":6.0,"key":"PURGE"},{"data":"Echo Form","floor":8.0,"key":"SMITH"},{"data":"Strike_B","floor":11.0,"key":"PURGE"},{"data":"Strike_B","floor":13.0,"key":"PURGE"},{"floor":15.0,"key":"REST"},{"data":"Reboot","floor":25,"key":"SMITH"}],"circlet_count":0,"master_deck":["Defend_B","Defend_B","Zap","Dualcast","Undo","Echo Form+1","FTL","Auto Shields","Ball Lightning","Static Discharge","Reboot+1","Ball Lightning","Seek","Seek","Conserve Battery+1","Cold Snap+1"],"relics":["FrozenCore","Peace Pipe","StoneCalendar","Old Coin","TungstenRod","Thread and Needle","Lee\u0027s Waffle","Cables","StrikeDummy"],"acts_visited":["Exordium","TheCity"],"potions_floor_usage":[21,27],"damage_taken":[{"damage":1.0,"enemies":"2 Louse","floor":1.0,"turns":3.0},{"damage":1.0,"enemies":"Cultist","floor":2.0,"turns":3.0},{"damage":4.0,"enemies":"Small Slimes","floor":4.0,"turns":3.0},{"damage":8.0,"enemies":"Blue Slaver","floor":5.0,"turns":4.0},{"damage":11.0,"enemies":"Looter","floor":7.0,"turns":4.0},{"damage":9.0,"enemies":"Lagavulin","floor":10.0,"turns":7.0},{"damage":4.0,"enemies":"Exordium Thugs","floor":12.0,"turns":5.0},{"damage":10.0,"enemies":"Gremlin Gang","floor":14.0,"turns":4.0},{"damage":40.0,"enemies":"Hexaghost","floor":16.0,"turns":7.0},{"damage":4.0,"enemies":"3 Byrds","floor":18.0,"turns":4.0},{"damage":26,"enemies":"2 Thieves","floor":21,"turns":3},{"damage":60,"enemies":"Slavers","floor":23,"turns":7},{"damage":37,"enemies":"Gremlin Leader","floor":27,"turns":5},{"damage":0,"enemies":"Centurion and Healer","floor":29,"turns":7}],"seed_played":"2894107834290067522","potions_obtained":[{"floor":1.0,"key":"PotionOfCapacity"},{"floor":14.0,"key":"GamblersBrew"},{"floor":16.0,"key":"PowerPotion"},{"floor":18.0,"key":"FairyPotion"},{"floor":23,"key":"EssenceOfDarkness"}],"is_trial":false,"path_per_floor":["M","M","?","M","M","R","M","R","T","E","R","M","R","M","R","B",null,"M","?","?","M","?","E","$","R","T","E","$","M","R"],"character_chosen":"DEFECT","items_purchased":["Thread and Needle","Lee\u0027s Waffle"],"campfire_rested":1,"item_purchase_floors":[24,24],"current_hp_per_floor":[74,73,73,69,61,61,50,50,50,41,41,37,37,27,49,9,75,71,71,71,45,45,8,82,82,82,45,45,45,45,45],"gold":157,"neow_bonus":"ONE_RARE_RELIC","is_daily":false,"chose_seed":false,"campfire_upgraded":2,"win_rate":0.0,"timestamp":1612106897,"path_taken":["M","M","?","M","M","R","M","R","T","E","R","?","R","M","R","BOSS","M","?","?","M","?","E","$","R","T","E","$","?","R"],"items_purchased_type":["Relic","Relic"],"build_version":"2020-12-22","purchased_purges":0,"victory":false,"max_hp_per_floor":[75,75,75,75,75,75,75,75,75,75,75,75,75,75,75,75,75,75,75,75,75,75,75,82,82,82,82,82,82,82,82],"card_choices":[{"not_picked":["Turbo","Conserve Battery","Streamline"],"picked":"SKIP","floor":1.0},{"not_picked":["Recycle","Leap"],"picked":"Undo","floor":2.0},{"not_picked":["Beam Cell","Sweeping Beam"],"picked":"FTL","floor":4.0},{"not_picked":["Genetic Algorithm","FTL"],"picked":"Auto Shields","floor":5.0},{"not_picked":["Steam Power","Steam","Leap"],"picked":"SKIP","floor":7.0},{"not_picked":["Sweeping Beam","Turbo"],"picked":"Ball Lightning","floor":10.0},{"not_picked":["Steam","Streamline","Redo"],"picked":"SKIP","floor":12.0},{"not_picked":["Coolheaded","Defragment"],"picked":"Static Discharge","floor":14.0},{"not_picked":["All For One","Rainbow"],"picked":"Reboot","floor":16.0},{"not_picked":["Hologram","Storm"],"picked":"Ball Lightning","floor":18.0},{"not_picked":["Sunder+1","Hello World"],"picked":"Conserve Battery","floor":21},{"not_picked":["Darkness","Streamline"],"picked":"Cold Snap+1","floor":23},{"not_picked":["Gash","Redo","Cold Snap"],"picked":"SKIP","floor":27},{"not_picked":["Rebound","Fusion+1","Thunder Strike"],"picked":"SKIP","floor":29}],"player_experience":382520,"relics_obtained":[{"floor":9.0,"key":"StoneCalendar"},{"floor":10.0,"key":"Old Coin"},{"floor":23,"key":"TungstenRod"},{"floor":26,"key":"Cables"},{"floor":27,"key":"StrikeDummy"}],"event_choices":[{"damage_healed":0.0,"max_hp_gain":0.0,"max_hp_loss":0.0,"gold_gain":0.0,"cards_transformed":["Defend_B"],"event_name":"Transmorgrifier","player_choice":"Transformed","floor":3.0,"gold_loss":0.0,"damage_taken":0.0,"cards_obtained":["Echo Form"]},{"damage_healed":0.0,"max_hp_gain":0.0,"max_hp_loss":0.0,"gold_gain":0.0,"event_name":"Ghosts","player_choice":"Ignored","floor":19.0,"gold_loss":0.0,"damage_taken":0.0},{"damage_healed":0.0,"max_hp_gain":0.0,"max_hp_loss":0.0,"gold_gain":0.0,"cards_transformed":["Strike_B","Strike_B"],"event_name":"Drug Dealer","player_choice":"Became Test Subject","floor":20.0,"gold_loss":0.0,"damage_taken":0.0,"cards_obtained":["Seek","Seek"]},{"cards_removed":["Defend_B"],"damage_healed":0,"gold_gain":0,"player_choice":"Upgrade and Remove","damage_taken":0,"max_hp_gain":0,"max_hp_loss":0,"event_name":"Designer","floor":22,"gold_loss":90,"cards_upgraded":["Conserve Battery"]}],"is_beta":false,"boss_relics":[{"not_picked":["Pandora\u0027s Box","Snecko Eye"],"picked":"FrozenCore"}],"items_purged_floors":[],"is_endless":false,"potions_floor_spawned":[1,14,16,18,23],"ascension_level":4}}