{"host":"gf8hyl7jhl0is674","time":1612125426,"event":{"mods":["2.2 Compatiblity","Act Like it!","Aspiration","BaseMod","CapriCore","Chen","Colored Map","Gensokyo","Koishi","Marisa????????","Minty Spire (QoL Compilation)","Onozuka Komachi Mod","Permanent Neow","Reimu??????","Remilia_Scarlet Moed?????·?????3.3.5","Remilia??????","StSLib","The Administrix","The Blue Laboratory","The Immortal","The Jungle","The Servant 0.9.4","Waifu the Spire","Yakumo Yukari mod","Youmu??????"],"gold_per_floor":[116,116,132,146,161,188,188,205,255,28,46,79,26,42,42,144,144,155,175,88,99,99,99,126,26,26,26,46,46,46,65,65,166,166,179,198,217,74,74,74,84,98,98,112,112,126,126,140,140,140],"floor_reached":51,"language":"ENG","playtime":6980,"items_purged":["Defend_Lin:ReiMu","Strike_Lin:ReiMu"],"score":685,"play_id":"b2515ef8-ca38-4105-8e9e-f9f7f42c330b","local_time":"20210131133706","is_ascension_mode":false,"campfire_choices":[{"floor":7,"key":"REST"},{"floor":15,"key":"REST"},{"floor":23,"key":"REST"},{"floor":27,"key":"REST"},{"data":"SpringWay:ReiMu","floor":29,"key":"SMITH"},{"floor":32,"key":"REST"},{"data":"NB:ReiMu","floor":40,"key":"SMITH"},{"data":"Crusade:ReiMu","floor":45,"key":"SMITH"},{"data":"Meditation:ReiMu","floor":49,"key":"SMITH"}],"circlet_count":0,"master_deck":["NB:ReiMu+1","Stagnation:ReiMu","RunawayExorcism:ReiMu","SpringWay:ReiMu+1","Dagger Spray","Escape Plan","Heel Hook","Amulet:ReiMu","Enchanting:ReiMu","Amulet:ReiMu","Intuition:ReiMu","YinYangSange:ReiMu","Crusade:ReiMu+1","YinYangSange:ReiMu","Amulet:ReiMu","LearningPray:ReiMu","BlastKick2:ReiMu","Pray+1","Sanctity+1","BattleHymn+1","Adrenaline","Deadly Poison","Flying Knee","Prostrate","DeusExMachina","InherentArray:ReiMu+1","SpringWay:ReiMu+1","Revelation:ReiMu","PrayRite:ReiMu","RainPray2:ReiMu+1","JustLucky","Meditation:ReiMu+1"],"relics":["FlyPower:ReiMu","Nunchaku","Art of War","OrangePellets","Regal Pillow","aspiration:WatcherSkillbook","Gensokyo:DirgeOfMelancholy","Pen Nib","Boot","InkBottle","aspiration:StickyExplosives_weak","Sozu","aspiration:VileToxins","aspiration:HiddenCompartment"],"acts_visited":["Gensokyo:Gensokyo","Gensokyo:Gensokyoer","Gensokyo:Gensokyoest"],"potions_floor_usage":[6,11,16,21,24],"damage_taken":[{"damage":10,"enemies":"Gensokyo:Python","floor":1,"turns":6},{"damage":0,"enemies":"Gensokyo:2_Kodama","floor":3,"turns":3},{"damage":0,"enemies":"Gensokyo:Gryphon","floor":4,"turns":6},{"damage":0,"enemies":"Gensokyo:LivingMonolith","floor":5,"turns":3},{"damage":26,"enemies":"Gensokyo:Mamizou","floor":6,"turns":13},{"damage":0,"enemies":"Gensokyo:Python_and_Kodama","floor":8,"turns":4},{"damage":0,"enemies":"Gensokyo:2_Rabbits","floor":11,"turns":6},{"damage":18,"enemies":"Gensokyo:Cirno","floor":12,"turns":7},{"damage":6,"enemies":"Gensokyo:3_Kodama","floor":14,"turns":4},{"damage":10,"enemies":"Gensokyo:Reimu","floor":16,"turns":10},{"damage":17,"enemies":"Gensokyo:CosmicMonolith","floor":18,"turns":9},{"damage":28,"enemies":"Gensokyo:3_Dogs","floor":19,"turns":7},{"damage":11,"enemies":"Gensokyo:Chomper_and_Gloop","floor":21,"turns":9},{"damage":38,"enemies":"Gensokyo:Reisen","floor":24,"turns":11},{"damage":0,"enemies":"Gensokyo:Swordslinger","floor":28,"turns":6},{"damage":12,"enemies":"Gensokyo:Slime_Group","floor":31,"turns":5},{"damage":33,"enemies":"Gensokyo:Eternal_Rivals","floor":33,"turns":9},{"damage":0,"enemies":"Gensokyo:3_Bats","floor":35,"turns":3},{"damage":0,"enemies":"Gensokyo:AncientGuardian","floor":36,"turns":3},{"damage":0,"enemies":"Gensokyo:AtlasGolem","floor":37,"turns":4},{"damage":1,"enemies":"Gensokyo:Dusk_and_Dawn","floor":41,"turns":4},{"damage":0,"enemies":"Gensokyo:3_Boulders","floor":42,"turns":4},{"damage":0,"enemies":"Gensokyo:4_Bats","floor":44,"turns":3},{"damage":0,"enemies":"Gensokyo:AtlasGolem","floor":46,"turns":3},{"damage":0,"enemies":"Gensokyo:Sharpion","floor":48,"turns":3},{"damage":7,"enemies":"Gensokyo:Yuyuko","floor":50,"turns":7}],"seed_played":"-6593688004351721501","potions_obtained":[{"floor":3,"key":"blueLaboratory:PolymorphPotion"},{"floor":5,"key":"SpeedPotion"},{"floor":11,"key":"Weak Potion"},{"floor":14,"key":"GamblersBrew"},{"floor":21,"key":"blueLaboratory:ImpenetrablePotion"},{"floor":24,"key":"blueLaboratory:HummingbirdPotion"},{"floor":28,"key":"blueLaboratory:EnragingPotion"},{"floor":31,"key":"SteroidPotion"}],"is_trial":false,"path_per_floor":["M","?","M","M","M","E","R","M","T","$","M","E","$","M","R","B",null,"M","M","COS","M","?","R","E","$","T","R","M","R","?","M","R","B",null,"M","M","M","$","?","R","M","M","T","M","R","M","?","M","R","B",null],"character_chosen":"REIMU","items_purchased":["OrangePellets","Amulet:ReiMu","aspiration:VileToxins"],"campfire_rested":5,"item_purchase_floors":[10,13,38],"current_hp_per_floor":[55,55,55,55,55,29,48,48,48,48,48,30,30,24,58,48,65,48,20,20,9,9,43,5,5,5,39,39,39,39,27,61,28,65,65,65,65,65,65,65,64,64,64,64,64,64,65,65,65,65],"gold":140,"neow_bonus":"ONE_RANDOM_RARE_CARD","is_daily":false,"chose_seed":false,"campfire_upgraded":4,"win_rate":0.0,"timestamp":1612125426,"path_taken":["M","?","M","M","M","E","R","M","T","$","?","E","$","M","R","BOSS","M","M","COS","M","?","R","E","$","T","R","M","R","?","?","R","BOSS","M","?","?","$","?","R","M","M","T","M","R","M","?","?","R","BOSS"],"items_purchased_type":["Relic","Card","Relic"],"build_version":"2020-12-22","purchased_purges":2,"victory":true,"max_hp_per_floor":[65,65,65,65,65,65,65,65,65,65,65,65,65,65,65,65,65,65,65,65,65,65,65,65,65,65,65,65,65,65,65,65,65,65,65,65,65,65,65,65,65,65,65,65,65,65,65,65,65,65],"card_choices":[{"not_picked":["SubAcupoint:ReiMu","Conquer:ReiMu"],"picked":"SpringWay:ReiMu","floor":1},{"not_picked":["CollectionFlower2:ReiMu","PrepareRite:ReiMu"],"picked":"Amulet:ReiMu","floor":3},{"not_picked":["RainPray2:ReiMu","WonderfulDomain:ReiMu"],"picked":"Enchanting:ReiMu","floor":4},{"not_picked":["RainPray2:ReiMu","FantasyBorder:ReiMu"],"picked":"Amulet:ReiMu","floor":5},{"not_picked":["SpringWay:ReiMu","RainPray2:ReiMu"],"picked":"Intuition:ReiMu","floor":6},{"not_picked":["SubcavityInstant:ReiMu","RunawayExorcism:ReiMu"],"picked":"YinYangSange:ReiMu","floor":8},{"not_picked":["WonderfulDomain:ReiMu","AlertArray:ReiMu"],"picked":"Crusade:ReiMu","floor":11},{"not_picked":["CareerPray:ReiMu","Enchanting:ReiMu"],"picked":"YinYangSange:ReiMu","floor":12},{"not_picked":["CareerPray:ReiMu","Intuition:ReiMu"],"picked":"LearningPray:ReiMu","floor":14},{"not_picked":["Authority:ReiMu","Dreaming:ReiMu"],"picked":"BlastKick2:ReiMu","floor":16},{"not_picked":["Consecrate+1","Prostrate+1","FearNoEvil"],"picked":"Pray+1","floor":18},{"not_picked":["EmptyFist","EmptyBody","KamiRite:ReiMu"],"picked":"Sanctity+1","floor":19},{"not_picked":["PathToVictory","Intuition:ReiMu","OrbThrow:ReiMu","EmptyMind"],"picked":"SKIP","floor":21},{"not_picked":["EmergencyTakeOff:ReiMu","PayForSelf:ReiMu","OctopathBindingBorder2:ReiMu"],"picked":"BattleHymn+1","floor":24},{"not_picked":["SubcavityInstant:ReiMu","BattleHymn","ShadowOfCrow2:ReiMu","EmptyBody"],"picked":"SKIP","floor":28},{"not_picked":["Gathering:ReiMu","Consecrate","FlurryOfBlows+1"],"picked":"Prostrate","floor":31},{"not_picked":["Free:ReiMu","CleanRite:ReiMu","Judgement"],"picked":"DeusExMachina","floor":33},{"not_picked":["SafetyPray:ReiMu+1","BowlingBash","EmergencyTakeOff:ReiMu"],"picked":"InherentArray:ReiMu+1","floor":35},{"not_picked":["SashWhip","FollowUp","SpiritualOutbreak2:ReiMu+1"],"picked":"SpringWay:ReiMu+1","floor":36},{"not_picked":["TakeOff:ReiMu","Nirvana+1","Vengeance+1"],"picked":"Revelation:ReiMu","floor":37},{"not_picked":["AirStrike:ReiMu","OrbThrow:ReiMu+1","SandsOfTime+1"],"picked":"PrayRite:ReiMu","floor":41},{"not_picked":["FlyingSleeves+1","Adaptation+1","Sanctity"],"picked":"RainPray2:ReiMu+1","floor":42},{"not_picked":["Consecrate","AlertArray:ReiMu","Conquer:ReiMu","SashWhip+1"],"picked":"SKIP","floor":44},{"not_picked":["AlertArray:ReiMu+1","TightArray:ReiMu+1","CrushJoints"],"picked":"JustLucky","floor":46},{"not_picked":["FollowUp+1","PassingAway:ReiMu","PathToVictory"],"picked":"Meditation:ReiMu","floor":48}],"player_experience":360929,"relics_obtained":[{"floor":6,"key":"Nunchaku"},{"floor":9,"key":"Art of War"},{"floor":12,"key":"Regal Pillow"},{"floor":24,"key":"Boot"},{"floor":26,"key":"InkBottle"},{"floor":43,"key":"aspiration:HiddenCompartment"}],"event_choices":[],"is_beta":false,"boss_relics":[{"not_picked":["Pandora\u0027s Box","aspiration:SecretTechniqueScroll"],"picked":"aspiration:WatcherSkillbook"},{"not_picked":["aspiration:PoetsPen_weak","Fusion Hammer"],"picked":"Sozu"}],"items_purged_floors":[10,25],"is_endless":false,"potions_floor_spawned":[3,5,11,14,21,24,28,31,35,37,41,48],"ascension_level":0}}