{"host":"njb27ds59h4j3ikk","time":1612056917,"event":{"mods":["AchievementEnabler","BaseMod","Better Altar","Better Match","Better Note","Better Sensory Stone","Better Skull","Better Third Choice","BetterRewards","Downfall","Hermit","Hubris","Minty Spire (QoL Compilation)","Permanent Neow","Quarter Circle Forward PUNCH!","Quick Restart","Rare Cards Sparkle","Shop Mod","StSLib","Trackpad","Transform Curses"],"gold_per_floor":[114,124,134,134,134,159,159,187,242,257,215,215,215,225,225,299,299,317,332,70,87,97,122,122,154,154,154,154,154,154,186,186,257,257,270,270,281,293,293,293,320,370,645,645,676,676,702,702,702,702,702,702,33,66,66],"floor_reached":57,"language":"ENG","playtime":4797,"items_purged":[],"score":3933,"play_id":"09b5ae4a-78fa-4552-a350-a550ef235965","local_time":"20210130203517","is_ascension_mode":true,"campfire_choices":[{"floor":7.0,"key":"DIG"},{"floor":12.0,"key":"REST"},{"floor":15.0,"key":"DIG"},{"floor":24,"key":"DIG"},{"floor":28,"key":"DIG"},{"floor":32,"key":"DIG"},{"floor":40,"key":"RECALL"},{"floor":45,"key":"DIG"},{"floor":47,"key":"DIG"},{"floor":49,"key":"DIG"},{"floor":53,"key":"DIG"}],"circlet_count":0,"master_deck":["AscendersBane","Strike_R","Strike_R","Strike_R","Strike_R","Defend_R","Defend_R","Defend_R","Defend_R","Bash","Entrench","Headbutt","Flex","Wild Strike","hubris:CleavingFinish","Shrug It Off","Flash of Steel","Wild Strike","Power Through","Pommel Strike","Thunderclap","Armaments","Seek+1","Wraith Form v2+1","Rage","Berserk","Dropkick","Corruption","Hemokinesis","Limit Break","hubris:ReadiedAction","Discovery","Body Slam","Immolate","Perfected Strike","sneckomod:UnendingSupply+1","Iron Wave","Double Tap","Seeing Red","Seek+1","Twin Strike+1","Shrug It Off+1","Regret","Whirlwind","Reckless Charge","Fire Breathing","Swift Strike","Juggernaut"],"relics":["Burning Blood","Ornamental Fan","Shovel","MerchantsRug","hubris:ChampionShield","trackpad:SappingStone","Ginger","trackpad:FieryHotPepper","Thread and Needle","Lizard Tail","Boot","qcfpunch:Red_Beret","hubris:PeanutButter","Lantern","hubris:Teleporter","Akabeko","trackpad:ByrdBGone","MealTicket","Happy Flower","trackpad:WritersBlock","PreservedInsect","betterThird:SlimedRelic","hubris:ToyBattleship","SacredBark","Bronze Scales","StoneCalendar","Mummified Hand","trackpad:CultistFigurine","qcfpunch:Chain_With_Nametags","trackpad:IceCube","Vajra","champ:DuelingGlove","trackpad:DemonHeart","hubris:Towel","Potion Belt","Ancient Tea Set","qcfpunch:Unceasing_Flame","hexamod:CandleOfCauterizing","Strawberry","trackpad:BerserkersDraught","Sundial","trackpad:BottledShadow","qcfpunch:Broken_Tusk","trackpad:Mousetrap","Oddly Smooth Stone"],"acts_visited":["Exordium","TheCity","TheBeyond","TheEnding"],"potions_floor_usage":[33,42,51,51,56,56,56],"damage_taken":[{"damage":0.0,"enemies":"Cultist","floor":1.0,"turns":3.0},{"damage":0.0,"enemies":"Jaw Worm","floor":2.0,"turns":2.0},{"damage":0.0,"enemies":"2 Louse","floor":3.0,"turns":1.0},{"damage":0.0,"enemies":"Gremlin Nob","floor":6.0,"turns":2.0},{"damage":0.0,"enemies":"Lagavulin","floor":8.0,"turns":3.0},{"damage":0.0,"enemies":"2 Fungi Beasts","floor":10.0,"turns":1.0},{"damage":0.0,"enemies":"Gremlin Gang","floor":14.0,"turns":1.0},{"damage":18.0,"enemies":"The Guardian","floor":16.0,"turns":10.0},{"damage":0.0,"enemies":"3 Byrds","floor":18.0,"turns":2.0},{"damage":0.0,"enemies":"Spheric Guardian","floor":19.0,"turns":4.0},{"damage":0,"enemies":"Centurion and Healer","floor":21,"turns":4},{"damage":5,"enemies":"Snecko","floor":22,"turns":4},{"damage":3,"enemies":"Book of Stabbing","floor":23,"turns":4},{"damage":0,"enemies":"Slavers","floor":25,"turns":3},{"damage":0,"enemies":"Gremlin Leader","floor":31,"turns":3},{"damage":0,"enemies":"Champ","floor":33,"turns":8},{"damage":0,"enemies":"Orb Walker","floor":35,"turns":1},{"damage":0,"enemies":"3 Shapes","floor":37,"turns":4},{"damage":0,"enemies":"Maw","floor":38,"turns":5},{"damage":9,"enemies":"Reptomancer","floor":42,"turns":3},{"damage":0,"enemies":"Nemesis","floor":46,"turns":3},{"damage":0,"enemies":"Giant Head","floor":48,"turns":5},{"damage":0,"enemies":"Donu and Deca","floor":50,"turns":7},{"damage":79,"enemies":"Time Eater","floor":51,"turns":9},{"damage":0,"enemies":"Shield and Spear","floor":55,"turns":2},{"damage":6,"enemies":"The Heart","floor":56,"turns":6}],"seed_played":"-2872210242914227890","potions_obtained":[{"floor":2.0,"key":"BloodPotion"},{"floor":6.0,"key":"EssenceOfSteel"},{"floor":14.0,"key":"FearPotion"},{"floor":33,"key":"SmokeBomb"},{"floor":35,"key":"hexamod:SoulburnPotion"},{"floor":42,"key":"ColorlessPotion"}],"is_trial":false,"path_per_floor":["M","M","M","$","?","E","R","E","T","M","?","R","?","M","R","B",null,"M","M","$","M","M","E","R","E","T","?","R","?","T","E","R","B",null,"M","?","M","M","?","R","E","T","?","R","E","R","E","R","B","B",null,"R","$","E","B",null],"character_chosen":"IRONCLAD","items_purchased":["Ornamental Fan","MerchantsRug","Entrench","hubris:ChampionShield","trackpad:SappingStone","Headbutt","Flex","Thread and Needle","Wild Strike","hubris:CleavingFinish","Shrug It Off","Boot","qcfpunch:Red_Beret","Flash of Steel","Wild Strike","hubris:PeanutButter","Lantern","Power Through","SteroidPotion","Bronze Scales","Discovery","qcfpunch:Broken_Tusk","trackpad:Mousetrap","Fire Breathing","Swift Strike","FearPotion","SkillPotion","SteroidPotion"],"campfire_rested":1,"item_purchase_floors":[0,0,0,0,0,0,0,0,0,0,0,0,0,0,0,0,0,0,0,20,20,54,54,54,54,54,54,54],"current_hp_per_floor":[74,75,75,75,13,34,34,40,40,46,35,57,57,63,63,51,69,75,75,75,75,75,75,75,75,75,75,75,75,75,75,75,75,75,75,75,75,75,75,75,72,72,72,72,75,82,82,82,82,9,64,64,79,82,82],"gold":66,"neow_bonus":"","is_daily":false,"chose_seed":false,"campfire_upgraded":0,"win_rate":0.0,"timestamp":1612056917,"path_taken":["M","M","?","$","?","E","R","E","T","M","?","R","?","?","R","BOSS","M","M","$","M","M","E","R","E","T","?","R","?","?","E","R","BOSS","M","?","?","M","?","R","E","T","?","R","E","R","E","R","BOSS","BOSS","R","$","E","BOSS"],"items_purchased_type":["Relic","Relic","Card","Relic","Relic","Card","Card","Relic","Card","Card","Card","Relic","Relic","Card","Card","Relic","Relic","Card","Potion","Relic","Card","Relic","Relic","Card","Card","Potion","Potion","Potion"],"build_version":"2020-12-22","purchased_purges":0,"victory":true,"max_hp_per_floor":[75,75,75,75,75,75,75,75,75,75,75,75,75,75,75,75,75,75,75,75,75,75,75,75,75,75,75,75,75,75,75,75,75,75,75,75,75,75,75,75,75,75,75,75,75,82,82,82,82,82,82,82,82,82,82],"card_choices":[{"not_picked":["Rupture","True Grit"],"picked":"Pommel Strike","floor":1.0},{"not_picked":["Twin Strike","Clash"],"picked":"Thunderclap","floor":2.0},{"not_picked":["hubris:SharpeningStone","Sword Boomerang"],"picked":"Armaments","floor":3.0},{"not_picked":["Rampage","Sword Boomerang"],"picked":"Rage","floor":6.0},{"not_picked":["Thunderclap","Metallicize"],"picked":"Berserk","floor":8.0},{"not_picked":["True Grit","Combust"],"picked":"Dropkick","floor":10.0},{"not_picked":["Pommel Strike","Clash"],"picked":"Hemokinesis","floor":14.0},{"not_picked":["Berserk","Corruption"],"picked":"Limit Break","floor":16.0},{"not_picked":["Body Slam","Whirlwind"],"picked":"hubris:ReadiedAction","floor":18.0},{"not_picked":["Body Slam","Pommel Strike","Havoc"],"picked":"SKIP","floor":19.0},{"not_picked":["Searing Blow","Clothesline"],"picked":"Body Slam","floor":21},{"not_picked":["Cleave","Spot Weakness+1"],"picked":"Immolate","floor":22},{"not_picked":["Sever Soul+1","Cleave"],"picked":"Perfected Strike","floor":23},{"not_picked":["Searing Blow","Perfected Strike","Feel No Pain"],"picked":"SKIP","floor":25},{"not_picked":["Warcry","Wild Strike"],"picked":"Iron Wave","floor":31},{"not_picked":["Juggernaut","Offering"],"picked":"Double Tap","floor":33},{"not_picked":["Rage","Shrug It Off"],"picked":"Seeing Red","floor":35},{"not_picked":["Clash+1","Burning Pact+1"],"picked":"Twin Strike+1","floor":37},{"not_picked":["Bloodletting+1","Thunderclap+1"],"picked":"Shrug It Off+1","floor":38},{"not_picked":["Heavy Blade","Armaments","Impervious"],"picked":"SKIP","floor":42},{"not_picked":["Flex","Clothesline"],"picked":"Whirlwind","floor":46},{"not_picked":["Exhume","hubris:ReadiedAction"],"picked":"Reckless Charge","floor":48},{"not_picked":["Warcry+1","Uppercut"],"picked":"Juggernaut","floor":55}],"player_experience":1327248,"relics_obtained":[{"floor":6.0,"key":"MealTicket"},{"floor":7.0,"key":"Happy Flower"},{"floor":8.0,"key":"trackpad:WritersBlock"},{"floor":9.0,"key":"PreservedInsect"},{"floor":15.0,"key":"hubris:ToyBattleship"},{"floor":23,"key":"StoneCalendar"},{"floor":24,"key":"Mummified Hand"},{"floor":25,"key":"trackpad:CultistFigurine"},{"floor":26,"key":"qcfpunch:Chain_With_Nametags"},{"floor":28,"key":"trackpad:IceCube"},{"floor":31,"key":"Vajra"},{"floor":32,"key":"champ:DuelingGlove"},{"floor":42,"key":"Potion Belt"},{"floor":43,"key":"Ancient Tea Set"},{"floor":45,"key":"qcfpunch:Unceasing_Flame"},{"floor":46,"key":"hexamod:CandleOfCauterizing"},{"floor":47,"key":"Strawberry"},{"floor":48,"key":"trackpad:BerserkersDraught"},{"floor":49,"key":"Sundial"},{"floor":53,"key":"trackpad:BottledShadow"},{"floor":55,"key":"Oddly Smooth Stone"}],"event_choices":[{"damage_healed":0.0,"max_hp_gain":0.0,"max_hp_loss":0.0,"gold_gain":0.0,"event_name":"betterThird:BetterGoop","player_choice":"Slimed","floor":11.0,"gold_loss":42.0,"damage_taken":11.0},{"damage_healed":0.0,"max_hp_gain":0.0,"max_hp_loss":0.0,"gold_gain":0.0,"cards_transformed":["Strike_R"],"event_name":"Transmorgrifier","player_choice":"Transformed","floor":13.0,"gold_loss":0.0,"damage_taken":0.0,"cards_obtained":["Corruption"]},{"cards_removed":["Seek"],"damage_healed":0,"gold_gain":0,"player_choice":"Take \u0026 Give","damage_taken":0,"max_hp_gain":0,"max_hp_loss":0,"event_name":"betterNote:BetterNote","floor":27,"gold_loss":0,"cards_obtained":["sneckomod:UnendingSupply"]},{"damage_healed":0,"gold_gain":0,"player_choice":"Ignored","damage_taken":0,"max_hp_gain":0,"max_hp_loss":0,"event_name":"Vampires","floor":29,"gold_loss":0},{"damage_healed":0,"gold_gain":0,"player_choice":"Copied","damage_taken":0,"max_hp_gain":0,"max_hp_loss":0,"event_name":"Duplicator","floor":36,"gold_loss":0,"cards_obtained":["Seek"]},{"damage_healed":0,"gold_gain":275,"player_choice":"Desecrate","damage_taken":0,"max_hp_gain":0,"max_hp_loss":0,"event_name":"Golden Shrine","floor":44,"gold_loss":0,"cards_obtained":["Regret"]}],"is_beta":false,"boss_relics":[{"not_picked":["Runic Cube","SlaversCollar"],"picked":"SacredBark"},{"not_picked":["qcfpunch:Dark_Gi","bronze:MakeshiftBattery"],"picked":"trackpad:DemonHeart"}],"items_purged_floors":[],"is_endless":false,"potions_floor_spawned":[2,6,14,16,18,21,31,33,35,38,42],"ascension_level":20}}