{"host":"lktusdb9orijgc6z","time":1612115169,"event":{"mods":["BaseMod","Bestiary","Colored Map","Colored Powertips","Minty Spire (QoL Compilation)","Permanent Neow","Quick Restart","Relic Stats","StSLib","everything is the same but u backflip on backflip","slay the spire mod where everything is the same but ironclad has a cowboy hat"],"gold_per_floor":[115,115,128,2,2,27,27,27,27,55,67,78,105,122,122,221,221,233,250,267,278,41,76,76,101,127,127,127,139,139,155,155,253,253,273,273,288,58,70,96,96,125,162,174,206,218,242,286,298,310,322,334,18,48,48],"floor_reached":56,"language":"ENG","playtime":3160,"items_purged":["Bash","Spot Weakness"],"score":1883,"play_id":"3ac7848b-34a6-4282-a03a-cd432748c9a0","local_time":"20210131184609","is_ascension_mode":true,"campfire_choices":[{"floor":7,"key":"REST"},{"data":"Offering","floor":15,"key":"SMITH"},{"data":"Demon Form","floor":24,"key":"SMITH"},{"data":"Feel No Pain","floor":27,"key":"SMITH"},{"data":"Feel No Pain","floor":32,"key":"SMITH"},{"floor":41,"key":"REST"},{"data":"Metallicize","floor":46,"key":"SMITH"},{"floor":49,"key":"RECALL"},{"data":"Entrench","floor":52,"key":"SMITH"}],"circlet_count":0,"master_deck":["AscendersBane","Impervious","Shrug It Off","Feel No Pain+1","Whirlwind+1","Feel No Pain+1","Offering+1","Ghostly Armor","Uppercut+1","Second Wind","Anger+1","Feed+1","Intimidate","Pummel+1","Metallicize+1","Havoc","Cleave+1","Demon Form+1","Entrench+1","Power Through+1","Body Slam+1","Entrench+1","Heavy Blade+1","Burning Pact","Burning Pact+1","Sword Boomerang+1","Intimidate+1","Body Slam+1","Fiend Fire+1","Shockwave+1","Discovery","Juggernaut","Dark Embrace+1","True Grit","Havoc+1","Impervious","Havoc"],"relics":["Burning Blood","Molten Egg 2","Letter Opener","Blue Candle","Centennial Puzzle","Pandora\u0027s Box","Bag of Preparation","Eternal Feather","Thread and Needle","Nilry\u0027s Codex","Velvet Choker","Oddly Smooth Stone","MawBank","Ancient Tea Set","Orichalcum","TheAbacus","Happy Flower"],"acts_visited":["Exordium","TheCity","TheBeyond","TheEnding"],"potions_floor_usage":[6,10,13,16,23,25,33,35,35,48,50,55,55],"damage_taken":[{"damage":3,"enemies":"2 Louse","floor":1,"turns":2},{"damage":4,"enemies":"Small Slimes","floor":3,"turns":4},{"damage":32,"enemies":"Gremlin Nob","floor":6,"turns":5},{"damage":0,"enemies":"3 Sentries","floor":10,"turns":1},{"damage":7,"enemies":"Cultist","floor":11,"turns":4},{"damage":14,"enemies":"Gremlin Gang","floor":12,"turns":3},{"damage":20,"enemies":"Gremlin Nob","floor":13,"turns":3},{"damage":9,"enemies":"Looter","floor":14,"turns":3},{"damage":22,"enemies":"Slime Boss","floor":16,"turns":13},{"damage":8,"enemies":"Chosen","floor":18,"turns":5},{"damage":6,"enemies":"3 Byrds","floor":19,"turns":3},{"damage":14,"enemies":"3 Cultists","floor":20,"turns":4},{"damage":6,"enemies":"Snake Plant","floor":21,"turns":4},{"damage":12,"enemies":"Gremlin Leader","floor":23,"turns":10},{"damage":18,"enemies":"Book of Stabbing","floor":25,"turns":5},{"damage":11,"enemies":"Cultist and Chosen","floor":29,"turns":11},{"damage":18,"enemies":"Snecko","floor":31,"turns":5},{"damage":51,"enemies":"Collector","floor":33,"turns":10},{"damage":14,"enemies":"3 Darklings","floor":35,"turns":4},{"damage":25,"enemies":"Orb Walker","floor":37,"turns":3},{"damage":32,"enemies":"Transient","floor":39,"turns":5},{"damage":7,"enemies":"Giant Head","floor":40,"turns":7},{"damage":14,"enemies":"Nemesis","floor":42,"turns":6},{"damage":23,"enemies":"3 Darklings","floor":45,"turns":3},{"damage":6,"enemies":"Jaw Worm Horde","floor":47,"turns":4},{"damage":30,"enemies":"Reptomancer","floor":48,"turns":5},{"damage":27,"enemies":"Donu and Deca","floor":50,"turns":10},{"damage":20,"enemies":"Shield and Spear","floor":54,"turns":7},{"damage":42,"enemies":"The Heart","floor":55,"turns":7}],"seed_played":"-4582869123821471926","potions_obtained":[{"floor":3,"key":"GamblersBrew"},{"floor":11,"key":"Block Potion"},{"floor":12,"key":"Fire Potion"},{"floor":13,"key":"FearPotion"},{"floor":16,"key":"Block Potion"},{"floor":19,"key":"Weak Potion"},{"floor":25,"key":"SteroidPotion"},{"floor":33,"key":"AttackPotion"},{"floor":42,"key":"FearPotion"},{"floor":45,"key":"Block Potion"},{"floor":48,"key":"Energy Potion"}],"is_trial":false,"path_per_floor":["M","?","M","$","?","E","R","?","T","E","M","M","E","M","R","B",null,"M","M","M","M","$","E","R","E","T","R","?","M","?","M","R","B",null,"M","?","M","$","M","E","R","E","T","?","M","R","M","E","R","B",null,"R","$","E","B",null],"character_chosen":"IRONCLAD","items_purchased":["PowerPotion","DuplicationPotion","Burning Pact","Bag of Preparation","Juggernaut","PowerPotion","TheAbacus","Havoc"],"campfire_rested":2,"item_purchase_floors":[4,4,22,22,38,53,53,53],"current_hp_per_floor":[75,59,61,61,54,28,52,52,52,58,57,49,35,32,32,16,64,62,66,62,62,62,56,71,59,59,74,58,53,53,45,63,22,78,70,60,41,41,15,14,63,59,59,110,97,114,114,90,111,90,108,114,114,104,68],"gold":48,"neow_bonus":"ONE_RANDOM_RARE_CARD","is_daily":false,"chose_seed":false,"campfire_upgraded":6,"win_rate":0.0,"timestamp":1612115169,"path_taken":["M","?","M","$","?","E","R","?","T","E","?","M","E","M","R","BOSS","M","?","M","M","$","E","R","E","T","R","?","M","?","M","R","BOSS","M","?","M","$","M","E","R","E","T","?","M","R","?","E","R","BOSS","R","$","E","BOSS"],"items_purchased_type":["Potion","Potion","Card","Relic","Card","Potion","Relic","Card"],"build_version":"2020-12-22","purchased_purges":2,"victory":true,"max_hp_per_floor":[80,80,80,80,80,80,80,80,80,80,80,80,80,80,80,80,80,80,84,88,88,88,88,88,88,88,88,88,88,88,92,92,96,96,96,96,96,96,96,96,96,100,100,110,114,114,114,114,114,114,114,114,114,118,118],"relic_stats":{"Happy Flower":[2],"counters":[29,156],"Blue Candle":[1],"Eternal Feather":113,"Bag of Preparation":[32],"Letter Opener":[299],"Orichalcum":[6],"MawBank":132,"Burning Blood":174,"Centennial Puzzle":[66],"TheAbacus":[42],"Pandora\u0027s Box":["Intimidate","Pummel","Metallicize","Spot Weakness","Havoc","Cleave","Demon Form","Entrench"],"obtain_stats":[{"Happy Flower":54,"Nilry\u0027s Codex":28,"Blue Candle":10,"Velvet Choker":34,"Oddly Smooth Stone":40,"Eternal Feather":23,"Thread and Needle":25,"Bag of Preparation":22,"Letter Opener":9,"Orichalcum":48,"MawBank":42,"Ancient Tea Set":43,"Burning Blood":0,"Centennial Puzzle":13,"TheAbacus":53,"Molten Egg 2":6,"Pandora\u0027s Box":17},{"Happy Flower":28,"Nilry\u0027s Codex":15,"Blue Candle":4,"Velvet Choker":18,"Oddly Smooth Stone":22,"Eternal Feather":14,"Thread and Needle":15,"Bag of Preparation":13,"Letter Opener":3,"Orichalcum":26,"MawBank":23,"Ancient Tea Set":23,"Burning Blood":0,"Centennial Puzzle":7,"TheAbacus":27,"Molten Egg 2":3,"Pandora\u0027s Box":9},{"Happy Flower":149,"Nilry\u0027s Codex":69,"Blue Candle":12,"Velvet Choker":95,"Oddly Smooth Stone":114,"Eternal Feather":64,"Thread and Needle":69,"Bag of Preparation":54,"Letter Opener":11,"Orichalcum":132,"MawBank":120,"Ancient Tea Set":120,"Burning Blood":0,"Centennial Puzzle":22,"TheAbacus":142,"Molten Egg 2":11,"Pandora\u0027s Box":38}]},"card_choices":[{"not_picked":["Sword Boomerang","Warcry"],"picked":"Shrug It Off","floor":1},{"not_picked":["Body Slam","Dark Embrace"],"picked":"Feel No Pain","floor":3},{"not_picked":["Combust","Heavy Blade+1"],"picked":"Whirlwind+1","floor":6},{"not_picked":["Whirlwind+1","Disarm"],"picked":"Offering","floor":10},{"not_picked":["Anger+1","Spot Weakness"],"picked":"Ghostly Armor","floor":11},{"not_picked":["Pommel Strike+1","Headbutt+1"],"picked":"Uppercut+1","floor":12},{"not_picked":["Iron Wave+1","Body Slam+1"],"picked":"Second Wind","floor":13},{"not_picked":["Twin Strike+1","Wild Strike+1"],"picked":"Anger+1","floor":14},{"not_picked":["Impervious","Limit Break"],"picked":"Feed+1","floor":16},{"not_picked":["Fire Breathing","Warcry+1"],"picked":"Power Through+1","floor":18},{"not_picked":["Headbutt+1","Rage+1"],"picked":"Body Slam+1","floor":19},{"not_picked":["Body Slam+1","Clothesline+1"],"picked":"Entrench+1","floor":20},{"not_picked":["Iron Wave+1","Wild Strike+1"],"picked":"Heavy Blade+1","floor":21},{"not_picked":["Clash+1","Twin Strike+1"],"picked":"Burning Pact+1","floor":23},{"not_picked":["Iron Wave+1","Havoc"],"picked":"Sword Boomerang+1","floor":25},{"not_picked":["Wild Strike+1","Brutality"],"picked":"Intimidate+1","floor":29},{"not_picked":["Spot Weakness","Cleave+1"],"picked":"Body Slam+1","floor":31},{"not_picked":["Offering","Brutality"],"picked":"Fiend Fire+1","floor":33},{"not_picked":["Warcry","Feel No Pain"],"picked":"Shockwave+1","floor":35},{"not_picked":["Thinking Ahead","Blind"],"picked":"Secret Weapon","floor":36},{"not_picked":["Good Instincts","Flash of Steel+1"],"picked":"Discovery","floor":36},{"not_picked":["Cleave+1","Battle Trance","Twin Strike+1"],"picked":"SKIP","floor":37},{"not_picked":["Ghostly Armor","Thunderclap+1","Sword Boomerang+1"],"picked":"SKIP","floor":39},{"not_picked":["Uppercut+1","Anger+1"],"picked":"Dark Embrace+1","floor":40},{"not_picked":["Iron Wave+1","Hemokinesis+1"],"picked":"True Grit","floor":42},{"not_picked":["Perfected Strike+1","Body Slam+1"],"picked":"Havoc+1","floor":45},{"not_picked":["Whirlwind+1","Iron Wave+1","Burning Pact"],"picked":"SKIP","floor":47},{"not_picked":["Iron Wave+1","Bloodletting+1"],"picked":"Impervious","floor":48},{"not_picked":["Rage+1","Warcry+1","Anger+1"],"picked":"SKIP","floor":54}],"player_experience":726863,"relics_obtained":[{"floor":6,"key":"Molten Egg 2"},{"floor":9,"key":"Letter Opener"},{"floor":10,"key":"Blue Candle"},{"floor":13,"key":"Centennial Puzzle"},{"floor":23,"key":"Eternal Feather"},{"floor":25,"key":"Thread and Needle"},{"floor":28,"key":"Nilry\u0027s Codex"},{"floor":40,"key":"Oddly Smooth Stone"},{"floor":42,"key":"MawBank"},{"floor":43,"key":"Ancient Tea Set"},{"floor":48,"key":"Orichalcum"},{"floor":54,"key":"Happy Flower"}],"event_choices":[{"damage_healed":0,"gold_gain":0,"player_choice":"Entered Light","damage_taken":16,"max_hp_gain":0,"max_hp_loss":0,"event_name":"Shining Light","floor":2,"gold_loss":0,"cards_upgraded":["Defend_R","Strike_R"]},{"cards_removed":["Strike_R"],"damage_healed":0,"gold_gain":0,"player_choice":"Card Removal","damage_taken":7,"max_hp_gain":0,"max_hp_loss":0,"event_name":"Golden Wing","floor":5,"gold_loss":0},{"damage_healed":0,"gold_gain":0,"player_choice":"1 cards matched","damage_taken":0,"max_hp_gain":0,"max_hp_loss":0,"event_name":"Match and Keep!","floor":8,"gold_loss":0,"cards_obtained":["Feel No Pain"]},{"damage_healed":0,"gold_gain":0,"player_choice":"Obtained Book","damage_taken":16,"max_hp_gain":0,"max_hp_loss":0,"event_name":"Cursed Tome","floor":28,"gold_loss":0},{"damage_healed":0,"gold_gain":0,"player_choice":"Ignored","damage_taken":0,"max_hp_gain":0,"max_hp_loss":0,"event_name":"Ghosts","floor":30,"gold_loss":0},{"damage_healed":0,"gold_gain":0,"player_choice":"Memory 3","damage_taken":10,"max_hp_gain":0,"max_hp_loss":0,"event_name":"SensoryStone","floor":36,"gold_loss":0},{"cards_removed":["Secret Weapon"],"damage_healed":41,"gold_gain":0,"player_choice":"Offered Rare","damage_taken":0,"max_hp_gain":10,"max_hp_loss":0,"event_name":"Bonfire Elementals","floor":44,"gold_loss":0}],"is_beta":false,"boss_relics":[{"not_picked":["Tiny House","Runic Cube"],"picked":"Pandora\u0027s Box"},{"not_picked":["Black Star","Calling Bell"],"picked":"Velvet Choker"}],"items_purged_floors":[38,53],"is_endless":false,"potions_floor_spawned":[3,11,12,13,16,19,21,25,33,42,45,48],"ascension_level":10}}