{"host":"twbuyd87gsx4w7po","time":1612102168,"event":{"mods":["BaseMod","Downfall","Minty Spire (QoL Compilation)","StSLib"],"gold_per_floor":[99,112,126,126,36,50,100,100,125,146,146,184,214,252,286,401,413,325,364,386,398,398,398],"floor_reached":21,"language":"ENG","playtime":1831,"items_purged":["Pain"],"score":204,"play_id":"c6556309-4974-45e9-a1c3-462688b74ef7","local_time":"20210131060928","is_ascension_mode":true,"campfire_choices":[{"data":"hexamod:Sear","floor":1,"key":"SMITH"},{"data":"hexamod:EmpoweredFlame","floor":11,"key":"SMITH"},{"floor":18,"key":"RECALL"}],"circlet_count":0,"master_deck":["hexamod:Strike","hexamod:Strike+1","hexamod:Strike","hexamod:Strike","hexamod:Defend","hexamod:Defend","hexamod:Defend","hexamod:Defend","hexamod:Sear+1","hexamod:Float+1","hexamod:AdvancingGuard","hexamod:Firestarter","hexamod:StepThrough","hexamod:SecondSeal","hexamod:ThirdSeal","hexamod:EmpoweredFlame+1","hexamod:GhostOfSpireFuture","hexamod:RadiantFlame+1","hexamod:HexaLevel","hexamod:HauntingEcho","hexamod:SkipABeat","hexamod:EmpoweredFlame","hexamod:FifthSeal","hexamod:SixthSeal","hexamod:FirstSeal","hexamod:AdvancingGuard","hexamod:Hexaguard","hexamod:FourthSeal"],"relics":["hexamod:SpiritBrand","WarpedTongs","Lantern","MawBank","hexamod:IceCube","downfall:HeartBlessingGreen"],"acts_visited":["Exordium","TheCity"],"potions_floor_usage":[14,14,20,20],"damage_taken":[{"damage":2,"enemies":"Jaw Worm","floor":2,"turns":3},{"damage":0,"enemies":"Cultist","floor":3,"turns":3},{"damage":8,"enemies":"downfall:FleeingMerchant","floor":5,"turns":4},{"damage":3,"enemies":"2 Louse","floor":6,"turns":2},{"damage":0,"enemies":"Exordium Wildlife","floor":9,"turns":4},{"damage":0,"enemies":"Blue Slaver","floor":10,"turns":4},{"damage":7,"enemies":"Lagavulin","floor":12,"turns":7},{"damage":5,"enemies":"3 Louse","floor":13,"turns":4},{"damage":3,"enemies":"2 Fungi Beasts","floor":14,"turns":5},{"damage":3,"enemies":"Exordium Wildlife","floor":15,"turns":4},{"damage":21,"enemies":"SI_SHIV_ARCHETYPE","floor":16,"turns":8},{"damage":32,"enemies":"Chosen","floor":19,"turns":7},{"damage":16,"enemies":"3 Byrds","floor":20,"turns":5},{"damage":36,"enemies":"3 Cultists","floor":21,"turns":5}],"seed_played":"6219669596559834691","potions_obtained":[{"floor":9,"key":"Swift Potion"},{"floor":10,"key":"EssenceOfSteel"},{"floor":12,"key":"Weak Potion"},{"floor":14,"key":"Swift Potion"},{"floor":16,"key":"BlessingOfTheForge"}],"is_trial":false,"path_per_floor":["R","M","M","?","$","M","T","?","M","M","R","E","M","M","M","B",null,"R","M","M","M"],"character_chosen":"THE_SPIRIT","items_purchased":[],"campfire_rested":0,"item_purchase_floors":[],"current_hp_per_floor":[70,68,68,68,60,57,57,70,70,70,70,63,58,55,52,31,70,70,38,29,0,0,0],"gold":398,"neow_bonus":"UPGRADE_CARD","is_daily":false,"chose_seed":false,"campfire_upgraded":2,"win_rate":0.0,"timestamp":1612102168,"path_taken":["R","M","M","?","$","?","T","?","M","M","R","E","M","M","M","BOSS","R","M","M","M"],"items_purchased_type":[],"build_version":"2020-12-22","purchased_purges":1,"victory":false,"max_hp_per_floor":[70,70,70,70,70,70,70,70,70,70,70,70,70,70,70,70,70,70,70,70,70,70,70],"card_choices":[{"not_picked":["hexamod:SpectralSpark","hexamod:RainOfEmbers"],"picked":"hexamod:AdvancingGuard","floor":2},{"not_picked":["hexamod:GhostLash","hexamod:BurningTouch"],"picked":"hexamod:Firestarter","floor":3},{"not_picked":["hexamod:ShieldOfDarkness","hexamod:DynamicBlow"],"picked":"hexamod:StepThrough","floor":5},{"not_picked":["hexamod:FirstSeal","hexamod:RetreatToShadows"],"picked":"hexamod:SecondSeal","floor":6},{"not_picked":["hexamod:RecurringNightmare","hexamod:SuperheatedStrike"],"picked":"hexamod:ThirdSeal","floor":9},{"not_picked":["hexamod:Firestarter","hexamod:VolcanoVisage"],"picked":"hexamod:EmpoweredFlame","floor":10},{"not_picked":["hexamod:ChargedBarrage","hexamod:RecurringNightmare","hexamod:ShieldOfDarkness"],"picked":"SKIP","floor":10},{"not_picked":["hexamod:ThermalTransfer","hexamod:NightmareGuise"],"picked":"hexamod:GhostOfSpireFuture","floor":12},{"not_picked":["hexamod:PhantomFireball","hexamod:GhostShield"],"picked":"hexamod:RadiantFlame","floor":12},{"not_picked":["hexamod:NightmareStrike","hexamod:Hexaguard"],"picked":"hexamod:HexaLevel","floor":13},{"not_picked":["hexamod:BurningTouch","hexamod:SpectralAdrenaline","hexamod:GhostOfSpirePast"],"picked":"SKIP","floor":13},{"not_picked":["hexamod:BurningTouch","hexamod:SpectersWail"],"picked":"hexamod:HauntingEcho","floor":14},{"not_picked":["hexamod:SuperheatedStrike","hexamod:Firestarter"],"picked":"hexamod:SkipABeat","floor":14},{"not_picked":["hexamod:Again","hexamod:GhostShield"],"picked":"hexamod:EmpoweredFlame","floor":15},{"not_picked":["hexamod:RainOfEmbers","hexamod:GhostflameBarrier","hexamod:NightmareStrike"],"picked":"SKIP","floor":15},{"not_picked":["hexamod:GhostOfSpirePresent","hexamod:ForkedFlame"],"picked":"hexamod:FifthSeal","floor":16},{"not_picked":["hexamod:Toasty","hexamod:FifthSeal"],"picked":"hexamod:SixthSeal","floor":16},{"not_picked":["hexamod:SecondSeal","hexamod:FourthSeal"],"picked":"hexamod:FirstSeal","floor":19},{"not_picked":["hexamod:HeatMetal+1","hexamod:InspiringFlames"],"picked":"hexamod:AdvancingGuard","floor":19},{"not_picked":["hexamod:NightmareGuise","hexamod:RainOfEmbers","hexamod:Again"],"picked":"SKIP","floor":19},{"not_picked":["hexamod:Again","hexamod:NightmareStrike"],"picked":"hexamod:Hexaguard","floor":20},{"not_picked":["hexamod:SixthSeal","hexamod:FirstSeal"],"picked":"hexamod:FourthSeal","floor":20}],"player_experience":402212,"relics_obtained":[{"floor":7,"key":"Lantern"},{"floor":12,"key":"MawBank"}],"event_choices":[{"damage_healed":0,"gold_gain":0,"player_choice":"Rummage","damage_taken":0,"relics_obtained":["WarpedTongs"],"max_hp_gain":0,"max_hp_loss":0,"event_name":"Accursed Blacksmith","floor":4,"gold_loss":0,"cards_obtained":["Pain"]},{"damage_healed":23,"gold_gain":0,"player_choice":"Banana","damage_taken":0,"max_hp_gain":0,"max_hp_loss":0,"event_name":"Big Fish","floor":8,"gold_loss":0}],"is_beta":false,"boss_relics":[{"not_picked":["Cursed Key","Runic Pyramid"],"picked":"hexamod:IceCube"}],"items_purged_floors":[5],"is_endless":false,"potions_floor_spawned":[9,10,12,13,14,16],"killed_by":"3 Cultists","ascension_level":2}}