{"host":"nw4g04f085wnqcgt","time":1612075272,"event":{"mods":["AchievementEnabler","BaseMod","Colored Map","Colored Powertips","DeckTracker","Minty Spire (QoL Compilation)","Relic Sorter","SuperFastMode"],"gold_per_floor":[114,114,39,39,39,54,84,84,159,189,189,219,234,134,134,234,234,249,264,279,279,279,279,309,309,309,639,639,669,684,714,714,814,814,829,529,529,439,454,484,484,514,514,544,579,629,629,659,659,659],"floor_reached":51,"language":"ENG","playtime":10982,"items_purged":["Transmutation","Strike_R","Strike_R"],"score":955,"play_id":"7080e310-4010-4018-b18e-0650d8c1a388","local_time":"20210131014112","daily_mods":["Allstar","Diverse","Elite Swarm"],"is_ascension_mode":false,"campfire_choices":[{"floor":8,"key":"REST"},{"data":"Wish","floor":11,"key":"SMITH"},{"data":"Bullet Time","floor":15,"key":"SMITH"},{"data":"Creative AI","floor":23,"key":"SMITH"},{"data":"Battle Trance","floor":25,"key":"SMITH"},{"data":"Shockwave","floor":32,"key":"SMITH"},{"data":"Flash of Steel","floor":41,"key":"SMITH"},{"data":"Barricade","floor":47,"key":"SMITH"},{"floor":49,"key":"REST"}],"circlet_count":0,"master_deck":["Defend_R","Defend_R","Defend_R","Defend_R+1","Bash","Discovery+1","Blind","Impatience+1","Panacea","Prostrate","Hello World","Wish+1","FollowUp","Bash","Shrug It Off","DeusExMachina","Bullet Time+1","Shockwave+1","Creative AI+1","Outmaneuver","Battle Trance+1","Acrobatics","Darkness","Stack","Doppelganger+1","Scrawl+1","DeusExMachina+1","Doppelganger+1","CurseOfTheBell","Prostrate+1","Jack Of All Trades+1","Jack Of All Trades+1","Flash of Steel+1","Doppelganger+1","Alpha+1","Barricade+1","Noxious Fumes+1","Vault+1"],"relics":["Burning Blood","Incense Burner","Self Forming Clay","Paper Frog","Bronze Scales","Blood Vial","Sozu","Toxic Egg 2","Potion Belt","Old Coin","Ornamental Fan","Bottled Tornado","Calling Bell","Lantern","Shuriken","Gambling Chip","Akabeko","Bottled Flame","Blue Candle","TungstenRod","Anchor","Ginger","Gremlin Horn"],"acts_visited":["Exordium","TheCity","TheBeyond"],"potions_floor_usage":[24,42],"damage_taken":[{"damage":0,"enemies":"Small Slimes","floor":1,"turns":3},{"damage":2,"enemies":"Jaw Worm","floor":6,"turns":3},{"damage":19,"enemies":"Lagavulin","floor":7,"turns":7},{"damage":12,"enemies":"3 Sentries","floor":10,"turns":12},{"damage":7,"enemies":"Gremlin Nob","floor":12,"turns":4},{"damage":0,"enemies":"Cultist","floor":13,"turns":2},{"damage":16,"enemies":"Slime Boss","floor":16,"turns":5},{"damage":22,"enemies":"2 Thieves","floor":18,"turns":5},{"damage":3,"enemies":"Shell Parasite","floor":19,"turns":5},{"damage":7,"enemies":"Shelled Parasite and Fungi","floor":20,"turns":7},{"damage":3,"enemies":"Gremlin Leader","floor":24,"turns":9},{"damage":22,"enemies":"Slavers","floor":27,"turns":8},{"damage":0,"enemies":"Book of Stabbing","floor":29,"turns":5},{"damage":0,"enemies":"Snecko","floor":30,"turns":6},{"damage":8,"enemies":"Gremlin Leader","floor":31,"turns":8},{"damage":17,"enemies":"Collector","floor":33,"turns":10},{"damage":0,"enemies":"3 Darklings","floor":35,"turns":6},{"damage":0,"enemies":"3 Shapes","floor":39,"turns":5},{"damage":1,"enemies":"Giant Head","floor":40,"turns":4},{"damage":10,"enemies":"Nemesis","floor":42,"turns":5},{"damage":32,"enemies":"Reptomancer","floor":44,"turns":8},{"damage":12,"enemies":"Jaw Worm Horde","floor":45,"turns":4},{"damage":8,"enemies":"Mind Bloom Boss Battle","floor":46,"turns":5},{"damage":0,"enemies":"Nemesis","floor":48,"turns":5},{"damage":43,"enemies":"Awakened One","floor":50,"turns":7}],"seed_played":"7510361231737359051","potions_obtained":[{"floor":12,"key":"Ancient Potion"},{"floor":13,"key":"Weak Potion"}],"is_trial":false,"path_per_floor":["M","?","$","?","?","M","E","R","T","E","R","E","M","$","R","B",null,"M","M","M","?","?","R","E","R","T","E","?","E","M","E","R","B",null,"M","$","?","?","M","E","R","E","T","E","M","?","R","E","R","B",null],"character_chosen":"IRONCLAD","items_purchased":["Akabeko","Prostrate+1"],"campfire_rested":2,"item_purchase_floors":[36,36],"current_hp_per_floor":[80,62,62,46,46,50,37,61,61,55,55,54,62,62,62,54,80,64,69,70,70,70,70,75,75,75,61,61,69,77,77,77,68,80,80,80,70,70,78,80,80,76,76,52,48,48,48,56,80,43],"gold":659,"neow_bonus":"","is_daily":true,"chose_seed":false,"campfire_upgraded":7,"win_rate":0.0,"timestamp":1612075272,"path_taken":["M","?","$","?","?","?","E","R","T","E","R","E","M","$","R","BOSS","M","M","?","?","?","R","E","R","T","E","?","E","M","E","R","BOSS","M","$","?","?","?","E","R","E","T","E","M","?","R","E","R","BOSS"],"items_purchased_type":["Relic","Card"],"build_version":"2020-12-22","purchased_purges":3,"victory":true,"max_hp_per_floor":[80,80,80,80,80,80,80,80,80,80,80,80,80,80,80,80,80,80,80,80,80,80,80,80,80,80,80,80,80,80,80,80,80,80,80,80,80,80,80,80,80,80,80,80,80,80,80,80,80,80],"card_choices":[{"not_picked":["Conserve Battery","Prepared"],"picked":"Prostrate","floor":1},{"not_picked":["Conserve Battery","Protect"],"picked":"Shrug It Off","floor":6},{"not_picked":["Glass Knife","Die Die Die","Burst"],"picked":"SKIP","floor":7},{"not_picked":["Vault","Fiend Fire"],"picked":"DeusExMachina","floor":10},{"not_picked":["MasterReality","Bludgeon"],"picked":"Bullet Time","floor":12},{"not_picked":["Cloak And Dagger","JustLucky"],"picked":"Shockwave","floor":13},{"not_picked":["Vault","ConjureBlade"],"picked":"Creative AI","floor":16},{"not_picked":["BowlingBash","EmptyFist"],"picked":"Outmaneuver","floor":18},{"not_picked":["Wild Strike+1","Deadly Poison"],"picked":"Battle Trance","floor":19},{"not_picked":["Self Repair+1","Concentrate+1","FollowUp"],"picked":"SKIP","floor":20},{"not_picked":["Biased Cognition","Immolate"],"picked":"Doppelganger+1","floor":24},{"not_picked":["All For One","Devotion","Limit Break+1"],"picked":"SKIP","floor":27},{"not_picked":["Biased Cognition","Fiend Fire"],"picked":"Scrawl+1","floor":29},{"not_picked":["Acrobatics+1","Thunderclap","Blood for Blood"],"picked":"SKIP","floor":30},{"not_picked":["After Image","Amplify+1"],"picked":"DeusExMachina+1","floor":31},{"not_picked":["Buffer","Reboot+1"],"picked":"Doppelganger+1","floor":33},{"not_picked":["Searing Blow+1","Calculated Gamble+1","Blade Dance+1"],"picked":"SKIP","floor":35},{"not_picked":["Enlightenment+1","PanicButton+1"],"picked":"Jack Of All Trades+1","floor":37},{"not_picked":["PanicButton+1","Forethought+1"],"picked":"Jack Of All Trades+1","floor":37},{"not_picked":["Impatience+1","HandOfGreed"],"picked":"Flash of Steel","floor":37},{"not_picked":["Hologram+1","Steam+1","Compile Driver"],"picked":"SKIP","floor":39},{"not_picked":["Tools of the Trade","Reaper"],"picked":"Doppelganger+1","floor":40},{"not_picked":["Hyperbeam","Fission+1"],"picked":"Alpha+1","floor":42},{"not_picked":["Ragnarok","ConjureBlade+1"],"picked":"Barricade","floor":44},{"not_picked":["FollowUp+1","Skim+1"],"picked":"Noxious Fumes+1","floor":45},{"not_picked":["Limit Break+1","Storm of Steel+1"],"picked":"Vault+1","floor":48}],"player_experience":375319,"relics_obtained":[{"floor":7,"key":"Self Forming Clay"},{"floor":9,"key":"Paper Frog"},{"floor":10,"key":"Bronze Scales"},{"floor":12,"key":"Blood Vial"},{"floor":24,"key":"Toxic Egg 2"},{"floor":26,"key":"Potion Belt"},{"floor":27,"key":"Old Coin"},{"floor":29,"key":"Ornamental Fan"},{"floor":31,"key":"Bottled Tornado"},{"floor":34,"key":"Lantern"},{"floor":34,"key":"Shuriken"},{"floor":34,"key":"Gambling Chip"},{"floor":40,"key":"Bottled Flame"},{"floor":42,"key":"Blue Candle"},{"floor":43,"key":"TungstenRod"},{"floor":44,"key":"Anchor"},{"floor":46,"key":"Ginger"},{"floor":48,"key":"Gremlin Horn"}],"event_choices":[{"damage_healed":0,"gold_gain":0,"player_choice":"Success","damage_taken":18,"relics_obtained":["Incense Burner"],"max_hp_gain":0,"max_hp_loss":0,"event_name":"Scrap Ooze","floor":2,"gold_loss":0},{"damage_healed":0,"gold_gain":0,"player_choice":"Entered Light","damage_taken":16,"max_hp_gain":0,"max_hp_loss":0,"event_name":"Shining Light","floor":4,"gold_loss":0,"cards_upgraded":["Discovery","Impatience"]},{"damage_healed":0,"gold_gain":0,"player_choice":"4 cards matched","damage_taken":0,"max_hp_gain":0,"max_hp_loss":0,"event_name":"Match and Keep!","floor":5,"gold_loss":0,"cards_obtained":["Hello World","Wish","FollowUp","Bash"]},{"damage_healed":0,"gold_gain":0,"player_choice":"Read","damage_taken":0,"max_hp_gain":0,"max_hp_loss":0,"event_name":"The Library","floor":21,"gold_loss":0,"cards_obtained":["Acrobatics"]},{"damage_healed":0,"gold_gain":0,"cards_transformed":["Strike_R","Strike_R"],"player_choice":"Became Test Subject","damage_taken":0,"max_hp_gain":0,"max_hp_loss":0,"event_name":"Drug Dealer","floor":22,"gold_loss":0,"cards_obtained":["Darkness","Stack"]},{"damage_healed":0,"gold_gain":0,"player_choice":"Ignored","damage_taken":0,"max_hp_gain":0,"max_hp_loss":0,"event_name":"Vampires","floor":28,"gold_loss":0},{"damage_healed":0,"gold_gain":0,"player_choice":"Memory 3","damage_taken":10,"max_hp_gain":0,"max_hp_loss":0,"event_name":"SensoryStone","floor":37,"gold_loss":0},{"cards_removed":["Strike_R"],"damage_healed":0,"gold_gain":0,"player_choice":"Upgrade and Remove","damage_taken":0,"max_hp_gain":0,"max_hp_loss":0,"event_name":"Designer","floor":38,"gold_loss":90,"cards_upgraded":["Defend_R"]},{"damage_healed":0,"gold_gain":0,"player_choice":"Fight","damage_taken":0,"max_hp_gain":0,"max_hp_loss":0,"event_name":"MindBloom","floor":46,"gold_loss":0}],"is_beta":false,"boss_relics":[{"not_picked":["Mark of Pain","SlaversCollar"],"picked":"Sozu"},{"not_picked":["SacredBark","Velvet Choker"],"picked":"Calling Bell"}],"items_purged_floors":[3,14,36],"is_endless":false,"potions_floor_spawned":[12,13,18,24,30,31,40,42,46],"ascension_level":0}}