{"host":"fq5a7kd6406eba4c","time":1612069637,"event":{"mods":["AchievementEnabler","BaseMod","Best Route Mod","Block Reminder","Colored Map","Colored Powertips","Filter the Spire","Minty Spire (QoL Compilation)","Quick Restart","Relic Sorter","Relic Stats"],"gold_per_floor":[118,67,86,14,27,52,52,80,80,110,110,130,130,9,9,129,129,144,162,162,181,99,142,142,173,173,173,194,238,259,272,272,403,403,421,435,435,185,0,0,41,41,64,85,85,17,58,391,391,391,391,391,31,57,57],"floor_reached":56,"language":"ENG","playtime":4573,"items_purged":[],"score":1406,"play_id":"8d53cc9c-58aa-4347-80fa-179f2faea565","local_time":"20210130210717","is_ascension_mode":true,"campfire_choices":[{"data":"Double Energy","floor":7.0,"key":"SMITH"},{"data":"Rainbow","floor":15.0,"key":"SMITH"},{"data":"Chaos","floor":24,"key":"SMITH"},{"data":"White Noise","floor":27,"key":"SMITH"},{"data":"Doom and Gloom","floor":32,"key":"SMITH"},{"data":"Zap","floor":40,"key":"SMITH"},{"data":"Redo","floor":42,"key":"SMITH"},{"data":"Turbo","floor":45,"key":"SMITH"},{"floor":49,"key":"RECALL"},{"data":"Electrodynamics","floor":52,"key":"SMITH"}],"circlet_count":0,"master_deck":["Zap+1","Dualcast","Doom and Gloom+1","Self Repair","Core Surge+1","Sweeping Beam","Core Surge","Cold Snap","Melter+1","Double Energy+1","Conserve Battery","Coolheaded","White Noise+1","Stack","Multi-Cast","Chaos+1","BootSequence","Reinforced Body","Rainbow+1","Reboot","Auto Shields+1","Go for the Eyes+1","Consume+1","Cold Snap","Compile Driver+1","Undo+1","Genetic Algorithm","Electrodynamics+1","CurseOfTheBell","Conserve Battery+1","White Noise+1","Conserve Battery","Redo+1","Turbo+1","Glacier","Coolheaded","White Noise+1"],"relics":["Pandora\u0027s Box","Eternal Feather","Sundial","Strawberry","Gremlin Horn","Pear","Question Card","Inserter","Orichalcum","PreservedInsect","Matryoshka","InkBottle","Calling Bell","Potion Belt","StrikeDummy","Incense Burner","Whetstone","Red Mask","The Courier","HornCleat","Mango","Runic Capacitor","Pocketwatch","Turnip"],"acts_visited":["Exordium","TheCity","TheBeyond","TheEnding"],"potions_floor_usage":[21,23,23,36,36,50,55,55],"damage_taken":[{"damage":10.0,"enemies":"Small Slimes","floor":1.0,"turns":2.0},{"damage":0.0,"enemies":"Cultist","floor":3.0,"turns":2.0},{"damage":11.0,"enemies":"Jaw Worm","floor":5.0,"turns":4.0},{"damage":20.0,"enemies":"3 Sentries","floor":6.0,"turns":3.0},{"damage":11.0,"enemies":"Gremlin Nob","floor":8.0,"turns":4.0},{"damage":0.0,"enemies":"Lagavulin","floor":10.0,"turns":5.0},{"damage":8.0,"enemies":"Blue Slaver","floor":12.0,"turns":3.0},{"damage":17.0,"enemies":"Hexaghost","floor":16.0,"turns":7.0},{"damage":5,"enemies":"Chosen","floor":18,"turns":5},{"damage":0,"enemies":"Shell Parasite","floor":19,"turns":6},{"damage":31,"enemies":"Centurion and Healer","floor":21,"turns":9},{"damage":0,"enemies":"Gremlin Leader","floor":23,"turns":5},{"damage":8,"enemies":"Book of Stabbing","floor":25,"turns":6},{"damage":1,"enemies":"3 Cultists","floor":28,"turns":5},{"damage":1,"enemies":"Gremlin Leader","floor":29,"turns":7},{"damage":7,"enemies":"Snake Plant","floor":30,"turns":3},{"damage":8,"enemies":"Cultist and Chosen","floor":31,"turns":6},{"damage":48,"enemies":"Automaton","floor":33,"turns":12},{"damage":31,"enemies":"Orb Walker","floor":35,"turns":5},{"damage":35,"enemies":"3 Darklings","floor":36,"turns":5},{"damage":46,"enemies":"Giant Head","floor":41,"turns":9},{"damage":0,"enemies":"Transient","floor":44,"turns":5},{"damage":31,"enemies":"Nemesis","floor":47,"turns":9},{"damage":33,"enemies":"Donu and Deca","floor":50,"turns":12},{"damage":7,"enemies":"Shield and Spear","floor":54,"turns":5},{"damage":69,"enemies":"The Heart","floor":55,"turns":12}],"seed_played":"5980913908287042512","potions_obtained":[{"floor":1.0,"key":"Block Potion"},{"floor":3.0,"key":"PotionOfCapacity"},{"floor":12.0,"key":"SteroidPotion"},{"floor":21,"key":"EssenceOfDarkness"},{"floor":23,"key":"DuplicationPotion"},{"floor":28,"key":"FairyPotion"},{"floor":29,"key":"Regen Potion"},{"floor":35,"key":"Explosive Potion"},{"floor":47,"key":"Strength Potion"}],"is_trial":false,"path_per_floor":["M","?","M","$","M","E","R","E","T","E","?","M","?","$","R","B",null,"M","M","?","M","$","E","R","E","T","R","M","E","M","M","R","B",null,"M","M","?","$","?","R","E","R","T","M","R","$","E","?","R","B",null,"R","$","E","B",null],"character_chosen":"DEFECT","items_purchased":["White Noise","Rainbow","Block Potion","Glacier","Conserve Battery","Whetstone","DuplicationPotion","Glacier","Coolheaded","Runic Capacitor","Pocketwatch"],"campfire_rested":0,"item_purchase_floors":[4,14,14,22,38,38,38,46,46,53,53],"current_hp_per_floor":[72,72,72,72,68,48,57,60,60,84,61,60,35,35,44,27,92,92,92,92,68,68,75,87,86,86,92,92,92,92,91,92,51,92,68,49,49,49,49,67,28,46,46,46,64,64,54,54,75,49,106,106,106,99,37],"gold":57,"neow_bonus":"BOSS_RELIC","is_daily":false,"chose_seed":false,"campfire_upgraded":9,"win_rate":0.0,"timestamp":1612069637,"path_taken":["M","?","M","$","?","E","R","E","T","E","?","M","?","?","R","BOSS","M","M","?","M","$","E","R","E","T","R","M","E","M","M","R","BOSS","M","M","?","$","?","R","E","R","T","M","R","?","E","?","R","BOSS","R","$","E","BOSS"],"items_purchased_type":["Card","Card","Potion","Card","Card","Relic","Potion","Card","Card","Relic","Relic"],"build_version":"2020-12-22","purchased_purges":0,"victory":true,"max_hp_per_floor":[75,75,75,75,75,75,75,82,82,92,92,92,92,92,92,92,92,92,92,92,92,92,92,92,92,92,92,92,92,92,92,92,92,92,92,92,92,92,92,92,92,92,92,92,92,92,106,106,106,106,106,106,106,106,106],"relic_stats":{"Inserter":[63],"Gremlin Horn":[17,17],"counters":[26,156],"Eternal Feather":112,"PreservedInsect":288,"Whetstone":["Melter","Core Surge"],"Orichalcum":[126],"Question Card":18,"Sundial":[18],"Pandora\u0027s Box":["Doom and Gloom","Self Repair","Core Surge","Sweeping Beam","Core Surge","Cold Snap","Melter","Double Energy"],"Turnip":[2],"obtain_stats":[{"Gremlin Horn":9,"Mango":47,"Incense Burner":34,"Runic Capacitor":53,"Whetstone":38,"Matryoshka":26,"HornCleat":43,"Sundial":6,"Strawberry":8,"Red Mask":39,"Cracked Core":0,"InkBottle":29,"Potion Belt":34,"Pear":10,"Inserter":17,"Golden Idol":11,"Eternal Feather":2,"PreservedInsect":25,"The Courier":41,"Orichalcum":23,"Question Card":13,"Calling Bell":34,"Pandora\u0027s Box":0,"Turnip":54,"StrikeDummy":34,"Pocketwatch":53},{"Gremlin Horn":5,"Mango":23,"Incense Burner":18,"Runic Capacitor":24,"Whetstone":20,"Matryoshka":13,"HornCleat":21,"Sundial":4,"Strawberry":5,"Red Mask":20,"Cracked Core":0,"InkBottle":15,"Potion Belt":18,"Pear":6,"Inserter":8,"Golden Idol":6,"Eternal Feather":1,"PreservedInsect":13,"The Courier":21,"Orichalcum":12,"Question Card":7,"Calling Bell":18,"Pandora\u0027s Box":0,"Turnip":25,"StrikeDummy":18,"Pocketwatch":24},{"Gremlin Horn":15,"Mango":127,"Incense Burner":94,"Runic Capacitor":139,"Whetstone":104,"Matryoshka":61,"HornCleat":113,"Sundial":11,"Strawberry":15,"Red Mask":104,"Cracked Core":0,"InkBottle":73,"Potion Belt":94,"Pear":20,"Inserter":30,"Golden Idol":20,"Eternal Feather":2,"PreservedInsect":61,"The Courier":113,"Orichalcum":55,"Question Card":23,"Calling Bell":94,"Pandora\u0027s Box":0,"Turnip":144,"StrikeDummy":94,"Pocketwatch":139}],"InkBottle":[32],"Pocketwatch":[21]},"card_choices":[{"not_picked":["Turbo","Gash"],"picked":"Conserve Battery","floor":1.0},{"not_picked":["Heatsinks","Rebound"],"picked":"Coolheaded","floor":3.0},{"not_picked":["Steam","Ball Lightning"],"picked":"Stack","floor":5.0},{"not_picked":["Rip and Tear","Cold Snap"],"picked":"Multi-Cast","floor":6.0},{"not_picked":["Lockon","Sweeping Beam"],"picked":"Chaos","floor":8.0},{"not_picked":["Steam Power","Beam Cell"],"picked":"BootSequence","floor":10.0},{"not_picked":["Force Field","Self Repair"],"picked":"Reinforced Body","floor":12.0},{"not_picked":["Machine Learning","Multi-Cast","Meteor Strike"],"picked":"Reboot","floor":16.0},{"not_picked":["Gash","Steam","Leap"],"picked":"Auto Shields+1","floor":18},{"not_picked":["Rip and Tear","Fusion","Hologram","Rebound+1"],"picked":"SKIP","floor":19},{"not_picked":["Turbo","Ball Lightning","Barrage"],"picked":"Go for the Eyes+1","floor":21},{"not_picked":["Self Repair+1","Capacitor","Rebound","Doom and Gloom"],"picked":"SKIP","floor":23},{"not_picked":["Buffer","Glacier","Darkness+1"],"picked":"Consume+1","floor":25},{"not_picked":["Stack+1","Reprogram+1","Melter+1"],"picked":"Cold Snap","floor":28},{"not_picked":["Heatsinks+1","Static Discharge","Conserve Battery"],"picked":"Compile Driver+1","floor":29},{"not_picked":["Beam Cell","Hologram+1","Aggregate"],"picked":"Undo+1","floor":30},{"not_picked":["Cold Snap+1","Sweeping Beam","Reinforced Body"],"picked":"Genetic Algorithm","floor":31},{"not_picked":["Amplify","Machine Learning","Rainbow"],"picked":"Electrodynamics","floor":33},{"not_picked":["Force Field+1","Leap","FTL+1"],"picked":"Conserve Battery+1","floor":35},{"not_picked":["Cold Snap+1","Rebound+1","Fusion"],"picked":"White Noise+1","floor":36},{"not_picked":["Consume","Streamline+1","Machine Learning"],"picked":"Redo","floor":41},{"not_picked":["Gash+1","Reinforced Body+1","Heatsinks+1"],"picked":"Turbo","floor":44},{"not_picked":["Rainbow","Darkness","BootSequence","Reprogram+1"],"picked":"SKIP","floor":47},{"not_picked":["Chill+1","Cold Snap+1","Capacitor"],"picked":"White Noise+1","floor":54}],"player_experience":403154,"relics_obtained":[{"floor":6.0,"key":"Sundial"},{"floor":8.0,"key":"Strawberry"},{"floor":9.0,"key":"Gremlin Horn"},{"floor":10.0,"key":"Pear"},{"floor":23,"key":"Orichalcum"},{"floor":25,"key":"PreservedInsect"},{"floor":26,"key":"Matryoshka"},{"floor":29,"key":"InkBottle"},{"floor":34,"key":"Potion Belt"},{"floor":34,"key":"StrikeDummy"},{"floor":34,"key":"Incense Burner"},{"floor":41,"key":"The Courier"},{"floor":43,"key":"HornCleat"},{"floor":47,"key":"Mango"},{"floor":54,"key":"Turnip"}],"event_choices":[{"damage_healed":0.0,"max_hp_gain":0.0,"max_hp_loss":0.0,"gold_gain":0.0,"event_name":"WeMeetAgain","player_choice":"Paid Gold","floor":2.0,"gold_loss":51.0,"damage_taken":0.0,"relics_obtained":["Eternal Feather"]},{"damage_healed":0.0,"max_hp_gain":0.0,"max_hp_loss":0.0,"gold_gain":0.0,"event_name":"Golden Idol","player_choice":"Take Damage","floor":11.0,"gold_loss":0.0,"damage_taken":23.0,"relics_obtained":["Golden Idol"]},{"damage_healed":0.0,"max_hp_gain":0.0,"max_hp_loss":0.0,"gold_gain":0.0,"event_name":"Scrap Ooze","player_choice":"Success","floor":13.0,"gold_loss":0.0,"damage_taken":25.0,"relics_obtained":["Question Card"]},{"damage_healed":0,"gold_gain":0,"player_choice":"Ignored","damage_taken":0,"max_hp_gain":0,"max_hp_loss":0,"event_name":"Ghosts","floor":20,"gold_loss":0},{"cards_removed":["Glacier"],"damage_healed":0,"gold_gain":0,"player_choice":"Removed Skill","damage_taken":0,"max_hp_gain":0,"max_hp_loss":0,"event_name":"Falling","floor":37,"gold_loss":0},{"damage_healed":0,"gold_gain":0,"player_choice":"Paid","damage_taken":0,"relics_obtained":["Red Mask"],"max_hp_gain":0,"max_hp_loss":0,"event_name":"Tomb of Lord Red Mask","floor":39,"gold_loss":185},{"damage_healed":0,"gold_gain":333,"player_choice":"Gave Idol","damage_taken":0,"max_hp_gain":0,"max_hp_loss":0,"event_name":"The Moai Head","floor":48,"relics_lost":["Golden Idol"],"gold_loss":0}],"is_beta":false,"boss_relics":[{"not_picked":["Runic Pyramid","Ectoplasm"],"picked":"Inserter"},{"not_picked":["Nuclear Battery","Fusion Hammer"],"picked":"Calling Bell"}],"items_purged_floors":[],"is_endless":false,"potions_floor_spawned":[1,3,12,19,21,23,28,29,35,47],"ascension_level":1}}