{"host":"jumrmhf584hajrnz","time":1612125135,"event":{"mods":["BaseMod","Duelist Mod","GifTheSpireLib","Minty Spire (QoL Compilation)","Quick Restart","StSLib"],"gold_per_floor":[138,49,124,89,89,89,122,141,141,159,173,184,214,489,489,567,567,579,579,178,178,194,219,219,219,219],"floor_reached":25,"language":"ENG","playtime":1164,"items_purged":["Regret"],"score":658,"play_id":"d9c4f2b4-dfb3-4cd5-a2f5-5845d1b43635","local_time":"20210131213215","is_ascension_mode":true,"campfire_choices":[{"floor":6.0,"key":"REST"},{"floor":15,"key":"REST"}],"circlet_count":0,"master_deck":["theDuelist:MetalRaidersMetronome","theDuelist:OrbMetronome","theDuelist:MachineMonsterMetronome+1","theDuelist:BlockMetronome","theDuelist:BlockMetronome","theDuelist:RareSkillMetronome","theDuelist:AttackMetronome","theDuelist:SkillMetronome","theDuelist:HaneHane","theDuelist:Metronome","theDuelist:SkillMetronome","theDuelist:AttackMetronome","theDuelist:BlockMetronome","theDuelist:BlockMetronome+1","theDuelist:TrapMetronome","theDuelist:AttackMetronome","theDuelist:RareBlockMetronome","theDuelist:AttackMetronome","theDuelist:BigFire","theDuelist:UncommonAttackMetronome","theDuelist:Metronome","AscendersBane","theDuelist:PowerMetronome","theDuelist:AttackTheMoon","theDuelist:ArcaneSpellMetronome","theDuelist:ForbiddenLance","theDuelist:Raigeki","theDuelist:MillenniumGolem"],"relics":["theDuelist:MillenniumPuzzle","theDuelist:CardPoolRelic","theDuelist:CardPoolBasicRelic","theDuelist:BoosterPackPoolRelic","theDuelist:CardPoolAddRelic","theDuelist:CardPoolMinusRelic","theDuelist:CardPoolSaveRelic","theDuelist:CardPoolOptionsRelic","Potion Belt","StoneCalendar","theDuelist:GamblerChip","Charon\u0027s Ashes","MutagenicStrength","Eternal Feather"],"acts_visited":["Exordium","TheCity"],"potions_floor_usage":[13,16],"damage_taken":[{"damage":0.0,"enemies":"Cultist","floor":1.0,"turns":3.0},{"damage":11,"enemies":"Lagavulin","floor":7,"turns":4},{"damage":7,"enemies":"2 Louse","floor":8,"turns":2},{"damage":0,"enemies":"Small Slimes","floor":10,"turns":3},{"damage":0,"enemies":"3 Louse","floor":11,"turns":2},{"damage":16,"enemies":"Blue Slaver","floor":12,"turns":3},{"damage":5,"enemies":"3 Sentries","floor":13,"turns":4},{"damage":0,"enemies":"Slime Boss","floor":16,"turns":6},{"damage":21,"enemies":"3 Byrds","floor":18,"turns":6},{"damage":7,"enemies":"Chosen","floor":22,"turns":5},{"damage":0,"enemies":"theDuelist:KaibaA2","floor":23,"turns":3},{"damage":33,"enemies":"Book of Stabbing","floor":25,"turns":4}],"seed_played":"-3321469584909257768","potions_obtained":[{"floor":8,"key":"DuplicationPotion"},{"floor":10,"key":"theDuelist:WaterBottle"},{"floor":12,"key":"AttackPotion"},{"floor":16,"key":"theDuelist:LavaBottle"},{"floor":18,"key":"theDuelist:StunPotion"},{"floor":23,"key":"theDuelist:TokenPotion"}],"is_trial":false,"path_per_floor":["M","$","?","?","?","R","E","M","T","M","M","M","E","?","R","B",null,"M","?","$","?","M","E","?","E"],"character_chosen":"THE_DUELIST","items_purchased":["theDuelist:AttackTheMoon","Charon\u0027s Ashes"],"campfire_rested":2,"item_purchase_floors":[2,20],"current_hp_per_floor":[45,45,34,51,30,51,40,33,33,33,33,17,12,12,33,33,61,40,40,40,40,33,33,33,0,0],"gold":219,"neow_bonus":"THREE_RARE_CARDS","is_daily":false,"chose_seed":false,"campfire_upgraded":0,"win_rate":0.0,"timestamp":1612125135,"path_taken":["M","?","?","?","?","R","E","M","T","?","M","?","E","?","R","BOSS","M","?","$","?","M","E","?","E"],"items_purchased_type":["Card","Relic"],"build_version":"2020-12-22","purchased_purges":1,"victory":false,"max_hp_per_floor":[70,70,70,70,70,70,70,70,70,70,70,70,70,70,70,70,70,70,70,70,70,70,70,70,70,70],"card_choices":[{"not_picked":["theDuelist:MagnetMetronome","theDuelist:Metronome"],"picked":"theDuelist:RareSkillMetronome","floor":0.0},{"not_picked":["theDuelist:ZombieMetronome","theDuelist:WyrmMetronome","theDuelist:SkillMetronome","theDuelist:GhostrickMetronome"],"picked":"theDuelist:MachineMonsterMetronome","floor":1.0},{"not_picked":["theDuelist:ShiranuiMetronome","theDuelist:RareNatureMetronome","theDuelist:PelagicMetronome","theDuelist:BlockMetronome"],"picked":"theDuelist:OrbMetronome","floor":7},{"not_picked":["theDuelist:RecklessMetronome","theDuelist:PlantMetronome","theDuelist:BlockSpellMetronome","theDuelist:BlockMetronome"],"picked":"theDuelist:MetalRaidersMetronome","floor":8},{"not_picked":["theDuelist:EarthquakeGiant","theDuelist:ClearKuriboh","theDuelist:BattleguardKing","theDuelist:EvilswarmHeliotrope"],"picked":"theDuelist:BigFire","floor":10},{"not_picked":["theDuelist:WarriorMetronome","theDuelist:RecklessMetronome","theDuelist:PredaplantMetronome","theDuelist:OjamaMetronome"],"picked":"theDuelist:RareBlockMetronome","floor":11},{"not_picked":["theDuelist:BattleOx","theDuelist:GraniteLoyalist","theDuelist:PreventRat","theDuelist:HarpieFeather"],"picked":"theDuelist:HaneHane","floor":12},{"not_picked":["theDuelist:UncommonMetronome","theDuelist:PowerMetronome","theDuelist:OverflowMetronome","theDuelist:AttackTrapMetronome"],"picked":"theDuelist:ArcaneSpellMetronome","floor":13},{"not_picked":["theDuelist:BattleguardKing","theDuelist:GauntletWarrior","theDuelist:GraniteLoyalist","theDuelist:Raigeki"],"picked":"theDuelist:ForbiddenLance","floor":16},{"not_picked":["theDuelist:BattleOx","theDuelist:GraniteLoyalist+1","theDuelist:Raigeki","theDuelist:SolemnStrike"],"picked":"theDuelist:MillenniumGolem","floor":18},{"not_picked":["theDuelist:EvilswarmHeliotrope","theDuelist:ForbiddenLance","theDuelist:WormWarlord","theDuelist:SolemnStrike"],"picked":"theDuelist:Raigeki","floor":22},{"not_picked":["theDuelist:EvilswarmHeliotrope+1","theDuelist:GaiaMidNightSun","theDuelist:FuryFire","theDuelist:Blockman"],"picked":"theDuelist:MillenniumGolem","floor":23}],"player_experience":1649600,"relics_obtained":[{"floor":7,"key":"Potion Belt"},{"floor":13,"key":"StoneCalendar"},{"floor":23,"key":"Eternal Feather"}],"event_choices":[{"damage_healed":0.0,"max_hp_gain":0.0,"max_hp_loss":0.0,"gold_gain":75.0,"event_name":"World of Goop","player_choice":"Gather Gold","floor":3.0,"gold_loss":0.0,"damage_taken":11.0},{"damage_healed":17.0,"max_hp_gain":0.0,"max_hp_loss":0.0,"gold_gain":0.0,"event_name":"The Cleric","player_choice":"Healed","floor":4.0,"gold_loss":35.0,"damage_taken":0.0},{"damage_healed":0.0,"max_hp_gain":0.0,"max_hp_loss":0.0,"gold_gain":0.0,"event_name":"Shining Light","player_choice":"Entered Light","floor":5.0,"gold_loss":0.0,"damage_taken":21.0,"cards_upgraded":["theDuelist:BlockMetronome","theDuelist:MachineMonsterMetronome"]},{"damage_healed":0,"gold_gain":275,"player_choice":"Desecrate","damage_taken":0,"max_hp_gain":0,"max_hp_loss":0,"event_name":"Golden Shrine","floor":14,"gold_loss":0,"cards_obtained":["Regret"]},{"total_magic_score":63,"gold_gain":0,"duelist":true,"damage_taken":0,"relics_obtained":[],"points":2,"max_hp_gain":0,"max_hp_loss":0,"spent_points":{"magic":0,"greed":0,"war":2,"power":0,"hunger":0},"event_name":"Nameless Tomb","floor":19,"gold_loss":0,"cards_obtained":[]},{"damage_healed":0,"gold_gain":0,"player_choice":"Inject Mutagens","damage_taken":0,"relics_obtained":["MutagenicStrength"],"max_hp_gain":0,"max_hp_loss":0,"event_name":"Drug Dealer","floor":21,"gold_loss":0},{"damage_healed":0,"gold_gain":0,"player_choice":"Ignored","damage_taken":0,"max_hp_gain":0,"max_hp_loss":0,"event_name":"Cursed Tome","floor":24,"gold_loss":0}],"is_beta":false,"boss_relics":[{"not_picked":["Inserter","Tiny House"],"picked":"theDuelist:GamblerChip"}],"items_purged_floors":[20],"is_endless":false,"potions_floor_spawned":[8,10,12,16,18,23],"killed_by":"Book of Stabbing","ascension_level":20}}