{"host":"vr9me2kif8p2xyyc","time":1612131910,"event":{"mods":["2.2 Compatiblity","A Magickal Journey","AchievementEnabler","Act Like it!","Arknights","Aspiration","Astrologer","Bard","Bartender","BaseMod","Beaked The Cultist","Better Match","Better Note","Better Skull","Better Third Choice","BetterRewards","Block Reminder","Booster Modes","CapriCore","Challenge The Spire","ChefMod","Clawfect","Colored Map","Colored Powertips","Conjunction","Conspire","Downfall","Elementarium","Energized Spire","Friendly Minions","GifTheSpireLib","Glutton Mod","Halation","Hallownest","Hermit","Hubris","Jorbs\u0027s Wanderer Trilogy","Kratos Character Expansion","Mad Scientist","Marisa????????","Minty Spire (QoL Compilation)","Pale of the Ancients","Permanent Neow","Potionbrewer","QueenMod","Quick Restart","Random Character Button","Rare Cards Sparkle","Relic Stats","Reliquary","Remilia??????","Replay The Spire","Reworked Bosses","Robot Space Explorer","SCP261 Mod","SIMod","Shade Mod","Shop Mod","Slumbering Mod","Spicy Shops","Spikes Relics","Spire Arcade","StSLib","Stuff the Spire","SuperFastMode","Td1madao Mod","The Alterego","The Animator","The Blackbeard","The Bladedancer","The Blue Laboratory","The Bug Knight","The Caster","The Clintock","The Construct","The Cursed","The Death Knight","The Disciple","The Dragon Tamer","The Druid","The Elementalist","The Exalted","The Extravagant","The Fake Hero","The Florist","The Forsaken","The Gatherer","The Hayseed","The Hierophant","The Immortal","The Judge","The Jungle","The Kombatant","The Marked","The Mystic","The Necromancer","The Poker Player","The Problem Sleuth","The Runesmith","The Sage","The Servant 0.9.4","The Spell Scribe","The Valiant","TheBandit","TheFirefly","TheVacant","TheWitcher","Treasure Hunter","Wandering Minibosses","Weighted Paths","Yohane!","thorton"],"gold_per_floor":[130,130,167,167,196,241,241,141,209,258,258,285,316,360,360,484,484,518,518,76,88,88,130,2,2,91,109,109,135,135,164,164,284,284,320,320,320,320],"floor_reached":37,"language":"ENG","playtime":2606,"items_purged":["Burn","Pain"],"score":632,"play_id":"2456f7df-703f-4afe-9ab2-b4baba10228c","local_time":"20210131162510","is_ascension_mode":false,"campfire_choices":[{"data":"potionbrewer:Toxicity","floor":7,"key":"SMITH"},{"data":"potionbrewer:BeatDown","floor":11,"key":"SMITH"},{"floor":15,"key":"REST"},{"floor":25,"key":"REST"},{"floor":32,"key":"REST"}],"circlet_count":0,"master_deck":["potionbrewer:PotionbrewerStrike","potionbrewer:PotionbrewerStrike","potionbrewer:PotionbrewerStrike","potionbrewer:PotionbrewerStrike","potionbrewer:PotionbrewerDefend","potionbrewer:PotionbrewerDefend","potionbrewer:PotionbrewerDefend","potionbrewer:PotionbrewerDefend","potionbrewer:Collect","potionbrewer:ChemicalSpill","potionbrewer:TestSubject","potionbrewer:FlashPowder","potionbrewer:AnotherRound","potionbrewer:Toxicity+1","Ghostly","potionbrewer:BeatDown+1","potionbrewer:Shovel","potionbrewer:LeftoverSpecimen","potionbrewer:EmptyBottle","potionbrewer:BeatDown","potionbrewer:ChemicalRage","potionbrewer:LabAccident","potionbrewer:AcidCloud","potionbrewer:TestFormula","potionbrewer:TestFormula","potionbrewer:UnstableFormula","Thinking Ahead","potionbrewer:QuickStep+1","Elementarium:GildedDefend","potionbrewer:IronFist","potionbrewer:CausticBarrier","theForsaken:PlagueCurse","potionbrewer:AcidCloud","TH:ArmorSpikes","potionbrewer:RefinedProcess","potionbrewer:Smack+1"],"relics":["potionbrewer:PotionKit","MerchantsRug","CherryCoatedStake","theSlumbering:GamblerFolly","StoneCalendar","hubris:SlimyHat","StuffTheSpire:Expresso","aspiration:AnachronicSnailShell","hubris:EmptyBottle","potionbrewer:BunsenBurner","Bromod:ArcaneFury","Potion Belt","Counterbalance","Pantograph","Power_Wrist","theForsaken:PlagueMask","Elementarium:ElementariumTrophy","SacredBark","hubris:Icosahedron"],"acts_visited":["Exordium","Exordium","Elementarium:Elementarium"],"potions_floor_usage":[3,5,6,6,10,10,10,10,12,14,14,16,16,16,16,18,18,23,23,23,23,23,23,27,27,27,29,29,29,29,31,31,31,31,31,31,33,33,33,33,33,33,33,35,37,37,37,37,37,37,37],"damage_taken":[{"damage":0,"enemies":"2 Louse","floor":1,"turns":4},{"damage":4,"enemies":"Small Slimes","floor":3,"turns":4},{"damage":2,"enemies":"Jaw Worm","floor":5,"turns":5},{"damage":10,"enemies":"Gremlin Nob","floor":6,"turns":5},{"damage":20,"enemies":"Lagavulin","floor":10,"turns":5},{"damage":15,"enemies":"Lots of Slimes","floor":12,"turns":7},{"damage":16,"enemies":"3 Louse","floor":13,"turns":4},{"damage":1,"enemies":"Gremlin Nob","floor":14,"turns":4},{"damage":20,"enemies":"Fading Forest","floor":16,"turns":11},{"damage":35,"enemies":"Elementarium:Cyclone","floor":18,"turns":7},{"damage":6,"enemies":"Elementarium:2_ELEMENTALS","floor":21,"turns":6},{"damage":28,"enemies":"Elementarium:FIRE_NOBILITY","floor":23,"turns":7},{"damage":10,"enemies":"Elementarium:RubyGolem","floor":27,"turns":4},{"damage":2,"enemies":"Elementarium:STONE_GOLEMS","floor":29,"turns":3},{"damage":10,"enemies":"Elementarium:3_ELEMENTALS","floor":31,"turns":5},{"damage":11,"enemies":"Elementarium:GolemEmperor","floor":33,"turns":8},{"damage":25,"enemies":"Hallownest:Shield_Heavy","floor":35,"turns":6},{"damage":26,"enemies":"Hallownest:Shield_Heavy","floor":37,"turns":5},{"damage":36,"enemies":"Hallownest:Shield_Heavy","floor":37,"turns":5}],"seed_played":"8633409897849867331","potions_obtained":[{"floor":1,"key":"AttackPotion"},{"floor":5,"key":"SCP261:DewritoBlazePotion"},{"floor":13,"key":"potionbrewer:StunPotion"},{"floor":14,"key":"AttackPotion"},{"floor":27,"key":"potionbrewer:AcidPotion"},{"floor":29,"key":"blueLaboratory:LouseDecoction"},{"floor":33,"key":"SCP261:GirlTearsPotion"}],"is_trial":false,"path_per_floor":["M","?","M","?","M","E","R","?","T","E","R","M","M","E","R","B",null,"M","?","$","M","?","E","$","R","T","M","?","M","?","M","R","B",null,"M","?","?"],"character_chosen":"POTIONBREWER","items_purchased":["MerchantsRug","CherryCoatedStake","theSlumbering:GamblerFolly","hubris:EmptyBottle","BargainBundle","SpeedPotion","Fire Potion","potionbrewer:DiscountPotion","potionbrewer:BunsenBurner","potionbrewer:LabAccident","potionbrewer:AcidCloud","potionbrewer:TestFormula","Bromod:ArcaneFury","potionbrewer:UnstableFormula","Thinking Ahead","Potion Belt","Counterbalance"],"campfire_rested":3,"item_purchase_floors":[0,0,0,20,20,20,20,20,20,20,20,20,20,20,20,24,24],"current_hp_per_floor":[70,70,69,69,67,57,57,57,57,37,37,51,40,39,61,59,75,40,48,48,45,45,23,23,45,45,35,22,22,22,17,41,71,80,58,58,0,0],"gold":320,"neow_bonus":"","is_daily":false,"chose_seed":false,"campfire_upgraded":2,"win_rate":0.0,"timestamp":1612131910,"path_taken":["M","?","M","?","M","E","R","?","T","E","R","M","M","E","R","BOSS","M","?","$","?","?","E","?","R","T","?","?","M","?","M","R","BOSS","M","?","?"],"items_purchased_type":["Relic","Relic","Relic","Relic","Relic","Potion","Potion","Potion","Relic","Card","Card","Card","Relic","Card","Card","Relic","Relic"],"build_version":"2020-12-22","purchased_purges":2,"victory":false,"max_hp_per_floor":[75,75,75,75,75,75,75,75,75,75,75,75,75,75,75,75,75,75,75,75,75,75,75,75,75,75,75,80,80,80,80,80,80,80,80,80,80,80],"relic_stats":{"counters":[159,876],"Pantograph":25,"StoneCalendar":[206],"obtain_stats":[{"Bromod:AscarisDevice":5,"StuffTheSpire:Barrel":6,"StuffTheSpire:BottledEssence":8,"aspiration:PoetsPen_weak":34,"Whetstone":24,"hubris:MysteriousPyramids":9,"Boot":13,"halation:HeavySnake":17,"Ring of Searing":21,"theForsaken:HumbleEgg":10,"Replay:Bottled Flurry":5,"thethorton:BankDeed":25,"hubris:TinFlute":21,"MerchantsRug":14,"Pear":36,"Counterbalance":24,"theSlumbering:GlassShield":39,"StuffTheSpire:Wildfire":0,"Replay:Ancient Bell":17,"potionbrewer:Torch":3,"Elementarium:ElementariumTrophy":33,"Hallownest:BankAccountRelic":3,"Bird Faced Urn":39,"DeathKnight:PutricidesVial":26,"hubris:TenFootPole":6,"hubris:Reverence":6,"Bromod:ArcaneFury":20,"theVacant:BrassGoblet":0,"Singing Bowl":30,"Bromod:ArcaneVictory":10,"Rawhide":9,"Blue Doll":9,"Bromod:ArcanePistoleer":41,"StoneCalendar":6,"StuffTheSpire:EmeraldSignet":26,"Replay:Multitool":0,"HeavenlyBonsai":25,"hubris:EmptyBottle":28,"Smiling Mask":9,"Power_Wrist":26,"Pet Ghost":7,"hubris:EvacipatedBox":11,"StuffTheSpire:OccultApparatus":3,"aspiration:AnachronicSnailShell":3,"StuffTheSpire:RedRose":2,"Ring of Panic":3,"DeathKnight:BrokenRuneblade":0,"Potion Belt":24,"theSlumbering:GamblerFolly":0,"Replay:Fungal Core":17,"CherryCoatedStake":0,"hubris:64BitClover":17,"StuffTheSpire:Saxophone":14,"StuffTheSpire:Expresso":10,"Protect_Vest":2,"hubris:Towel":2,"MawBank":33,"StuffTheSpire:Mouthbags":6,"hubris:Spice":0,"Ornamental Fan":43,"chefmod:RollingPin":2,"Durian":0,"Bottled Lightning":2,"Runesmith:AutoHammer":17,"halation:PinkSoulGem":11,"Toy Ornithopter":9,"halation:PeacePiece":0,"hubris:BottledRain":5,"sagemod:Red_Beast_Statue":41,"hubris:CrystalStatue":9,"Gremlin Horn":9,"sagemod:Falmels_Amulet":33,"CeramicFish":20,"potionbrewer:AlchemistFlask":27,"halation:Prosthetics":17,"potionbrewer:PotionKit":24,"thethorton:BrokenCalculator":44,"halation:PrussianBluePaint":12,"Vampire_Amulet":28,"potionbrewer:BunsenBurner":20,"conspire:Dentures":17,"Girya":35,"wanderingMiniBosses:ThiefScarf":18,"StuffTheSpire:ForceGauntlet":23,"Dead Branch":8,"Oddly Smooth Stone":6,"potionbrewer:MortarAndPestle":21,"Pyrelight":14,"potionbrewer:ToyAutogyro":10,"Replay:Baseball":26,"Bronze Scales":44,"Black Star":17,"ReplayTheSpireMod:TigerMarble":38,"Grinning Jar":4,"Mirror":9,"Pocketwatch":25,"Meat on the Bone":40,"construct:BoolHorns":9,"ReplayTheSpireMod:Ring of Exchange":21,"Hallownest:StagBellRelic1":12,"SacredBark":34,"hubris:SlimyHat":9,"Replay:Mystery Machine":31,"theForsaken:Gavel":26,"theForsaken:PlagueMask":30,"ClockworkSouvenir":28,"Chameleon Ring":25,"hubris:Icosahedron":36,"Mummified Hand":4,"Pantograph":26,"halation:LettersToHer":4,"Runic Pyramid":21,"hubris:DisguiseKit":4,"BargainBundle":20,"Bromod:ArcaneGrace":34,"HollowMod:LifeEnderRelic":35,"Guide Book":22,"aspiration:HummingbirdHeart":9,"aspiration:SecretTechniqueScroll":17,"Orichalcum":6,"Sandwich":17,"Anchor":8,"StuffTheSpire:HistoryBook":8,"CaptainsWheel":31,"halation:EternalFortune":22,"Ring of Fury":3,"Bag of Marbles":23,"Membership Card":0,"hubris:OldNail":40},{"Bromod:AscarisDevice":39,"StuffTheSpire:Barrel":74,"StuffTheSpire:BottledEssence":18,"aspiration:PoetsPen_weak":104,"Whetstone":136,"hubris:MysteriousPyramids":60,"Boot":8,"halation:HeavySnake":44,"Ring of Searing":134,"theForsaken:HumbleEgg":113,"Replay:Bottled Flurry":39,"thethorton:BankDeed":100,"hubris:TinFlute":99,"MerchantsRug":8,"Pear":105,"Counterbalance":152,"theSlumbering:GlassShield":105,"StuffTheSpire:Wildfire":109,"Replay:Ancient Bell":132,"potionbrewer:Torch":56,"Elementarium:ElementariumTrophy":156,"Hallownest:BankAccountRelic":124,"Bird Faced Urn":105,"DeathKnight:PutricidesVial":48,"hubris:TenFootPole":4,"hubris:Reverence":18,"Bromod:ArcaneFury":150,"theVacant:BrassGoblet":0,"Singing Bowl":138,"Bromod:ArcaneVictory":19,"Rawhide":18,"Blue Doll":80,"Bromod:ArcanePistoleer":107,"StoneCalendar":144,"StuffTheSpire:EmeraldSignet":88,"Replay:Multitool":32,"HeavenlyBonsai":48,"hubris:EmptyBottle":101,"Smiling Mask":6,"Power_Wrist":152,"Pet Ghost":40,"hubris:EvacipatedBox":75,"StuffTheSpire:OccultApparatus":116,"aspiration:AnachronicSnailShell":78,"StuffTheSpire:RedRose":33,"Ring of Panic":68,"DeathKnight:BrokenRuneblade":0,"Potion Belt":152,"theSlumbering:GamblerFolly":140,"Replay:Fungal Core":98,"CherryCoatedStake":140,"hubris:64BitClover":132,"StuffTheSpire:Saxophone":8,"StuffTheSpire:Expresso":145,"Protect_Vest":121,"hubris:Towel":71,"MawBank":103,"StuffTheSpire:Mouthbags":30,"hubris:Spice":26,"Ornamental Fan":108,"chefmod:RollingPin":121,"Durian":120,"Bottled Lightning":56,"Runesmith:AutoHammer":132,"halation:PinkSoulGem":129,"Toy Ornithopter":75,"halation:PeacePiece":77,"hubris:BottledRain":69,"sagemod:Red_Beast_Statue":107,"hubris:CrystalStatue":122,"Gremlin Horn":119,"sagemod:Falmels_Amulet":103,"CeramicFish":64,"potionbrewer:AlchemistFlask":101,"halation:Prosthetics":23,"potionbrewer:PotionKit":152,"thethorton:BrokenCalculator":108,"halation:PrussianBluePaint":76,"Vampire_Amulet":136,"potionbrewer:BunsenBurner":150,"conspire:Dentures":132,"Girya":104,"wanderingMiniBosses:ThiefScarf":99,"StuffTheSpire:ForceGauntlet":48,"Dead Branch":128,"Oddly Smooth Stone":59,"potionbrewer:MortarAndPestle":25,"Pyrelight":62,"potionbrewer:ToyAutogyro":81,"Replay:Baseball":136,"Bronze Scales":108,"Black Star":9,"ReplayTheSpireMod:TigerMarble":105,"Grinning Jar":68,"Mirror":112,"Pocketwatch":100,"Meat on the Bone":107,"construct:BoolHorns":95,"ReplayTheSpireMod:Ring of Exchange":134,"Hallownest:StagBellRelic1":113,"SacredBark":156,"hubris:SlimyHat":144,"Replay:Mystery Machine":102,"theForsaken:Gavel":101,"theForsaken:PlagueMask":154,"ClockworkSouvenir":101,"Chameleon Ring":101,"hubris:Icosahedron":157,"Mummified Hand":34,"Pantograph":152,"halation:LettersToHer":122,"Runic Pyramid":99,"hubris:DisguiseKit":116,"BargainBundle":150,"Bromod:ArcaneGrace":51,"HollowMod:LifeEnderRelic":104,"Guide Book":100,"aspiration:HummingbirdHeart":40,"aspiration:SecretTechniqueScroll":63,"Orichalcum":94,"Sandwich":84,"Anchor":6,"StuffTheSpire:HistoryBook":40,"CaptainsWheel":102,"halation:EternalFortune":86,"Ring of Fury":68,"Bag of Marbles":152,"Membership Card":67,"hubris:OldNail":106},{"Bromod:AscarisDevice":193,"StuffTheSpire:Barrel":399,"StuffTheSpire:BottledEssence":83,"aspiration:PoetsPen_weak":566,"Whetstone":750,"hubris:MysteriousPyramids":305,"Boot":31,"halation:HeavySnake":219,"Ring of Searing":730,"theForsaken:HumbleEgg":621,"Replay:Bottled Flurry":193,"thethorton:BankDeed":543,"hubris:TinFlute":539,"MerchantsRug":31,"Pear":570,"Counterbalance":840,"theSlumbering:GlassShield":570,"StuffTheSpire:Wildfire":592,"Replay:Ancient Bell":719,"potionbrewer:Torch":285,"Elementarium:ElementariumTrophy":860,"Hallownest:BankAccountRelic":673,"Bird Faced Urn":570,"DeathKnight:PutricidesVial":241,"hubris:TenFootPole":15,"hubris:Reverence":83,"Bromod:ArcaneFury":827,"theVacant:BrassGoblet":0,"Singing Bowl":760,"Bromod:ArcaneVictory":90,"Rawhide":83,"Blue Doll":433,"Bromod:ArcanePistoleer":583,"StoneCalendar":789,"StuffTheSpire:EmeraldSignet":476,"Replay:Multitool":165,"HeavenlyBonsai":241,"hubris:EmptyBottle":548,"Smiling Mask":21,"Power_Wrist":840,"Pet Ghost":196,"hubris:EvacipatedBox":404,"StuffTheSpire:OccultApparatus":632,"aspiration:AnachronicSnailShell":423,"StuffTheSpire:RedRose":168,"Ring of Panic":358,"DeathKnight:BrokenRuneblade":0,"Potion Belt":840,"theSlumbering:GamblerFolly":771,"Replay:Fungal Core":533,"CherryCoatedStake":771,"hubris:64BitClover":719,"StuffTheSpire:Saxophone":31,"StuffTheSpire:Expresso":794,"Protect_Vest":659,"hubris:Towel":380,"MawBank":557,"StuffTheSpire:Mouthbags":156,"hubris:Spice":126,"Ornamental Fan":588,"chefmod:RollingPin":659,"Durian":646,"Bottled Lightning":285,"Runesmith:AutoHammer":719,"halation:PinkSoulGem":701,"Toy Ornithopter":404,"halation:PeacePiece":419,"hubris:BottledRain":367,"sagemod:Red_Beast_Statue":583,"hubris:CrystalStatue":664,"Gremlin Horn":643,"sagemod:Falmels_Amulet":557,"CeramicFish":331,"potionbrewer:AlchemistFlask":548,"halation:Prosthetics":108,"potionbrewer:PotionKit":840,"thethorton:BrokenCalculator":588,"halation:PrussianBluePaint":412,"Vampire_Amulet":750,"potionbrewer:BunsenBurner":827,"conspire:Dentures":719,"Girya":566,"wanderingMiniBosses:ThiefScarf":539,"StuffTheSpire:ForceGauntlet":241,"Dead Branch":695,"Oddly Smooth Stone":299,"potionbrewer:MortarAndPestle":123,"Pyrelight":317,"potionbrewer:ToyAutogyro":438,"Replay:Baseball":750,"Bronze Scales":588,"Black Star":39,"ReplayTheSpireMod:TigerMarble":570,"Grinning Jar":358,"Mirror":608,"Pocketwatch":543,"Meat on the Bone":583,"construct:BoolHorns":515,"ReplayTheSpireMod:Ring of Exchange":730,"Hallownest:StagBellRelic1":621,"SacredBark":860,"hubris:SlimyHat":789,"Replay:Mystery Machine":552,"theForsaken:Gavel":548,"theForsaken:PlagueMask":847,"ClockworkSouvenir":548,"Chameleon Ring":548,"hubris:Icosahedron":866,"Mummified Hand":172,"Pantograph":840,"halation:LettersToHer":664,"Runic Pyramid":539,"hubris:DisguiseKit":632,"BargainBundle":827,"Bromod:ArcaneGrace":260,"HollowMod:LifeEnderRelic":566,"Guide Book":543,"aspiration:HummingbirdHeart":196,"aspiration:SecretTechniqueScroll":326,"Orichalcum":507,"Sandwich":456,"Anchor":21,"StuffTheSpire:HistoryBook":196,"CaptainsWheel":552,"halation:EternalFortune":464,"Ring of Fury":358,"Bag of Marbles":840,"Membership Card":352,"hubris:OldNail":577}]},"card_choices":[{"not_picked":["potionbrewer:BlindingMist","potionbrewer:Biohazard"],"picked":"potionbrewer:TestSubject","floor":1},{"not_picked":["potionbrewer:Smack","potionbrewer:OneTwoPunch"],"picked":"potionbrewer:FlashPowder","floor":3},{"not_picked":["potionbrewer:PrivateReserves","potionbrewer:Contingency"],"picked":"potionbrewer:AnotherRound","floor":5},{"not_picked":["potionbrewer:TestFormula","potionbrewer:Biohazard"],"picked":"potionbrewer:Toxicity","floor":6},{"not_picked":["TH:Mimic","TH:CopperCoins"],"picked":"SKIP","floor":6},{"not_picked":["TH:CopperCoins","TH:Mimic"],"picked":"SKIP","floor":9},{"not_picked":["potionbrewer:OneTwoPunch","potionbrewer:Refill"],"picked":"potionbrewer:BeatDown","floor":10},{"not_picked":["TH:PixieDust","TH:TreasureMap"],"picked":"SKIP","floor":10},{"not_picked":["potionbrewer:Biohazard","potionbrewer:AnotherRound"],"picked":"potionbrewer:Shovel","floor":12},{"not_picked":["potionbrewer:BlindingMist","potionbrewer:OneTwoPunch"],"picked":"potionbrewer:LeftoverSpecimen","floor":13},{"not_picked":["TH:CopperCoins"],"picked":"TH:ArmorSpikes","floor":14},{"not_picked":["potionbrewer:VolatileSolution","potionbrewer:Contingency"],"picked":"potionbrewer:EmptyBottle","floor":14},{"not_picked":["potionbrewer:Bribery","potionbrewer:Hoarder","potionbrewer:Prototype"],"picked":"potionbrewer:BeatDown","floor":16},{"not_picked":["potionbrewer:Refill","potionbrewer:FortifiedSerum","potionbrewer:Prototype"],"picked":"potionbrewer:ChemicalRage","floor":18},{"not_picked":["potionbrewer:UnstableFormula","potionbrewer:CausticBarrier+1"],"picked":"potionbrewer:QuickStep+1","floor":21},{"not_picked":["potionbrewer:WizBang","potionbrewer:OneTwoPunch","potionbrewer:Prototype"],"picked":"potionbrewer:IronFist","floor":23},{"not_picked":["TH:ElvenBoots","TH:TreasureMap"],"picked":"SKIP","floor":23},{"not_picked":["TH:PixieDust","TH:CopperCoins"],"picked":"SKIP","floor":26},{"not_picked":["potionbrewer:CrossReference+1","potionbrewer:Smack+1","potionbrewer:HazardousMaterials"],"picked":"SKIP","floor":27},{"not_picked":["potionbrewer:TimeBomb","potionbrewer:Brandish","potionbrewer:Prototype"],"picked":"potionbrewer:CausticBarrier","floor":29},{"not_picked":["potionbrewer:Fuel","potionbrewer:Shovel+1","potionbrewer:Prototype"],"picked":"potionbrewer:AcidCloud","floor":31},{"not_picked":["TH:EnergyPotion"],"picked":"TH:ArmorSpikes","floor":33},{"not_picked":["potionbrewer:IronFlesh","potionbrewer:Hoarder","potionbrewer:Prototype"],"picked":"potionbrewer:RefinedProcess","floor":33},{"not_picked":["potionbrewer:HazardousMaterials","potionbrewer:UnstableFormula","potionbrewer:Prototype"],"picked":"potionbrewer:Smack+1","floor":35}],"player_experience":1192156,"relics_obtained":[{"floor":6,"key":"StoneCalendar"},{"floor":9,"key":"hubris:SlimyHat"},{"floor":10,"key":"StuffTheSpire:Expresso"},{"floor":14,"key":"aspiration:AnachronicSnailShell"},{"floor":23,"key":"Bag of Marbles"},{"floor":26,"key":"Pantograph"},{"floor":26,"key":"Power_Wrist"}],"event_choices":[{"damage_healed":70,"gold_gain":0,"player_choice":"Embrace Burn","damage_taken":0,"max_hp_gain":0,"max_hp_loss":75,"event_name":"betterThird:BetterShining","floor":2,"gold_loss":0},{"damage_healed":0,"gold_gain":0,"player_choice":"Argue","damage_taken":0,"max_hp_gain":0,"max_hp_loss":0,"event_name":"conspire:LoneGhost","floor":8,"gold_loss":0},{"cards_removed":["TH:ArmorSpikes"],"damage_healed":0,"gold_gain":0,"player_choice":"Tear free","damage_taken":0,"max_hp_gain":0,"max_hp_loss":0,"event_name":"Elementarium:GoldenStatues","floor":22,"gold_loss":0,"cards_obtained":["Elementarium:GildedDefend"]},{"damage_healed":0,"gold_gain":0,"player_choice":"Sacrifice","damage_taken":18,"max_hp_gain":5,"max_hp_loss":0,"event_name":"Elementarium:RadiantAltar","floor":28,"gold_loss":0},{"damage_healed":0,"gold_gain":0,"player_choice":"Obtain Plague Curse","damage_taken":0,"max_hp_gain":0,"max_hp_loss":0,"event_name":"Plague Doctor","floor":30,"gold_loss":0,"cards_obtained":["theForsaken:PlagueCurse"]}],"is_beta":false,"boss_relics":[{"not_picked":["hubris:CrackedHourglass","Abe\u0027s Treasure"],"picked":"Replay:Fungal Core"},{"not_picked":["Fusion Hammer","reliquary:WritOfMandamus"],"picked":"SacredBark"}],"items_purged_floors":[20,24],"is_endless":false,"potions_floor_spawned":[1,5,13,14,27,29,33],"killed_by":"Hallownest:Shield_Heavy","ascension_level":0}}