{"host":"vyjryxuuuxkt43k4","time":1612105289,"event":{"mods":["AchievementEnabler","BaseMod","Colored Map","DeckTracker","Keyboard Shortcuts","Minty Spire (QoL Compilation)","Permanent Neow","Quick Restart","Rare Cards Sparkle","StSLib","SuperFastMode","everything is the same but u backflip on backflip"],"gold_per_floor":[119,119,44,54,73,73,83,110,110,121,21,21,55,66,66,167,167,184,195,70,90,90,90,90,90,169,180,198,217,217,236,236,340,340,352,404,454,304,114,114,114,65,65,65,83,0,0,13,13,13],"floor_reached":51,"language":"KOR","playtime":2026,"items_purged":["Pain","Strike_P","Strike_P","Defend_P"],"score":1003,"play_id":"0a3073e5-22ed-4381-bead-81909b66a840","local_time":"20210201000129","is_ascension_mode":true,"campfire_choices":[{"data":"Eruption","floor":6.0,"key":"SMITH"},{"data":"EmptyFist","floor":12.0,"key":"SMITH"},{"data":"WheelKick","floor":15.0,"key":"SMITH"},{"data":"FlurryOfBlows","floor":23,"key":"SMITH"},{"data":"FollowUp","floor":25,"key":"SMITH"},{"data":"Brilliance","floor":30,"key":"SMITH"},{"floor":32,"key":"REST"},{"data":"MentalFortress","floor":40,"key":"SMITH"},{"data":"Ragnarok","floor":41,"key":"SMITH"},{"data":"EmptyBody","floor":44,"key":"SMITH"},{"data":"Vigilance","floor":49,"key":"SMITH"}],"circlet_count":0,"master_deck":["Eruption+1","Vigilance+1","EmptyBody+1","FollowUp+1","FollowUp","EmptyFist+1","WheelKick+1","FlurryOfBlows+1","Omniscience","Worship+1","Brilliance+1","Ragnarok+1","DevaForm+1","Devotion+1","DeusExMachina+1","TalkToTheHand+1","MentalFortress+1","Omniscience","Scrawl"],"relics":["PureWater","NeowsBlessing","WarpedTongs","Happy Flower","MealTicket","Gremlin Horn","Snecko Eye","Ornamental Fan","Astrolabe","WingedGreaves","Incense Burner","DollysMirror","Gambling Chip","Red Mask"],"acts_visited":["Exordium","TheCity","TheBeyond"],"potions_floor_usage":[21,28,36,50,50],"damage_taken":[{"damage":0.0,"enemies":"Jaw Worm","floor":1.0,"turns":1.0},{"damage":0.0,"enemies":"Cultist","floor":4.0,"turns":1.0},{"damage":0.0,"enemies":"Small Slimes","floor":5.0,"turns":1.0},{"damage":1.0,"enemies":"Blue Slaver","floor":7.0,"turns":4.0},{"damage":12.0,"enemies":"Lagavulin","floor":8.0,"turns":6.0},{"damage":1.0,"enemies":"3 Louse","floor":10.0,"turns":3.0},{"damage":0.0,"enemies":"Gremlin Nob","floor":13.0,"turns":3.0},{"damage":7.0,"enemies":"Exordium Wildlife","floor":14.0,"turns":4.0},{"damage":26.0,"enemies":"The Guardian","floor":16.0,"turns":10.0},{"damage":1,"enemies":"2 Thieves","floor":18,"turns":3},{"damage":0,"enemies":"Spheric Guardian","floor":19,"turns":2},{"damage":1,"enemies":"Shelled Parasite and Fungi","floor":21,"turns":2},{"damage":1,"enemies":"Snake Plant","floor":27,"turns":3},{"damage":0,"enemies":"Sentry and Sphere","floor":28,"turns":2},{"damage":3,"enemies":"Centurion and Healer","floor":29,"turns":4},{"damage":0,"enemies":"Snecko","floor":31,"turns":2},{"damage":39,"enemies":"Automaton","floor":33,"turns":5},{"damage":26,"enemies":"3 Shapes","floor":35,"turns":4},{"damage":0,"enemies":"2 Orb Walkers","floor":36,"turns":1},{"damage":3,"enemies":"Mind Bloom Boss Battle","floor":37,"turns":5},{"damage":0,"enemies":"3 Darklings","floor":45,"turns":1},{"damage":0,"enemies":"Jaw Worm Horde","floor":48,"turns":2},{"damage":30,"enemies":"Donu and Deca","floor":50,"turns":4}],"seed_played":"-3278261628553519138","potions_obtained":[{"floor":5.0,"key":"FairyPotion"},{"floor":7.0,"key":"PowerPotion"},{"floor":10.0,"key":"Block Potion"},{"floor":13.0,"key":"Energy Potion"},{"floor":16.0,"key":"BottledMiracle"},{"floor":19,"key":"Ambrosia"},{"floor":27,"key":"SpeedPotion"},{"floor":28,"key":"DuplicationPotion"},{"floor":33,"key":"SmokeBomb"},{"floor":37,"key":"EssenceOfSteel"},{"floor":48,"key":"Swift Potion"}],"is_trial":false,"path_per_floor":["M","?","$","M","M","R","M","E","T","M","$","R","E","M","R","B",null,"M","M","$","M","?","R","?","R","T","M","M","M","R","M","R","B",null,"M","?","?","$","$","R","R","$","T","R","M","?","?","M","R","B",null],"character_chosen":"WATCHER","items_purchased":["MentalFortress","DollysMirror","Swift Potion"],"campfire_rested":1,"item_purchase_floors":[39,39,42],"current_hp_per_floor":[65,65,65,65,65,65,64,52,52,51,66,66,66,59,59,33,62,61,61,72,71,58,58,58,58,58,57,57,54,54,54,77,38,67,41,41,38,53,68,68,68,77,77,77,77,77,77,77,77,47],"gold":13,"neow_bonus":"THREE_ENEMY_KILL","is_daily":false,"chose_seed":false,"campfire_upgraded":10,"win_rate":0.0,"timestamp":1612105289,"path_taken":["M","?","?","M","?","R","?","E","T","M","$","R","E","M","R","BOSS","M","M","$","M","?","R","?","R","T","M","M","M","R","M","R","BOSS","M","?","?","$","$","R","R","?","T","R","M","?","?","?","R","BOSS"],"items_purchased_type":["Card","Relic","Potion"],"build_version":"2020-12-22","purchased_purges":4,"victory":true,"max_hp_per_floor":[72,72,72,72,72,72,72,72,72,72,72,72,72,72,72,72,72,72,72,72,72,77,77,77,77,77,77,77,77,77,77,77,77,77,77,77,77,77,77,77,77,77,77,77,77,77,77,77,77,77],"card_choices":[{"not_picked":["PathToVictory","WreathOfFlame","Swivel"],"picked":"SKIP","floor":1.0},{"not_picked":["EmptyMind","Halt"],"picked":"EmptyBody","floor":4.0},{"not_picked":["Protect","Establishment"],"picked":"FollowUp","floor":5.0},{"not_picked":["CutThroughFate","ReachHeaven"],"picked":"FollowUp","floor":7.0},{"not_picked":["EmptyMind","Perseverance"],"picked":"EmptyFist","floor":8.0},{"not_picked":["FearNoEvil","SashWhip"],"picked":"WheelKick","floor":10.0},{"not_picked":["Weave","JustLucky"],"picked":"FlurryOfBlows","floor":13.0},{"not_picked":["BowlingBash","PathToVictory","Protect"],"picked":"SKIP","floor":14.0},{"not_picked":["SpiritShield","Judgement"],"picked":"Omniscience","floor":16.0},{"not_picked":["ReachHeaven","TalkToTheHand+1"],"picked":"Worship+1","floor":18},{"not_picked":["BowlingBash","Nirvana+1","FlurryOfBlows"],"picked":"SKIP","floor":19},{"not_picked":["CrushJoints","ForeignInfluence","EmptyBody+1"],"picked":"SKIP","floor":21},{"not_picked":["CrushJoints","ForeignInfluence","EmptyBody+1"],"picked":"SKIP","floor":21},{"not_picked":["Evaluate","CrushJoints+1","PathToVictory"],"picked":"SKIP","floor":27},{"not_picked":["Tantrum","EmptyFist"],"picked":"Brilliance","floor":28},{"not_picked":["Indignation","Perseverance","ThirdEye"],"picked":"SKIP","floor":29},{"not_picked":["Evaluate","SignatureMove+1","CarveReality"],"picked":"SKIP","floor":31},{"not_picked":["Brilliance","Establishment"],"picked":"Ragnarok","floor":33},{"not_picked":["EmptyFist+1","FlyingSleeves"],"picked":"TalkToTheHand+1","floor":35},{"not_picked":["ThirdEye+1","EmptyFist+1","EmptyBody+1"],"picked":"SKIP","floor":45},{"not_picked":["Halt+1","JustLucky"],"picked":"Scrawl","floor":48}],"player_experience":544535,"relics_obtained":[{"floor":8.0,"key":"Happy Flower"},{"floor":9.0,"key":"MealTicket"},{"floor":13.0,"key":"Gremlin Horn"},{"floor":26,"key":"Ornamental Fan"},{"floor":36,"key":"WingedGreaves"},{"floor":37,"key":"Incense Burner"},{"floor":43,"key":"Gambling Chip"}],"event_choices":[{"damage_healed":0.0,"max_hp_gain":0.0,"max_hp_loss":0.0,"gold_gain":0.0,"event_name":"Accursed Blacksmith","player_choice":"Rummage","floor":2.0,"gold_loss":0.0,"damage_taken":0.0,"relics_obtained":["WarpedTongs"],"cards_obtained":["Pain"]},{"damage_healed":0,"gold_gain":0,"player_choice":"Shed Blood","damage_taken":18,"max_hp_gain":5,"max_hp_loss":0,"event_name":"Forgotten Altar","floor":22,"gold_loss":0},{"cards_removed":["Strike_P"],"damage_healed":0,"gold_gain":0,"player_choice":"Elegance","damage_taken":0,"max_hp_gain":0,"max_hp_loss":0,"event_name":"Back to Basics","floor":24,"gold_loss":0},{"damage_healed":0,"gold_gain":0,"player_choice":"Fight","damage_taken":0,"max_hp_gain":0,"max_hp_loss":0,"event_name":"Mysterious Sphere","floor":36,"gold_loss":0},{"damage_healed":0,"gold_gain":0,"player_choice":"Fight","damage_taken":0,"max_hp_gain":0,"max_hp_loss":0,"event_name":"MindBloom","floor":37,"gold_loss":0},{"damage_healed":0,"gold_gain":0,"player_choice":"Paid","damage_taken":0,"relics_obtained":["Red Mask"],"max_hp_gain":0,"max_hp_loss":0,"event_name":"Tomb of Lord Red Mask","floor":46,"gold_loss":83},{"cards_removed":["Defend_P"],"damage_healed":0,"gold_gain":0,"player_choice":"Removed Skill","damage_taken":0,"max_hp_gain":0,"max_hp_loss":0,"event_name":"Falling","floor":47,"gold_loss":0}],"is_beta":false,"boss_relics":[{"not_picked":["Pandora\u0027s Box","Cursed Key"],"picked":"Snecko Eye"},{"not_picked":["Runic Pyramid","SlaversCollar"],"picked":"Astrolabe"}],"items_purged_floors":[3,11,20,38],"is_endless":false,"potions_floor_spawned":[5,7,10,13,16,19,27,28,33,37,48],"ascension_level":9}}