{"host":"nsc6ozq3atyrdr3m","time":1612094825,"event":{"mods":["BaseMod","Colored Map","Minty Spire (QoL Compilation)"],"gold_per_floor":[111,130,130,130,146,146,181,181,263,277,277,277,293,130,130,130,130],"floor_reached":16,"language":"FRA","playtime":228,"items_purged":[],"score":200,"play_id":"2c682ac1-9a5b-4318-ab3c-f00e6cf0bd49","local_time":"20210131130705","is_ascension_mode":true,"campfire_choices":[{"data":"Bash","floor":6,"key":"SMITH"},{"floor":8,"key":"REST"},{"floor":15,"key":"REST"}],"circlet_count":0,"master_deck":["AscendersBane","Strike_R","Strike_R","Strike_R","Strike_R","Strike_R","Defend_R","Defend_R","Bash+1","Heavy Blade","Bloodletting+1","Cleave","Flex+1","Flash of Steel"],"relics":["Runic Dome","Oddly Smooth Stone","Toxic Egg 2"],"acts_visited":["Exordium"],"potions_floor_usage":[7,16],"damage_taken":[{"damage":2,"enemies":"Jaw Worm","floor":1,"turns":3},{"damage":14,"enemies":"Small Slimes","floor":2,"turns":4},{"damage":0,"enemies":"Cultist","floor":5,"turns":3},{"damage":20,"enemies":"Gremlin Nob","floor":7,"turns":4},{"damage":9,"enemies":"Blue Slaver","floor":10,"turns":3},{"damage":28,"enemies":"Exordium Thugs","floor":13,"turns":4},{"damage":41,"enemies":"Hexaghost","floor":16,"turns":7}],"seed_played":"2839587914594483260","potions_obtained":[{"floor":2,"key":"HeartOfIron"},{"floor":10,"key":"LiquidMemories"}],"is_trial":false,"path_per_floor":["M","M","?","?","M","R","E","R","T","M","?","$","M","$","R","B"],"character_chosen":"IRONCLAD","items_purchased":["Flex+1","Flash of Steel"],"campfire_rested":2,"item_purchase_floors":[14,14],"current_hp_per_floor":[66,52,52,52,52,52,32,54,54,45,45,45,17,17,39,0,0],"gold":130,"neow_bonus":"BOSS_RELIC","is_daily":false,"chose_seed":false,"campfire_upgraded":1,"win_rate":0.0,"timestamp":1612094825,"path_taken":["M","M","?","?","?","R","E","R","T","M","?","$","M","?","R","BOSS"],"items_purchased_type":["Card","Card"],"build_version":"2020-12-22","purchased_purges":0,"victory":false,"max_hp_per_floor":[75,75,75,75,75,75,75,75,75,75,75,75,75,75,75,75,75],"card_choices":[{"not_picked":["Body Slam","Twin Strike","Perfected Strike"],"picked":"SKIP","floor":1},{"not_picked":["Headbutt","True Grit","Havoc"],"picked":"SKIP","floor":2},{"not_picked":["Perfected Strike","Rampage","Juggernaut"],"picked":"SKIP","floor":5},{"not_picked":["Entrench","Thunderclap"],"picked":"Heavy Blade","floor":7},{"not_picked":["Rampage","Pummel"],"picked":"Bloodletting+1","floor":10},{"not_picked":["True Grit+1","Clothesline","Twin Strike"],"picked":"SKIP","floor":13}],"player_experience":366170,"relics_obtained":[{"floor":7,"key":"Oddly Smooth Stone"},{"floor":9,"key":"Toxic Egg 2"}],"event_choices":[{"damage_healed":0,"gold_gain":0,"player_choice":"Leave","damage_taken":0,"max_hp_gain":0,"max_hp_loss":0,"event_name":"The Cleric","floor":3,"gold_loss":0},{"cards_removed":["Defend_R"],"damage_healed":0,"gold_gain":0,"player_choice":"Offered Basic","damage_taken":0,"max_hp_gain":0,"max_hp_loss":0,"event_name":"Bonfire Elementals","floor":4,"gold_loss":0},{"damage_healed":0,"gold_gain":0,"cards_transformed":["Defend_R"],"player_choice":"Transformed","damage_taken":0,"max_hp_gain":0,"max_hp_loss":0,"event_name":"Transmorgrifier","floor":11,"gold_loss":0,"cards_obtained":["Cleave"]}],"is_beta":false,"boss_relics":[],"items_purged_floors":[],"is_endless":false,"potions_floor_spawned":[2,10],"killed_by":"Hexaghost","ascension_level":20}}