{"host":"0utx1lcxgx5vu4k0","time":1612129254,"event":{"mods":["AlwaysNeverKeys","BaseMod","Colored Powertips","Minty Spire (QoL Compilation)","Permanent Neow","Relic Stats","StSLib"],"gold_per_floor":[113,113,128,128,47,88,88,129,129,142,166,201,201,216,216,341,341,357,456,475,102,122,122,160,75,75,90,90,123,143,174,174,298,298,319,652,296,342,358,393,393,420,420,432,444,506,548,575,587,599,611,623,209,237,237],"floor_reached":56,"language":"ENG","playtime":2257,"items_purged":["Strike_G","Strike_G","Defend_G"],"score":1489,"play_id":"362d0713-d1c3-4b3c-92f8-070b17c5345a","local_time":"20210131164054","is_ascension_mode":true,"campfire_choices":[{"data":"Phantasmal Killer","floor":7,"key":"SMITH"},{"data":"Terror","floor":13,"key":"SMITH"},{"data":"Leg Sweep","floor":15,"key":"SMITH"},{"data":"Phantasmal Killer","floor":23,"key":"SMITH"},{"data":"Footwork","floor":32,"key":"SMITH"},{"floor":41,"key":"RECALL"},{"data":"1","floor":49,"key":"LIFT"},{"data":"2","floor":52,"key":"LIFT"}],"circlet_count":0,"master_deck":["Strike_G","Defend_G","Defend_G","Defend_G","Defend_G","Survivor","Neutralize","Terror+1","Endless Agony","Phantasmal Killer+1","Quick Slash","Corpse Explosion","Flying Knee","Predator","Leg Sweep+1","Phantasmal Killer+1","Outmaneuver+1","Blade Dance","Acrobatics","Quick Slash+1","Footwork+1","Dodge and Roll+1","Infinite Blades+1","Adrenaline","Sucker Punch+1","Footwork+1","Finisher","Finesse","Backflip+1","Backflip+1","Escape Plan","Finesse"],"relics":["SacredBark","Matryoshka","Regal Pillow","Toy Ornithopter","Mercury Hourglass","WristBlade","ClockworkSouvenir","Happy Flower","Smiling Mask","Shuriken","Pen Nib","Anchor","Ninja Scroll","Kunai","Vajra","Empty Cage","Membership Card","Orichalcum","Juzu Bracelet","Prayer Wheel","InkBottle","Blood Vial","MawBank","Girya","TungstenRod","Bag of Marbles","Ice Cream","TheAbacus","HornCleat"],"acts_visited":["Exordium","TheCity","TheBeyond","TheEnding"],"potions_floor_usage":[6,16,20,33,39,48,50,54,55],"damage_taken":[{"damage":0,"enemies":"Small Slimes","floor":1,"turns":5},{"damage":0,"enemies":"2 Louse","floor":3,"turns":4},{"damage":12,"enemies":"Gremlin Nob","floor":6,"turns":3},{"damage":13,"enemies":"Lagavulin","floor":8,"turns":6},{"damage":8,"enemies":"Jaw Worm","floor":10,"turns":2},{"damage":4,"enemies":"2 Fungi Beasts","floor":11,"turns":4},{"damage":13,"enemies":"3 Sentries","floor":12,"turns":5},{"damage":0,"enemies":"Looter","floor":14,"turns":2},{"damage":9,"enemies":"Hexaghost","floor":16,"turns":8},{"damage":3,"enemies":"2 Thieves","floor":18,"turns":3},{"damage":0,"enemies":"Chosen","floor":20,"turns":4},{"damage":10,"enemies":"Snake Plant","floor":22,"turns":4},{"damage":20,"enemies":"Book of Stabbing","floor":24,"turns":5},{"damage":0,"enemies":"Centurion and Healer","floor":27,"turns":3},{"damage":0,"enemies":"Gremlin Leader","floor":29,"turns":3},{"damage":0,"enemies":"Cultist and Chosen","floor":30,"turns":3},{"damage":6,"enemies":"Book of Stabbing","floor":31,"turns":4},{"damage":18,"enemies":"Collector","floor":33,"turns":4},{"damage":0,"enemies":"Orb Walker","floor":35,"turns":3},{"damage":0,"enemies":"2 Orb Walkers","floor":38,"turns":3},{"damage":12,"enemies":"3 Darklings","floor":39,"turns":2},{"damage":0,"enemies":"Giant Head","floor":40,"turns":5},{"damage":8,"enemies":"Reptomancer","floor":42,"turns":5},{"damage":18,"enemies":"Mind Bloom Boss Battle","floor":46,"turns":3},{"damage":0,"enemies":"Giant Head","floor":47,"turns":4},{"damage":0,"enemies":"Spire Growth","floor":48,"turns":3},{"damage":15,"enemies":"Time Eater","floor":50,"turns":8},{"damage":26,"enemies":"Shield and Spear","floor":54,"turns":5},{"damage":15,"enemies":"The Heart","floor":55,"turns":7}],"seed_played":"7949279263608148970","potions_obtained":[{"floor":1,"key":"Strength Potion"},{"floor":10,"key":"AttackPotion"},{"floor":12,"key":"LiquidBronze"},{"floor":16,"key":"Regen Potion"},{"floor":27,"key":"BlessingOfTheForge"},{"floor":29,"key":"ColorlessPotion"},{"floor":31,"key":"FairyPotion"},{"floor":33,"key":"PowerPotion"},{"floor":40,"key":"AttackPotion"},{"floor":46,"key":"Dexterity Potion"},{"floor":48,"key":"EssenceOfSteel"}],"is_trial":false,"path_per_floor":["M","?","M","?","$","E","R","E","T","M","M","E","R","M","R","B",null,"M","?","M","$","M","R","E","?","T","M","?","E","M","E","R","B",null,"M","?","$","?","M","E","R","E","T","?","?","?","E","M","R","B",null,"R","$","E","B",null],"character_chosen":"THE_SILENT","items_purchased":["Phantasmal Killer","ClockworkSouvenir","Happy Flower","Membership Card","Orichalcum","Juzu Bracelet","Bag of Marbles","Ice Cream","TheAbacus","Finesse","SpeedPotion"],"campfire_rested":0,"item_purchase_floors":[5,21,21,37,37,37,53,53,53,53,53],"current_hp_per_floor":[70,65,65,70,70,58,58,45,45,37,33,20,20,20,20,16,70,67,67,70,70,60,60,40,40,40,40,40,40,40,34,34,40,70,70,70,70,70,58,58,58,50,50,50,50,34,36,43,43,35,70,70,70,44,36],"gold":237,"neow_bonus":"BOSS_RELIC","is_daily":false,"chose_seed":false,"campfire_upgraded":5,"win_rate":0.0,"timestamp":1612129254,"path_taken":["M","?","M","?","?","E","R","E","T","M","M","E","R","M","R","BOSS","M","?","M","$","M","R","E","?","T","M","?","E","M","E","R","BOSS","M","?","$","?","M","E","R","E","T","?","?","?","E","M","R","BOSS","R","$","E","BOSS"],"items_purchased_type":["Card","Relic","Relic","Relic","Relic","Relic","Relic","Relic","Relic","Card","Potion"],"build_version":"2020-12-22","purchased_purges":3,"victory":true,"max_hp_per_floor":[70,65,65,70,70,70,70,70,70,70,70,70,70,70,70,70,70,70,70,70,70,70,70,70,70,70,70,70,70,70,70,70,70,70,70,70,70,70,70,70,70,70,70,70,70,70,70,70,70,70,70,70,70,70,70],"relic_stats":{"Regal Pillow":0,"Happy Flower":[24],"counters":[29,119],"Pen Nib":[21],"Juzu Bracelet":0,"Orichalcum":[18],"Smiling Mask":13,"MawBank":120,"Mercury Hourglass":[321],"Blood Vial":10,"TheAbacus":[12],"Shuriken":[53],"Prayer Wheel":2,"Kunai":[49],"obtain_stats":[{"Ice Cream":53,"Regal Pillow":8,"SacredBark":0,"Vajra":31,"Juzu Bracelet":37,"Smiling Mask":24,"Empty Cage":34,"ClockworkSouvenir":21,"Blood Vial":42,"Matryoshka":6,"TheAbacus":53,"HornCleat":54,"WristBlade":17,"Ninja Scroll":28,"Prayer Wheel":38,"Kunai":29,"InkBottle":40,"Ring of the Snake":0,"Girya":46,"Happy Flower":21,"Golden Idol":2,"Pen Nib":26,"Orichalcum":37,"MawBank":43,"Mercury Hourglass":12,"Anchor":26,"Shuriken":25,"Bag of Marbles":53,"Membership Card":37,"Toy Ornithopter":9,"TungstenRod":47},{"Ice Cream":27,"Regal Pillow":4,"SacredBark":0,"Vajra":17,"Juzu Bracelet":19,"Smiling Mask":13,"Empty Cage":18,"ClockworkSouvenir":11,"Blood Vial":23,"Matryoshka":3,"TheAbacus":27,"HornCleat":28,"WristBlade":9,"Ninja Scroll":14,"Prayer Wheel":20,"Kunai":15,"InkBottle":22,"Ring of the Snake":0,"Girya":24,"Happy Flower":11,"Golden Idol":1,"Pen Nib":13,"Orichalcum":19,"MawBank":23,"Mercury Hourglass":7,"Anchor":13,"Shuriken":13,"Bag of Marbles":27,"Membership Card":19,"Toy Ornithopter":4,"TungstenRod":25},{"Ice Cream":107,"Regal Pillow":18,"SacredBark":0,"Vajra":67,"Juzu Bracelet":74,"Smiling Mask":55,"Empty Cage":71,"ClockworkSouvenir":46,"Blood Vial":89,"Matryoshka":12,"TheAbacus":107,"HornCleat":112,"WristBlade":39,"Ninja Scroll":58,"Prayer Wheel":77,"Kunai":61,"InkBottle":84,"Ring of the Snake":0,"Girya":92,"Happy Flower":46,"Golden Idol":5,"Pen Nib":55,"Orichalcum":74,"MawBank":89,"Mercury Hourglass":29,"Anchor":55,"Shuriken":55,"Bag of Marbles":107,"Membership Card":74,"Toy Ornithopter":18,"TungstenRod":96}],"Toy Ornithopter":28,"InkBottle":[24],"TungstenRod":7},"card_choices":[{"not_picked":["Slice","Dagger Spray"],"picked":"Terror","floor":1},{"not_picked":["Dodge and Roll","Bane"],"picked":"Endless Agony","floor":3},{"not_picked":["PiercingWail","Tactician"],"picked":"Quick Slash","floor":6},{"not_picked":["Sucker Punch","Caltrops"],"picked":"Corpse Explosion","floor":8},{"not_picked":["Dodge and Roll","Expertise","Reflex"],"picked":"SKIP","floor":10},{"not_picked":["Flechettes","Acrobatics"],"picked":"Flying Knee","floor":11},{"not_picked":["Infinite Blades","Bouncing Flask"],"picked":"Predator","floor":12},{"not_picked":["Bane","Calculated Gamble"],"picked":"Leg Sweep","floor":14},{"not_picked":["Night Terror","Doppelganger"],"picked":"Phantasmal Killer","floor":16},{"not_picked":["Deflect+1","Calculated Gamble"],"picked":"Outmaneuver+1","floor":18},{"not_picked":["Slice","Blur+1"],"picked":"Blade Dance","floor":20},{"not_picked":["Reflex+1","Backflip"],"picked":"Acrobatics","floor":22},{"not_picked":["Prepared","Deadly Poison+1"],"picked":"Quick Slash+1","floor":24},{"not_picked":["Slice","Prepared"],"picked":"Footwork","floor":27},{"not_picked":["Backstab","Die Die Die","Flying Knee+1"],"picked":"SKIP","floor":29},{"not_picked":["Crippling Poison","Quick Slash+1"],"picked":"Dodge and Roll+1","floor":30},{"not_picked":["Choke+1","Backstab+1"],"picked":"Infinite Blades+1","floor":31},{"not_picked":["Malaise","Tools of the Trade"],"picked":"Adrenaline","floor":33},{"not_picked":["Skewer","Slice+1"],"picked":"Sucker Punch+1","floor":35},{"not_picked":["Deflect","Dagger Throw"],"picked":"Footwork+1","floor":38},{"not_picked":["Dagger Spray+1","Sucker Punch+1"],"picked":"Finisher","floor":39},{"not_picked":["Dodge and Roll","Poisoned Stab","Eviscerate"],"picked":"SKIP","floor":39},{"not_picked":["Catalyst","Footwork","Quick Slash+1"],"picked":"SKIP","floor":40},{"not_picked":["Burst","Slice+1","Terror"],"picked":"SKIP","floor":42},{"not_picked":["Purity","Mayhem"],"picked":"Finesse","floor":45},{"not_picked":["Eviscerate+1","Slice"],"picked":"Backflip+1","floor":46},{"not_picked":["Distraction","Underhanded Strike","Eviscerate"],"picked":"SKIP","floor":47},{"not_picked":["Deflect+1","Catalyst+1"],"picked":"Backflip+1","floor":48},{"not_picked":["Acrobatics","Backflip"],"picked":"Escape Plan","floor":48},{"not_picked":["Backflip","Flechettes+1","Calculated Gamble"],"picked":"SKIP","floor":54}],"player_experience":19298,"relics_obtained":[{"floor":6,"key":"Matryoshka"},{"floor":8,"key":"Regal Pillow"},{"floor":9,"key":"Toy Ornithopter"},{"floor":12,"key":"Mercury Hourglass"},{"floor":24,"key":"Smiling Mask"},{"floor":26,"key":"Pen Nib"},{"floor":26,"key":"Anchor"},{"floor":29,"key":"Kunai"},{"floor":31,"key":"Vajra"},{"floor":38,"key":"Prayer Wheel"},{"floor":40,"key":"InkBottle"},{"floor":42,"key":"Blood Vial"},{"floor":43,"key":"MawBank"},{"floor":46,"key":"Girya"},{"floor":47,"key":"TungstenRod"},{"floor":54,"key":"HornCleat"}],"event_choices":[{"damage_healed":0,"gold_gain":0,"player_choice":"Lose Max HP","damage_taken":0,"relics_obtained":["Golden Idol"],"max_hp_gain":0,"max_hp_loss":5,"event_name":"Golden Idol","floor":2,"gold_loss":0},{"damage_healed":0,"gold_gain":0,"player_choice":"Donut","damage_taken":0,"max_hp_gain":5,"max_hp_loss":0,"event_name":"Big Fish","floor":4,"gold_loss":0},{"damage_healed":0,"gold_gain":99,"player_choice":"Stole From Cult","damage_taken":0,"max_hp_gain":0,"max_hp_loss":0,"event_name":"Nest","floor":19,"gold_loss":0},{"damage_healed":0,"gold_gain":0,"player_choice":"Obtained Relic","damage_taken":0,"relics_obtained":["Shuriken"],"max_hp_gain":0,"max_hp_loss":0,"event_name":"Addict","floor":25,"gold_loss":85},{"damage_healed":0,"gold_gain":0,"player_choice":"Opened","damage_taken":0,"relics_obtained":["Ninja Scroll"],"max_hp_gain":0,"max_hp_loss":0,"event_name":"The Mausoleum","floor":28,"gold_loss":0},{"damage_healed":0,"gold_gain":333,"player_choice":"Gave Idol","damage_taken":0,"max_hp_gain":0,"max_hp_loss":0,"event_name":"The Moai Head","floor":36,"relics_lost":["Golden Idol"],"gold_loss":0},{"damage_healed":0,"gold_gain":0,"player_choice":"Fight","damage_taken":0,"max_hp_gain":0,"max_hp_loss":0,"event_name":"Mysterious Sphere","floor":38,"gold_loss":0},{"damage_healed":0,"gold_gain":0,"player_choice":"Ignored","damage_taken":0,"max_hp_gain":0,"max_hp_loss":0,"event_name":"Tomb of Lord Red Mask","floor":44,"gold_loss":0},{"damage_healed":0,"gold_gain":0,"player_choice":"Memory 1","damage_taken":0,"max_hp_gain":0,"max_hp_loss":0,"event_name":"SensoryStone","floor":45,"gold_loss":0},{"damage_healed":0,"gold_gain":0,"player_choice":"Fight","damage_taken":0,"max_hp_gain":0,"max_hp_loss":0,"event_name":"MindBloom","floor":46,"gold_loss":0}],"is_beta":false,"boss_relics":[{"not_picked":["Coffee Dripper","Busted Crown"],"picked":"WristBlade"},{"not_picked":["Fusion Hammer","Calling Bell"],"picked":"Empty Cage"}],"items_purged_floors":[21,37,53],"is_endless":false,"potions_floor_spawned":[1,10,12,16,27,29,31,33,40,46,48],"ascension_level":1}}