{"host":"2tgyrzvaa7l04o2e","time":1612116003,"event":{"mods":["BaseMod","Highlight Path","Minty Spire (QoL Compilation)","Permanent Neow","Relic Stats"],"gold_per_floor":[109,124,124,135,151,151,179,198,246,260,10,35,35,48,48,151,151,169,268,288,299,299,299,328,328,328,328,328],"floor_reached":27,"language":"ENG","playtime":1059,"items_purged":[],"score":380,"play_id":"61c80c67-a0e3-4805-965c-e830e8b41892","local_time":"20210131190003","is_ascension_mode":true,"campfire_choices":[{"data":"Ragnarok","floor":6,"key":"SMITH"},{"floor":13,"key":"REST"},{"floor":15,"key":"REST"},{"floor":23,"key":"REST"},{"floor":25,"key":"REST"}],"circlet_count":0,"master_deck":["AscendersBane","Strike_P","Strike_P","Strike_P","Defend_P","Defend_P","Defend_P","Defend_P","Eruption","Vigilance","Judgement","CrushJoints","ThirdEye","BattleHymn","Ragnarok+1","EmptyFist","MentalFortress","CutThroughFate","Evaluate","Establishment","SashWhip+1","Adaptation+1","Protect+1","EmptyFist+1"],"relics":["PureWater","Turnip","Omamori","TeardropLocket","White Beast Statue","Runic Pyramid","Necronomicon","Boot"],"acts_visited":["Exordium","TheCity"],"potions_floor_usage":[10,12,16,16,21,24,27],"damage_taken":[{"damage":1,"enemies":"Small Slimes","floor":1,"turns":2},{"damage":0,"enemies":"2 Louse","floor":2,"turns":3},{"damage":0,"enemies":"Jaw Worm","floor":4,"turns":1},{"damage":0,"enemies":"2 Fungi Beasts","floor":5,"turns":2},{"damage":20,"enemies":"Lagavulin","floor":7,"turns":5},{"damage":8,"enemies":"Exordium Thugs","floor":8,"turns":2},{"damage":0,"enemies":"Gremlin Gang","floor":10,"turns":4},{"damage":20,"enemies":"3 Sentries","floor":12,"turns":4},{"damage":4,"enemies":"2 Fungi Beasts","floor":14,"turns":2},{"damage":2,"enemies":"Slime Boss","floor":16,"turns":5},{"damage":4,"enemies":"Chosen","floor":18,"turns":3},{"damage":10,"enemies":"Shell Parasite","floor":20,"turns":3},{"damage":13,"enemies":"Snake Plant","floor":21,"turns":5},{"damage":53,"enemies":"Gremlin Leader","floor":24,"turns":7},{"damage":31,"enemies":"Book of Stabbing","floor":27,"turns":4}],"seed_played":"-3982275086903389447","potions_obtained":[{"floor":2,"key":"SpeedPotion"},{"floor":8,"key":"LiquidMemories"},{"floor":10,"key":"Regen Potion"},{"floor":12,"key":"ColorlessPotion"},{"floor":16,"key":"LiquidMemories"},{"floor":18,"key":"Ancient Potion"},{"floor":21,"key":"Regen Potion"},{"floor":24,"key":"FearPotion"}],"is_trial":false,"path_per_floor":["M","M","?","M","M","R","E","M","T","M","$","E","R","M","R","B",null,"M","?","M","M","?","R","E","R","T","E"],"character_chosen":"WATCHER","items_purchased":["TeardropLocket"],"campfire_rested":4,"item_purchase_floors":[11],"current_hp_per_floor":[46,46,46,46,46,46,26,18,18,18,18,10,31,27,48,46,66,62,62,52,39,23,44,6,27,27,0,0],"gold":328,"neow_bonus":"THREE_RARE_CARDS","is_daily":false,"chose_seed":false,"campfire_upgraded":1,"win_rate":0.0,"timestamp":1612116003,"path_taken":["M","M","?","M","M","R","E","M","T","M","$","E","R","M","R","BOSS","M","?","M","M","?","R","E","R","T","E"],"items_purchased_type":["Relic"],"build_version":"2020-12-22","purchased_purges":0,"victory":false,"max_hp_per_floor":[72,72,72,72,72,72,72,72,72,72,72,72,72,72,72,72,72,72,72,72,72,72,72,72,72,72,72,72],"relic_stats":{"counters":[15,52],"Turnip":[4],"Necronomicon":[4],"Boot":[0],"obtain_stats":[{"Turnip":7,"Omamori":9,"Necronomicon":22,"TeardropLocket":11,"PureWater":0,"Boot":24,"White Beast Statue":12,"Runic Pyramid":17},{"Turnip":5,"Omamori":6,"Necronomicon":13,"TeardropLocket":7,"PureWater":0,"Boot":14,"White Beast Statue":8,"Runic Pyramid":10},{"Turnip":13,"Omamori":15,"Necronomicon":41,"TeardropLocket":19,"PureWater":0,"Boot":48,"White Beast Statue":23,"Runic Pyramid":30}]},"card_choices":[{"not_picked":["Wish","Alpha"],"picked":"Judgement","floor":0},{"not_picked":["FlurryOfBlows","FollowUp"],"picked":"CrushJoints","floor":1},{"not_picked":["ClearTheMind","Swivel"],"picked":"ThirdEye","floor":2},{"not_picked":["WreathOfFlame","ReachHeaven"],"picked":"Ragnarok","floor":4},{"not_picked":["ThirdEye","SignatureMove"],"picked":"EmptyFist","floor":5},{"not_picked":["ThirdEye","SashWhip","FlurryOfBlows"],"picked":"SKIP","floor":7},{"not_picked":["FollowUp","BowlingBash"],"picked":"MentalFortress","floor":8},{"not_picked":["JustLucky","InnerPeace"],"picked":"CutThroughFate","floor":10},{"not_picked":["BattleHymn","CrushJoints"],"picked":"Evaluate","floor":12},{"not_picked":["Consecrate","SashWhip","FlurryOfBlows"],"picked":"SKIP","floor":14},{"not_picked":["Judgement","DeusExMachina"],"picked":"Establishment","floor":16},{"not_picked":["BowlingBash","Perseverance+1"],"picked":"SashWhip+1","floor":18},{"not_picked":["BattleHymn","Vengeance"],"picked":"Adaptation+1","floor":20},{"not_picked":["Nirvana","Consecrate"],"picked":"Protect+1","floor":21},{"not_picked":["FollowUp","Ragnarok"],"picked":"EmptyFist+1","floor":24}],"player_experience":686837,"relics_obtained":[{"floor":7,"key":"Turnip"},{"floor":9,"key":"Omamori"},{"floor":12,"key":"White Beast Statue"},{"floor":22,"key":"Necronomicon"},{"floor":24,"key":"Boot"}],"event_choices":[{"damage_healed":0,"gold_gain":0,"cards_transformed":["Strike_P"],"player_choice":"Change","damage_taken":0,"max_hp_gain":0,"max_hp_loss":0,"event_name":"Living Wall","floor":3,"gold_loss":0,"cards_obtained":["BattleHymn"]},{"damage_healed":0,"gold_gain":99,"player_choice":"Stole From Cult","damage_taken":0,"max_hp_gain":0,"max_hp_loss":0,"event_name":"Nest","floor":19,"gold_loss":0},{"damage_healed":0,"gold_gain":0,"player_choice":"Obtained Book","damage_taken":16,"max_hp_gain":0,"max_hp_loss":0,"event_name":"Cursed Tome","floor":22,"gold_loss":0}],"is_beta":false,"boss_relics":[{"not_picked":["Calling Bell","SacredBark"],"picked":"Runic Pyramid"}],"items_purged_floors":[],"is_endless":false,"potions_floor_spawned":[2,8,10,12,14,16,18,20,21,24],"killed_by":"Book of Stabbing","ascension_level":11}}