{"host":"egwexuw5uvnxf11j","time":1612052757,"event":{"mods":["2.2 Compatiblity","Aspiration","BaseMod","Better Altar","Better Note","Better Sensory Stone","Better Third Choice","Displayed Cursed Tome","Downfall","Hermit","Key Reminder","Koishi","Marisa????????","Minty Spire (QoL Compilation)","Quick Restart","Shade Mod","Spicy Shops","StSLib","The Construct","The Cursed","The Hierophant","The Runesmith","The Senshi","The Servant 0.9.4","Transform Curses"],"gold_per_floor":[116,133,34,34,46,72,72,72,72,102,48,48,48,67,67,169,169,200,219,219,107,151,151,151,168,168,168,183,183,183],"floor_reached":29,"language":"ENG","playtime":1090,"items_purged":[],"score":243,"play_id":"3ac9447c-bbdc-4e67-8359-9fabf769a790","local_time":"20210130192557","is_ascension_mode":true,"campfire_choices":[{"floor":7,"key":"REST"},{"floor":12,"key":"REST"},{"floor":15,"key":"REST"},{"floor":23,"key":"REST"}],"circlet_count":0,"master_deck":["hermit:Snapshot","hermit:Covet","hermit:Brawl","hermit:PistolWhip","hermit:Brawl","hermit:Brawl","hermit:SprayPray","hermit:WideOpen","hermit:Ricochet","Burn","hermit:TakeAim","hermit:Dive","hermit:TrackingShot","hermit:DeadOrAlive","hermit:Ricochet","hermit:Maintenance","hermit:HoleUp","hermit:HoleUp","hermit:EyeOfTheStorm","hermit:WideOpen","hermit:HeroicBravado","hermit:Purgatory","hermit:HighCaliber","hermit:HighCaliber","hermit:Horror","hermit:NoHoldsBarred","hermit:BodyArmor","hermit:Enervate+1","hermit:ShadowCloak"],"relics":["hermit:Momento","aspiration:HummingbirdHeart","keyreminder:keyreminder","Matryoshka","War Paint","Pandora\u0027s Box","Red Mask","Oddly Smooth Stone","construct:FoamFinger"],"acts_visited":["Exordium","TheCity"],"potions_floor_usage":[6,10,16,28],"damage_taken":[{"damage":5,"enemies":"2 Louse","floor":1,"turns":2},{"damage":17,"enemies":"Small Slimes","floor":2,"turns":3},{"damage":10,"enemies":"Jaw Worm","floor":5,"turns":4},{"damage":16,"enemies":"Lagavulin","floor":6,"turns":6},{"damage":32,"enemies":"Gremlin Nob","floor":10,"turns":5},{"damage":3,"enemies":"Red Slaver","floor":14,"turns":3},{"damage":13,"enemies":"Hexaghost","floor":16,"turns":8},{"damage":23,"enemies":"3 Byrds","floor":18,"turns":6},{"damage":34,"enemies":"Shell Parasite","floor":19,"turns":4},{"damage":26,"enemies":"Masked Bandits","floor":22,"turns":4},{"damage":9,"enemies":"Snake Plant","floor":25,"turns":4},{"damage":11,"enemies":"Centurion and Healer","floor":28,"turns":6},{"damage":24,"enemies":"Sentry and Sphere","floor":29,"turns":5}],"seed_played":"-5927421255658439282","potions_obtained":[{"floor":1,"key":"LiquidMemories"},{"floor":5,"key":"PowerPotion"},{"floor":10,"key":"FairyPotion"},{"floor":14,"key":"SkillPotion"},{"floor":25,"key":"champ:CounterPotion"},{"floor":28,"key":"Dexterity Potion"}],"is_trial":false,"path_per_floor":["M","M","$","?","M","E","R","?","T","E","$","R","$","M","R","B",null,"M","M","?","$","?","R","?","M","T","?","M","M"],"character_chosen":"HERMIT","items_purchased":["hermit:Brawl","hermit:SprayPray","hermit:Dive","hermit:Horror","hermit:NoHoldsBarred"],"campfire_rested":4,"item_purchase_floors":[3,3,11,21,21],"current_hp_per_floor":[70,53,53,53,43,27,49,49,49,17,17,39,39,36,58,45,75,52,18,18,18,22,44,44,35,35,35,24,0,0],"gold":183,"neow_bonus":"THREE_CARDS","is_daily":false,"chose_seed":false,"campfire_upgraded":0,"win_rate":0.0,"timestamp":1612052757,"path_taken":["M","M","$","?","M","E","R","?","T","E","$","R","?","?","R","BOSS","M","M","?","$","?","R","?","M","T","?","M","M"],"items_purchased_type":["Card","Card","Card","Card","Card"],"build_version":"2020-12-22","purchased_purges":0,"victory":false,"max_hp_per_floor":[75,75,75,75,75,75,75,75,75,75,75,75,75,75,75,75,75,75,75,75,75,75,75,75,75,75,75,75,75,75],"card_choices":[{"not_picked":["hermit:Misfire","hermit:ItchyTrigger"],"picked":"hermit:Brawl","floor":0},{"not_picked":["hermit:Coalescence","hermit:Misfire"],"picked":"hermit:PistolWhip","floor":1},{"not_picked":["hermit:Quickdraw","hermit:TakeCover"],"picked":"hermit:Brawl","floor":2},{"not_picked":["hermit:Roulette","hermit:Manifest"],"picked":"hermit:WideOpen","floor":5},{"not_picked":["hermit:HighCaliber","hermit:TakeAim"],"picked":"hermit:Ricochet","floor":6},{"not_picked":["hermit:Showdown","hermit:Manifest"],"picked":"hermit:TakeAim","floor":10},{"not_picked":["hermit:Deadeye","hermit:Quickdraw"],"picked":"hermit:TrackingShot","floor":14},{"not_picked":["hermit:Purgatory","hermit:RoundhouseKick"],"picked":"hermit:DeadOrAlive","floor":16},{"not_picked":["hermit:BodyArmor+1","hermit:Misfire"],"picked":"hermit:HighCaliber","floor":18},{"not_picked":["hermit:Glare","hermit:LuckOfTheDraw+1"],"picked":"hermit:HighCaliber","floor":19},{"not_picked":["hermit:EyeOfTheStorm","hermit:Midnight"],"picked":"hermit:BodyArmor","floor":22},{"not_picked":["hermit:HeroicBravado","hermit:Roulette+1"],"picked":"hermit:Enervate+1","floor":25},{"not_picked":["hermit:HighCaliber","hermit:ItchyTrigger"],"picked":"hermit:ShadowCloak","floor":28}],"player_experience":2320602,"relics_obtained":[{"floor":6,"key":"aspiration:HummingbirdHeart"},{"floor":9,"key":"Matryoshka"},{"floor":10,"key":"War Paint"},{"floor":22,"key":"Red Mask"},{"floor":26,"key":"Oddly Smooth Stone"},{"floor":26,"key":"construct:FoamFinger"}],"event_choices":[{"damage_healed":0,"gold_gain":0,"player_choice":"LEAVE","damage_taken":0,"max_hp_gain":0,"max_hp_loss":0,"event_name":"betterThird:BetterScrap","floor":4,"gold_loss":0,"cards_obtained":["Reprogram"]},{"damage_healed":49,"gold_gain":0,"player_choice":"Embrace Burn","damage_taken":0,"max_hp_gain":0,"max_hp_loss":75,"event_name":"betterThird:BetterShining","floor":8,"gold_loss":0},{"damage_healed":0,"gold_gain":0,"player_choice":"Ignored","damage_taken":0,"max_hp_gain":0,"max_hp_loss":0,"event_name":"Cursed Tome","floor":20,"gold_loss":0},{"damage_healed":0,"gold_gain":0,"player_choice":"Fought Bandits","damage_taken":0,"max_hp_gain":0,"max_hp_loss":0,"event_name":"Masked Bandits","floor":22,"gold_loss":0},{"damage_healed":0,"gold_gain":0,"player_choice":"Ignored","damage_taken":0,"max_hp_gain":0,"max_hp_loss":0,"event_name":"Ghosts","floor":24,"gold_loss":0},{"damage_healed":0,"gold_gain":0,"player_choice":"Ignored","damage_taken":0,"max_hp_gain":0,"max_hp_loss":0,"event_name":"Vampires","floor":27,"gold_loss":0}],"is_beta":false,"boss_relics":[{"not_picked":["Coffee Dripper","Snecko Eye"],"picked":"Pandora\u0027s Box"}],"items_purged_floors":[],"is_endless":false,"potions_floor_spawned":[1,5,10,14,25,28],"killed_by":"Sentry and Sphere","ascension_level":1}}