{"host":"qbjtml023iza03hb","time":1612091119,"event":{"mods":["AchievementEnabler","BaseMod","Better Sensory Stone","Hermit","Minty Spire (QoL Compilation)","StSLib","The Animator","The Cursed"],"gold_per_floor":[113,132,165,208,231,231,251,251,251,251,251,251],"floor_reached":11,"language":"FRA","playtime":1429,"items_purged":[],"score":77,"play_id":"e4076c70-1a7e-47b5-8199-030d6b50ab9f","local_time":"20210131120519","is_ascension_mode":true,"campfire_choices":[{"data":"animator:Entoma","floor":6,"key":"SMITH"},{"data":"animator:PandorasActor","floor":8,"key":"SMITH"},{"data":"animator:Fredrika","floor":10,"key":"SMITH"}],"circlet_count":0,"master_deck":["animator:Strike_Elsword","animator:Defend_Elsword","animator:Strike","animator:Strike","animator:Strike","animator:Defend","animator:Defend","animator:Chung","animator:Raven","animator:Fredrika+1","animator:PandorasActor+1","animator:GuildGirl","animator:Togame","animator:Ain","animator:Entoma+3"],"relics":["animator:LivingPicture","animator:TheMissingPiece","Meat on the Bone"],"acts_visited":["Exordium"],"potions_floor_usage":[],"damage_taken":[{"damage":0.0,"enemies":"Small Slimes","floor":1.0,"turns":3.0},{"damage":0.0,"enemies":"2 Louse","floor":2.0,"turns":2.0},{"damage":0.0,"enemies":"Cultist","floor":3.0,"turns":3.0},{"damage":1.0,"enemies":"Gremlin Gang","floor":4.0,"turns":6.0},{"damage":6,"enemies":"3 Louse","floor":5,"turns":6},{"damage":8,"enemies":"Exordium Wildlife","floor":7,"turns":6},{"damage":54,"enemies":"Lagavulin","floor":11,"turns":7}],"seed_played":"-1492114808519494359","potions_obtained":[{"floor":1.0,"key":"Energy Potion"},{"floor":3.0,"key":"GamblersBrew"},{"floor":4,"key":"Explosive Potion"}],"is_trial":false,"path_per_floor":["M","M","M","M","M","R","M","R","T","R","E"],"character_chosen":"THE_ANIMATOR","items_purchased":[],"campfire_rested":0,"item_purchase_floors":[],"current_hp_per_floor":[66,66,66,65,59,59,53,53,53,53,0,0],"gold":251,"neow_bonus":"TRANSFORM_CARD","is_daily":false,"chose_seed":false,"campfire_upgraded":3,"win_rate":0.0,"timestamp":1612091119,"path_taken":["M","M","M","M","M","R","M","R","T","R","E"],"items_purchased_type":[],"build_version":"2020-12-22","purchased_purges":0,"victory":false,"max_hp_per_floor":[66,66,66,66,66,66,68,68,68,68,68,68],"card_choices":[{"not_picked":["animator:Megumin","animator:AcuraAkari"],"picked":"animator:PandorasActor","floor":1.0},{"not_picked":["animator:Caster","animator:LizardPriest"],"picked":"animator:GuildGirl","floor":2.0},{"not_picked":["animator:Mitsurugi","animator:Kazuma"],"picked":"animator:Togame","floor":3.0},{"not_picked":["animator:Ciel","animator:Add"],"picked":"animator:Ain","floor":4},{"not_picked":["animator:AcuraAkari","animator:Rider"],"picked":"animator:Entoma","floor":5},{"not_picked":["animator:ChaikaBohdan","animator:Viivi"],"picked":"animator:Entoma","floor":7}],"player_experience":528387,"relics_obtained":[{"floor":9,"key":"Meat on the Bone"}],"event_choices":[],"is_beta":false,"boss_relics":[],"items_purged_floors":[],"is_endless":false,"potions_floor_spawned":[1,3,4],"killed_by":"Lagavulin","ascension_level":3}}