{"host":"3vgzk5mhz751jdrj","time":1612136387,"event":{"mods":["2.2 Compatiblity","AchievementEnabler","Act Like it!","Aspiration","BaseMod","Better Altar","Better Match","Better Note","Better Sensory Stone","Better Skull","Better Third Choice","Block Reminder","Colored Map","Conspire","Curses Come First","Dark Map","Displayed Cursed Tome","Downfall","Friendly Minions","GifTheSpireLib","Halation","Hubris","Marked Mod","Mimic Mod","Minty Spire (QoL Compilation)","Quick Restart","Rare Cards Sparkle","Replay The Spire","Shop Mod","Spicy Shops","Spikes Relics","StSLib","Stuff the Spire","Trackpad","[GremlinLeader]The Maniac"],"gold_per_floor":[110,110,110,446,463,463,476,486,486,486,521,521,587,598,653,751,751,768,886,63,63,83,83,83],"floor_reached":23,"language":"ENG","playtime":973,"items_purged":["Doubt"],"score":216,"play_id":"16654e38-b3ea-4ad4-9529-7159faead67b","local_time":"20210131183947","is_ascension_mode":false,"campfire_choices":[{"floor":6.0,"key":"RECALL"}],"circlet_count":0,"master_deck":["maniac:Strike","maniac:Strike","maniac:Strike","maniac:Strike","maniac:Strike","maniac:Defend","maniac:Defend","maniac:Defend","maniac:Defend","maniac:BurnBlood","maniac:AbyssShackle","maniac:Whirlscythe+1","maniac:Intimidate+1","maniac:ShelteringEdge","maniac:Intimidate","maniac:Assassinate+1","ReplayTheSpireMod:Splinters","Quick Slash+1","maniac:BladeArtist+1"],"relics":["maniac:DamagedAnvil","maniac:BrokenHorn","NeowsBlessing","hubris:Icosahedron","Molten Egg 2","PrismaticShard","Akabeko","Black Star","MerchantsRug","Guide Book","Kunai","hubris:HerbalPaste","halation:AfternoonTea"],"acts_visited":["Exordium","TheCity"],"potions_floor_usage":[],"damage_taken":[{"damage":0.0,"enemies":"2 Louse","floor":1.0,"turns":2.0},{"damage":0.0,"enemies":"Small Slimes","floor":5.0,"turns":1.0},{"damage":0.0,"enemies":"Cultist","floor":7.0,"turns":1.0},{"damage":8.0,"enemies":"Large Slime","floor":8.0,"turns":7.0},{"damage":2.0,"enemies":"Replay:BlueRogue","floor":11.0,"turns":5.0},{"damage":0.0,"enemies":"Blue Slaver","floor":14.0,"turns":1.0},{"damage":17.0,"enemies":"Hexaghost","floor":16.0,"turns":6.0},{"damage":2.0,"enemies":"Shell Parasite","floor":18.0,"turns":3.0},{"damage":40.0,"enemies":"2 Thieves","floor":19.0,"turns":5.0},{"damage":29,"enemies":"3 Cultists","floor":22,"turns":5},{"damage":27,"enemies":"Slavers","floor":23,"turns":2}],"seed_played":"6361600564000525418","potions_obtained":[{"floor":7.0,"key":"Toxic Potion"},{"floor":8.0,"key":"Dexterity Potion"},{"floor":13.0,"key":"sneckomod:MuddlingPotion"},{"floor":16.0,"key":"sneckomod:MuddlingPotion"},{"floor":18.0,"key":"Languid Potion"}],"is_trial":false,"path_per_floor":["M","?","?","?","M","R","M","M","T","?","E","?","?","M","R_BF","B",null,"M","M","$","?","M","E"],"character_chosen":"THE_MANIAC","items_purchased":["MerchantsRug","Guide Book","Kunai","maniac:BladeArtist+1","hubris:HerbalPaste","halation:AfternoonTea"],"campfire_rested":0,"item_purchase_floors":[20,20,20,20,20,20],"current_hp_per_floor":[80,80,80,52,52,52,52,44,44,44,42,42,42,42,42,25,80,78,38,38,38,15,0,0],"gold":83,"neow_bonus":"THREE_ENEMY_KILL","is_daily":false,"chose_seed":false,"campfire_upgraded":0,"win_rate":0.0,"timestamp":1612136387,"path_taken":["M","?","?","?","M","R","M","?","T","?","E","?","?","M","R_BF","BOSS","M","M","$","?","?","E"],"items_purchased_type":["Relic","Relic","Relic","Card","Relic","Relic"],"build_version":"2020-12-22","purchased_purges":1,"victory":false,"max_hp_per_floor":[80,80,80,80,80,80,80,80,80,80,80,80,80,80,80,80,80,80,80,80,80,80,80,80],"card_choices":[{"not_picked":["maniac:Intimidate","maniac:WardAndDefend"],"picked":"maniac:Whirlscythe","floor":1.0},{"not_picked":["maniac:Retrospect","maniac:UndyingDesire"],"picked":"maniac:Intimidate","floor":5.0},{"not_picked":["maniac:UntravelledPath","maniac:UndyingDesire"],"picked":"maniac:ShelteringEdge","floor":7.0},{"not_picked":["maniac:DashForward","maniac:PanickyParry"],"picked":"maniac:Intimidate","floor":8.0},{"not_picked":["maniac:PanickyParry","maniac:FindAShortcut"],"picked":"maniac:Assassinate","floor":11.0},{"not_picked":["Ball Lightning+1","sneckomod:UnknownClassGUARDIAN"],"picked":"Quick Slash+1","floor":14.0},{"not_picked":["sneckomod:UnknownClassRED","Guardian:CrystalBeam+1","Vengeance+1"],"picked":"SKIP","floor":18.0},{"not_picked":["champ:EnGarde+1","champ:TornadoPunch+1","bronze:ChosenStrike+1"],"picked":"SKIP","floor":19.0},{"not_picked":["sneckomod:DiceCrush+1","Panic Button","StuffTheSpire:ClusterCrunch+1"],"picked":"SKIP","floor":22}],"player_experience":427334,"relics_obtained":[{"floor":11.0,"key":"Molten Egg 2"},{"floor":13.0,"key":"Akabeko"}],"event_choices":[{"damage_healed":0.0,"max_hp_gain":0.0,"max_hp_loss":0.0,"gold_gain":0.0,"event_name":"conspire:Investor","player_choice":"Leave","floor":2.0,"gold_loss":0.0,"damage_taken":0.0},{"damage_healed":0.0,"max_hp_gain":0.0,"max_hp_loss":0.0,"gold_gain":336.0,"event_name":"betterSkull:BetterSkull","player_choice":"GO GO GO ","floor":4.0,"gold_loss":0.0,"damage_taken":31.0,"cards_upgraded":[],"relics_obtained":[]},{"damage_healed":0.0,"max_hp_gain":0.0,"max_hp_loss":0.0,"gold_gain":0.0,"event_name":"Living Wall","player_choice":"Grow","floor":10.0,"gold_loss":0.0,"damage_taken":0.0,"cards_upgraded":["maniac:Whirlscythe"]},{"cards_removed":["maniac:Assassinate"],"damage_healed":0.0,"max_hp_gain":0.0,"max_hp_loss":0.0,"gold_gain":0.0,"event_name":"betterNote:BetterNote","player_choice":"Give","floor":21.0,"gold_loss":0.0,"damage_taken":0.0,"cards_obtained":["None"]}],"is_beta":false,"boss_relics":[{"not_picked":["aspiration:DefectSkillbook","Busted Crown"],"picked":"Black Star"}],"items_purged_floors":[20],"is_endless":false,"potions_floor_spawned":[7,8,16,18],"killed_by":"Slavers","ascension_level":0}}