{"host":"skr63qsdfgeey3it","time":1612076966,"event":{"mods":["BaseMod","Colored Map","Hubris","Minty Spire (QoL Compilation)","Replay The Spire","Spicy Shops","StSLib"],"gold_per_floor":[113,147,163,163,54,54,65,96,123,134,164,12,12,31,31,134,134,146,146,156,170,170,170,170],"floor_reached":23,"language":"ENG","playtime":798,"items_purged":["CommonCold"],"score":335,"play_id":"b0915bff-024c-4b3f-aac1-fe5fd19d9307","local_time":"20210131010926","is_ascension_mode":true,"campfire_choices":[{"data":"Strike_B","floor":6,"key":"PURGE"},{"floor":15,"key":"REST"}],"circlet_count":0,"master_deck":["AscendersBane","Strike_B","Strike_B","Defend_B","Defend_B","Defend_B","Zap","Dualcast","Gash","BootSequence","Go for the Eyes","Gash","Rebound","Rebound","Gash","Electrodynamics","Leap+1","Conserve Battery","Creative AI+1","Chaos","ReplayRNGCard","FTL","White Noise","Self Repair"],"relics":["Cracked Core","Peace Pipe","Ginger","Gremlin Food","Blue Doll","Odd Mushroom","Strange Spoon","hubris:CrackedHourglass"],"acts_visited":["Exordium","TheCity"],"potions_floor_usage":[11,16,16,18],"damage_taken":[{"damage":0,"enemies":"Cultist","floor":1,"turns":3},{"damage":0,"enemies":"2 Louse","floor":3,"turns":2},{"damage":2,"enemies":"Jaw Worm","floor":7,"turns":2},{"damage":10,"enemies":"3 Sentries","floor":8,"turns":6},{"damage":4,"enemies":"Red Slaver","floor":10,"turns":4},{"damage":15,"enemies":"The Mushroom Lair","floor":11,"turns":5},{"damage":0,"enemies":"3 Louse","floor":14,"turns":1},{"damage":30,"enemies":"The Guardian","floor":16,"turns":13},{"damage":25,"enemies":"Spheric Guardian","floor":18,"turns":5},{"damage":6,"enemies":"3 Byrds","floor":20,"turns":2},{"damage":26,"enemies":"Snake Plant","floor":21,"turns":3},{"damage":3,"enemies":"Gremlin Leader","floor":23,"turns":2}],"seed_played":"3844566101296071889","potions_obtained":[{"floor":8,"key":"Doom Potion"},{"floor":10,"key":"SteroidPotion"},{"floor":14,"key":"SteroidPotion"},{"floor":16,"key":"SkillPotion"}],"is_trial":false,"path_per_floor":["M","?","M","?","$","R","M","E","T","M","?","$","?","M","R","B",null,"M","?","M","M","?","E"],"character_chosen":"DEFECT","items_purchased":["Rebound","Strange Spoon"],"campfire_rested":1,"item_purchase_floors":[5,12],"current_hp_per_floor":[68,50,50,50,50,50,48,38,38,34,19,19,19,19,41,11,59,34,34,28,2,2,0,0],"gold":170,"neow_bonus":"ONE_RARE_RELIC","is_daily":false,"chose_seed":false,"campfire_upgraded":0,"win_rate":0.0,"timestamp":1612076966,"path_taken":["M","?","M","?","?","R","?","E","T","M","?","$","?","?","R","BOSS","M","?","?","M","?","E"],"items_purchased_type":["Card","Relic"],"build_version":"2020-12-22","purchased_purges":1,"victory":false,"max_hp_per_floor":[75,75,75,75,75,75,75,75,75,75,75,75,75,75,75,75,75,75,75,75,75,75,75,75],"card_choices":[{"not_picked":["Hologram","Stack"],"picked":"Gash","floor":1},{"not_picked":["Streamline","Meteor Strike"],"picked":"BootSequence","floor":2},{"not_picked":["Redo","Turbo"],"picked":"Go for the Eyes","floor":3},{"not_picked":["Heatsinks","Turbo"],"picked":"Gash","floor":7},{"not_picked":["Reprogram","Reinforced Body"],"picked":"Electrodynamics","floor":8},{"not_picked":["Darkness","Panic Button"],"picked":"Leap","floor":10},{"not_picked":["Beam Cell","BasicCrystalCard"],"picked":"Conserve Battery","floor":11},{"not_picked":["Go for the Eyes","Coolheaded"],"picked":"Chaos","floor":14},{"not_picked":["Fission","Machine Learning"],"picked":"ReplayRNGCard","floor":16},{"not_picked":["Undo","Fusion"],"picked":"FTL","floor":18},{"not_picked":["Leap","Go for the Eyes+1"],"picked":"Self Repair","floor":20},{"not_picked":["Storm","Sunder","Compile Driver"],"picked":"SKIP","floor":21}],"player_experience":839099,"relics_obtained":[{"floor":2,"key":"Ginger"},{"floor":8,"key":"Gremlin Food"},{"floor":9,"key":"Blue Doll"},{"floor":11,"key":"Odd Mushroom"}],"event_choices":[{"damage_healed":0,"gold_gain":0,"player_choice":"Fought Mushrooms","damage_taken":0,"max_hp_gain":0,"max_hp_loss":0,"event_name":"Mushrooms","floor":11,"gold_loss":0},{"damage_healed":0,"gold_gain":0,"cards_transformed":["Strike_B"],"player_choice":"Transformed","damage_taken":0,"max_hp_gain":0,"max_hp_loss":0,"event_name":"Transmorgrifier","floor":13,"gold_loss":0,"cards_obtained":["Creative AI"]},{"damage_healed":0,"gold_gain":0,"cards_transformed":["Defend_B"],"player_choice":"Transformed","damage_taken":0,"max_hp_gain":0,"max_hp_loss":0,"event_name":"Transmorgrifier","floor":19,"gold_loss":0,"cards_obtained":["White Noise"]},{"damage_healed":0,"gold_gain":0,"player_choice":"Forge","damage_taken":0,"max_hp_gain":0,"max_hp_loss":0,"event_name":"Accursed Blacksmith","floor":22,"gold_loss":0,"cards_upgraded":["Creative AI"]}],"is_beta":false,"boss_relics":[{"not_picked":["Replay:Grab Bag","Velvet Choker"],"picked":"hubris:CrackedHourglass"}],"items_purged_floors":[5],"is_endless":false,"potions_floor_spawned":[8,10,14,16],"killed_by":"Gremlin Leader","ascension_level":11}}