{"host":"anox4050deqdcqoh","time":1612089450,"event":{"mods":["BaseMod","Colored Map","Highlight Path","Minty Spire (QoL Compilation)","Quick Restart","Rare Cards Sparkle","everything is the same but u backflip on backflip"],"gold_per_floor":[118,134,148,148,165,165,200,200,227,9,41,18,18,31,31,31,31],"floor_reached":16,"language":"ENG","playtime":805,"items_purged":["Defend_B"],"score":127,"play_id":"f912bc4a-648e-4bf5-9979-5ed23a6b795e","local_time":"20210131053730","is_ascension_mode":true,"campfire_choices":[{"data":"Buffer","floor":6,"key":"SMITH"},{"floor":8,"key":"REST"},{"data":"Zap","floor":13,"key":"SMITH"},{"floor":15,"key":"REST"}],"circlet_count":0,"master_deck":["Strike_B","Strike_B","Strike_B","Defend_B","Defend_B","Defend_B","Zap+1","Dualcast","Conserve Battery","Buffer+1","Conserve Battery","Amplify","Heatsinks","Leap","Defragment"],"relics":["Cracked Core","Orichalcum","Happy Flower","MealTicket"],"acts_visited":["Exordium"],"potions_floor_usage":[11,16],"damage_taken":[{"damage":0,"enemies":"Cultist","floor":1,"turns":2},{"damage":6,"enemies":"Small Slimes","floor":2,"turns":4},{"damage":12,"enemies":"Jaw Worm","floor":3,"turns":4},{"damage":2,"enemies":"Red Slaver","floor":5,"turns":5},{"damage":33,"enemies":"Gremlin Nob","floor":7,"turns":5},{"damage":23,"enemies":"3 Sentries","floor":11,"turns":9},{"damage":0,"enemies":"Large Slime","floor":14,"turns":6},{"damage":45,"enemies":"The Guardian","floor":16,"turns":12}],"seed_played":"873744790257487776","potions_obtained":[{"floor":7,"key":"AttackPotion"},{"floor":11,"key":"Weak Potion"},{"floor":14,"key":"Explosive Potion"}],"is_trial":false,"path_per_floor":["M","M","M","?","M","R","E","R","T","$","E","$","R","M","R","B"],"character_chosen":"DEFECT","items_purchased":["Heatsinks","FairyPotion","Leap"],"campfire_rested":2,"item_purchase_floors":[10,10,12],"current_hp_per_floor":[82,76,64,57,55,55,22,46,46,46,23,38,38,38,62,17,17],"gold":31,"neow_bonus":"TEN_PERCENT_HP_BONUS","is_daily":false,"chose_seed":false,"campfire_upgraded":2,"win_rate":0.0,"timestamp":1612089450,"path_taken":["M","?","M","?","M","R","E","R","T","$","E","?","R","M","R","BOSS"],"items_purchased_type":["Card","Potion","Card"],"build_version":"2020-12-22","purchased_purges":1,"victory":false,"max_hp_per_floor":[82,82,82,82,82,82,82,82,82,82,82,82,82,82,82,82,82],"card_choices":[{"not_picked":["Beam Cell","Reinforced Body"],"picked":"Conserve Battery","floor":1},{"not_picked":["Recycle","Redo"],"picked":"Buffer","floor":2},{"not_picked":["Storm","Gash","Streamline"],"picked":"SKIP","floor":3},{"not_picked":["Turbo","Coolheaded"],"picked":"Conserve Battery","floor":5},{"not_picked":["Conserve Battery","Scrape"],"picked":"Amplify","floor":7},{"not_picked":["Steam","Lockon","Steam Power"],"picked":"SKIP","floor":11},{"not_picked":["Glacier","Genetic Algorithm"],"picked":"Defragment","floor":14}],"player_experience":427095,"relics_obtained":[{"floor":7,"key":"Orichalcum"},{"floor":9,"key":"Happy Flower"},{"floor":11,"key":"MealTicket"}],"event_choices":[{"cards_removed":["Strike_B"],"damage_healed":0,"gold_gain":0,"player_choice":"Card Removal","damage_taken":7,"max_hp_gain":0,"max_hp_loss":0,"event_name":"Golden Wing","floor":4,"gold_loss":0}],"is_beta":false,"boss_relics":[],"items_purged_floors":[10],"is_endless":false,"potions_floor_spawned":[7,11,14],"killed_by":"The Guardian","ascension_level":3}}