{"host":"7qqg3hyzrz6apiso","time":1612089225,"event":{"mods":["AchievementEnabler","BaseMod","Better Debug","Colored Map","Keyboard Shortcuts","Minty Spire (QoL Compilation)","Permanent Neow","Quick Restart","StSLib","SuperFastMode"],"gold_per_floor":[118,42,89,101,116,116,191,191,191,208,208,218,236,246,246,351,351,365,290,290,68,68,68,68,0,0,13,13,28,28,38,38,38,38],"floor_reached":33,"language":"KOR","playtime":1040,"items_purged":["Strike_G"],"score":273,"play_id":"3a25654c-ce7b-4d18-8565-b9602b47bddc","local_time":"20210131193345","is_ascension_mode":true,"campfire_choices":[{"data":"Noxious Fumes","floor":6.0,"key":"SMITH"},{"data":"Bouncing Flask","floor":11.0,"key":"SMITH"},{"data":"Backflip","floor":15,"key":"SMITH"},{"data":"PiercingWail","floor":23,"key":"SMITH"},{"floor":32,"key":"REST"}],"circlet_count":0,"master_deck":["Strike_G+1","Strike_G","Defend_G","Defend_G","Defend_G","Defend_G","Defend_G","Survivor","Neutralize+1","Noxious Fumes+1","Backflip+1","Crippling Poison+1","Bouncing Flask+1","Deadly Poison","CurseOfTheBell","PiercingWail+1","Deadly Poison","Noxious Fumes"],"relics":["Ring of the Snake","WingedGreaves","Centennial Puzzle","Whetstone","Calling Bell","Anchor","Blue Candle","Pocketwatch","Dream Catcher","Bottled Lightning"],"acts_visited":["Exordium","TheCity"],"potions_floor_usage":[16,16,16,27],"damage_taken":[{"damage":2.0,"enemies":"Cultist","floor":1.0,"turns":4.0},{"damage":0.0,"enemies":"Jaw Worm","floor":4.0,"turns":7.0},{"damage":0.0,"enemies":"Small Slimes","floor":5.0,"turns":5.0},{"damage":4.0,"enemies":"Red Slaver","floor":10.0,"turns":5.0},{"damage":8.0,"enemies":"Looter","floor":12.0,"turns":3.0},{"damage":0.0,"enemies":"Large Slime","floor":13.0,"turns":4.0},{"damage":0.0,"enemies":"3 Louse","floor":14.0,"turns":3.0},{"damage":15,"enemies":"Slime Boss","floor":16,"turns":7},{"damage":12,"enemies":"3 Byrds","floor":18,"turns":3},{"damage":8,"enemies":"2 Thieves","floor":27,"turns":3},{"damage":22,"enemies":"Centurion and Healer","floor":29,"turns":6},{"damage":9,"enemies":"Shelled Parasite and Fungi","floor":31,"turns":7},{"damage":25,"enemies":"Collector","floor":33,"turns":5}],"seed_played":"-4599212633981246476","potions_obtained":[{"floor":5.0,"key":"SneckoOil"},{"floor":10.0,"key":"AttackPotion"},{"floor":13.0,"key":"EssenceOfSteel"},{"floor":14.0,"key":"FearPotion"},{"floor":18,"key":"Poison Potion"}],"is_trial":false,"path_per_floor":["M","$","T","M","M","R","?","?","T","M","R","M","M","M","R","B",null,"M","?","?","$","?","R","$","?","T","M","$","M","?","M","R","B"],"character_chosen":"THE_SILENT","items_purchased":["Noxious Fumes","Dream Catcher"],"campfire_rested":1,"item_purchase_floors":[2,21],"current_hp_per_floor":[61,61,61,61,61,61,50,50,50,46,46,38,38,38,38,23,63,51,51,51,51,40,40,40,40,40,32,32,10,10,1,21,0,0],"gold":38,"neow_bonus":"ONE_RARE_RELIC","is_daily":false,"chose_seed":false,"campfire_upgraded":4,"win_rate":0.0,"timestamp":1612089225,"path_taken":["M","$","?","M","M","R","?","?","T","M","R","?","M","M","R","BOSS","M","?","?","$","?","R","$","?","T","?","$","?","?","M","R","BOSS"],"items_purchased_type":["Card","Relic"],"build_version":"2020-12-22","purchased_purges":1,"victory":false,"max_hp_per_floor":[63,63,63,63,63,63,63,63,63,63,63,63,63,63,63,63,63,63,63,63,63,68,68,68,68,68,68,68,68,68,68,68,68,68],"card_choices":[{"not_picked":["Outmaneuver","Choke","Cloak And Dagger"],"picked":"SKIP","floor":1.0},{"not_picked":["Predator","Calculated Gamble"],"picked":"Backflip","floor":4.0},{"not_picked":["Dagger Throw","Sucker Punch"],"picked":"Crippling Poison","floor":5.0},{"not_picked":["Blade Dance","Backflip"],"picked":"Bouncing Flask","floor":10.0},{"not_picked":["Acrobatics","Poisoned Stab"],"picked":"Deadly Poison","floor":12.0},{"not_picked":["Blade Dance","Sucker Punch","Underhanded Strike"],"picked":"SKIP","floor":13.0},{"not_picked":["Concentrate","Skewer","Infinite Blades"],"picked":"SKIP","floor":14.0},{"not_picked":["Deflect+1","Cloak And Dagger"],"picked":"PiercingWail","floor":18},{"not_picked":["Dagger Throw","Poisoned Stab+1"],"picked":"Deadly Poison","floor":27},{"not_picked":["Tactician","Masterful Stab","Outmaneuver+1"],"picked":"SKIP","floor":29},{"not_picked":["Skewer+1","PiercingWail"],"picked":"Noxious Fumes","floor":31}],"player_experience":189147,"relics_obtained":[{"floor":3.0,"key":"Centennial Puzzle"},{"floor":9.0,"key":"Whetstone"},{"floor":17,"key":"Anchor"},{"floor":17,"key":"Blue Candle"},{"floor":17,"key":"Pocketwatch"},{"floor":26,"key":"Bottled Lightning"}],"event_choices":[{"damage_healed":0.0,"max_hp_gain":0.0,"max_hp_loss":0.0,"gold_gain":75.0,"event_name":"World of Goop","player_choice":"Gather Gold","floor":7.0,"gold_loss":0.0,"damage_taken":11.0},{"damage_healed":0.0,"max_hp_gain":0.0,"max_hp_loss":0.0,"gold_gain":0.0,"event_name":"Accursed Blacksmith","player_choice":"Forge","floor":8.0,"gold_loss":0.0,"damage_taken":0.0,"cards_upgraded":["Crippling Poison"]},{"cards_removed":["Strike_G"],"damage_healed":0,"gold_gain":0,"player_choice":"Gave Gold","damage_taken":0,"max_hp_gain":0,"max_hp_loss":0,"event_name":"Beggar","floor":19,"gold_loss":75},{"cards_removed":["Strike_G"],"damage_healed":0,"gold_gain":0,"player_choice":"Elegance","damage_taken":0,"max_hp_gain":0,"max_hp_loss":0,"event_name":"Back to Basics","floor":20,"gold_loss":0},{"damage_healed":0,"gold_gain":0,"player_choice":"Shed Blood","damage_taken":16,"max_hp_gain":5,"max_hp_loss":0,"event_name":"Forgotten Altar","floor":22,"gold_loss":0},{"damage_healed":0,"gold_gain":0,"player_choice":"Paid Fearfully","damage_taken":0,"max_hp_gain":0,"max_hp_loss":0,"event_name":"Masked Bandits","floor":25,"gold_loss":68},{"damage_healed":0,"gold_gain":0,"player_choice":"Ignored","damage_taken":0,"max_hp_gain":0,"max_hp_loss":0,"event_name":"Ghosts","floor":30,"gold_loss":0}],"is_beta":false,"boss_relics":[{"not_picked":["Runic Pyramid","Ectoplasm"],"picked":"Calling Bell"}],"items_purged_floors":[21],"is_endless":false,"potions_floor_spawned":[5,10,13,14,18],"killed_by":"Collector","ascension_level":3}}