{"host":"jpcy2bclvs7juczu","time":1612134666,"event":{"mods":["Alarm Clock","BaseMod","Bestiary","Block Reminder","Colored Map","Colored Powertips","Curses Come First","Dark Map","Filter the Spire","Minty Spire (QoL Compilation)","Quick Restart","RNG Fix","Random Character Button","Relic Stats","Slay the Relics Exporter","Smile Girya","StSLib","everything is the same but u backflip on backflip","ojb\u0027s Better Paths Mod","ojb\u0027s Info Mod","slay the spire mod where everything is the same but ironclad has a cowboy hat"],"gold_per_floor":[115,131,198,215,234,234,263,273,273,287,43,43,43,73,73,73,73],"floor_reached":16,"language":"ENG","playtime":498,"items_purged":["Strike_B"],"score":204,"play_id":"4d615220-0729-4a54-88de-fed7e9373d81","local_time":"20210131181106","is_ascension_mode":true,"campfire_choices":[{"data":"Streamline","floor":6,"key":"SMITH"},{"data":"Creative AI","floor":13,"key":"SMITH"},{"floor":15,"key":"REST"}],"circlet_count":0,"master_deck":["AscendersBane","Strike_B","Strike_B","Strike_B","Defend_B","Defend_B","Defend_B","Defend_B","Zap","Dualcast","Streamline+1","Turbo","Hologram+1","Beam Cell","Doom and Gloom","Self Repair","Creative AI+1"],"relics":["Nuclear Battery","Anchor","Odd Mushroom"],"acts_visited":["Exordium"],"potions_floor_usage":[7,7,14],"damage_taken":[{"damage":9,"enemies":"Jaw Worm","floor":1,"turns":5},{"damage":4,"enemies":"Small Slimes","floor":2,"turns":3},{"damage":5,"enemies":"2 Louse","floor":4,"turns":4},{"damage":15,"enemies":"Red Slaver","floor":5,"turns":4},{"damage":5,"enemies":"Lagavulin","floor":7,"turns":3},{"damage":6,"enemies":"Looter","floor":8,"turns":3},{"damage":10,"enemies":"Blue Slaver","floor":10,"turns":3},{"damage":6,"enemies":"The Mushroom Lair","floor":14,"turns":2},{"damage":42,"enemies":"The Guardian","floor":16,"turns":6}],"seed_played":"7182635646010698069","potions_obtained":[{"floor":1,"key":"SneckoOil"},{"floor":2,"key":"AttackPotion"},{"floor":5,"key":"Block Potion"},{"floor":8,"key":"PowerPotion"}],"is_trial":false,"path_per_floor":["M","M","?","M","M","R","E","M","T","M","$","?","R","?","R","B"],"character_chosen":"DEFECT","items_purchased":["Creative AI"],"campfire_rested":1,"item_purchase_floors":[11],"current_hp_per_floor":[55,51,51,46,31,31,26,20,20,17,17,17,17,18,39,0,0],"gold":73,"neow_bonus":"BOSS_RELIC","is_daily":false,"chose_seed":false,"campfire_upgraded":2,"win_rate":0.0,"timestamp":1612134666,"path_taken":["M","M","?","M","M","R","E","M","T","?","$","?","R","?","R","BOSS"],"items_purchased_type":["Card"],"build_version":"2020-12-22","purchased_purges":1,"victory":false,"max_hp_per_floor":[71,71,71,71,71,71,71,71,71,71,71,71,71,71,71,71,71],"relic_stats":{"counters":[9,33],"obtain_stats":[{"Anchor":7,"Odd Mushroom":14,"Cracked Core":0,"Nuclear Battery":0},{"Anchor":5,"Odd Mushroom":8,"Cracked Core":0,"Nuclear Battery":0},{"Anchor":19,"Odd Mushroom":27,"Cracked Core":0,"Nuclear Battery":0}]},"card_choices":[{"not_picked":["Rebound","Auto Shields"],"picked":"Streamline","floor":1},{"not_picked":["Go for the Eyes","Chill"],"picked":"Turbo","floor":2},{"not_picked":["Consume","Sunder"],"picked":"Hologram","floor":4},{"not_picked":["Tempest","Stack"],"picked":"Beam Cell","floor":5},{"not_picked":["Rebound","Static Discharge"],"picked":"Doom and Gloom","floor":7},{"not_picked":["Barrage","Stack"],"picked":"Self Repair","floor":8},{"not_picked":["BootSequence","Rebound","Coolheaded"],"picked":"SKIP","floor":10}],"player_experience":1526126,"relics_obtained":[{"floor":7,"key":"Anchor"},{"floor":14,"key":"Odd Mushroom"}],"event_choices":[{"damage_healed":0,"gold_gain":67,"player_choice":"Gained Gold","damage_taken":0,"max_hp_gain":0,"max_hp_loss":0,"event_name":"Golden Wing","floor":3,"gold_loss":0},{"damage_healed":0,"gold_gain":0,"player_choice":"Grow","damage_taken":0,"max_hp_gain":0,"max_hp_loss":0,"event_name":"Living Wall","floor":12,"gold_loss":0,"cards_upgraded":["Hologram"]},{"damage_healed":0,"gold_gain":0,"player_choice":"Fought Mushrooms","damage_taken":0,"max_hp_gain":0,"max_hp_loss":0,"event_name":"Mushrooms","floor":14,"gold_loss":0}],"is_beta":false,"boss_relics":[],"items_purged_floors":[11],"is_endless":false,"potions_floor_spawned":[1,2,5,8],"killed_by":"The Guardian","ascension_level":20}}