{"host":"7iv10lxbxedtd0qh","time":1612130790,"event":{"mods":["BaseMod","Colored Map","Colored Powertips","Downfall","Minty Spire (QoL Compilation)","StSLib"],"gold_per_floor":[0,41,107,17,55,180,180,180,242,302,302,302,161,232,275,275,275,275],"floor_reached":16,"language":"ENG","playtime":969,"items_purged":["sneckomod:Strike","sneckomod:SerpentIdol"],"score":100,"play_id":"007972ff-1a7f-48b8-8538-13f3053f7ec4","local_time":"20210131230630","is_ascension_mode":false,"campfire_choices":[{"data":"HandOfGreed","floor":1,"key":"SMITH"}],"circlet_count":0,"master_deck":["sneckomod:Defend","sneckomod:Defend","sneckomod:Defend","sneckomod:TailWhip+1","sneckomod:SnekBite+1","sneckomod:Unknown","HandOfGreed+1","sneckomod:SoulCleanse","sneckomod:SnakeSap","sneckomod:Cheat","Shockwave","sneckomod:QuickMove","sneckomod:UnknownBoss","expansioncontent:PrepareCrush+1","sneckomod:Unknown3Cost","sneckomod:RainOfDice","sneckomod:SnakeSap"],"relics":["sneckomod:SneckoSoul","Bag of Marbles","Whetstone","Vajra","Odd Mushroom"],"acts_visited":["Exordium"],"potions_floor_usage":[5,6,15],"damage_taken":[{"damage":0,"enemies":"Cultist","floor":2,"turns":2},{"damage":7,"enemies":"Small Slimes","floor":3,"turns":4},{"damage":0,"enemies":"downfall:FleeingMerchant","floor":4,"turns":4},{"damage":0,"enemies":"Jaw Worm","floor":5,"turns":1},{"damage":27,"enemies":"downfall:Heads","floor":6,"turns":4},{"damage":0,"enemies":"Exordium Thugs","floor":9,"turns":4},{"damage":8,"enemies":"Lagavulin","floor":10,"turns":6},{"damage":0,"enemies":"downfall:FleeingMerchant","floor":13,"turns":4},{"damage":20,"enemies":"The Mushroom Lair","floor":14,"turns":6},{"damage":0,"enemies":"Red Slaver","floor":15,"turns":5},{"damage":17,"enemies":"WA_ARCHETYPE_RETAIN","floor":16,"turns":4}],"seed_played":"4471448316319494759","potions_obtained":[{"floor":2,"key":"Explosive Potion"},{"floor":3,"key":"LiquidMemories"},{"floor":14,"key":"SkillPotion"},{"floor":15,"key":"BlessingOfTheForge"}],"is_trial":false,"path_per_floor":["R","M","M","$","M","?","T","R","M","E","R","?","$","?","M","B"],"character_chosen":"THE_SNECKO","items_purchased":["sneckomod:RainOfDice"],"campfire_rested":0,"item_purchase_floors":[13],"current_hp_per_floor":[90,90,83,83,83,56,56,56,56,48,48,30,30,10,10,0,0,0],"gold":275,"neow_bonus":"RANDOM_COLORLESS_2","is_daily":false,"chose_seed":false,"campfire_upgraded":1,"win_rate":0.0,"timestamp":1612130790,"path_taken":["R","M","M","$","M","?","T","R","M","E","R","?","$","?","M","BOSS"],"items_purchased_type":["Card"],"build_version":"2020-12-22","purchased_purges":2,"victory":false,"max_hp_per_floor":[90,90,90,90,90,90,90,90,90,90,90,90,90,90,90,90,90,90],"card_choices":[{"not_picked":["Sadistic Nature","Thinking Ahead"],"picked":"HandOfGreed","floor":0},{"not_picked":["sneckomod:UnknownUncommonPower","sneckomod:UnknownCommonAttack"],"picked":"sneckomod:SoulCleanse","floor":2},{"not_picked":["sneckomod:UnknownCommonAttack","sneckomod:SoulRoll"],"picked":"sneckomod:SnakeSap","floor":3},{"not_picked":["sneckomod:DiceCrush","sneckomod:QuickBite"],"picked":"sneckomod:Cheat","floor":4},{"not_picked":["sneckomod:SoulRoll","sneckomod:UnknownCommonSkill","sneckomod:DefensiveFlair"],"picked":"SKIP","floor":5},{"not_picked":["sneckomod:QuickBite","sneckomod:TrashToTreasure"],"picked":"sneckomod:UnknownBoss","floor":6},{"not_picked":["sneckomod:ImprovisedGuard","sneckomod:Unknown1Cost"],"picked":"sneckomod:QuickMove","floor":9},{"not_picked":["sneckomod:UnknownCommonAttack","sneckomod:UnknownCommonSkill"],"picked":"sneckomod:UnknownBoss","floor":10},{"not_picked":["sneckomod:UnknownExhaust","sneckomod:TrashToTreasure"],"picked":"sneckomod:Unknown3Cost","floor":13},{"not_picked":["sneckomod:Nope","sneckomod:UnknownBlock"],"picked":"sneckomod:SnakeSap","floor":15}],"player_experience":773511,"relics_obtained":[{"floor":7,"key":"Bag of Marbles"},{"floor":10,"key":"Whetstone"},{"floor":14,"key":"Odd Mushroom"}],"event_choices":[{"damage_healed":0,"gold_gain":0,"player_choice":"Success","damage_taken":18,"relics_obtained":["Vajra"],"max_hp_gain":0,"max_hp_loss":0,"event_name":"Scrap Ooze","floor":12,"gold_loss":0},{"damage_healed":0,"gold_gain":0,"player_choice":"Fought Mushrooms","damage_taken":0,"max_hp_gain":0,"max_hp_loss":0,"event_name":"Mushrooms","floor":14,"gold_loss":0}],"is_beta":false,"boss_relics":[],"items_purged_floors":[4,13],"is_endless":false,"potions_floor_spawned":[2,3,14,15],"killed_by":"WA_ARCHETYPE_RETAIN","ascension_level":0}}