{"host":"vlqejv0notyktumz","time":1612135475,"event":{"mods":["AchievementEnabler","BaseMod","Colored Map","Colored Powertips","Downfall","Googly Eyes","Minty Spire (QoL Compilation)","StSLib"],"gold_per_floor":[118,5,105,122,133,133,161,161,188,188,188,188,188,207,207,309,309,299,314,23,23,23,23,23],"floor_reached":23,"language":"ENG","playtime":497,"items_purged":["Strike_G","Strike_G"],"score":281,"play_id":"f7761b38-17fa-45a1-bf0d-eb92b3fc3202","local_time":"20210131172435","is_ascension_mode":true,"campfire_choices":[{"data":"Concentrate","floor":6,"key":"SMITH"},{"data":"Leg Sweep","floor":8,"key":"SMITH"},{"data":"Bouncing Flask","floor":10,"key":"SMITH"},{"floor":13,"key":"REST"},{"data":"Dodge and Roll","floor":15,"key":"SMITH"}],"circlet_count":0,"master_deck":["AscendersBane","Strike_G","Strike_G","Defend_G","Defend_G","Defend_G","Defend_G","Defend_G","Survivor","Neutralize+1","Bouncing Flask+1","Masterful Stab","Concentrate+1","Underhanded Strike","Leg Sweep+1","Dodge and Roll+1","Doppelganger","Flying Knee+1","Cloak And Dagger","Footwork"],"relics":["Ring of the Snake","NeowsBlessing","Omamori","Juzu Bracelet","Busted Crown","Orichalcum"],"acts_visited":["Exordium","TheCity"],"potions_floor_usage":[23,23,23],"damage_taken":[{"damage":0,"enemies":"2 Louse","floor":1,"turns":1},{"damage":0,"enemies":"Cultist","floor":4,"turns":1},{"damage":0,"enemies":"Jaw Worm","floor":5,"turns":1},{"damage":28,"enemies":"Lagavulin","floor":7,"turns":8},{"damage":5,"enemies":"Red Slaver","floor":14,"turns":4},{"damage":24,"enemies":"Hexaghost","floor":16,"turns":12},{"damage":12,"enemies":"2 Thieves","floor":18,"turns":4},{"damage":12,"enemies":"Chosen","floor":19,"turns":5},{"damage":25,"enemies":"Gremlin Leader","floor":23,"turns":7}],"seed_played":"-7922856212644781597","potions_obtained":[{"floor":1,"key":"Poison Potion"},{"floor":4,"key":"ColorlessPotion"},{"floor":14,"key":"GamblersBrew"},{"floor":18,"key":"Fire Potion"}],"is_trial":false,"path_per_floor":["M","$","?","M","M","R","E","R","T","R","?","?","R","M","R","B",null,"M","M","$","?","?","E"],"character_chosen":"THE_SILENT","items_purchased":["Masterful Stab","Footwork","Orichalcum"],"campfire_rested":1,"item_purchase_floors":[2,20,20],"current_hp_per_floor":[63,63,63,63,63,63,35,35,35,35,35,28,49,44,44,20,58,46,34,34,28,28,3,3],"gold":23,"neow_bonus":"THREE_ENEMY_KILL","is_daily":false,"chose_seed":false,"campfire_upgraded":4,"win_rate":0.0,"timestamp":1612135475,"path_taken":["M","$","?","?","M","R","E","R","T","R","?","?","R","M","R","BOSS","M","M","$","?","?","E"],"items_purchased_type":["Card","Card","Relic"],"build_version":"2020-12-22","purchased_purges":2,"victory":false,"max_hp_per_floor":[70,70,70,70,70,70,70,70,70,70,70,70,70,70,70,70,70,70,70,70,70,70,70,70],"card_choices":[{"not_picked":["Heel Hook","Infinite Blades"],"picked":"Bouncing Flask","floor":1},{"not_picked":["Flying Knee","All Out Attack"],"picked":"Concentrate","floor":4},{"not_picked":["Deflect","Slice"],"picked":"Underhanded Strike","floor":5},{"not_picked":["Die Die Die","Deadly Poison"],"picked":"Leg Sweep","floor":7},{"not_picked":["Blade Dance","Poisoned Stab"],"picked":"Dodge and Roll","floor":14},{"not_picked":["Unload","Glass Knife"],"picked":"Doppelganger","floor":16},{"not_picked":[],"picked":"Flying Knee+1","floor":18},{"not_picked":[],"picked":"Cloak And Dagger","floor":19}],"player_experience":383860,"relics_obtained":[{"floor":7,"key":"Omamori"},{"floor":9,"key":"Juzu Bracelet"}],"event_choices":[{"damage_healed":0,"gold_gain":100,"player_choice":"Pray","damage_taken":0,"max_hp_gain":0,"max_hp_loss":0,"event_name":"Golden Shrine","floor":3,"gold_loss":0},{"damage_healed":0,"gold_gain":0,"player_choice":"Forge","damage_taken":0,"max_hp_gain":0,"max_hp_loss":0,"event_name":"Accursed Blacksmith","floor":11,"gold_loss":0,"cards_upgraded":["Neutralize"]},{"cards_removed":["Strike_G"],"damage_healed":0,"gold_gain":0,"player_choice":"Card Removal","damage_taken":7,"max_hp_gain":0,"max_hp_loss":0,"event_name":"Golden Wing","floor":12,"gold_loss":0},{"damage_healed":0,"gold_gain":0,"player_choice":"","damage_taken":6,"max_hp_gain":0,"max_hp_loss":0,"event_name":"Knowing Skull","floor":21,"potions_obtained":[],"gold_loss":0,"cards_obtained":[]}],"is_beta":false,"boss_relics":[{"not_picked":["Pandora\u0027s Box","Philosopher\u0027s Stone"],"picked":"Busted Crown"}],"items_purged_floors":[2,20],"is_endless":false,"potions_floor_spawned":[1,4,14,18,19],"killed_by":"Gremlin Leader","ascension_level":10}}