{"host":"6jrd8fn9k88n08be","time":1612069155,"event":{"mods":["BaseMod","Minty Spire (QoL Compilation)","StSLib"],"gold_per_floor":[116,96,113,132,62,62,72,22,45,45,45],"floor_reached":10,"language":"ENG","playtime":517,"items_purged":[],"score":67,"play_id":"f9a29313-9058-4be7-b1d5-bf1ddcabfd74","local_time":"20210130235915","is_ascension_mode":true,"campfire_choices":[{"data":"Eruption","floor":6,"key":"SMITH"}],"circlet_count":0,"master_deck":["Strike_P","Strike_P","Strike_P","Defend_P","Defend_P","Defend_P","Eruption+1","Vigilance","EmptyMind","Indignation","Swivel","MentalFortress","Halt","FearNoEvil","Prostrate","EmptyBody"],"relics":["PureWater","Regal Pillow"],"acts_visited":["Exordium"],"potions_floor_usage":[4],"damage_taken":[{"damage":0,"enemies":"2 Louse","floor":1,"turns":3},{"damage":0,"enemies":"Cultist","floor":3,"turns":2},{"damage":7,"enemies":"Jaw Worm","floor":4,"turns":4},{"damage":17,"enemies":"Lots of Slimes","floor":7,"turns":5},{"damage":28,"enemies":"Lagavulin","floor":10,"turns":3}],"seed_played":"6227488957513410444","potions_obtained":[{"floor":2,"key":"Fire Potion"},{"floor":3,"key":"Swift Potion"},{"floor":4,"key":"Ambrosia"}],"is_trial":false,"path_per_floor":["M","?","M","M","$","R","M","$","T","E"],"character_chosen":"WATCHER","items_purchased":["FearNoEvil","EmptyBody"],"campfire_rested":0,"item_purchase_floors":[5,8],"current_hp_per_floor":[51,51,51,44,44,44,27,27,27,0,0],"gold":45,"neow_bonus":"TRANSFORM_TWO_CARDS","is_daily":false,"chose_seed":false,"campfire_upgraded":1,"win_rate":0.0,"timestamp":1612069155,"path_taken":["M","?","M","M","?","R","?","$","T","E"],"items_purchased_type":["Card","Card"],"build_version":"2020-12-22","purchased_purges":0,"victory":false,"max_hp_per_floor":[72,72,72,72,72,72,72,72,72,72,72],"card_choices":[{"not_picked":["EmptyBody","Collect"],"picked":"Swivel","floor":1},{"not_picked":["Conclude","BattleHymn"],"picked":"MentalFortress","floor":3},{"not_picked":["FollowUp","Crescendo"],"picked":"Halt","floor":4},{"not_picked":["Collect","EmptyMind"],"picked":"Prostrate","floor":7}],"player_experience":138857,"relics_obtained":[{"floor":9,"key":"Regal Pillow"}],"event_choices":[{"damage_healed":0,"gold_gain":0,"player_choice":"Bought 1 Potion","damage_taken":0,"max_hp_gain":0,"max_hp_loss":0,"event_name":"The Woman in Blue","floor":2,"gold_loss":0}],"is_beta":false,"boss_relics":[],"items_purged_floors":[],"is_endless":false,"potions_floor_spawned":[3,4],"killed_by":"Lagavulin","ascension_level":3}}