{"host":"3jpwrwmmgyabjceh","time":1612093870,"event":{"mods":["AchievementEnabler","BaseMod","Colored Map","Colored Powertips","Highlight Path","Minty Spire (QoL Compilation)","Quick Restart","Relic Stats","StSLib","SuperFastMode"],"gold_per_floor":[109,109,109,36,56,90,111,147,147,33,72,85,85,109,109,233,233,249,174,17,35,35,35,48,94,94,94,94],"floor_reached":27,"language":"ENG","playtime":989,"items_purged":["Strike_P"],"score":398,"play_id":"777f9119-15e6-443a-9d51-019e0dee4155","local_time":"20210131145110","is_ascension_mode":true,"campfire_choices":[{"data":"LikeWater","floor":13,"key":"SMITH"},{"data":"Wallop","floor":15,"key":"SMITH"},{"data":"TalkToTheHand","floor":23,"key":"SMITH"}],"circlet_count":0,"master_deck":["Strike_P","Strike_P+1","Defend_P+1","Defend_P","Defend_P","Defend_P","Eruption","Vigilance","PathToVictory+1","LikeWater+1","CrushJoints+1","WindmillStrike","Evaluate","InnerPeace","Wallop+1","JustLucky","Weave","ThirdEye","Scrawl","TalkToTheHand+1","Wallop","Meditate","Sanctity","Shame","PathToVictory"],"relics":["PureWater","NeowsBlessing","Golden Idol","Whetstone","Darkstone Periapt","War Paint","Tiny Chest","Runic Pyramid","Blood Vial","Bag of Marbles"],"acts_visited":["Exordium","TheCity"],"potions_floor_usage":[12],"damage_taken":[{"damage":0.0,"enemies":"Jaw Worm","floor":1.0,"turns":1.0},{"damage":0.0,"enemies":"Small Slimes","floor":5.0,"turns":1.0},{"damage":0.0,"enemies":"3 Sentries","floor":6.0,"turns":1.0},{"damage":1.0,"enemies":"Cultist","floor":7.0,"turns":4.0},{"damage":18.0,"enemies":"Gremlin Nob","floor":8.0,"turns":4.0},{"damage":18.0,"enemies":"3 Sentries","floor":11.0,"turns":8.0},{"damage":8,"enemies":"Lots of Slimes","floor":12,"turns":5},{"damage":0,"enemies":"Exordium Wildlife","floor":14,"turns":3},{"damage":0,"enemies":"The Guardian","floor":16,"turns":12},{"damage":0,"enemies":"Spheric Guardian","floor":18,"turns":2},{"damage":1,"enemies":"Chosen","floor":21,"turns":5},{"damage":24,"enemies":"Centurion and Healer","floor":24,"turns":7},{"damage":57,"enemies":"Gremlin Leader","floor":27,"turns":6}],"seed_played":"-1117884550338137630","potions_obtained":[{"floor":6.0,"key":"Dexterity Potion"},{"floor":7.0,"key":"CultistPotion"},{"floor":11.0,"key":"Regen Potion"},{"floor":12,"key":"SteroidPotion"},{"floor":14,"key":"LiquidBronze"}],"is_trial":false,"path_per_floor":["M","?","?","$","M","E","M","E","T","$","E","M","R","M","R","B",null,"M","?","$","M","?","R","M","T","T","E"],"character_chosen":"WATCHER","items_purchased":["LikeWater","Wallop","Wallop","Meditate"],"campfire_rested":0,"item_purchase_floors":[4,10,20,20],"current_hp_per_floor":[65,70,51,51,51,51,50,32,32,32,14,20,20,20,20,20,63,63,63,63,62,68,68,46,46,46,0,0],"gold":94,"neow_bonus":"THREE_ENEMY_KILL","is_daily":false,"chose_seed":false,"campfire_upgraded":3,"win_rate":0.0,"timestamp":1612093870,"path_taken":["M","?","?","$","M","E","M","E","T","$","E","M","R","?","R","BOSS","M","?","$","M","?","R","M","?","T","E"],"items_purchased_type":["Card","Card","Card","Card"],"build_version":"2020-12-22","purchased_purges":1,"victory":false,"max_hp_per_floor":[72,77,77,77,77,77,77,77,77,77,77,77,77,77,77,77,77,77,77,77,77,83,83,83,83,83,83,83],"relic_stats":{"Darkstone Periapt":6,"Blood Vial":4,"counters":[13,59],"Golden Idol":73,"Tiny Chest":1,"Whetstone":["Strike_P","CrushJoints"],"War Paint":["Defend_P","PathToVictory"],"obtain_stats":[{"Darkstone Periapt":8,"Blood Vial":22,"NeowsBlessing":0,"Golden Idol":3,"Tiny Chest":11,"Bag of Marbles":25,"Whetstone":6,"PureWater":0,"War Paint":9,"Runic Pyramid":17},{"Darkstone Periapt":5,"Blood Vial":11,"NeowsBlessing":0,"Golden Idol":1,"Tiny Chest":6,"Bag of Marbles":12,"Whetstone":3,"PureWater":0,"War Paint":5,"Runic Pyramid":9},{"Darkstone Periapt":11,"Blood Vial":46,"NeowsBlessing":0,"Golden Idol":1,"Tiny Chest":19,"Bag of Marbles":53,"Whetstone":3,"PureWater":0,"War Paint":11,"Runic Pyramid":39}]},"card_choices":[{"not_picked":["FollowUp","Evaluate"],"picked":"PathToVictory","floor":1.0},{"not_picked":["Crescendo","Prostrate"],"picked":"CrushJoints","floor":5.0},{"not_picked":["ClearTheMind","CarveReality"],"picked":"WindmillStrike","floor":6.0},{"not_picked":["Pray","EmptyFist"],"picked":"Evaluate","floor":7.0},{"not_picked":["MentalFortress","DevaForm"],"picked":"InnerPeace","floor":8.0},{"not_picked":["Pray","Adaptation"],"picked":"JustLucky","floor":11.0},{"not_picked":["FollowUp","CarveReality"],"picked":"Weave","floor":12},{"not_picked":["Fasting2","Perseverance"],"picked":"ThirdEye","floor":14},{"not_picked":["Blasphemy","Establishment"],"picked":"Scrawl","floor":16},{"not_picked":["EmptyMind","Adaptation"],"picked":"TalkToTheHand","floor":18},{"not_picked":["Fasting2","Crescendo"],"picked":"Sanctity","floor":21},{"not_picked":["CarveReality","SashWhip"],"picked":"PathToVictory","floor":24}],"player_experience":304683,"relics_obtained":[{"floor":6.0,"key":"Whetstone"},{"floor":8.0,"key":"Darkstone Periapt"},{"floor":9.0,"key":"War Paint"},{"floor":11.0,"key":"Tiny Chest"},{"floor":25,"key":"Bag of Marbles"}],"event_choices":[{"damage_healed":0.0,"max_hp_gain":5.0,"max_hp_loss":0.0,"gold_gain":0.0,"event_name":"Big Fish","player_choice":"Donut","floor":2.0,"gold_loss":0.0,"damage_taken":0.0},{"damage_healed":0.0,"max_hp_gain":0.0,"max_hp_loss":0.0,"gold_gain":0.0,"event_name":"Golden Idol","player_choice":"Take Damage","floor":3.0,"gold_loss":0.0,"damage_taken":19.0,"relics_obtained":["Golden Idol"]},{"cards_removed":["Strike_P"],"damage_healed":0,"gold_gain":0,"player_choice":"Gave Gold","damage_taken":0,"max_hp_gain":0,"max_hp_loss":0,"event_name":"Beggar","floor":19,"gold_loss":75},{"damage_healed":0,"gold_gain":0,"player_choice":"Stole Relic","damage_taken":0,"relics_obtained":["Blood Vial"],"max_hp_gain":0,"max_hp_loss":0,"event_name":"Addict","floor":22,"gold_loss":0,"cards_obtained":["Shame"]}],"is_beta":false,"boss_relics":[{"not_picked":["Tiny House","Cursed Key"],"picked":"Runic Pyramid"}],"items_purged_floors":[10],"is_endless":false,"potions_floor_spawned":[6,7,11,12,14],"killed_by":"Gremlin Leader","ascension_level":6}}