{"host":"5jyeqch4fosnsiz2","time":1612123876,"event":{"mods":["BaseMod","Bestiary","Colored Map","Colored Powertips","Filter the Spire","Minty Spire (QoL Compilation)","Relic Stats","StSLib","Waifu the Spire","ojb\u0027s Better Paths Mod","ojb\u0027s Info Mod"],"gold_per_floor":[113,128,28,28,41,41,72,72,96,108,123,149,149,176,176,276,276,288,300,335,335,335,41,67,67,91,91,110,128,128,157,157,253,253,272,1271,1285,619,667,667,667],"floor_reached":40,"language":"ENG","playtime":1927,"items_purged":["Strike_G","Writhe"],"score":567,"play_id":"5dae3001-22a6-483b-be0f-707760502afa","local_time":"20210131151116","is_ascension_mode":false,"campfire_choices":[{"data":"Footwork","floor":6,"key":"SMITH"},{"floor":8,"key":"REST"},{"data":"Catalyst","floor":13,"key":"SMITH"},{"floor":15,"key":"REST"},{"data":"Ghostly","floor":25,"key":"SMITH"},{"data":"Ghostly","floor":27,"key":"SMITH"},{"data":"Bouncing Flask","floor":32,"key":"SMITH"}],"circlet_count":0,"master_deck":["Strike_G","Strike_G","Strike_G","Strike_G","Defend_G","Defend_G","Defend_G","Defend_G","Defend_G","Survivor","Neutralize","Crippling Poison","Flechettes","Footwork+1","Dodge and Roll","Blade Dance","Predator","Sucker Punch","Deadly Poison","Catalyst+1","Corpse Explosion","Footwork","Flying Knee","Envenom","Underhanded Strike","Bane","Ghostly+1","Ghostly+1","Ghostly","Ghostly","Ghostly","Blur","Blur","Well Laid Plans","Cloak And Dagger","Bouncing Flask+1","After Image","Blur+1","Dagger Spray+1","Footwork","Caltrops+1"],"relics":["Ring of the Snake","Dream Catcher","Shuriken","Anchor","Boot","Blood Vial","Snecko Eye","Red Mask","DollysMirror","Ice Cream","Vajra","Smiling Mask","Omamori","Black Star","ClockworkSouvenir","Ancient Tea Set","Art of War","Unceasing Top"],"acts_visited":["Exordium","TheCity","TheBeyond"],"potions_floor_usage":[7,7,12,12,16,33,37,39,40,40],"damage_taken":[{"damage":7,"enemies":"2 Louse","floor":1,"turns":4},{"damage":0,"enemies":"Small Slimes","floor":2,"turns":3},{"damage":1,"enemies":"Jaw Worm","floor":5,"turns":5},{"damage":16,"enemies":"Lagavulin","floor":7,"turns":5},{"damage":4,"enemies":"3 Louse","floor":10,"turns":3},{"damage":5,"enemies":"Exordium Thugs","floor":11,"turns":5},{"damage":13,"enemies":"3 Sentries","floor":12,"turns":9},{"damage":37,"enemies":"Gremlin Nob","floor":14,"turns":5},{"damage":24,"enemies":"The Guardian","floor":16,"turns":11},{"damage":22,"enemies":"Spheric Guardian","floor":18,"turns":6},{"damage":0,"enemies":"Chosen","floor":19,"turns":3},{"damage":25,"enemies":"Masked Bandits","floor":20,"turns":3},{"damage":3,"enemies":"Slavers","floor":24,"turns":4},{"damage":1,"enemies":"Snecko","floor":28,"turns":5},{"damage":0,"enemies":"Chosen and Byrds","floor":29,"turns":5},{"damage":0,"enemies":"Book of Stabbing","floor":31,"turns":6},{"damage":2,"enemies":"Collector","floor":33,"turns":7},{"damage":0,"enemies":"Orb Walker","floor":35,"turns":5},{"damage":0,"enemies":"3 Darklings","floor":37,"turns":8},{"damage":3,"enemies":"2 Orb Walkers","floor":39,"turns":7},{"damage":51,"enemies":"Giant Head","floor":40,"turns":8}],"seed_played":"-5378519022863258593","potions_obtained":[{"floor":0,"key":"Dexterity Potion"},{"floor":0,"key":"SteroidPotion"},{"floor":0,"key":"PowerPotion"},{"floor":1,"key":"SkillPotion"},{"floor":11,"key":"Swift Potion"},{"floor":14,"key":"GamblersBrew"},{"floor":24,"key":"Block Potion"},{"floor":31,"key":"PowerPotion"},{"floor":39,"key":"CultistPotion"}],"is_trial":false,"path_per_floor":["M","M","$","?","M","R","E","R","T","M","M","E","R","E","R","B",null,"M","M","?","?","?","$","E","R","T","R","M","M","?","E","R","B",null,"M","?","M","$","?","E"],"character_chosen":"THE_SILENT","items_purchased":["Footwork","Dodge and Roll","DollysMirror","Well Laid Plans","ClockworkSouvenir","Ancient Tea Set","Art of War","Footwork","Poison Potion","LiquidBronze"],"campfire_rested":2,"item_purchase_floors":[3,3,23,23,38,38,38,38,38,38],"current_hp_per_floor":[63,63,63,60,59,59,43,64,64,60,55,42,42,5,26,4,70,48,50,27,27,27,27,26,26,26,26,27,29,29,31,31,31,35,35,35,35,35,32,0,0],"gold":667,"neow_bonus":"THREE_SMALL_POTIONS","is_daily":false,"chose_seed":false,"campfire_upgraded":5,"win_rate":0.0,"timestamp":1612123876,"path_taken":["M","M","$","?","M","R","E","R","T","M","M","E","R","E","R","BOSS","M","M","?","?","?","?","E","R","T","R","M","M","?","E","R","BOSS","M","?","M","$","?","E"],"items_purchased_type":["Card","Card","Relic","Card","Relic","Relic","Relic","Card","Potion","Potion"],"build_version":"2020-12-22","purchased_purges":2,"victory":false,"max_hp_per_floor":[70,70,70,70,70,70,70,70,70,70,70,70,70,70,70,70,70,70,70,70,35,35,35,35,35,35,35,35,35,35,35,35,35,35,35,35,35,35,35,35,35],"relic_stats":{"Blood Vial":18,"Dream Catcher":2,"counters":[21,117],"Shuriken":[24],"Snecko Eye":[133,127,125,106],"Black Star":0,"Art of War":[4],"Boot":[60],"Smiling Mask":50,"obtain_stats":[{"Ice Cream":24,"Vajra":26,"Omamori":31,"Boot":12,"Smiling Mask":30,"Ancient Tea Set":38,"ClockworkSouvenir":38,"Blood Vial":14,"Dream Catcher":4,"Anchor":9,"Shuriken":7,"DollysMirror":23,"Snecko Eye":17,"Red Mask":20,"Black Star":34,"Art of War":38,"Unceasing Top":39,"Ring of the Snake":0},{"Ice Cream":13,"Vajra":13,"Omamori":16,"Boot":7,"Smiling Mask":15,"Ancient Tea Set":19,"ClockworkSouvenir":19,"Blood Vial":8,"Dream Catcher":2,"Anchor":4,"Shuriken":4,"DollysMirror":12,"Snecko Eye":9,"Red Mask":12,"Black Star":17,"Art of War":19,"Unceasing Top":20,"Ring of the Snake":0},{"Ice Cream":66,"Vajra":66,"Omamori":82,"Boot":34,"Smiling Mask":76,"Ancient Tea Set":102,"ClockworkSouvenir":102,"Blood Vial":39,"Dream Catcher":7,"Anchor":17,"Shuriken":17,"DollysMirror":62,"Snecko Eye":50,"Red Mask":62,"Black Star":89,"Art of War":102,"Unceasing Top":109,"Ring of the Snake":0}],"Unceasing Top":[0],"Ring of the Snake":[42]},"card_choices":[{"not_picked":["Sucker Punch","Escape Plan"],"picked":"Crippling Poison","floor":1},{"not_picked":["Expertise","Cloak And Dagger"],"picked":"Flechettes","floor":2},{"not_picked":["Acrobatics","Bane"],"picked":"Blade Dance","floor":5},{"not_picked":["Tactician","Dagger Throw"],"picked":"Predator","floor":7},{"not_picked":["Acrobatics","Deflect"],"picked":"Sucker Punch","floor":8},{"not_picked":["Flying Knee","Masterful Stab"],"picked":"Deadly Poison","floor":10},{"not_picked":["Flying Knee","Skewer"],"picked":"Catalyst","floor":11},{"not_picked":["All Out Attack","Expertise"],"picked":"Corpse Explosion","floor":12},{"not_picked":["Backstab","Dodge and Roll"],"picked":"Footwork","floor":14},{"not_picked":["Slice","Skewer"],"picked":"Flying Knee","floor":15},{"not_picked":["Tools of the Trade","Doppelganger"],"picked":"Envenom","floor":16},{"not_picked":["Dodge and Roll+1","Deflect"],"picked":"Underhanded Strike","floor":18},{"not_picked":["Deflect","Tactician"],"picked":"Bane","floor":19},{"not_picked":["Blade Dance","Dagger Spray"],"picked":"Cloak And Dagger","floor":24},{"not_picked":["Bane","Adrenaline"],"picked":"Bouncing Flask","floor":28},{"not_picked":["Slice+1","Calculated Gamble","Blade Dance"],"picked":"SKIP","floor":29},{"not_picked":["Glass Knife","Endless Agony","Underhanded Strike"],"picked":"SKIP","floor":31},{"not_picked":["Malaise","Bullet Time"],"picked":"After Image","floor":33},{"not_picked":["Skewer","Reflex"],"picked":"Blur+1","floor":35},{"not_picked":["Backstab+1","Blade Dance"],"picked":"Dagger Spray+1","floor":37},{"not_picked":["Blur+1","PiercingWail+1"],"picked":"Caltrops+1","floor":39}],"player_experience":344068,"relics_obtained":[{"floor":7,"key":"Shuriken"},{"floor":9,"key":"Anchor"},{"floor":12,"key":"Boot"},{"floor":14,"key":"Blood Vial"},{"floor":20,"key":"Red Mask"},{"floor":24,"key":"Ice Cream"},{"floor":26,"key":"Vajra"},{"floor":31,"key":"Omamori"},{"floor":39,"key":"Unceasing Top"}],"event_choices":[{"damage_healed":0,"gold_gain":0,"player_choice":"Success","damage_taken":3,"relics_obtained":["Dream Catcher"],"max_hp_gain":0,"max_hp_loss":0,"event_name":"Scrap Ooze","floor":4,"gold_loss":0},{"damage_healed":0,"gold_gain":0,"player_choice":"Fought Bandits","damage_taken":0,"max_hp_gain":0,"max_hp_loss":0,"event_name":"Masked Bandits","floor":20,"gold_loss":0},{"damage_healed":0,"gold_gain":0,"player_choice":"Became a Ghost","damage_taken":0,"max_hp_gain":0,"max_hp_loss":35,"event_name":"Ghosts","floor":21,"gold_loss":0,"cards_obtained":["Ghostly","Ghostly","Ghostly","Ghostly","Ghostly"]},{"damage_healed":0,"gold_gain":0,"player_choice":"Read","damage_taken":0,"max_hp_gain":0,"max_hp_loss":0,"event_name":"The Library","floor":22,"gold_loss":0,"cards_obtained":["Blur"]},{"damage_healed":0,"gold_gain":0,"player_choice":"Opened","damage_taken":0,"relics_obtained":["Smiling Mask"],"max_hp_gain":0,"max_hp_loss":0,"event_name":"The Mausoleum","floor":30,"gold_loss":0,"cards_obtained":["Writhe"]},{"damage_healed":0,"gold_gain":999,"player_choice":"Gold","damage_taken":0,"max_hp_gain":0,"max_hp_loss":0,"event_name":"MindBloom","floor":36,"gold_loss":0,"cards_obtained":["Normality","Normality"]},{"damage_healed":0,"gold_gain":0,"player_choice":"Fight","damage_taken":0,"max_hp_gain":0,"max_hp_loss":0,"event_name":"Mysterious Sphere","floor":39,"gold_loss":0}],"is_beta":false,"boss_relics":[{"not_picked":["Ectoplasm","Ring of the Serpent"],"picked":"Snecko Eye"},{"not_picked":["SlaversCollar","Pandora\u0027s Box"],"picked":"Black Star"}],"items_purged_floors":[23,38],"is_endless":false,"potions_floor_spawned":[1,5,11,14,24,31,39],"killed_by":"Giant Head","ascension_level":0}}