{"host":"qfskrnw3pl1q86j0","time":1612116849,"event":{"mods":["BaseMod","Block Reminder","Hermit","Marisa????????","Minty Spire (QoL Compilation)","Quick Restart","Random Character Button","Relic Stats","StSLib","The Poker Player","slay the spire mod where everything is the same but ironclad has a cowboy hat"],"gold_per_floor":[109,126,144,161,161,161,190,190,269,269,269,269,286,305,305,400,400,410,509,520,106,124,124,157,157,205,105,118,118,118,130,130,234,234,251,264,278,278,500,500,518,518,518,534,15,65,99,175,175,175],"floor_reached":51,"language":"ENG","playtime":1610,"items_purged":["Strike_MRS","Writhe","Defend_MRS"],"score":802,"play_id":"4bc05093-b0d0-4732-a4bf-2a7050b35d10","local_time":"20210131191409","is_ascension_mode":false,"campfire_choices":[{"data":"RefractionSpark","floor":6,"key":"SMITH"},{"data":"UpSweep","floor":8,"key":"SMITH"},{"data":"SporeBomb","floor":10,"key":"SMITH"},{"data":"DoubleSpark","floor":15,"key":"SMITH"},{"data":"GrandCross","floor":23,"key":"SMITH"},{"data":"ShootTheMoon","floor":29,"key":"SMITH"},{"data":"MagicAbsorber","floor":32,"key":"SMITH"},{"data":"MillisecondPulsars","floor":40,"key":"SMITH"},{"data":"MilkyWay","floor":42,"key":"SMITH"},{"data":"Singularity","floor":49,"key":"SMITH"}],"circlet_count":0,"master_deck":["Strike_MRS+1","Strike_MRS","Defend_MRS+1","Defend_MRS","Defend_MRS","MasterSpark+1","UpSweep+1","DoubleSpark+1","RefractionSpark+1","SporeBomb+1","ShootTheMoon+1","GalacticHalo","GrandCross+1","MagicAbsorber+1","Singularity+1","AsteroidBelt+1","OortCloud+1","MillisecondPulsars+1","MilkyWay+1","SprinkleStarSeal+1","GalacticHalo+1","RefractionSpark+1","Singularity+1"],"relics":["MiniHakkero","Prayer Wheel","StrikeDummy","ExperimentalFamiliar","AmplifyWand","Red Mask","Boot","Lantern","Sozu","Thread and Needle","HandmadeGrimoire","Bag of Preparation","Pocketwatch","MealTicket","Eternal Feather"],"acts_visited":["Exordium","TheCity","TheBeyond"],"potions_floor_usage":[2,16,33],"damage_taken":[{"damage":2,"enemies":"2 Louse","floor":1,"turns":3},{"damage":0,"enemies":"Small Slimes","floor":2,"turns":2},{"damage":1,"enemies":"Jaw Worm","floor":3,"turns":3},{"damage":0,"enemies":"3 Louse","floor":4,"turns":3},{"damage":6,"enemies":"Gremlin Nob","floor":7,"turns":3},{"damage":7,"enemies":"Looter","floor":13,"turns":3},{"damage":7,"enemies":"Blue Slaver","floor":14,"turns":3},{"damage":33,"enemies":"The Guardian","floor":16,"turns":8},{"damage":0,"enemies":"2 Thieves","floor":18,"turns":1},{"damage":1,"enemies":"3 Byrds","floor":20,"turns":4},{"damage":0,"enemies":"Centurion and Healer","floor":22,"turns":3},{"damage":6,"enemies":"Masked Bandits","floor":24,"turns":2},{"damage":1,"enemies":"Snecko","floor":28,"turns":3},{"damage":11,"enemies":"Snake Plant","floor":31,"turns":2},{"damage":45,"enemies":"Collector","floor":33,"turns":10},{"damage":0,"enemies":"3 Darklings","floor":35,"turns":2},{"damage":0,"enemies":"Orb Walker","floor":36,"turns":2},{"damage":6,"enemies":"Maw","floor":37,"turns":7},{"damage":12,"enemies":"Transient","floor":41,"turns":5},{"damage":0,"enemies":"Jaw Worm Horde","floor":44,"turns":4},{"damage":0,"enemies":"Mind Bloom Boss Battle","floor":46,"turns":4},{"damage":0,"enemies":"Reptomancer","floor":47,"turns":5},{"damage":0,"enemies":"Time Eater","floor":50,"turns":7}],"seed_played":"-4657771503013157893","potions_obtained":[{"floor":1,"key":"BottledSpark"},{"floor":3,"key":"Fruit Juice"},{"floor":7,"key":"FearPotion"},{"floor":18,"key":"CultistPotion"},{"floor":24,"key":"ShroomBrew"}],"is_trial":false,"path_per_floor":["M","M","M","M","?","R","E","R","T","R","?","?","M","M","R","B",null,"M","?","M","$","M","R","?","?","T","$","M","R","$","M","R","B",null,"M","M","M","?","?","R","M","R","T","M","$","?","E","T","R","B",null],"character_chosen":"MARISA","items_purchased":["MagicAbsorber","AmplifyWand","HandmadeGrimoire","Bag of Preparation"],"campfire_rested":0,"item_purchase_floors":[21,21,45,45],"current_hp_per_floor":[73,73,72,72,72,72,66,66,66,66,51,51,44,37,37,9,80,80,80,79,79,79,79,73,73,73,73,72,72,72,61,61,16,80,80,80,74,74,74,74,62,62,62,62,62,62,62,62,74,74],"gold":175,"neow_bonus":"THREE_CARDS","is_daily":false,"chose_seed":false,"campfire_upgraded":10,"win_rate":0.0,"timestamp":1612116849,"path_taken":["M","M","M","M","?","R","E","R","T","R","?","?","M","M","R","BOSS","M","?","M","$","M","R","?","?","T","?","M","R","$","M","R","BOSS","M","M","M","?","?","R","M","R","T","M","$","?","E","?","R","BOSS"],"items_purchased_type":["Card","Relic","Relic","Relic"],"build_version":"2020-12-22","purchased_purges":3,"victory":true,"max_hp_per_floor":[75,75,75,75,75,75,75,75,75,75,75,75,75,75,75,80,80,80,80,80,80,80,80,80,80,80,80,80,80,80,80,80,80,80,80,80,80,80,80,80,80,80,80,80,80,80,80,80,80,80],"relic_stats":{"Sozu":3,"counters":[23,89],"Prayer Wheel":12,"MealTicket":0,"Eternal Feather":12,"Bag of Preparation":[6],"Boot":[37],"obtain_stats":[{"AmplifyWand":21,"Lantern":26,"Thread and Needle":43,"Eternal Feather":48,"Bag of Preparation":45,"Boot":25,"Sozu":34,"ExperimentalFamiliar":17,"Prayer Wheel":7,"MealTicket":47,"Red Mask":24,"HandmadeGrimoire":45,"MiniHakkero":0,"StrikeDummy":9,"Pocketwatch":46},{"AmplifyWand":10,"Lantern":12,"Thread and Needle":19,"Eternal Feather":22,"Bag of Preparation":20,"Boot":12,"Sozu":15,"ExperimentalFamiliar":8,"Prayer Wheel":5,"MealTicket":22,"Red Mask":12,"HandmadeGrimoire":20,"MiniHakkero":0,"StrikeDummy":5,"Pocketwatch":21},{"AmplifyWand":33,"Lantern":38,"Thread and Needle":69,"Eternal Feather":82,"Bag of Preparation":73,"Boot":38,"Sozu":53,"ExperimentalFamiliar":28,"Prayer Wheel":14,"MealTicket":82,"Red Mask":38,"HandmadeGrimoire":73,"MiniHakkero":0,"StrikeDummy":14,"Pocketwatch":77}],"Pocketwatch":[3]},"card_choices":[{"not_picked":["GalacticHalo","UnstableBomb"],"picked":"DoubleSpark","floor":0},{"not_picked":["NonDirectionalLaser","GalacticHalo"],"picked":"RefractionSpark","floor":1},{"not_picked":["UnstableBomb","ShootingEcho","PowerUp"],"picked":"SKIP","floor":2},{"not_picked":["SuperPerseids","6A"],"picked":"SporeBomb","floor":3},{"not_picked":["EnergyRecoil","SporeBomb","WitchOfGreed"],"picked":"SKIP","floor":4},{"not_picked":["ChargingUp","SporeBomb","EnergyRecoil"],"picked":"SKIP","floor":7},{"not_picked":["ShootingEcho","SuperPerseids"],"picked":"ShootTheMoon","floor":13},{"not_picked":["SatelliteIllusion","ShootingEcho","DarkSpark"],"picked":"SKIP","floor":13},{"not_picked":["DeepEcoloBomb","DC"],"picked":"GalacticHalo","floor":14},{"not_picked":["DarkSpark","ShootingEcho","SporeBomb"],"picked":"SKIP","floor":14},{"not_picked":["ShootingEcho","MeteoricShower"],"picked":"GrandCross","floor":18},{"not_picked":["MysteriousBeam","NonDirectionalLaser","GalacticHalo"],"picked":"SKIP","floor":18},{"not_picked":["GalacticHalo","GravityBeat","DoubleSpark"],"picked":"SKIP","floor":20},{"not_picked":["ShootingEcho","GalacticHalo","DC+1"],"picked":"SKIP","floor":20},{"not_picked":["IllusionStar","ChargeUpSpray"],"picked":"Singularity+1","floor":22},{"not_picked":["MeteoricShower","ShootingEcho","MysteriousBeam"],"picked":"SKIP","floor":22},{"not_picked":["PropBag","MachineGunSpark+1"],"picked":"AsteroidBelt+1","floor":28},{"not_picked":["DoubleSpark","WitchOfGreed","SuperPerseids"],"picked":"SKIP","floor":28},{"not_picked":["DarkSpark","LuminesStrike"],"picked":"OortCloud+1","floor":31},{"not_picked":["StarlightTyphoon+1","DoubleSpark","WitchLeyline"],"picked":"SKIP","floor":31},{"not_picked":["BlazingStar","ManaRampage"],"picked":"MillisecondPulsars","floor":33},{"not_picked":["LuminesStrike+1","OneTimeOff+1"],"picked":"MilkyWay","floor":35},{"not_picked":["BlazeAway","MysteriousBeam","GalacticHalo+1"],"picked":"SKIP","floor":35},{"not_picked":["PropBag","DoubleSpark","6A"],"picked":"SKIP","floor":36},{"not_picked":["CasketOfStar","GalacticHalo","MysteriousBeam+1"],"picked":"SKIP","floor":36},{"not_picked":["Occultation","ChargingUp+1"],"picked":"SprinkleStarSeal+1","floor":37},{"not_picked":["MilkyWay","GravityBeat","OneTimeOff"],"picked":"SKIP","floor":37},{"not_picked":["Orbital","PowerUp+1"],"picked":"GalacticHalo+1","floor":41},{"not_picked":["PowerUp+1","PropBag+1","GrandCross"],"picked":"SKIP","floor":41},{"not_picked":["AsteroidBelt+1","WitchLeyline+1"],"picked":"RefractionSpark+1","floor":44},{"not_picked":["AlicesGift","ShootingEcho","BlazeAway"],"picked":"SKIP","floor":44},{"not_picked":["DarkMatter","ShootingEcho"],"picked":"Singularity","floor":47}],"player_experience":1026369,"relics_obtained":[{"floor":7,"key":"Prayer Wheel"},{"floor":9,"key":"StrikeDummy"},{"floor":24,"key":"Red Mask"},{"floor":26,"key":"Lantern"},{"floor":43,"key":"Thread and Needle"},{"floor":46,"key":"Pocketwatch"},{"floor":47,"key":"MealTicket"},{"floor":48,"key":"Eternal Feather"}],"event_choices":[{"damage_healed":0,"gold_gain":0,"player_choice":"Grow","damage_taken":0,"max_hp_gain":0,"max_hp_loss":0,"event_name":"Living Wall","floor":5,"gold_loss":0,"cards_upgraded":["MasterSpark"]},{"damage_healed":0,"gold_gain":0,"player_choice":"Entered Light","damage_taken":15,"max_hp_gain":0,"max_hp_loss":0,"event_name":"Shining Light","floor":11,"gold_loss":0,"cards_upgraded":["Defend_MRS","Strike_MRS"]},{"damage_healed":0,"gold_gain":0,"player_choice":"Ignored","damage_taken":0,"max_hp_gain":0,"max_hp_loss":0,"event_name":"Liars Game","floor":12,"gold_loss":0},{"damage_healed":0,"gold_gain":99,"player_choice":"Stole From Cult","damage_taken":0,"max_hp_gain":0,"max_hp_loss":0,"event_name":"Nest","floor":19,"gold_loss":0},{"damage_healed":0,"gold_gain":0,"player_choice":"Fought Bandits","damage_taken":0,"max_hp_gain":0,"max_hp_loss":0,"event_name":"Masked Bandits","floor":24,"gold_loss":0},{"damage_healed":0,"gold_gain":0,"player_choice":"Opened","damage_taken":0,"relics_obtained":["Boot"],"max_hp_gain":0,"max_hp_loss":0,"event_name":"The Mausoleum","floor":25,"gold_loss":0,"cards_obtained":["Writhe"]},{"cards_removed":["Strike_MRS"],"damage_healed":0,"gold_gain":0,"player_choice":"Removed Attack","damage_taken":0,"max_hp_gain":0,"max_hp_loss":0,"event_name":"Falling","floor":38,"gold_loss":0},{"damage_healed":0,"gold_gain":222,"player_choice":"Wore Mask","damage_taken":0,"max_hp_gain":0,"max_hp_loss":0,"event_name":"Tomb of Lord Red Mask","floor":39,"gold_loss":0},{"damage_healed":0,"gold_gain":0,"player_choice":"Fight","damage_taken":0,"max_hp_gain":0,"max_hp_loss":0,"event_name":"MindBloom","floor":46,"gold_loss":0}],"is_beta":false,"boss_relics":[{"not_picked":["Pandora\u0027s Box","Snecko Eye"],"picked":"ExperimentalFamiliar"},{"not_picked":["Cursed Key","Runic Dome"],"picked":"Sozu"}],"items_purged_floors":[21,27,45],"is_endless":false,"potions_floor_spawned":[1,3,7,18,24,36,37,47],"ascension_level":0}}