{"host":"54jr43vd79817238","time":1612070908,"event":{"mods":["100% Spire Juice","ATMod(°¢èªMod)","Act Like it!","Arknights","Aspiration","BaseMod","CapriCore","Dota2Spire","Friendly Minions","Gensokyo","Hallownest","Hermit","Jedi Mod","KomeijiMod","Lobotomy","LobotomyExtend","Marisa£¨ìFÓê¡¡Ä§ÀíÉ³£©","Minty Spire (QoL Compilation)","MostiFishMod","Quarter Circle Forward PUNCH!","Reliquary","Replay The Spire","Robot Space Explorer","RumiaBox-Â¶Ã×æ«µÄÉñÃØºÐ×Ó","Slay the StarCraft II Mod","Spicy Shops","StSLib","TestMod","The Blackbeard","The Dragon Tamer","WarShipGirlsR/Õ½½¢ÉÙÅ®R mod","Yakumo Yukari mod","Youmu£¨»êÆÇÑýÃÎ£©","Yuyuko","[IsaacMod]ÒÔÈö¼âËþ","¡¾ÒÅÎï¿¨ÅÆ¡¿REMEMod"],"gold_per_floor":[120,137,56,56,56,56,56,56,82,111,33,53,63,63,63,158,158,170,170,170,170,181,181,181,181,181,209,309,309,334,74,74,179,179,179,179,195,239,258,258,287,287,312,312,312,331,331,349,349,349,349,349,349,349,349,30,65,65],"floor_reached":59,"language":"ZHS","playtime":4377,"items_purged":["CENSORED"],"score":1266,"play_id":"965bea6f-3b02-4dcd-870f-2c2e2b358a41","local_time":"20210131132828","is_ascension_mode":true,"campfire_choices":[{"floor":6.0,"key":"RECALL"}],"circlet_count":1,"master_deck":["SpecialBullet","SpecialBullet","SpecialBullet","SpecialBullet","SpecialBullet","SpecialBullet","SpecialBullet","InformationCode","SecurityCode","ControlCode","jedi:RedIncense+1","Wellcheers","Hypocrisy+1","Soda+1","GreenStem","GoldRush","OldLady","SomewhereSpear","testmod-Reflect","DreamingCurrent","AT_ShrugMaster","Calculated Gamble","TT2Protocol","Bloodbath","SummonCall","SpiderBud","Wingbeat+1","TrainingCode","Buffer","DespairKnight","Amita","OSAHOGD","jedi:forcepush","DeusExMachina","DisciplinaryCode"],"relics":["CogitoBucket","DaveBox","AT_ATBox","testmod-TestBox","REME_ComplimentaryCards","testmod-ChristmasGift","SynthV:C4","aspiration:Nostalgia","DTMod:PactStone","SynthV:TestCard","LetterFromLob","testmod-HeartOfStrike","MagicDraw1","testmod-AssaultLearning","qcfpunch:Red_Headband","PrismaticShard","aspiration:SilentSkillbook","BehaviorAdjustment","Dota2Spire:BlackKingBar","Replay:Wax Seal","AT_BellowingDragoncrestRing","Dota2Spire:Satanic","HollowDreamFlower","Ancient Tea Set","jedi:HeartOfTheCards","SacredBark","REME_HandOfSuture","Dota2Spire:ShadowBlade","SSSystem","aspiration:SeaSaltIceCream","Circlet","Dota2Spire:MaskOfMadness"],"acts_visited":["Exordium","Gensokyo:Gensokyoer","TheBeyond","TheEnding"],"potions_floor_usage":[27,30,30,30,52,52,52,52,58,58],"damage_taken":[{"damage":3.0,"enemies":"Cultist","floor":1.0,"turns":2.0},{"damage":7.0,"enemies":"2 Louse","floor":2.0,"turns":2.0},{"damage":31.0,"enemies":"3 Sentries","floor":10.0,"turns":5.0},{"damage":0.0,"enemies":"Jaw Worm","floor":12.0,"turns":2.0},{"damage":0.0,"enemies":"3 Louse","floor":13.0,"turns":1.0},{"damage":58.0,"enemies":"The Guardian","floor":16.0,"turns":5.0},{"damage":20,"enemies":"Gensokyo:Chomper","floor":18,"turns":3},{"damage":43,"enemies":"Gensokyo:3_Dogs","floor":22,"turns":4},{"damage":19,"enemies":"Gensokyo:Reisen","floor":27,"turns":4},{"damage":2,"enemies":"Gensokyo:Reisen","floor":28,"turns":8},{"damage":31,"enemies":"Gensokyo:Tenshi","floor":30,"turns":3},{"damage":31,"enemies":"Gensokyo:Eternal_Rivals","floor":33,"turns":7},{"damage":53,"enemies":"Orb Walker","floor":37,"turns":5},{"damage":18,"enemies":"3 Darklings","floor":39,"turns":4},{"damage":0,"enemies":"Nemesis","floor":41,"turns":3},{"damage":8,"enemies":"Jaw Worm Horde","floor":46,"turns":2},{"damage":0,"enemies":"Spire Growth","floor":48,"turns":3},{"damage":30,"enemies":"Replay:Hell Engine","floor":52,"turns":8},{"damage":0,"enemies":"Shield and Spear","floor":57,"turns":3},{"damage":80,"enemies":"The Heart","floor":58,"turns":8}],"seed_played":"-5069350457124564955","potions_obtained":[{"floor":2.0,"key":"ColorlessPotion"},{"floor":18,"key":"Weak Potion"},{"floor":27,"key":"Dexterity Potion"},{"floor":37,"key":"Regen Potion"},{"floor":38,"key":"FairyPotion"},{"floor":46,"key":"SteroidPotion"}],"is_trial":false,"path_per_floor":["M","M","$","?","?","R","?","R","T","E","$","M","M","?","R","B",null,"M","?","?","T","M","R","?","R","T","E","?","R","E","$","R","B",null,"M","?","M","?","M","R","E","R","T","PTL","PTL","M","R","M","R","?","R","B",null,null,"R","$","E","B",null],"character_chosen":"Angela","items_purchased":["testmod-HeartOfStrike","qcfpunch:Red_Headband","jedi:HeartOfTheCards","aspiration:SeaSaltIceCream"],"campfire_rested":0,"item_purchase_floors":[3,11,31,56],"current_hp_per_floor":[70,70,70,67,53,53,53,53,53,46,46,57,65,65,65,32,70,63,63,63,63,62,62,62,62,62,68,70,70,70,70,70,70,70,23,23,68,68,74,74,78,78,78,78,78,78,78,78,78,78,78,78,78,78,78,83,83,83],"gold":65,"neow_bonus":"NOSTALGIA","is_daily":false,"chose_seed":false,"campfire_upgraded":0,"win_rate":0.0,"timestamp":1612070908,"path_taken":["M","?","$","?","?","R","?","R","T","E","?","?","M","?","R","BOSS","M","?","?","?","?","R","?","R","T","E","?","R","E","?","R","BOSS","M","?","M","?","M","R","E","R","T","PTL","PTL","M","R","M","R","?","R","BOSS","R","$","E","BOSS"],"items_purchased_type":["Relic","Relic","Relic","Relic"],"build_version":"2020-12-22","purchased_purges":1,"victory":true,"max_hp_per_floor":[70,70,70,70,70,70,70,70,70,70,70,70,70,70,70,70,70,70,70,70,70,70,70,70,70,70,70,70,70,70,70,70,70,70,70,70,74,74,74,74,78,78,78,78,78,78,78,78,78,78,78,78,78,78,78,83,83,83],"card_choices":[{"not_picked":["LaLuna","PunishingBird"],"picked":"Wellcheers","floor":1.0},{"not_picked":["Diffraction"],"picked":"Hypocrisy","floor":1.0},{"not_picked":["Regret_ego","FourthMatchFlame","Beak"],"picked":"Soda","floor":2.0},{"not_picked":["Lantern","WristCuter","RedEyes"],"picked":"GreenStem","floor":10.0},{"not_picked":["GreenStem","ScreamingWedge","CherryBlossom"],"picked":"GoldRush","floor":12.0},{"not_picked":["CherryBlossoms","Woodsman"],"picked":"OldLady","floor":13.0},{"not_picked":["Noise","Harmony","BearPaw"],"picked":"SomewhereSpear","floor":13.0},{"not_picked":["REME_TheLastStrike","Ragnarok","GluttonyofRealm_purpleEX"],"picked":"testmod-Reflect","floor":16.0},{"not_picked":["LittlePrince","Laetitia"],"picked":"DreamingCurrent","floor":18},{"not_picked":["RobotSpaceExplorer:Reload","hermit:Ricochet","OpenedBox_purple+1","SlaytheStarCraft2Mod:Meditation"],"picked":"AT_ShrugMaster","floor":18},{"not_picked":[],"picked":"Calculated Gamble","floor":19},{"not_picked":["LongBird","BlackSwan"],"picked":"Bloodbath","floor":22},{"not_picked":["DTMod:Punisher","Uppercut","Ball Lightning+1","DTMod:Astonish+1","Tough"],"picked":"SKIP","floor":22},{"not_picked":["BeautyBeast","LittleHelper"],"picked":"SpiderBud","floor":27},{"not_picked":["Fasting2","jedi:collectorstrike","blackbeard:Sword+1","BloodCleaner","WitchOfGreed"],"picked":"SKIP","floor":27},{"not_picked":["StrangeHalfBody","FlurryOfBlows","rmod:sl","PropBag"],"picked":"Wingbeat+1","floor":28},{"not_picked":["GalaxyChild","CrumblingArmor"],"picked":"CENSORED","floor":30},{"not_picked":["Clothesline","Hidden Blade","Reverse The Screen","ats:Thorns","blackbeard:Toast+1"],"picked":"SKIP","floor":30},{"not_picked":["jedi:unlimitedpower","ats:Rat Pack","DTMod:LightShield","rmod:ridicule"],"picked":"Buffer","floor":33},{"not_picked":["MeatLantern","BigBadWolf"],"picked":"DespairKnight","floor":37},{"not_picked":["REME_MusicOfDeath","ats:Sunburst+1","AT_HeatAcrobatics+1","Tempest","DTMod:FlameSlash+1"],"picked":"SKIP","floor":37},{"not_picked":["Hornet","rmod:unsinkable+1","Meteor Strike","blackbeard:Spear"],"picked":"Amita","floor":39},{"not_picked":["BlackArmy","WallGazer"],"picked":"OSAHOGD","floor":41},{"not_picked":["AT_ShadowStep+1","PhosphoricSlash","KouPou+1","rmod:highspeedshooting"],"picked":"jedi:forcepush","floor":41},{"not_picked":["ats:Leaping Hammer","ats:Magnetic Hammer","AdvanceAttack_purple","rmod:unsinkable"],"picked":"DeusExMachina","floor":46},{"not_picked":["rmod:heivgo","Reverberation+1","Reverse The Screen","rmod:victimresponsibility","Final of Final"],"picked":"SKIP","floor":48},{"not_picked":["DoubleEdge","DispleasureOfTheSevenHakus+1","ats:Counter Healing Mode","blackbeard:Toast+1","BloodyMagicSquare"],"picked":"SKIP","floor":57}],"player_experience":264999,"relics_obtained":[{"floor":1.0,"key":"SynthV:TestCard"},{"floor":1.0,"key":"LetterFromLob"},{"floor":10.0,"key":"testmod-AssaultLearning"},{"floor":21,"key":"Dota2Spire:BlackKingBar"},{"floor":26,"key":"Replay:Wax Seal"},{"floor":27,"key":"AT_BellowingDragoncrestRing"},{"floor":28,"key":"Dota2Spire:Satanic"},{"floor":28,"key":"HollowDreamFlower"},{"floor":30,"key":"Ancient Tea Set"},{"floor":38,"key":"REME_HandOfSuture"},{"floor":41,"key":"Dota2Spire:ShadowBlade"},{"floor":43,"key":"SSSystem"},{"floor":57,"key":"Dota2Spire:MaskOfMadness"}],"event_choices":[{"damage_healed":0.0,"max_hp_gain":0.0,"max_hp_loss":0.0,"gold_gain":0.0,"event_name":"Scrap Ooze","player_choice":"Success","floor":4.0,"gold_loss":0.0,"damage_taken":3.0,"relics_obtained":["MagicDraw1"]},{"damage_healed":0.0,"max_hp_gain":0.0,"max_hp_loss":0.0,"gold_gain":0.0,"event_name":"Shining Light","player_choice":"Entered Light","floor":5.0,"gold_loss":0.0,"damage_taken":14.0,"cards_upgraded":["jedi:RedIncense","Soda"]},{"cards_removed":["SpecialBullet"],"damage_healed":0,"gold_gain":0,"player_choice":"Removed Attack","damage_taken":0,"max_hp_gain":0,"max_hp_loss":0,"event_name":"Falling","floor":50,"gold_loss":0}],"is_beta":false,"boss_relics":[{"not_picked":["testmod-StringDisintegrator","Dota2Spire:RefresherOrb"],"picked":"aspiration:SilentSkillbook"},{"not_picked":["Honey Jar","testmod-NegativeEmotionEnhancer"],"picked":"SacredBark"}],"items_purged_floors":[56],"is_endless":false,"potions_floor_spawned":[2,12,18,27,37,46],"ascension_level":2}}