{"host":"6gl4z8x6qhx9xtfj","time":1612063494,"event":{"mods":["2.2 Compatiblity","AchievementEnabler","BaseMod","Bestiary","Colored Map","Colored Powertips","Evolution","Minty Spire (QoL Compilation)","Quick Restart","Relic Stats","StSLib","SuperFastMode"],"gold_per_floor":[113,131,147,157,167,199,199,199,199,229,229,247,257,272,272,369,369,386,386,398,398,109,141,159,194,194,221,581,598,195,195,195,295,295,311,321,371,384,400,426,426,454,501,513,46,46,73,173,173,173],"floor_reached":51,"language":"RUS","playtime":2901,"items_purged":["EmptyBody","Writhe"],"score":1155,"play_id":"4a1f7aa4-faab-489b-b071-4c2a2b252362","local_time":"20210131062454","is_ascension_mode":true,"campfire_choices":[{"data":"Weave","floor":7.0,"key":"SMITH"},{"data":"Blasphemy","floor":11.0,"key":"SMITH"},{"data":"Vigilance","floor":15.0,"key":"SMITH"},{"floor":32,"key":"REST"},{"floor":41,"key":"REST"},{"floor":46,"key":"REST"},{"floor":49,"key":"REST"}],"circlet_count":0,"master_deck":["CutThroughFate+1","CutThroughFate","CutThroughFate","CutThroughFate","EmptyBody+1","EmptyBody+1","Eruption+1","Vigilance+1","Weave+1","ReachHeaven","Blasphemy+1","Tantrum+1","Devotion+1","Prostrate+1","SashWhip","Wallop","Fasting2","LessonLearned","Prostrate+1","Worship+1","CrushJoints+1","CarveReality+1","Nirvana+1","Fasting2+1","Omniscience","CarveReality"],"relics":["EVO:Axolotl","Runic Dome","Incense Burner","Damaru","Anchor","Fusion Hammer","InkBottle","Toolbox","Strawberry","Lizard Tail","Eternal Feather","Bag of Preparation","Lee\u0027s Waffle","Oddly Smooth Stone","Blood Vial","Philosopher\u0027s Stone","Pocketwatch","Frozen Egg 2","Pantograph","Centennial Puzzle","Pen Nib","Bottled Tornado","Dream Catcher"],"acts_visited":["Exordium","TheCity","TheBeyond"],"potions_floor_usage":[29],"damage_taken":[{"damage":0.0,"enemies":"Cultist","floor":1.0,"turns":3.0},{"damage":0.0,"enemies":"Small Slimes","floor":2.0,"turns":2.0},{"damage":5.0,"enemies":"Jaw Worm","floor":3.0,"turns":3.0},{"damage":6.0,"enemies":"Blue Slaver","floor":4.0,"turns":4.0},{"damage":0.0,"enemies":"3 Louse","floor":5.0,"turns":3.0},{"damage":0.0,"enemies":"Gremlin Nob","floor":6.0,"turns":2.0},{"damage":0.0,"enemies":"Lagavulin","floor":10.0,"turns":3.0},{"damage":0.0,"enemies":"Red Slaver","floor":12.0,"turns":2.0},{"damage":0.0,"enemies":"Large Slime","floor":13.0,"turns":1.0},{"damage":0.0,"enemies":"Gremlin Gang","floor":14.0,"turns":3.0},{"damage":0,"enemies":"Slime Boss","floor":16,"turns":3},{"damage":0,"enemies":"Shell Parasite","floor":18,"turns":1},{"damage":0,"enemies":"3 Byrds","floor":20,"turns":3},{"damage":0,"enemies":"Book of Stabbing","floor":23,"turns":3},{"damage":0,"enemies":"Snecko","floor":24,"turns":2},{"damage":7,"enemies":"Gremlin Leader","floor":25,"turns":3},{"damage":13,"enemies":"Slavers","floor":27,"turns":4},{"damage":0,"enemies":"Centurion and Healer","floor":29,"turns":3},{"damage":18,"enemies":"Champ","floor":33,"turns":5},{"damage":8,"enemies":"3 Shapes","floor":35,"turns":2},{"damage":2,"enemies":"3 Darklings","floor":36,"turns":3},{"damage":0,"enemies":"Mind Bloom Boss Battle","floor":37,"turns":2},{"damage":15,"enemies":"Jaw Worm Horde","floor":38,"turns":3},{"damage":4,"enemies":"4 Shapes","floor":39,"turns":2},{"damage":26,"enemies":"Nemesis","floor":40,"turns":5},{"damage":0,"enemies":"Giant Head","floor":42,"turns":2},{"damage":0,"enemies":"Transient","floor":44,"turns":5},{"damage":0,"enemies":"Reptomancer","floor":47,"turns":3},{"damage":16,"enemies":"Time Eater","floor":50,"turns":4}],"seed_played":"-1034601865639670522","potions_obtained":[{"floor":2.0,"key":"Ambrosia"},{"floor":4.0,"key":"CultistPotion"},{"floor":10.0,"key":"FearPotion"},{"floor":29,"key":"EssenceOfSteel"},{"floor":37,"key":"DuplicationPotion"},{"floor":40,"key":"FairyPotion"}],"is_trial":false,"path_per_floor":["M","M","M","M","M","E","R","?","T","E","R","M","M","M","R","B",null,"M","?","M","?","$","E","M","E","T","E","?","M","$","?","R","B",null,"M","M","?","M","M","E","R","E","T","M","$","R","E","?","R","B",null],"character_chosen":"WATCHER","items_purchased":["Wallop","Toolbox","Lee\u0027s Waffle","Oddly Smooth Stone","Pen Nib","Bottled Tornado","Fasting2+1"],"campfire_rested":4,"item_purchase_floors":[22,22,30,30,45,45,45],"current_hp_per_floor":[76,76,71,65,65,65,65,65,65,65,65,65,65,65,65,65,76,76,62,62,62,62,69,69,62,62,49,13,13,95,95,95,77,95,87,87,89,76,74,50,90,92,92,94,94,95,95,95,95,79],"gold":173,"neow_bonus":"BOSS_RELIC","is_daily":false,"chose_seed":false,"campfire_upgraded":3,"win_rate":0.0,"timestamp":1612063494,"path_taken":["M","?","M","M","M","E","R","?","T","E","R","?","?","M","R","BOSS","M","?","M","?","$","E","M","E","T","E","?","?","$","?","R","BOSS","M","?","?","M","M","E","R","E","T","M","$","R","E","?","R","BOSS"],"items_purchased_type":["Card","Relic","Relic","Relic","Relic","Relic","Card"],"build_version":"2020-12-22","purchased_purges":2,"victory":true,"max_hp_per_floor":[76,76,76,76,76,76,76,76,76,76,76,76,76,76,76,76,76,76,81,81,81,81,88,88,88,88,88,88,88,95,95,95,95,95,95,95,95,95,95,95,95,95,95,95,95,95,95,95,95,95],"relic_stats":{"Lee\u0027s Waffle":82,"counters":[29,84],"Eternal Feather":13,"Pen Nib":[1],"Bag of Preparation":[24],"Blood Vial":14,"Lizard Tail":0,"Centennial Puzzle":[3],"Dream Catcher":1,"Pantograph":0,"obtain_stats":[{"Lee\u0027s Waffle":30,"Damaru":9,"Oddly Smooth Stone":30,"Eternal Feather":26,"Pen Nib":45,"Incense Burner":6,"Bag of Preparation":27,"EVO:Axolotl":0,"Frozen Egg 2":40,"Bottled Tornado":45,"Blood Vial":31,"Runic Dome":0,"Anchor":10,"Lizard Tail":25,"Centennial Puzzle":43,"Dream Catcher":47,"Strawberry":23,"Pantograph":42,"Toolbox":22,"Philosopher\u0027s Stone":34,"Fusion Hammer":17,"PureWater":0,"InkBottle":21,"Pocketwatch":37},{"Lee\u0027s Waffle":18,"Damaru":6,"Oddly Smooth Stone":18,"Eternal Feather":16,"Pen Nib":27,"Incense Burner":6,"Bag of Preparation":17,"EVO:Axolotl":0,"Frozen Egg 2":25,"Bottled Tornado":27,"Blood Vial":18,"Runic Dome":0,"Anchor":7,"Lizard Tail":16,"Centennial Puzzle":26,"Dream Catcher":28,"Strawberry":14,"Pantograph":26,"Toolbox":13,"Philosopher\u0027s Stone":19,"Fusion Hammer":11,"PureWater":0,"InkBottle":13,"Pocketwatch":22},{"Lee\u0027s Waffle":48,"Damaru":17,"Oddly Smooth Stone":48,"Eternal Feather":41,"Pen Nib":77,"Incense Burner":17,"Bag of Preparation":45,"EVO:Axolotl":0,"Frozen Egg 2":70,"Bottled Tornado":77,"Blood Vial":48,"Runic Dome":0,"Anchor":20,"Lizard Tail":41,"Centennial Puzzle":72,"Dream Catcher":80,"Strawberry":36,"Pantograph":72,"Toolbox":33,"Philosopher\u0027s Stone":53,"Fusion Hammer":29,"PureWater":0,"InkBottle":33,"Pocketwatch":60}],"InkBottle":[30],"Pocketwatch":[3]},"card_choices":[{"not_picked":["Crescendo","FlurryOfBlows","Prostrate"],"picked":"SKIP","floor":1.0},{"not_picked":["BowlingBash","InnerPeace","SashWhip"],"picked":"SKIP","floor":2.0},{"not_picked":["FlurryOfBlows","Judgement","BowlingBash"],"picked":"SKIP","floor":3.0},{"not_picked":["Prostrate","CutThroughFate"],"picked":"Weave","floor":4.0},{"not_picked":["EmptyMind","SignatureMove","InnerPeace"],"picked":"SKIP","floor":5.0},{"not_picked":["Evaluate","EmptyBody"],"picked":"ReachHeaven","floor":6.0},{"not_picked":["Crescendo","CarveReality"],"picked":"Blasphemy","floor":10.0},{"not_picked":["Halt","Prostrate","Adaptation"],"picked":"SKIP","floor":12.0},{"not_picked":["Crescendo","PathToVictory","ThirdEye"],"picked":"SKIP","floor":13.0},{"not_picked":["Consecrate","Evaluate"],"picked":"Tantrum","floor":14.0},{"not_picked":["SpiritShield","Blasphemy"],"picked":"Devotion","floor":16},{"not_picked":["BowlingBash","Vengeance"],"picked":"Prostrate+1","floor":18},{"not_picked":["Crescendo","Protect"],"picked":"SashWhip","floor":20},{"not_picked":["BowlingBash","EmptyBody","ThirdEye"],"picked":"SKIP","floor":23},{"not_picked":["BowlingBash+1","FlurryOfBlows","SashWhip"],"picked":"SKIP","floor":24},{"not_picked":["DeusExMachina","EmptyFist","Crescendo"],"picked":"SKIP","floor":25},{"not_picked":["FollowUp","Swivel","Establishment"],"picked":"SKIP","floor":27},{"not_picked":["PathToVictory","SandsOfTime"],"picked":"Fasting2","floor":29},{"not_picked":["MasterReality","Devotion"],"picked":"LessonLearned","floor":33},{"not_picked":["SashWhip+1","Adaptation","Evaluate"],"picked":"SKIP","floor":35},{"not_picked":["JustLucky","ReachHeaven"],"picked":"Prostrate+1","floor":36},{"not_picked":["JustLucky+1","Consecrate"],"picked":"Worship","floor":37},{"not_picked":["Study+1","WindmillStrike+1","EmptyBody"],"picked":"SKIP","floor":38},{"not_picked":["JustLucky+1","Perseverance+1"],"picked":"CrushJoints+1","floor":39},{"not_picked":["SashWhip","FlurryOfBlows"],"picked":"CarveReality+1","floor":40},{"not_picked":["EmptyFist","SashWhip","Crescendo"],"picked":"SKIP","floor":42},{"not_picked":["WaveOfTheHand","Halt+1"],"picked":"Nirvana+1","floor":44},{"not_picked":["FlurryOfBlows","Evaluate"],"picked":"Omniscience","floor":47},{"not_picked":["FollowUp+1","CrushJoints+1"],"picked":"CarveReality","floor":49}],"player_experience":88576,"relics_obtained":[{"floor":6.0,"key":"Incense Burner"},{"floor":9.0,"key":"Damaru"},{"floor":10.0,"key":"Anchor"},{"floor":23,"key":"Strawberry"},{"floor":25,"key":"Lizard Tail"},{"floor":26,"key":"Eternal Feather"},{"floor":27,"key":"Bag of Preparation"},{"floor":37,"key":"Pocketwatch"},{"floor":40,"key":"Frozen Egg 2"},{"floor":42,"key":"Pantograph"},{"floor":43,"key":"Centennial Puzzle"},{"floor":47,"key":"Dream Catcher"}],"event_choices":[{"damage_healed":0.0,"max_hp_gain":0.0,"max_hp_loss":0.0,"gold_gain":0.0,"event_name":"Accursed Blacksmith","player_choice":"Forge","floor":8.0,"gold_loss":0.0,"damage_taken":0.0,"cards_upgraded":["Eruption"]},{"damage_healed":0,"gold_gain":0,"player_choice":"Shed Blood","damage_taken":19,"max_hp_gain":5,"max_hp_loss":0,"event_name":"Forgotten Altar","floor":19,"gold_loss":0},{"damage_healed":0,"gold_gain":0,"player_choice":"Opened","damage_taken":0,"relics_obtained":["InkBottle"],"max_hp_gain":0,"max_hp_loss":0,"event_name":"The Mausoleum","floor":21,"gold_loss":0,"cards_obtained":["Writhe"]},{"damage_healed":0,"gold_gain":360,"player_choice":"GOLD GOLD GOLD GOLD ","damage_taken":36,"max_hp_gain":0,"max_hp_loss":0,"event_name":"Knowing Skull","floor":28,"potions_obtained":[],"gold_loss":0,"cards_obtained":[]},{"cards_removed":["EmptyBody"],"damage_healed":0,"gold_gain":0,"player_choice":"Gave Card","damage_taken":0,"relics_obtained":["Blood Vial"],"max_hp_gain":0,"max_hp_loss":0,"event_name":"WeMeetAgain","floor":31,"gold_loss":0},{"damage_healed":0,"gold_gain":0,"player_choice":"Fight","damage_taken":0,"max_hp_gain":0,"max_hp_loss":0,"event_name":"MindBloom","floor":37,"gold_loss":0},{"damage_healed":0,"gold_gain":100,"player_choice":"Pray","damage_taken":0,"max_hp_gain":0,"max_hp_loss":0,"event_name":"Golden Shrine","floor":48,"gold_loss":0}],"is_beta":false,"boss_relics":[{"not_picked":["Ectoplasm","Busted Crown"],"picked":"Fusion Hammer"},{"not_picked":["Cursed Key","Empty Cage"],"picked":"Philosopher\u0027s Stone"}],"items_purged_floors":[22,30],"is_endless":false,"potions_floor_spawned":[2,4,10,13,14,16,18,27,29,37,39,40,42,44],"ascension_level":2}}