{"host":"lnrxyx1mebyhalma","time":1612126974,"event":{"mods":["2.2 Compatiblity","BaseMod","Block Reminder","Colored Powertips","Minty Spire (QoL Compilation)","Rare Cards Sparkle","Smile Girya","Weighted Paths"],"gold_per_floor":[116,130,80,96,107,136,155,155,181,181,59,70,82,98,98,200,200,186,201,211,222,222,222],"floor_reached":22,"language":"PTB","playtime":1191,"items_purged":["Strike_B"],"score":204,"play_id":"39b758fe-aeca-4a11-a69c-874cd87d83dc","local_time":"20210131190254","is_ascension_mode":true,"campfire_choices":[{"floor":10,"key":"REST"},{"data":"Chill","floor":15,"key":"SMITH"}],"circlet_count":0,"master_deck":["Strike_B","Strike_B","Strike_B","Defend_B","Defend_B","Defend_B","Zap","Dualcast","Turbo","Ball Lightning","Leap","Darkness","All For One","Chill","Beam Cell","Chill+1","Go for the Eyes","Conserve Battery","Seek","Gash+1","Steam Power","Darkness+1","Melter"],"relics":["Cracked Core","NeowsBlessing","Boot","Kunai","Blood Vial","SacredBark"],"acts_visited":["Exordium","TheCity"],"potions_floor_usage":[16,16,16,21],"damage_taken":[{"damage":0,"enemies":"2 Louse","floor":1,"turns":1},{"damage":0,"enemies":"Jaw Worm","floor":2,"turns":1},{"damage":0,"enemies":"Cultist","floor":4,"turns":1},{"damage":12,"enemies":"Lots of Slimes","floor":5,"turns":4},{"damage":21,"enemies":"3 Sentries","floor":6,"turns":6},{"damage":4,"enemies":"Gremlin Gang","floor":7,"turns":4},{"damage":10,"enemies":"Looter","floor":12,"turns":3},{"damage":14,"enemies":"3 Louse","floor":13,"turns":3},{"damage":12,"enemies":"2 Fungi Beasts","floor":14,"turns":3},{"damage":6,"enemies":"Slime Boss","floor":16,"turns":10},{"damage":11,"enemies":"2 Thieves","floor":18,"turns":4},{"damage":8,"enemies":"Spheric Guardian","floor":19,"turns":4},{"damage":19,"enemies":"Centurion and Healer","floor":20,"turns":7},{"damage":28,"enemies":"Cultist and Chosen","floor":21,"turns":7},{"damage":17,"enemies":"Snake Plant","floor":22,"turns":2}],"seed_played":"2673079808845581208","potions_obtained":[{"floor":2,"key":"PotionOfCapacity"},{"floor":5,"key":"PotionOfCapacity"},{"floor":12,"key":"BlessingOfTheForge"},{"floor":13,"key":"FocusPotion"},{"floor":16,"key":"Swift Potion"},{"floor":18,"key":"Weak Potion"},{"floor":20,"key":"Energy Potion"}],"is_trial":false,"path_per_floor":["M","M","?","M","M","E","M","T","T","R","$","M","M","M","R","B",null,"M","M","M","M","M"],"character_chosen":"DEFECT","items_purchased":["Beam Cell"],"campfire_rested":1,"item_purchase_floors":[11],"current_hp_per_floor":[75,75,75,75,63,42,38,38,38,60,60,52,40,30,30,26,75,64,58,41,15,0,0],"gold":222,"neow_bonus":"THREE_ENEMY_KILL","is_daily":false,"chose_seed":false,"campfire_upgraded":1,"win_rate":0.0,"timestamp":1612126974,"path_taken":["M","M","?","M","M","E","M","?","T","R","$","M","M","M","R","BOSS","M","M","M","M","M"],"items_purchased_type":["Card"],"build_version":"2020-12-22","purchased_purges":1,"victory":false,"max_hp_per_floor":[75,75,75,75,75,75,75,75,75,75,75,75,75,75,75,75,75,75,75,75,75,75,75],"card_choices":[{"not_picked":["Rebound","Barrage"],"picked":"Turbo","floor":1},{"not_picked":["Darkness","BootSequence"],"picked":"Ball Lightning","floor":2},{"not_picked":["Hologram","Redo"],"picked":"Leap","floor":4},{"not_picked":["White Noise","Self Repair"],"picked":"Darkness","floor":5},{"not_picked":["Capacitor","Lockon"],"picked":"All For One","floor":6},{"not_picked":["Auto Shields","Barrage"],"picked":"Chill","floor":7},{"not_picked":["Leap","Double Energy"],"picked":"Chill","floor":12},{"not_picked":["Barrage","Beam Cell"],"picked":"Go for the Eyes","floor":13},{"not_picked":["Sweeping Beam","Doom and Gloom"],"picked":"Conserve Battery","floor":14},{"not_picked":["Creative AI","Multi-Cast"],"picked":"Seek","floor":16},{"not_picked":["Coolheaded","Conserve Battery"],"picked":"Gash+1","floor":18},{"not_picked":["Recycle","Heatsinks"],"picked":"Steam Power","floor":19},{"not_picked":["Stack","Capacitor"],"picked":"Darkness+1","floor":20},{"not_picked":["Cold Snap","Doom and Gloom"],"picked":"Melter","floor":21}],"player_experience":91685,"relics_obtained":[{"floor":6,"key":"Boot"},{"floor":8,"key":"Kunai"},{"floor":9,"key":"Blood Vial"}],"event_choices":[{"cards_removed":["Defend_B"],"damage_healed":0,"gold_gain":0,"player_choice":"Card Removal","damage_taken":0,"max_hp_gain":0,"max_hp_loss":0,"event_name":"The Cleric","floor":3,"gold_loss":50}],"is_beta":false,"boss_relics":[{"not_picked":["Snecko Eye","Busted Crown"],"picked":"SacredBark"}],"items_purged_floors":[11],"is_endless":false,"potions_floor_spawned":[2,5,12,13,14,16,18,20],"killed_by":"Snake Plant","ascension_level":1}}