{"host":"ijtyqc57s6c9mbij","time":1612059967,"event":{"mods":["BaseMod","Colored Map","Downfall","Minty Spire (QoL Compilation)","StSLib"],"gold_per_floor":[99,111,121,296,296,53,80,80,95,109,209,37,37,37,37],"floor_reached":13,"language":"ENG","playtime":1007,"items_purged":["downfall:Bewildered"],"score":105,"play_id":"c80482f4-fcf3-4f08-856b-97d4d3a838e8","local_time":"20210130182607","is_ascension_mode":true,"campfire_choices":[{"data":"champ:UltimateStance","floor":1,"key":"SMITH"}],"circlet_count":0,"master_deck":["champ:Strike","champ:Strike","champ:Strike","champ:Strike","champ:Defend","champ:Defend","champ:Defend","champ:Execute","champ:Taunt","champ:UltimateStance+1","champ:ShieldSigil","champ:CrookedStrike","champ:EndlessRage","champ:CrookedStrike","champ:HeavySlash+1","champ:StanceDance","champ:GutPunch","champ:FanOfKnives"],"relics":["champ:ChampionCrown","Tiny Chest","Strawberry","downfall:BrokenWingStatue","Membership Card"],"acts_visited":["Exordium"],"potions_floor_usage":[6,11,11],"damage_taken":[{"damage":15,"enemies":"Cultist","floor":2,"turns":5},{"damage":55,"enemies":"Jaw Worm","floor":3,"turns":4},{"damage":55,"enemies":"downfall:FleeingMerchant","floor":6,"turns":4},{"damage":10,"enemies":"Small Slimes","floor":9,"turns":3},{"damage":47,"enemies":"2 Fungi Beasts","floor":10,"turns":5},{"damage":118,"enemies":"downfall:Heads","floor":11,"turns":8},{"damage":25,"enemies":"downfall:FleeingMerchant","floor":12,"turns":4},{"damage":27,"enemies":"Gremlin Nob","floor":13,"turns":3}],"seed_played":"4631721326937734813","potions_obtained":[{"floor":3,"key":"PowerPotion"},{"floor":9,"key":"SkillPotion"},{"floor":10,"key":"Slimebound:ThreeZeroPotion"}],"is_trial":false,"path_per_floor":["R","M","M","?","?","$","T","?","M","M","?","$","E"],"character_chosen":"THE_CHAMP","items_purchased":["Tiny Chest","Membership Card"],"campfire_rested":0,"item_purchase_floors":[6,12],"current_hp_per_floor":[90,90,65,65,75,75,82,82,82,75,32,17,0,0,0],"gold":37,"neow_bonus":"THREE_RARE_CARDS","is_daily":false,"chose_seed":false,"campfire_upgraded":1,"win_rate":0.0,"timestamp":1612059967,"path_taken":["R","M","M","?","?","?","T","?","M","M","?","$","E"],"items_purchased_type":["Relic","Relic"],"build_version":"2020-12-22","purchased_purges":1,"victory":false,"max_hp_per_floor":[90,90,90,90,100,100,107,107,107,107,107,107,107,107,107],"card_choices":[{"not_picked":["champ:Improvising","champ:ShieldThrow"],"picked":"champ:UltimateStance","floor":0},{"not_picked":["champ:BringItOn","champ:PerfectedStrike"],"picked":"champ:ShieldSigil","floor":2},{"not_picked":["champ:FanOfKnives","champ:Endure"],"picked":"champ:CrookedStrike","floor":3},{"not_picked":["champ:ArenaPreparation","champ:FalseCounter"],"picked":"champ:EndlessRage","floor":6},{"not_picked":["champ:AdrenalArmor","champ:CrownThrow"],"picked":"champ:CrookedStrike","floor":9},{"not_picked":["champ:TornadoPunch","champ:ShieldSigil"],"picked":"champ:HeavySlash","floor":10},{"not_picked":["champ:BringItOn","champ:CrownThrow"],"picked":"champ:StanceDance","floor":11},{"not_picked":["champ:StanceDance","champ:EndlessRage"],"picked":"champ:FanOfKnives","floor":12}],"player_experience":921016,"relics_obtained":[{"floor":7,"key":"Strawberry"}],"event_choices":[],"is_beta":false,"boss_relics":[],"items_purged_floors":[6],"is_endless":false,"potions_floor_spawned":[3,9,10],"killed_by":"Gremlin Nob","ascension_level":2}}