{"host":"d73an99q9oevilk5","time":1612105007,"event":{"mods":["2.2 Compatiblity","AchievementEnabler","Act Like it!","Aspiration","BaseMod","Beaked The Cultist","Better Third Choice","BetterRewards","Colored Map","Colored Powertips","Conspire","Downfall","GifTheSpireLib","Halation","Hubris","Infinite Spire","Mimic Mod","Minty Spire (QoL Compilation)","Quick Restart","Relic Sorter","Reliquary","Replay The Spire","Shop Mod","Spikes Relics","StSLib","Stuff the Spire","The Cursed","The Necromancer","The Saiyan","Waifu the Spire","egg","slay the spire mod where everything is the same but ironclad has a cowboy hat"],"gold_per_floor":[199,299,399,127,147,60,96,96,96,81,106,39,39,55,69,173,173,173,183,197,216,31,45,45,45,55,55,55,55],"floor_reached":27,"language":"ENG","playtime":1537,"items_purged":[],"score":236,"play_id":"88189cb4-e289-4547-b655-cdbe48338ce5","local_time":"20210131075647","is_ascension_mode":false,"campfire_choices":[{"data":"Slimebound:CorrosiveSpit","floor":1.0,"key":"SMITH"},{"data":"Slimebound:AcidTongue","floor":9.0,"key":"SMITH"},{"floor":13.0,"key":"REST"},{"floor":18.0,"key":"DIG"}],"circlet_count":0,"master_deck":["Slimebound:Strike_Slimebound","Slimebound:Strike_Slimebound","Slimebound:Strike_Slimebound","Slimebound:Tackle","Slimebound:Defend_Slimebound","Slimebound:Defend_Slimebound","Slimebound:Defend_Slimebound","Slimebound:Defend_Slimebound","Slimebound:Split+1","Slimebound:CorrosiveSpit+1","Slimebound:SplitBruiser","Slimebound:SplitMire+1","Slimebound:Gluttony+1","Slimebound:AcidTongue+1","Slimebound:GoopSpray","Slimebound:LeechEnergy","Slimebound:Schlurp","Slimebound:TongueLash","Slimebound:Prepare","Slimebound:Schlurp","Slimebound:WasteNot","Slimebound:LivingWall","Slimebound:RejuvenatingLick","expansioncontent:QuickStudy","Slimebound:RejuvenatingLick","Slimebound:Prepare+1"],"relics":["Slimebound:AbsorbEndCombat","reliquary:Buckler","reliquary:PartyBalloon","aspiration:SecretTechniqueScroll","MealTicket","Smiling Mask"],"acts_visited":["Exordium","TheCity"],"potions_floor_usage":[27],"damage_taken":[{"damage":3.0,"enemies":"downfall:FleeingMerchant","floor":4.0,"turns":4.0},{"damage":1.0,"enemies":"2 Louse","floor":5.0,"turns":2.0},{"damage":10.0,"enemies":"downfall:FleeingMerchant","floor":6.0,"turns":4.0},{"damage":0.0,"enemies":"Cultist","floor":7.0,"turns":5.0},{"damage":3.0,"enemies":"downfall:FleeingMerchant","floor":10.0,"turns":4.0},{"damage":17.0,"enemies":"Lagavulin","floor":11.0,"turns":6.0},{"damage":23.0,"enemies":"downfall:FleeingMerchant","floor":12.0,"turns":4.0},{"damage":0.0,"enemies":"Cultist","floor":14.0,"turns":3.0},{"damage":0.0,"enemies":"Small Slimes","floor":15.0,"turns":3.0},{"damage":30.0,"enemies":"WA_ARCHETYPE_RETAIN","floor":16.0,"turns":9.0},{"damage":13.0,"enemies":"Spheric Guardian","floor":19.0,"turns":4.0},{"damage":17.0,"enemies":"3 Byrds","floor":20.0,"turns":5.0},{"damage":24.0,"enemies":"Shelled Parasite and Fungi","floor":21.0,"turns":4.0},{"damage":23.0,"enemies":"downfall:FleeingMerchant","floor":22.0,"turns":4.0},{"damage":18.0,"enemies":"Cultist and Chosen","floor":23.0,"turns":6.0},{"damage":11,"enemies":"Snake Plant","floor":26,"turns":3},{"damage":9,"enemies":"Centurion and Healer","floor":27,"turns":2}],"seed_played":"-4669404031149557078","potions_obtained":[{"floor":11.0,"key":"DuplicationPotion"},{"floor":14.0,"key":"Adrenaline Potion"},{"floor":15.0,"key":"ColorlessPotion"},{"floor":21.0,"key":"bronze:BurnAndBuffPotion"},{"floor":26,"key":"SneckoOil"}],"is_trial":false,"path_per_floor":["R","?","?","$","M","$","MIM","?","R","$","E","$","R","M","M","B",null,"R_BF","M","M","M","$","M","T","?","M","M"],"character_chosen":"SLIMEBOUND","items_purchased":["Slimebound:SplitMire+1","Slimebound:Gluttony","reliquary:Buckler","Slimebound:LeechEnergy","Slimebound:Schlurp","Slimebound:Schlurp","expansioncontent:QuickStudy"],"campfire_rested":1,"item_purchase_floors":[4,4,4,6,6,12,22],"current_hp_per_floor":[65,65,65,64,65,59,65,70,70,70,55,40,61,63,67,45,70,70,59,50,30,24,14,14,14,5,0,0,0],"gold":55,"neow_bonus":"HUNDRED_GOLD","is_daily":false,"chose_seed":false,"campfire_upgraded":2,"win_rate":0.0,"timestamp":1612105007,"path_taken":["R","?","?","$","M","$","MIM","?","R","$","E","?","R","M","M","BOSS","R_BF","M","M","M","$","M","T","?","?","M"],"items_purchased_type":["Card","Card","Relic","Card","Card","Card","Card"],"build_version":"2020-12-22","purchased_purges":0,"victory":false,"max_hp_per_floor":[65,65,65,65,65,65,65,70,70,70,70,70,70,70,70,70,70,70,70,70,70,70,70,70,70,70,70,70,70],"card_choices":[{"not_picked":["Slimebound:LeechingTouch","Slimebound:PressTheAttack"],"picked":"Slimebound:SplitBruiser","floor":4.0},{"not_picked":["Slimebound:DisruptingSlam","Slimebound:RollThrough"],"picked":"Slimebound:AcidTongue","floor":5.0},{"not_picked":["Slimebound:RainOfGoop","Slimebound:FormOfPuddle"],"picked":"Slimebound:GoopSpray","floor":6.0},{"not_picked":["Slimebound:LeechEnergy","Slimebound:GoopSpray"],"picked":"Slimebound:TongueLash","floor":7.0},{"not_picked":["Slimebound:LeadByExample","Slimebound:SplitMire","Slimebound:SplitSpecialist"],"picked":"SKIP","floor":10.0},{"not_picked":["Slimebound:SplitMire","Slimebound:Overexert"],"picked":"Slimebound:Prepare","floor":11.0},{"not_picked":["Slimebound:FinishingTackle","Slimebound:Chomp","Slimebound:PressTheAttack"],"picked":"SKIP","floor":12.0},{"not_picked":["Slimebound:DivideAndConquer","Slimebound:SplitMire","Slimebound:ComboTackle"],"picked":"SKIP","floor":14.0},{"not_picked":["Slimebound:PressTheAttack","Slimebound:GoopTackle","Slimebound:HauntingLick"],"picked":"SKIP","floor":15.0},{"not_picked":["Slimebound:Overexert","Slimebound:TagTeam"],"picked":"Slimebound:WasteNot","floor":16.0},{"not_picked":["Slimebound:Prepare+1","Slimebound:Nibble","Slimebound:BestDefense"],"picked":"SKIP","floor":19.0},{"not_picked":["Slimebound:DivideAndConquer","Slimebound:LeadByExample"],"picked":"Slimebound:LivingWall","floor":20.0},{"not_picked":["Slimebound:SplitMire+1","Slimebound:SplitBruiser+1"],"picked":"Slimebound:RejuvenatingLick","floor":21.0},{"not_picked":["Slimebound:SlimeTap","Slimebound:SplitLeeching","Slimebound:ItLooksTasty"],"picked":"SKIP","floor":22.0},{"not_picked":["Slimebound:RollThrough","Slimebound:GoopTackle+1"],"picked":"Slimebound:RejuvenatingLick","floor":23.0},{"not_picked":["Slimebound:SplitLeeching","Slimebound:Schlurp"],"picked":"Slimebound:Prepare+1","floor":26}],"player_experience":1801462,"relics_obtained":[{"floor":7.0,"key":"reliquary:PartyBalloon"},{"floor":18.0,"key":"MealTicket"},{"floor":24.0,"key":"Smiling Mask"}],"event_choices":[{"damage_healed":0.0,"max_hp_gain":5.0,"max_hp_loss":0.0,"gold_gain":0.0,"event_name":"Big Fish","player_choice":"Donut","floor":8.0,"gold_loss":0.0,"damage_taken":0.0},{"damage_healed":0,"gold_gain":0,"player_choice":"Leave","damage_taken":0,"max_hp_gain":0,"max_hp_loss":0,"event_name":"FaceTrader","floor":25,"gold_loss":0}],"is_beta":false,"boss_relics":[{"not_picked":["hubris:BlackHole","Replay:Bronze Core"],"picked":"aspiration:SecretTechniqueScroll"}],"items_purged_floors":[],"is_endless":false,"potions_floor_spawned":[11,14,15,21,26],"killed_by":"Centurion and Healer","ascension_level":0}}