{"host":"osk2oboccoevp2u5","time":1612054225,"event":{"mods":["AchievementEnabler","Alarm Clock","BaseMod","Colored Powertips","Disable Question Mark Monsters","Displayed Cursed Tome","Hermit","Key Reminder","Minty Spire (QoL Compilation)","Potion Indicator Mod","Quick Restart","Rare Cards Sparkle","Reorder Act Four","StSLib","Useless Jewels Mod"],"gold_per_floor":[209,159,170,170,183,183,195,226,226,226,226,1,1,19,19,116,116,133,146,160,190,41,41,76,93,93,105,105,105,133,185,185,281,281,293,45,57,57,75,75,93,103,103,118,118,118,118,137,137,137,137],"floor_reached":50,"language":"ENG","playtime":3236,"items_purged":["hermit:Strike_Hermit","hermit:Strike_Hermit","hermit:Defend_Hermit"],"score":679,"play_id":"e07d819d-f372-4ec3-83b8-79c76229c197","local_time":"20210130205025","is_ascension_mode":true,"campfire_choices":[{"data":"hermit:SprayPray","floor":6.0,"key":"SMITH"},{"floor":10.0,"key":"REST"},{"data":"hermit:Feint","floor":15.0,"key":"SMITH"},{"floor":23.0,"key":"RECALL"},{"floor":32.0,"key":"REST"},{"floor":40.0,"key":"REST"},{"floor":47.0,"key":"REST"},{"floor":49.0,"key":"REST"}],"circlet_count":0,"master_deck":["hermit:Snapshot","hermit:Covet","hermit:Misfire","hermit:Misfire","hermit:SprayPray+1","hermit:Malice","hermit:Feint+1","hermit:Misfire","hermit:EternalForm","hermit:TakeCover","hermit:Coalescence+1","hermit:LoneWolf","hermit:FinalCanter+1","hermit:WideOpen+1","hermit:Headshot+1","J.A.X.","hermit:Reprieve","hermit:BlackWind+1","hermit:Enervate+1","hermit:Misfire+1","hermit:Spite+1","hermit:Strike_Hermit+1","Dramatic Entrance+1","hermit:Midnight+1","Parasite","hermit:SprayPray+1","Pain","hermit:SprayPray+1"],"relics":["hermit:Momento","Gambling Chip","Sundial","Vajra","Fusion Hammer","Red Mask","Molten Egg 2","Regal Pillow","StrikeDummy","Lantern","Astrolabe","WarpedTongs"],"acts_visited":["Exordium","TheCity","TheBeyond"],"potions_floor_usage":[],"damage_taken":[{"damage":3.0,"enemies":"Small Slimes","floor":1.0,"turns":3.0},{"damage":0.0,"enemies":"Cultist","floor":3.0,"turns":3.0},{"damage":0.0,"enemies":"2 Louse","floor":5.0,"turns":2.0},{"damage":8.0,"enemies":"Exordium Wildlife","floor":7.0,"turns":3.0},{"damage":10.0,"enemies":"3 Sentries","floor":8.0,"turns":3.0},{"damage":7.0,"enemies":"Lots of Slimes","floor":14.0,"turns":2.0},{"damage":68.0,"enemies":"Slime Boss","floor":16.0,"turns":9.0},{"damage":24.0,"enemies":"2 Thieves","floor":18.0,"turns":4.0},{"damage":14.0,"enemies":"3 Byrds","floor":19.0,"turns":7.0},{"damage":39.0,"enemies":"Snake Plant","floor":20.0,"turns":5.0},{"damage":92.0,"enemies":"Masked Bandits","floor":21.0,"turns":7.0},{"damage":84.0,"enemies":"Slavers","floor":24.0,"turns":8.0},{"damage":3.0,"enemies":"Snecko","floor":25.0,"turns":3.0},{"damage":38.0,"enemies":"Shelled Parasite and Fungi","floor":27.0,"turns":4.0},{"damage":76.0,"enemies":"Book of Stabbing","floor":30.0,"turns":6.0},{"damage":164.0,"enemies":"Collector","floor":33.0,"turns":11.0},{"damage":11.0,"enemies":"3 Shapes","floor":35.0,"turns":3.0},{"damage":61.0,"enemies":"3 Darklings","floor":37.0,"turns":6.0},{"damage":0.0,"enemies":"Jaw Worm Horde","floor":39.0,"turns":3.0},{"damage":24.0,"enemies":"Spire Growth","floor":41.0,"turns":4.0},{"damage":30.0,"enemies":"Writhing Mass","floor":42.0,"turns":5.0},{"damage":11.0,"enemies":"Sphere and 2 Shapes","floor":44.0,"turns":3.0},{"damage":53.0,"enemies":"Spire Growth","floor":48.0,"turns":4.0},{"damage":109,"enemies":"Time Eater","floor":50,"turns":7}],"seed_played":"-8833044995222489193","potions_obtained":[{"floor":1.0,"key":"Swift Potion"},{"floor":4.0,"key":"hermit:BlackBile"},{"floor":4.0,"key":"Weak Potion"},{"floor":7.0,"key":"Explosive Potion"},{"floor":16.0,"key":"GamblersBrew"},{"floor":18.0,"key":"DistilledChaos"},{"floor":21.0,"key":"GamblersBrew"},{"floor":24.0,"key":"Fire Potion"},{"floor":33.0,"key":"Block Potion"},{"floor":37.0,"key":"Weak Potion"},{"floor":41.0,"key":"SteroidPotion"},{"floor":42.0,"key":"AttackPotion"}],"is_trial":false,"path_per_floor":["M","?","M","?","M","R","M","E","T","R","?","$","$","M","R","B",null,"M","M","M","?","$","R","E","M","T","M","?","?","E","T","R","B",null,"M","$","M","?","M","R","M","M","T","M","?","?","R","M","R","B"],"character_chosen":"HERMIT","items_purchased":["Vajra","Explosive Potion","Explosive Potion","Regen Potion"],"campfire_rested":5,"item_purchase_floors":[12,22,36,36],"current_hp_per_floor":[65,65,65,65,65,65,57,47,47,69,74,74,74,67,67,72,78,54,40,1,67,67,67,59,56,56,18,18,18,18,18,57,28,67,56,56,18,18,18,57,33,3,3,69,69,69,80,27,66,50,50],"gold":137,"neow_bonus":"HUNDRED_GOLD","is_daily":false,"chose_seed":false,"campfire_upgraded":2,"win_rate":0.0,"timestamp":1612054225,"path_taken":["M","?","M","?","M","R","?","E","T","R","?","?","$","M","R","BOSS","M","M","?","?","$","R","E","M","T","M","?","?","E","?","R","BOSS","M","$","?","?","M","R","M","M","T","?","?","?","R","?","R","BOSS"],"items_purchased_type":["Relic","Potion","Potion","Potion"],"build_version":"2020-12-22","purchased_purges":3,"victory":false,"max_hp_per_floor":[75,75,75,75,75,75,75,75,75,75,80,80,80,80,80,80,80,80,80,80,80,80,80,80,80,80,80,80,80,80,80,80,80,80,80,80,80,80,80,80,80,80,80,80,80,80,80,80,80,80,80],"card_choices":[{"not_picked":["hermit:CursedWeapon","hermit:Scavenge"],"picked":"hermit:Misfire","floor":1.0},{"not_picked":["hermit:GoldenBullet","hermit:ShadowCloak"],"picked":"hermit:Misfire","floor":3.0},{"not_picked":["hermit:Combo","hermit:Vantage"],"picked":"hermit:SprayPray","floor":5.0},{"not_picked":["hermit:TrackingShot","hermit:ItchyTrigger"],"picked":"hermit:Malice","floor":7.0},{"not_picked":["hermit:WideOpen","hermit:FullyLoaded"],"picked":"hermit:Feint","floor":8.0},{"not_picked":["hermit:Coalescence","hermit:HighCaliber"],"picked":"hermit:Misfire","floor":14.0},{"not_picked":["hermit:FinalCanter","hermit:OverwhelmingPower"],"picked":"hermit:EternalForm","floor":16.0},{"not_picked":["hermit:Headshot","hermit:Misfire+1","hermit:Vantage+1"],"picked":"SKIP","floor":18.0},{"not_picked":["hermit:Shortfuse","hermit:GoldenBullet"],"picked":"hermit:TakeCover","floor":19.0},{"not_picked":["hermit:Combo","hermit:CalledShot"],"picked":"hermit:Coalescence+1","floor":20.0},{"not_picked":["hermit:Misfire+1","hermit:Feint"],"picked":"hermit:LoneWolf","floor":21.0},{"not_picked":["hermit:LuckOfTheDraw+1","hermit:Desperado+1"],"picked":"hermit:FinalCanter+1","floor":24.0},{"not_picked":["hermit:Snipe","hermit:Misfire+1"],"picked":"hermit:WideOpen+1","floor":25.0},{"not_picked":["hermit:Vantage","hermit:CalledShot+1"],"picked":"hermit:Headshot+1","floor":27.0},{"not_picked":["hermit:Quickdraw+1","hermit:Vantage"],"picked":"hermit:Reprieve","floor":30.0},{"not_picked":["hermit:FatalDesire","hermit:Roughhouse+1"],"picked":"hermit:BlackWind+1","floor":33.0},{"not_picked":["hermit:DeadMansHand","hermit:Vantage+1","hermit:Glare"],"picked":"SKIP","floor":35.0},{"not_picked":["hermit:TrackingShot+1","hermit:HoleUp+1","hermit:Dive"],"picked":"SKIP","floor":37.0},{"not_picked":["hermit:Showdown+1","hermit:Manifest+1","hermit:Glare+1"],"picked":"SKIP","floor":39.0},{"not_picked":["hermit:Quickdraw+1","hermit:Spite+1"],"picked":"hermit:Midnight+1","floor":41.0},{"not_picked":["hermit:OverwhelmingPower","hermit:Glare+1","hermit:Grudge+1"],"picked":"SKIP","floor":42.0},{"not_picked":["hermit:NoHoldsBarred+1","hermit:Desperado+1"],"picked":"hermit:SprayPray+1","floor":44.0},{"not_picked":["hermit:Malice+1","hermit:HoleUp"],"picked":"hermit:SprayPray+1","floor":48.0}],"player_experience":1011896,"relics_obtained":[{"floor":8.0,"key":"Gambling Chip"},{"floor":9.0,"key":"Sundial"},{"floor":21.0,"key":"Red Mask"},{"floor":24.0,"key":"Molten Egg 2"},{"floor":26.0,"key":"Regal Pillow"},{"floor":30.0,"key":"StrikeDummy"},{"floor":31.0,"key":"Lantern"}],"event_choices":[{"cards_removed":["hermit:Strike_Hermit"],"damage_healed":0.0,"max_hp_gain":0.0,"max_hp_loss":0.0,"gold_gain":0.0,"event_name":"The Cleric","player_choice":"Card Removal","floor":2.0,"gold_loss":50.0,"damage_taken":0.0},{"damage_healed":0.0,"max_hp_gain":0.0,"max_hp_loss":0.0,"gold_gain":0.0,"event_name":"Lab","player_choice":"Got Potions","floor":4.0,"gold_loss":0.0,"damage_taken":0.0},{"damage_healed":0.0,"max_hp_gain":5.0,"max_hp_loss":0.0,"gold_gain":0.0,"event_name":"Big Fish","player_choice":"Donut","floor":11.0,"gold_loss":0.0,"damage_taken":0.0},{"damage_healed":0.0,"max_hp_gain":0.0,"max_hp_loss":0.0,"gold_gain":0.0,"event_name":"Masked Bandits","player_choice":"Fought Bandits","floor":21.0,"gold_loss":0.0,"damage_taken":0.0},{"damage_healed":0.0,"max_hp_gain":0.0,"max_hp_loss":0.0,"gold_gain":0.0,"event_name":"Drug Dealer","player_choice":"Obtain J.A.X.","floor":28.0,"gold_loss":0.0,"damage_taken":0.0,"cards_obtained":["J.A.X."]},{"damage_healed":0.0,"max_hp_gain":0.0,"max_hp_loss":0.0,"gold_gain":0.0,"event_name":"Cursed Tome","player_choice":"Ignored","floor":29.0,"gold_loss":0.0,"damage_taken":0.0},{"damage_healed":0.0,"max_hp_gain":0.0,"max_hp_loss":0.0,"gold_gain":0.0,"event_name":"Match and Keep!","player_choice":"2 cards matched","floor":38.0,"gold_loss":0.0,"damage_taken":0.0,"cards_obtained":["hermit:Strike_Hermit","Dramatic Entrance"]},{"cards_removed":["hermit:Defend_Hermit"],"damage_healed":0.0,"max_hp_gain":0.0,"max_hp_loss":0.0,"gold_gain":0.0,"event_name":"Falling","player_choice":"Removed Skill","floor":45.0,"gold_loss":0.0,"damage_taken":0.0},{"damage_healed":0.0,"max_hp_gain":0.0,"max_hp_loss":0.0,"gold_gain":0.0,"event_name":"Accursed Blacksmith","player_choice":"Rummage","floor":46.0,"gold_loss":0.0,"damage_taken":0.0,"relics_obtained":["WarpedTongs"],"cards_obtained":["Pain"]}],"is_beta":false,"boss_relics":[{"not_picked":["Ectoplasm","Busted Crown"],"picked":"Fusion Hammer"},{"not_picked":["Velvet Choker","Runic Dome"],"picked":"Astrolabe"}],"items_purged_floors":[12,22,36],"is_endless":false,"potions_floor_spawned":[1,7,16,18,21,24,33,37,41,42],"killed_by":"Time Eater","ascension_level":6}}