{"host":"17uzppmr1r5fe5jj","time":1612079682,"event":{"mods":["BaseMod","Colored Map","HololiveMod","Minty Spire (QoL Compilation)","Quick Restart","StSLib"],"gold_per_floor":[81,81,92,92,92,118,118,137,137,162,11,11,31,46,46,145,145,183,196,223,235,266,266,25,25,49,49,49,75,94,121,121,223,223,240,257,257,274,286,318,318,74,74,105,124,124,166,0,0,0],"floor_reached":51,"language":"ZHS","playtime":4117,"items_purged":["Hololive_Defend","Hololive_Drill"],"score":1042,"play_id":"3257d333-bbed-496d-8d19-031beb2cc921","local_time":"20210131155442","is_ascension_mode":false,"campfire_choices":[{"data":"Hololive_CallOmaruPolka","floor":7.0,"key":"SMITH"},{"data":"Hololive_CallAZKi","floor":12.0,"key":"SMITH"},{"data":"Hololive_Spy","floor":15.0,"key":"SMITH"},{"data":"Hololive_IdolExercise","floor":23.0,"key":"SMITH"},{"data":"Hololive_CallAmaneKanata","floor":25.0,"key":"SMITH"},{"data":"Hololive_Yoholoon","floor":27.0,"key":"SMITH"},{"data":"Hololive_Teleport","floor":32.0,"key":"SMITH"},{"data":"Hololive_CallAkiRosenthal","floor":41.0,"key":"SMITH"},{"data":"Hololive_Thief","floor":46.0,"key":"SMITH"},{"data":"Hololive_DDD","floor":49.0,"key":"SMITH"}],"circlet_count":0,"master_deck":["Hololive_RecruitS","Hololive_RecruitS","Hololive_RecruitS","Hololive_CallOmaruPolka+1","Hololive_CallMurasakiShion","Hololive_CallAZKi+1","Hololive_IdolExercise+1","Hololive_Spy+1","Hololive_Thief+1","Hololive_CallNakiriAyame","Hololive_CallMinatoAqua","Hololive_CallMomosuzuNene+13","Hololive_CallAZKi+1","Hololive_CallAmaneKanata+1","Hololive_Yoholoon+1","Hololive_CallHoshimachiSuisei","Hololive_Teleport+1","Hololive_BeCareful","Hololive_Rebound","Hololive_Teleport+1","Hololive_CallAkiRosenthal+1","Hololive_Recruit","Hololive_DDD+1"],"relics":["Hololive_TheStar","Hololive_YagooBigFamily","NeowsBlessing","Peace Pipe","CaptainsWheel","Dead Branch","Membership Card","Velvet Choker","Prayer Wheel","Dream Catcher","Pantograph","Eternal Feather","Oddly Smooth Stone","Philosopher\u0027s Stone","Ancient Tea Set","Medical Kit","InkBottle","Frozen Egg 2","Regal Pillow","Question Card","Red Mask"],"acts_visited":["Exordium","TheCity","TheBeyond"],"potions_floor_usage":[50],"damage_taken":[{"damage":0.0,"enemies":"Jaw Worm","floor":1.0,"turns":1.0},{"damage":0.0,"enemies":"Cultist","floor":3.0,"turns":1.0},{"damage":0.0,"enemies":"3 Sentries","floor":6.0,"turns":2.0},{"damage":0.0,"enemies":"2 Louse","floor":8.0,"turns":3.0},{"damage":0.0,"enemies":"Lagavulin","floor":10.0,"turns":4.0},{"damage":0.0,"enemies":"Exordium Thugs","floor":13.0,"turns":3.0},{"damage":0.0,"enemies":"2 Fungi Beasts","floor":14.0,"turns":3.0},{"damage":0.0,"enemies":"The Guardian","floor":16.0,"turns":5.0},{"damage":0.0,"enemies":"Shell Parasite","floor":18.0,"turns":3.0},{"damage":0.0,"enemies":"Chosen","floor":19.0,"turns":4.0},{"damage":0.0,"enemies":"Snake Plant","floor":20.0,"turns":3.0},{"damage":0.0,"enemies":"Centurion and Healer","floor":21.0,"turns":5.0},{"damage":0.0,"enemies":"Cultist and Chosen","floor":22.0,"turns":4.0},{"damage":9.0,"enemies":"Slavers","floor":29.0,"turns":5.0},{"damage":0.0,"enemies":"3 Cultists","floor":30.0,"turns":4.0},{"damage":0.0,"enemies":"Automaton","floor":33.0,"turns":7.0},{"damage":0.0,"enemies":"3 Shapes","floor":35.0,"turns":4.0},{"damage":0.0,"enemies":"3 Darklings","floor":36.0,"turns":4.0},{"damage":0.0,"enemies":"Sphere and 2 Shapes","floor":38.0,"turns":4.0},{"damage":0.0,"enemies":"Spire Growth","floor":39.0,"turns":4.0},{"damage":0.0,"enemies":"Giant Head","floor":40.0,"turns":6.0},{"damage":0.0,"enemies":"Nemesis","floor":44.0,"turns":5.0},{"damage":0.0,"enemies":"Maw","floor":45.0,"turns":6.0},{"damage":0.0,"enemies":"Giant Head","floor":47.0,"turns":6.0},{"damage":0,"enemies":"Time Eater","floor":50,"turns":10}],"seed_played":"-5106453458919395553","potions_obtained":[{"floor":3.0,"key":"Strength Potion"},{"floor":13.0,"key":"Block Potion"},{"floor":14.0,"key":"AttackPotion"},{"floor":16.0,"key":"SpeedPotion"},{"floor":21.0,"key":"DistilledChaos"},{"floor":29.0,"key":"Fire Potion"},{"floor":30.0,"key":"Regen Potion"},{"floor":39.0,"key":"Weak Potion"},{"floor":40.0,"key":"Swift Potion"},{"floor":45.0,"key":"Swift Potion"}],"is_trial":false,"path_per_floor":["M","?","M","?","?","E","R","M","T","E","$","R","M","M","R","B",null,"M","M","M","M","M","R","$","R","T","R","?","E","M","T","R","B",null,"M","M","?","M","M","E","R","$","T","E","M","R","E","?","R","B",null],"character_chosen":"Hololive_HololiveCharacter","items_purchased":["Membership Card","Prayer Wheel","Hololive_CallAmaneKanata","Hololive_Yoholoon","Medical Kit","InkBottle"],"campfire_rested":0,"item_purchase_floors":[11,24,24,24,42,42],"current_hp_per_floor":[35,35,35,40,33,33,33,33,33,33,33,33,33,33,33,33,40,40,40,40,40,40,40,40,40,40,40,40,31,31,31,40,40,40,40,40,40,40,40,40,40,40,40,40,40,40,40,40,40,40],"gold":0,"neow_bonus":"THREE_ENEMY_KILL","is_daily":false,"chose_seed":false,"campfire_upgraded":10,"win_rate":0.0,"timestamp":1612079682,"path_taken":["M","?","?","?","?","E","R","M","T","E","$","R","M","M","R","BOSS","M","M","M","M","M","R","$","R","T","R","?","E","M","?","R","BOSS","M","M","?","?","M","E","R","$","T","E","?","R","E","?","R","BOSS"],"items_purchased_type":["Relic","Relic","Card","Card","Relic","Relic"],"build_version":"2020-12-22","purchased_purges":2,"victory":true,"max_hp_per_floor":[35,35,35,40,40,40,40,40,40,40,40,40,40,40,40,40,40,40,40,40,40,40,40,40,40,40,40,40,40,40,40,40,40,40,40,40,40,40,40,40,40,40,40,40,40,40,40,40,40,40],"card_choices":[{"not_picked":["Hololive_Breathe","Hololive_HuntDinosaur","Hololive_RevenueBasedLive"],"picked":"Hololive_Drill","floor":1.0},{"not_picked":["Hololive_SummonFox","Hololive_LuckPotion","Hololive_CallShiroganeNoel"],"picked":"Hololive_CallOmaruPolka","floor":3.0},{"not_picked":["Hololive_LuckPotion","Hololive_Breathe","Hololive_CallYozoraMel"],"picked":"Hololive_CallMurasakiShion","floor":6.0},{"not_picked":["Hololive_Drill","Hololive_FlyingPonyTail","Hololive_CallShiranuiFlare"],"picked":"Hololive_CallAZKi","floor":8.0},{"not_picked":["Hololive_OvertimeWork","Hololive_CallMinatoAqua","Hololive_CocoNews"],"picked":"Hololive_IdolExercise","floor":10.0},{"not_picked":["Hololive_StrengthChampion","Hololive_CocoNews","Hololive_CallRosalyn","Hololive_HuntDinosaur"],"picked":"SKIP","floor":13.0},{"not_picked":["Hololive_DDD","Hololive_CallMurasakiShion","Hololive_Watashimo"],"picked":"Hololive_Spy","floor":14.0},{"not_picked":["Hololive_BeCareful","Hololive_Nanodesu","Hololive_HighAtkLowDef"],"picked":"Hololive_Thief","floor":16.0},{"not_picked":["Hololive_FlyingPonyTail+1","Hololive_CallKiryuuCoco","Hololive_Rebound"],"picked":"Hololive_CallNakiriAyame","floor":18.0},{"not_picked":["Hololive_CallArtia","Hololive_Breathe","Hololive_CallAiraniIofifteen"],"picked":"Hololive_CallMinatoAqua","floor":19.0},{"not_picked":["Hololive_Psychosis+1","Hololive_HuntDinosaur+1","Hololive_LuckPotion+1"],"picked":"Hololive_CallMomosuzuNene","floor":20.0},{"not_picked":["Hololive_CallNatsuiroMatsuri+1","Hololive_ILoveYou+1","Hololive_RevenueBasedLive"],"picked":"Hololive_CallAZKi+1","floor":21.0},{"not_picked":["Hololive_LuckPotion+1","Hololive_CallShiranuiFlare+1","Hololive_CallSpadeEcho","Hololive_CallMinatoAqua+1"],"picked":"SKIP","floor":22.0},{"not_picked":["Hololive_CallOkamiMio","Hololive_CocoNews","Hololive_RevenueBasedLive+1","Hololive_LuckPotion"],"picked":"SKIP","floor":29.0},{"not_picked":["Hololive_CallShiranuiFlare","Hololive_CallAyundaRisu+1","Hololive_MaximGun"],"picked":"Hololive_CallHoshimachiSuisei","floor":30.0},{"not_picked":["Hololive_FlyingPonyTail+1","Hololive_CocoNews+1","Hololive_Drill"],"picked":"Hololive_Teleport","floor":30.0},{"not_picked":["Hololive_DDD","Hololive_OpenUp","Hololive_ASMR"],"picked":"Hololive_BeCareful","floor":33.0},{"not_picked":["Hololive_Breathe+1","Hololive_CallUruhaRushia+1","Hololive_Drill","Hololive_StrengthChampion+1"],"picked":"SKIP","floor":35.0},{"not_picked":["Hololive_CallAyundaRisu","Hololive_StrengthChampion","Hololive_CallUsadaPekora","Hololive_CallYukihanaLamy"],"picked":"SKIP","floor":35.0},{"not_picked":["Hololive_RevenueBasedLive+1","Hololive_CocoNews+1","Hololive_Sequa","Hololive_FlyingPonyTail+1"],"picked":"SKIP","floor":36.0},{"not_picked":["Hololive_Trident+1","Hololive_Psychosis+1","Hololive_CallOzoraSubaru+1","Hololive_Breathe"],"picked":"SKIP","floor":36.0},{"not_picked":["Hololive_Drill+1","Hololive_FlyingPonyTail","Hololive_OvertimeWork"],"picked":"Hololive_Teleport+1","floor":38.0},{"not_picked":["Hololive_FlyingPonyTail+1","Hololive_CallAmaneKanata","Hololive_CallNakiriAyame+1","Hololive_Rebound"],"picked":"SKIP","floor":38.0},{"not_picked":["Hololive_LuckPotion","Hololive_RevenueBasedLive+1","Hololive_CallYozoraMel+1"],"picked":"Hololive_CallAkiRosenthal","floor":39.0},{"not_picked":["Hololive_CallCivia","Hololive_Nanodesu","Hololive_CallAiraniIofifteen","Hololive_Spy+1"],"picked":"SKIP","floor":39.0},{"not_picked":["Hololive_CallArtia","Hololive_CocoNews+1","Hololive_Trident","Hololive_LuckPotion+1"],"picked":"SKIP","floor":40.0},{"not_picked":["Hololive_CallShirakamiFubuki+1","Hololive_CallUsadaPekora+1","Hololive_CallSakuraMiko+1"],"picked":"Hololive_Recruit","floor":44.0},{"not_picked":["Hololive_Drill","Hololive_CallTsunomakiWatame+1","Hololive_CocoNews","Hololive_OvertimeWork"],"picked":"SKIP","floor":45.0},{"not_picked":["Hololive_Breathe+1","Hololive_RevenueBasedLive+1","Hololive_CallMurasakiShion+1","Hololive_Trident+1"],"picked":"SKIP","floor":45.0},{"not_picked":["Hololive_CallHoshimachiSuisei+1","Hololive_RevenueBasedLive","Hololive_ManjiGathering+1"],"picked":"Hololive_DDD","floor":47.0}],"player_experience":231560,"relics_obtained":[{"floor":6.0,"key":"Peace Pipe"},{"floor":9.0,"key":"CaptainsWheel"},{"floor":10.0,"key":"Dead Branch"},{"floor":26.0,"key":"Dream Catcher"},{"floor":29.0,"key":"Eternal Feather"},{"floor":31.0,"key":"Oddly Smooth Stone"},{"floor":40.0,"key":"Ancient Tea Set"},{"floor":43.0,"key":"Frozen Egg 2"},{"floor":44.0,"key":"Regal Pillow"},{"floor":47.0,"key":"Question Card"}],"event_choices":[{"cards_removed":["Hololive_Strike"],"damage_healed":0.0,"max_hp_gain":0.0,"max_hp_loss":0.0,"gold_gain":0.0,"event_name":"Wheel of Change","player_choice":"Card Removal","floor":2.0,"gold_loss":0.0,"damage_taken":0.0},{"damage_healed":0.0,"max_hp_gain":5.0,"max_hp_loss":0.0,"gold_gain":0.0,"event_name":"Big Fish","player_choice":"Donut","floor":4.0,"gold_loss":0.0,"damage_taken":0.0},{"cards_removed":["Hololive_RecruitS"],"damage_healed":0.0,"max_hp_gain":0.0,"max_hp_loss":0.0,"gold_gain":0.0,"event_name":"Golden Wing","player_choice":"Card Removal","floor":5.0,"gold_loss":0.0,"damage_taken":7.0},{"damage_healed":0.0,"max_hp_gain":0.0,"max_hp_loss":0.0,"gold_gain":0.0,"event_name":"The Mausoleum","player_choice":"Opened","floor":28.0,"gold_loss":0.0,"damage_taken":0.0,"relics_obtained":["Pantograph"]},{"damage_healed":0.0,"max_hp_gain":0.0,"max_hp_loss":0.0,"gold_gain":0.0,"event_name":"Match and Keep!","player_choice":"1 cards matched","floor":37.0,"gold_loss":0.0,"damage_taken":0.0,"cards_obtained":["Hololive_Rebound"]},{"damage_healed":0.0,"max_hp_gain":0.0,"max_hp_loss":0.0,"gold_gain":0.0,"event_name":"Tomb of Lord Red Mask","player_choice":"Paid","floor":48.0,"gold_loss":166.0,"damage_taken":0.0,"relics_obtained":["Red Mask"]}],"is_beta":false,"boss_relics":[{"not_picked":["Runic Dome","Hololive_TopUpMoneyS"],"picked":"Velvet Choker"},{"not_picked":["Runic Pyramid","Astrolabe"],"picked":"Philosopher\u0027s Stone"}],"items_purged_floors":[24,42],"is_endless":false,"potions_floor_spawned":[3,13,14,16,21,29,30,39,40,44,45],"ascension_level":0}}