{"host":"BaronFel","time":1612119642,"event":{"mods":["BaseMod","Filter the Spire","Highlight Path","Minty Spire (QoL Compilation)","Relic Stats","ojb\u0027s Info Mod"],"gold_per_floor":[119,119,394,407,15,15,47,65,65,100,114,140,140,155,155,155,155],"floor_reached":16,"language":"ENG","playtime":1026,"items_purged":["Regret"],"score":240,"play_id":"15593613-fd7c-40f1-8c18-ac93b1bad268","local_time":"20210131130042","is_ascension_mode":true,"campfire_choices":[{"data":"Streamline","floor":6.0,"key":"SMITH"},{"data":"Self Repair","floor":13.0,"key":"SMITH"},{"data":"Beam Cell","floor":15,"key":"SMITH"}],"circlet_count":0,"master_deck":["AscendersBane","Strike_B+1","Strike_B","Strike_B+1","Strike_B","Defend_B","Defend_B","Defend_B","Defend_B","Zap","Dualcast","Genetic Algorithm","Sweeping Beam","Melter","Streamline+1","Ball Lightning","Self Repair+1","Rip and Tear","Machine Learning","Beam Cell+1"],"relics":["Nuclear Battery","Frozen Eye","Shovel","Shuriken","Blood Vial","Whetstone"],"acts_visited":["Exordium"],"potions_floor_usage":[],"damage_taken":[{"damage":4.0,"enemies":"Jaw Worm","floor":1.0,"turns":5.0},{"damage":1.0,"enemies":"Cultist","floor":4.0,"turns":4.0},{"damage":17.0,"enemies":"Lagavulin","floor":7.0,"turns":6.0},{"damage":1.0,"enemies":"2 Louse","floor":8.0,"turns":2.0},{"damage":25.0,"enemies":"3 Sentries","floor":10.0,"turns":7.0},{"damage":6.0,"enemies":"Red Slaver","floor":11.0,"turns":3.0},{"damage":8.0,"enemies":"Gremlin Nob","floor":12.0,"turns":3.0},{"damage":5,"enemies":"Gremlin Gang","floor":14,"turns":6},{"damage":34,"enemies":"Hexaghost","floor":16,"turns":7}],"seed_played":"-2913730911735318057","potions_obtained":[{"floor":1.0,"key":"BlessingOfTheForge"},{"floor":7.0,"key":"FearPotion"}],"is_trial":false,"path_per_floor":["M","?","?","M","$","R","E","M","T","E","M","E","R","M","R","B"],"character_chosen":"DEFECT","items_purchased":["Frozen Eye","Melter","Streamline","AttackPotion"],"campfire_rested":0,"item_purchase_floors":[5,5,5,5],"current_hp_per_floor":[60,65,65,64,64,64,47,46,46,21,24,25,25,32,32,0,0],"gold":155,"neow_bonus":"BOSS_RELIC","is_daily":false,"chose_seed":false,"campfire_upgraded":3,"win_rate":0.0,"timestamp":1612119642,"path_taken":["M","?","?","M","$","R","E","?","T","E","?","E","R","M","R","BOSS"],"items_purchased_type":["Relic","Card","Card","Potion"],"build_version":"2020-12-18","purchased_purges":1,"victory":false,"max_hp_per_floor":[71,76,76,76,76,76,76,76,76,76,76,76,76,76,76,76,76],"relic_stats":{"Blood Vial":8,"Shovel":0,"counters":[9,43],"Shuriken":[8],"Whetstone":["Strike_B","Strike_B"],"obtain_stats":[{"Blood Vial":10,"Frozen Eye":5,"Shovel":7,"Shuriken":9,"Whetstone":12,"Cracked Core":0,"Nuclear Battery":0},{"Blood Vial":5,"Frozen Eye":2,"Shovel":3,"Shuriken":4,"Whetstone":7,"Cracked Core":0,"Nuclear Battery":0},{"Blood Vial":24,"Frozen Eye":9,"Shovel":15,"Shuriken":17,"Whetstone":30,"Cracked Core":0,"Nuclear Battery":0}]},"card_choices":[{"not_picked":["Darkness","Reinforced Body"],"picked":"Genetic Algorithm","floor":1.0},{"not_picked":["Recycle","Genetic Algorithm"],"picked":"Sweeping Beam","floor":4.0},{"not_picked":["Amplify","Gash","Streamline"],"picked":"SKIP","floor":7.0},{"not_picked":["Turbo","Auto Shields"],"picked":"Ball Lightning","floor":8.0},{"not_picked":["Fusion","BootSequence"],"picked":"Self Repair","floor":10.0},{"not_picked":["Hologram","Chaos"],"picked":"Rip and Tear","floor":11.0},{"not_picked":["Lockon","Steam"],"picked":"Machine Learning","floor":12.0},{"not_picked":["Chill","Sunder"],"picked":"Beam Cell","floor":14}],"player_experience":1112515,"relics_obtained":[{"floor":7.0,"key":"Shovel"},{"floor":9.0,"key":"Shuriken"},{"floor":10.0,"key":"Blood Vial"},{"floor":12.0,"key":"Whetstone"}],"event_choices":[{"damage_healed":0.0,"max_hp_gain":5.0,"max_hp_loss":0.0,"gold_gain":0.0,"event_name":"Big Fish","player_choice":"Donut","floor":2.0,"gold_loss":0.0,"damage_taken":0.0},{"damage_healed":0.0,"max_hp_gain":0.0,"max_hp_loss":0.0,"gold_gain":275.0,"event_name":"Golden Shrine","player_choice":"Desecrate","floor":3.0,"gold_loss":0.0,"damage_taken":0.0,"cards_obtained":["Regret"]}],"is_beta":true,"boss_relics":[],"items_purged_floors":[5],"is_endless":false,"potions_floor_spawned":[1,7],"killed_by":"Hexaghost","ascension_level":20}}