{"host":"g8ufh7m4frdlkxwv","time":1612069872,"event":{"mods":["AchievementEnabler","BaseMod","Colored Map","Dark Map","Minty Spire (QoL Compilation)","Relic Stats","StSLib","ojb\u0027s Info Mod"],"gold_per_floor":[116,116,132,150,167,167,192,204,204,232,232,261,281,298,298,375,375,347,361,361,378,41,73,88,116,142,172,187,187,197,3,3,79,79,92,109,0,19,34,68,68,96,123,123,149,169,169,189,189,189,189,189,189,29,57,57],"floor_reached":57,"language":"ENG","playtime":3100,"items_purged":["Doubt"],"score":2931,"play_id":"f716de77-efc7-4b4e-9d85-f34488d53991","local_time":"20210131061112","is_ascension_mode":true,"campfire_choices":[{"data":"Deadly Poison","floor":6.0,"key":"SMITH"},{"data":"Catalyst","floor":15.0,"key":"SMITH"},{"data":"Catalyst","floor":32.0,"key":"SMITH"},{"data":"Bullet Time","floor":41.0,"key":"SMITH"},{"data":"Bouncing Flask","floor":44.0,"key":"SMITH"},{"floor":49.0,"key":"RECALL"},{"data":"Malaise","floor":53,"key":"SMITH"}],"circlet_count":0,"master_deck":["AscendersBane","Strike_G+1","Strike_G+1","Strike_G+1","Strike_G+1","Strike_G+1","Defend_G+1","Defend_G+1","Defend_G+1","Defend_G+1","Defend_G+1","Survivor","Neutralize+1","Deadly Poison+1","Catalyst+1","Adrenaline","Dagger Spray+1","Deadly Poison","Poisoned Stab","Die Die Die","Leg Sweep","Escape Plan","Calculated Gamble","Bullet Time+1","Decay","Catalyst+1","Corpse Explosion","Footwork+1","Footwork","PiercingWail+1","Bouncing Flask+1","Backflip","Malaise+1","Dodge and Roll","Night Terror"],"relics":["Ring of the Snake","NeowsBlessing","Pear","Pocketwatch","White Beast Statue","Unceasing Top","SacredBark","Potion Belt","ClockworkSouvenir","Akabeko","Lantern","Regal Pillow","Whetstone","Lee\u0027s Waffle","Coffee Dripper","Red Mask","Bronze Scales","MealTicket","InkBottle","Torii"],"acts_visited":["Exordium","TheCity","TheBeyond","TheEnding"],"potions_floor_usage":[56,56,56],"damage_taken":[{"damage":0.0,"enemies":"2 Louse","floor":1.0,"turns":1.0},{"damage":0.0,"enemies":"Cultist","floor":3.0,"turns":1.0},{"damage":0.0,"enemies":"Small Slimes","floor":4.0,"turns":1.0},{"damage":10.0,"enemies":"Gremlin Gang","floor":5.0,"turns":6.0},{"damage":9.0,"enemies":"Gremlin Nob","floor":7.0,"turns":3.0},{"damage":15.0,"enemies":"Exordium Thugs","floor":8.0,"turns":7.0},{"damage":5.0,"enemies":"Lagavulin","floor":10.0,"turns":7.0},{"damage":6.0,"enemies":"Gremlin Nob","floor":12.0,"turns":3.0},{"damage":8.0,"enemies":"Large Slime","floor":13.0,"turns":3.0},{"damage":4.0,"enemies":"2 Fungi Beasts","floor":14.0,"turns":3.0},{"damage":16.0,"enemies":"The Guardian","floor":16.0,"turns":7.0},{"damage":16.0,"enemies":"2 Thieves","floor":18.0,"turns":4.0},{"damage":0.0,"enemies":"Chosen","floor":19.0,"turns":3.0},{"damage":12.0,"enemies":"3 Cultists","floor":21.0,"turns":5.0},{"damage":13.0,"enemies":"Book of Stabbing","floor":23.0,"turns":3.0},{"damage":12.0,"enemies":"Snecko","floor":24.0,"turns":4.0},{"damage":16.0,"enemies":"Slavers","floor":25.0,"turns":4.0},{"damage":0.0,"enemies":"Gremlin Leader","floor":27.0,"turns":4.0},{"damage":0.0,"enemies":"Cultist and Chosen","floor":28.0,"turns":3.0},{"damage":0.0,"enemies":"Snake Plant","floor":30.0,"turns":2.0},{"damage":33.0,"enemies":"Collector","floor":33.0,"turns":5.0},{"damage":0.0,"enemies":"3 Shapes","floor":35.0,"turns":1.0},{"damage":0.0,"enemies":"3 Darklings","floor":36.0,"turns":4.0},{"damage":5.0,"enemies":"Jaw Worm Horde","floor":38.0,"turns":3.0},{"damage":0.0,"enemies":"Maw","floor":39.0,"turns":6.0},{"damage":30.0,"enemies":"Giant Head","floor":40.0,"turns":6.0},{"damage":31.0,"enemies":"Nemesis","floor":42.0,"turns":6.0},{"damage":16.0,"enemies":"Giant Head","floor":45.0,"turns":6.0},{"damage":0.0,"enemies":"4 Shapes","floor":46.0,"turns":4.0},{"damage":0.0,"enemies":"Transient","floor":48.0,"turns":6.0},{"damage":48.0,"enemies":"Awakened One","floor":50.0,"turns":18.0},{"damage":47,"enemies":"Time Eater","floor":51,"turns":7},{"damage":45,"enemies":"Shield and Spear","floor":55,"turns":3},{"damage":27,"enemies":"The Heart","floor":56,"turns":7}],"seed_played":"930953556999055173","potions_obtained":[{"floor":2.0,"key":"SpeedPotion"},{"floor":2.0,"key":"FairyPotion"},{"floor":3.0,"key":"PowerPotion"},{"floor":4.0,"key":"BlessingOfTheForge"},{"floor":5.0,"key":"LiquidMemories"},{"floor":8.0,"key":"SmokeBomb"},{"floor":10.0,"key":"SpeedPotion"},{"floor":12.0,"key":"AttackPotion"},{"floor":13.0,"key":"Fruit Juice"},{"floor":14.0,"key":"Energy Potion"},{"floor":16.0,"key":"LiquidMemories"},{"floor":18.0,"key":"GamblersBrew"},{"floor":19.0,"key":"BlessingOfTheForge"},{"floor":21.0,"key":"Fruit Juice"},{"floor":23.0,"key":"GamblersBrew"},{"floor":24.0,"key":"Dexterity Potion"},{"floor":25.0,"key":"EssenceOfSteel"},{"floor":27.0,"key":"FearPotion"},{"floor":28.0,"key":"EssenceOfSteel"},{"floor":30.0,"key":"Block Potion"},{"floor":33.0,"key":"CunningPotion"},{"floor":35.0,"key":"Block Potion"},{"floor":36.0,"key":"CultistPotion"},{"floor":38.0,"key":"Strength Potion"},{"floor":39.0,"key":"Energy Potion"},{"floor":40.0,"key":"Dexterity Potion"},{"floor":42.0,"key":"EssenceOfSteel"},{"floor":45.0,"key":"LiquidBronze"},{"floor":46.0,"key":"SpeedPotion"}],"is_trial":false,"path_per_floor":["M","?","M","M","M","R","E","M","T","E","?","E","M","M","R","B",null,"M","M","?","M","$","E","M","E","T","E","M","?","M","$","R","B",null,"M","M","?","M","M","E","R","E","T","R","E","M","?","M","R","B","B",null,"R","$","E","B",null],"character_chosen":"THE_SILENT","items_purchased":["Potion Belt","ClockworkSouvenir","Lee\u0027s Waffle","Catalyst","Swift Potion","Dodge and Roll"],"campfire_rested":0,"item_purchase_floors":[22,22,31,31,54,54],"current_hp_per_floor":[59,59,59,59,49,49,50,35,35,30,30,24,16,17,17,1,61,45,45,45,33,33,20,8,2,2,2,2,2,2,98,98,65,90,90,90,90,85,85,55,55,24,24,24,8,8,98,98,98,50,3,74,74,89,44,17],"gold":57,"neow_bonus":"THREE_ENEMY_KILL","is_daily":false,"chose_seed":false,"campfire_upgraded":6,"win_rate":0.0,"timestamp":1612069872,"path_taken":["M","?","?","M","M","R","E","M","T","E","?","E","M","?","R","BOSS","M","?","?","M","$","E","M","E","T","E","M","?","M","$","R","BOSS","M","M","?","M","M","E","R","E","T","R","E","M","?","M","R","BOSS","BOSS","R","$","E","BOSS"],"items_purchased_type":["Relic","Relic","Relic","Card","Potion","Card"],"build_version":"2020-12-22","purchased_purges":1,"victory":true,"max_hp_per_floor":[66,66,66,66,66,66,76,76,76,76,76,76,76,81,81,81,81,81,81,81,81,81,81,81,91,91,91,91,91,91,98,98,98,98,98,98,98,98,98,98,98,98,98,98,98,98,98,98,98,98,98,98,98,98,98,98],"relic_stats":{"Regal Pillow":0,"Lee\u0027s Waffle":96,"Torii":0,"counters":[34,156],"Bronze Scales":[250],"MealTicket":15,"Whetstone":["Neutralize","Dagger Spray"],"obtain_stats":[{"Potion Belt":22,"Lantern":25,"Regal Pillow":26,"Lee\u0027s Waffle":31,"Pear":7,"NeowsBlessing":0,"Torii":55,"SacredBark":17,"Whetstone":27,"White Beast Statue":10,"Akabeko":23,"ClockworkSouvenir":22,"Bronze Scales":40,"MealTicket":42,"Coffee Dripper":34,"Red Mask":37,"Unceasing Top":12,"InkBottle":45,"Ring of the Snake":0,"Pocketwatch":9},{"Potion Belt":14,"Lantern":17,"Regal Pillow":17,"Lee\u0027s Waffle":20,"Pear":5,"NeowsBlessing":0,"Torii":33,"SacredBark":11,"Whetstone":18,"White Beast Statue":7,"Akabeko":15,"ClockworkSouvenir":14,"Bronze Scales":26,"MealTicket":27,"Coffee Dripper":21,"Red Mask":23,"Unceasing Top":8,"InkBottle":28,"Ring of the Snake":0,"Pocketwatch":6},{"Potion Belt":54,"Lantern":65,"Regal Pillow":65,"Lee\u0027s Waffle":74,"Pear":12,"NeowsBlessing":0,"Torii":149,"SacredBark":42,"Whetstone":69,"White Beast Statue":26,"Akabeko":57,"ClockworkSouvenir":54,"Bronze Scales":99,"MealTicket":105,"Coffee Dripper":79,"Red Mask":84,"Unceasing Top":29,"InkBottle":111,"Ring of the Snake":0,"Pocketwatch":19}],"Unceasing Top":[7],"InkBottle":[14],"Ring of the Snake":[68],"Pocketwatch":[156]},"card_choices":[{"not_picked":["Outmaneuver","Acrobatics"],"picked":"Deadly Poison","floor":1.0},{"not_picked":["Riddle With Holes","PiercingWail"],"picked":"Catalyst","floor":3.0},{"not_picked":["Distraction","Skewer"],"picked":"Adrenaline","floor":4.0},{"not_picked":["Cloak And Dagger","Concentrate","Setup"],"picked":"SKIP","floor":5.0},{"not_picked":["Bane","Deadly Poison","Flechettes"],"picked":"SKIP","floor":7.0},{"not_picked":["Bane","Deadly Poison","Flechettes"],"picked":"SKIP","floor":7.0},{"not_picked":["Setup","Underhanded Strike"],"picked":"Dagger Spray","floor":8.0},{"not_picked":["Underhanded Strike","Blade Dance"],"picked":"Deadly Poison","floor":10.0},{"not_picked":["Storm of Steel","Dodge and Roll"],"picked":"Poisoned Stab","floor":12.0},{"not_picked":["Blade Dance","Dagger Spray","Deadly Poison"],"picked":"SKIP","floor":13.0},{"not_picked":["Deadly Poison","Flying Knee","Dodge and Roll"],"picked":"SKIP","floor":14.0},{"not_picked":["Night Terror","Unload"],"picked":"Die Die Die","floor":16.0},{"not_picked":["Sucker Punch","Deadly Poison+1"],"picked":"Leg Sweep","floor":18.0},{"not_picked":["All Out Attack","Dash"],"picked":"Escape Plan","floor":19.0},{"not_picked":["Blade Dance","Dagger Spray"],"picked":"Calculated Gamble","floor":21.0},{"not_picked":["Endless Agony","Bane","Concentrate"],"picked":"SKIP","floor":23.0},{"not_picked":["Outmaneuver","Acrobatics","Poisoned Stab"],"picked":"SKIP","floor":24.0},{"not_picked":["Concentrate","Infinite Blades"],"picked":"Bullet Time","floor":25.0},{"not_picked":["Doppelganger","Quick Slash","Unload"],"picked":"SKIP","floor":27.0},{"not_picked":["Bane","Quick Slash","Deadly Poison"],"picked":"SKIP","floor":28.0},{"not_picked":["Eviscerate","Bane","Tactician"],"picked":"SKIP","floor":30.0},{"not_picked":["Night Terror","A Thousand Cuts"],"picked":"Corpse Explosion","floor":33.0},{"not_picked":["Choke","Dash"],"picked":"Footwork+1","floor":35.0},{"not_picked":["Deadly Poison","Flying Knee","Endless Agony+1"],"picked":"SKIP","floor":36.0},{"not_picked":["Infinite Blades","Dagger Spray"],"picked":"Footwork","floor":38.0},{"not_picked":["Dagger Throw","Poisoned Stab+1","Prepared"],"picked":"SKIP","floor":39.0},{"not_picked":["Dagger Throw","Poisoned Stab+1","Prepared"],"picked":"SKIP","floor":39.0},{"not_picked":["Deadly Poison+1","Predator"],"picked":"PiercingWail+1","floor":40.0},{"not_picked":["Underhanded Strike","PiercingWail"],"picked":"Bouncing Flask","floor":42.0},{"not_picked":["Blade Dance","Unload"],"picked":"Backflip","floor":45.0},{"not_picked":["Prepared","Underhanded Strike","PiercingWail"],"picked":"SKIP","floor":46.0},{"not_picked":["Terror","Slice"],"picked":"Malaise","floor":48.0},{"not_picked":["Acrobatics","Deflect"],"picked":"Night Terror","floor":55}],"player_experience":1113003,"relics_obtained":[{"floor":7.0,"key":"Pear"},{"floor":9.0,"key":"Pocketwatch"},{"floor":10.0,"key":"White Beast Statue"},{"floor":12.0,"key":"Unceasing Top"},{"floor":23.0,"key":"Akabeko"},{"floor":25.0,"key":"Lantern"},{"floor":26.0,"key":"Regal Pillow"},{"floor":27.0,"key":"Whetstone"},{"floor":40.0,"key":"Bronze Scales"},{"floor":42.0,"key":"MealTicket"},{"floor":45.0,"key":"InkBottle"},{"floor":55,"key":"Torii"}],"event_choices":[{"damage_healed":0.0,"max_hp_gain":0.0,"max_hp_loss":0.0,"gold_gain":0.0,"event_name":"Lab","player_choice":"Got Potions","floor":2.0,"gold_loss":0.0,"damage_taken":0.0},{"damage_healed":0.0,"max_hp_gain":0.0,"max_hp_loss":0.0,"gold_gain":0.0,"event_name":"Match and Keep!","player_choice":"0 cards matched","floor":11.0,"gold_loss":0.0,"damage_taken":0.0,"cards_obtained":[]},{"damage_healed":0.0,"max_hp_gain":0.0,"max_hp_loss":0.0,"gold_gain":0.0,"event_name":"Back to Basics","player_choice":"Simplicity","floor":20.0,"gold_loss":0.0,"damage_taken":0.0,"cards_upgraded":["Strike_G","Strike_G","Strike_G","Strike_G","Strike_G","Defend_G","Defend_G","Defend_G","Defend_G","Defend_G"]},{"damage_healed":0.0,"max_hp_gain":0.0,"max_hp_loss":0.0,"gold_gain":0.0,"event_name":"Forgotten Altar","player_choice":"Smashed Altar","floor":29.0,"gold_loss":0.0,"damage_taken":0.0,"cards_obtained":["Decay"]},{"damage_healed":0.0,"max_hp_gain":0.0,"max_hp_loss":0.0,"gold_gain":0.0,"event_name":"Tomb of Lord Red Mask","player_choice":"Paid","floor":37.0,"gold_loss":109.0,"damage_taken":0.0,"relics_obtained":["Red Mask"]},{"damage_healed":90.0,"max_hp_gain":0.0,"max_hp_loss":0.0,"gold_gain":0.0,"event_name":"MindBloom","player_choice":"Heal","floor":47.0,"gold_loss":0.0,"damage_taken":0.0,"cards_obtained":["Doubt"]}],"is_beta":false,"boss_relics":[{"not_picked":["Velvet Choker","Pandora\u0027s Box"],"picked":"SacredBark"},{"not_picked":["Sozu","Empty Cage"],"picked":"Coffee Dripper"}],"items_purged_floors":[54],"is_endless":false,"potions_floor_spawned":[3,4,5,8,10,12,13,14,16,18,19,21,23,24,25,27,28,30,33,35,36,38,39,40,42,45,46,48,55],"ascension_level":20}}