{"host":"3uci9gpt6cwo3y1o","time":1612073467,"event":{"mods":["Aspiration","BaseMod","Energized Spire","Minty Spire (QoL Compilation)","MostiFishMod","Reliquary","StSLib","TestMod"],"gold_per_floor":[114,114,189,114,129,159,159,159,186,228,252,152,173,208,208,320,320,349,374,374,408,437,437,312,364,388,388,444,475,522,550,550,669,669,693,693,693,715,83,138,138,211,263,319,349,390,390,772,772,808,827,827,827,38,90,124],"floor_reached":57,"language":"ZHS","playtime":2975,"items_purged":["Defend_B","Strike_B","Strike_B","Strike_B","Defend_B"],"score":3786,"play_id":"a8b62e78-9a50-41d4-a63f-cb4d2a93c86a","local_time":"20210131141107","is_ascension_mode":true,"campfire_choices":[{"floor":8.0,"key":"RECALL"},{"data":"Dualcast","floor":15.0,"key":"SMITH"},{"data":"MostiFishMod:GatherIntelligence","floor":23.0,"key":"SMITH"},{"data":"Zap","floor":32.0,"key":"SMITH"},{"data":"MostiFishMod:ReadyAimFire","floor":41.0,"key":"SMITH"},{"data":"MostiFishMod:Culaccino","floor":49,"key":"SMITH"},{"data":"Skim","floor":53,"key":"SMITH"}],"circlet_count":0,"master_deck":["AscendersBane","Defend_B","Defend_B","Zap+1","Dualcast+1","Skim+1","Sunder","Gash","Coolheaded","Seek","MostiFishMod:Culaccino+1","CurseOfTheBell","MostiFishMod:GatherIntelligence+1","Hologram","Core Surge","MostiFishMod:ReadyAimFire+1","Madness","Madness","Recycle","Chill+1","Biased Cognition+1"],"relics":["DaveBox","testmod-TestBox","EGODaCapo","testmod-DeterminationOfClimber","Philosopher\u0027s Stone","SynthV:TestCard","reliquary:PurpleTingedLeaf","Golden Idol","reliquary:Knoch","Pen Nib","Bag of Marbles","Calling Bell","MealTicket","DaCapo","reliquary:Aerogel","Eternal Feather","aspiration:Lifesprig","Centennial Puzzle","testmod-Justice","Transparent","PreservedInsect","Medical Kit","Omamori","DataDisk","reliquary:Stiletto","Frozen Egg 2","Old Coin","aspiration:StickyExplosives","testmod-RainbowHikingShoes","reliquary:SilkGlove"],"acts_visited":["Exordium","TheCity","TheBeyond","TheEnding"],"potions_floor_usage":[56,56,56,56],"damage_taken":[{"damage":0.0,"enemies":"2 Louse","floor":1.0,"turns":3.0},{"damage":1.0,"enemies":"Small Slimes","floor":5.0,"turns":2.0},{"damage":0.0,"enemies":"3 Sentries","floor":6.0,"turns":5.0},{"damage":0.0,"enemies":"Lagavulin","floor":10.0,"turns":5.0},{"damage":0.0,"enemies":"Jaw Worm","floor":11.0,"turns":2.0},{"damage":0.0,"enemies":"Large Slime","floor":13.0,"turns":2.0},{"damage":2.0,"enemies":"Gremlin Nob","floor":14.0,"turns":3.0},{"damage":4.0,"enemies":"The Guardian","floor":16.0,"turns":3.0},{"damage":0.0,"enemies":"Chosen","floor":18.0,"turns":1.0},{"damage":0.0,"enemies":"Spheric Guardian","floor":19.0,"turns":1.0},{"damage":0.0,"enemies":"Cultist and Chosen","floor":21.0,"turns":2.0},{"damage":0.0,"enemies":"Snake Plant","floor":22.0,"turns":1.0},{"damage":0.0,"enemies":"Book of Stabbing","floor":25.0,"turns":1.0},{"damage":0.0,"enemies":"Gremlin Leader","floor":28.0,"turns":2.0},{"damage":0.0,"enemies":"Shelled Parasite and Fungi","floor":29.0,"turns":2.0},{"damage":0.0,"enemies":"Slavers","floor":30.0,"turns":2.0},{"damage":0.0,"enemies":"Snecko","floor":31.0,"turns":2.0},{"damage":0.0,"enemies":"Collector","floor":33.0,"turns":2.0},{"damage":13.0,"enemies":"3 Darklings","floor":35.0,"turns":1.0},{"damage":13.0,"enemies":"Orb Walker","floor":38.0,"turns":1.0},{"damage":13.0,"enemies":"Nemesis","floor":40.0,"turns":1.0},{"damage":13.0,"enemies":"Transient","floor":42.0,"turns":1.0},{"damage":13,"enemies":"Giant Head","floor":44,"turns":1},{"damage":13,"enemies":"4 Shapes","floor":45,"turns":1},{"damage":13,"enemies":"Reptomancer","floor":46,"turns":1},{"damage":13,"enemies":"2 Orb Walkers","floor":48,"turns":1},{"damage":13,"enemies":"Donu and Deca","floor":50,"turns":1},{"damage":26,"enemies":"Awakened One","floor":51,"turns":2},{"damage":13,"enemies":"Shield and Spear","floor":55,"turns":1},{"damage":52,"enemies":"The Heart","floor":56,"turns":4}],"seed_played":"-2876372375153914660","potions_obtained":[{"floor":6.0,"key":"DistilledChaos"},{"floor":11.0,"key":"testmod-SpacePotion"},{"floor":13.0,"key":"testmod-SpacePotion"},{"floor":21.0,"key":"Ancient Potion"},{"floor":22.0,"key":"FearPotion"},{"floor":25.0,"key":"Block Potion"},{"floor":33.0,"key":"Ancient Potion"},{"floor":44,"key":"LiquidMemories"},{"floor":46,"key":"FocusPotion"}],"is_trial":false,"path_per_floor":["M","?","?","$","M","E","?","R","T","E","M","$","M","E","R","B",null,"M","M","?","M","M","R","$","E","T","?","E","M","E","M","R","B",null,"M","?","?","M","$","E","R","M","T","E","M","E","?","?","R","B","B",null,"R","$","E","B",null],"character_chosen":"DEFECT","items_purchased":["PreservedInsect","Medical Kit","Omamori","aspiration:StickyExplosives","testmod-RainbowHikingShoes"],"campfire_rested":0,"item_purchase_floors":[39,39,39,54,54],"current_hp_per_floor":[64,57,46,46,45,51,51,51,51,64,64,64,64,64,64,64,64,64,64,64,64,64,64,64,64,64,47,69,69,69,69,69,69,69,69,69,57,69,69,69,69,69,69,69,69,69,69,69,69,69,69,69,69,69,69,69],"gold":124,"neow_bonus":"BOSS_RELIC","is_daily":false,"chose_seed":false,"campfire_upgraded":6,"win_rate":0.0,"timestamp":1612073467,"path_taken":["M","?","?","?","M","E","?","R","T","E","M","$","M","E","R","BOSS","M","M","?","M","M","R","$","E","T","?","E","M","E","M","R","BOSS","M","?","?","M","$","E","R","M","T","E","M","E","?","?","R","BOSS","BOSS","R","$","E","BOSS"],"items_purchased_type":["Relic","Relic","Relic","Relic","Relic"],"build_version":"2020-12-22","purchased_purges":5,"victory":true,"max_hp_per_floor":[71,71,71,71,71,71,64,64,64,64,64,64,64,64,64,64,64,64,64,64,64,64,64,64,64,64,69,69,69,69,69,69,69,69,69,69,69,69,69,69,69,69,69,69,69,69,69,69,69,69,69,69,69,69,69,69],"card_choices":[{"not_picked":["Streamline","Heatsinks"],"picked":"Skim","floor":1.0},{"not_picked":["Barrage","Cold Snap","Coolheaded","Hologram"],"picked":"Sunder","floor":5.0},{"not_picked":["Sweeping Beam","Hologram","MostiFishMod:PushDownKick","Ball Lightning"],"picked":"Gash","floor":6.0},{"not_picked":["MostiFishMod:Hijack","Force Field","Self Repair","Ball Lightning"],"picked":"Coolheaded","floor":10.0},{"not_picked":["Compile Driver","Steam","Coolheaded","Ball Lightning","Redo"],"picked":"SKIP","floor":11.0},{"not_picked":["Compile Driver","Aggregate","Reprogram","Streamline","Force Field"],"picked":"SKIP","floor":13.0},{"not_picked":["Barrage","FTL","Streamline","MostiFishMod:InterfaceCompatibility"],"picked":"Seek","floor":14.0},{"not_picked":["MostiFishMod:Distribution","Multi-Cast","MostiFishMod:Overload","Thunder Strike"],"picked":"MostiFishMod:Culaccino","floor":16.0},{"not_picked":["MostiFishMod:IceShield+1","MostiFishMod:FluxCapactior","MostiFishMod:PushDownKick+1","Redo","Steam+1"],"picked":"SKIP","floor":18.0},{"not_picked":["Barrage","MostiFishMod:Hijack","Redo","Conserve Battery","Heatsinks"],"picked":"SKIP","floor":19.0},{"not_picked":["Steam Power","Streamline","Reprogram","Conserve Battery+1","Rebound"],"picked":"SKIP","floor":21.0},{"not_picked":["Hologram","Static Discharge+1","Defragment","MostiFishMod:Prepare"],"picked":"MostiFishMod:GatherIntelligence","floor":22.0},{"not_picked":["Hologram","Compile Driver","MostiFishMod:IceShield","Beam Cell","Ball Lightning"],"picked":"SKIP","floor":25.0},{"not_picked":["Compile Driver","MostiFishMod:IceShield","Beam Cell","Ball Lightning"],"picked":"Hologram","floor":25.0},{"not_picked":["Streamline+1","Turbo","Sweeping Beam","Genetic Algorithm+1"],"picked":"Core Surge","floor":28.0},{"not_picked":["Streamline","Coolheaded","Conserve Battery","MostiFishMod:FluxCapactior","Cold Snap"],"picked":"SKIP","floor":29.0},{"not_picked":["Rebound","MostiFishMod:ATRI","Stack","Barrage","Gash"],"picked":"SKIP","floor":30.0},{"not_picked":["Sweeping Beam","FTL+1","Tempest","Stack","Hologram+1"],"picked":"SKIP","floor":31.0},{"not_picked":["Machine Learning","MostiFishMod:StrandedSiren","MostiFishMod:InterfaceCompatibility","MostiFishMod:StarOceanB"],"picked":"MostiFishMod:ReadyAimFire","floor":33.0},{"not_picked":["Conserve Battery","Turbo+1","Consume+1","Go for the Eyes","Redo"],"picked":"SKIP","floor":35.0},{"not_picked":["Redo","Barrage","Leap","Gash"],"picked":"Defragment","floor":38.0},{"not_picked":["MostiFishMod:StarOceanB","Ball Lightning+1","Conserve Battery","Skim","Heatsinks+1"],"picked":"SKIP","floor":40.0},{"not_picked":["Hologram","Chaos","Redo","Coolheaded","Conserve Battery"],"picked":"SKIP","floor":42.0},{"not_picked":["Barrage","MostiFishMod:Impulse+1","Defragment+1","Compile Driver"],"picked":"Recycle","floor":44},{"not_picked":["Steam Power","Streamline","Hologram","Steam","Stack+1"],"picked":"SKIP","floor":45},{"not_picked":["Turbo+1","Static Discharge+1","Genetic Algorithm","Recycle"],"picked":"Chill+1","floor":46},{"not_picked":["Heatsinks+1","Coolheaded","Melter+1","Ball Lightning+1"],"picked":"Biased Cognition+1","floor":55}],"player_experience":894295,"relics_obtained":[{"floor":1.0,"key":"SynthV:TestCard"},{"floor":6.0,"key":"reliquary:PurpleTingedLeaf"},{"floor":9.0,"key":"reliquary:Knoch"},{"floor":10.0,"key":"Pen Nib"},{"floor":14.0,"key":"Bag of Marbles"},{"floor":17.0,"key":"MealTicket"},{"floor":17.0,"key":"DaCapo"},{"floor":17.0,"key":"reliquary:Aerogel"},{"floor":25.0,"key":"Eternal Feather"},{"floor":26.0,"key":"aspiration:Lifesprig"},{"floor":28.0,"key":"Centennial Puzzle"},{"floor":30.0,"key":"testmod-Justice"},{"floor":40.0,"key":"DataDisk"},{"floor":44,"key":"reliquary:Stiletto"},{"floor":46,"key":"Frozen Egg 2"},{"floor":48,"key":"Old Coin"},{"floor":55,"key":"reliquary:SilkGlove"}],"event_choices":[{"cards_removed":["Strike_B"],"damage_healed":0.0,"max_hp_gain":0.0,"max_hp_loss":0.0,"gold_gain":0.0,"event_name":"Golden Wing","player_choice":"Card Removal","floor":2.0,"gold_loss":0.0,"damage_taken":7.0},{"damage_healed":0.0,"max_hp_gain":0.0,"max_hp_loss":0.0,"gold_gain":75.0,"event_name":"World of Goop","player_choice":"Gather Gold","floor":3.0,"gold_loss":0.0,"damage_taken":11.0},{"damage_healed":0.0,"max_hp_gain":0.0,"max_hp_loss":7.0,"gold_gain":0.0,"event_name":"Golden Idol","player_choice":"Lose Max HP","floor":7.0,"gold_loss":0.0,"damage_taken":0.0,"relics_obtained":["Golden Idol"]},{"damage_healed":0.0,"max_hp_gain":0.0,"max_hp_loss":0.0,"gold_gain":0.0,"event_name":"Ghosts","player_choice":"Ignored","floor":20.0,"gold_loss":0.0,"damage_taken":0.0},{"damage_healed":0.0,"max_hp_gain":5.0,"max_hp_loss":0.0,"gold_gain":0.0,"event_name":"Forgotten Altar","player_choice":"Shed Blood","floor":27.0,"gold_loss":0.0,"damage_taken":22.0},{"damage_healed":0.0,"max_hp_gain":0.0,"max_hp_loss":0.0,"gold_gain":0.0,"event_name":"Tomb of Lord Red Mask","player_choice":"Ignored","floor":36.0,"gold_loss":0.0,"damage_taken":0.0},{"damage_healed":0.0,"max_hp_gain":0.0,"max_hp_loss":0.0,"gold_gain":0.0,"event_name":"Winding Halls","player_choice":"Embrace Madness","floor":37.0,"gold_loss":0.0,"damage_taken":12.0,"cards_obtained":["Madness","Madness"]},{"cards_removed":["Defragment"],"damage_healed":0,"gold_gain":0,"player_choice":"Removed Power","damage_taken":0,"max_hp_gain":0,"max_hp_loss":0,"event_name":"Falling","floor":47,"gold_loss":0},{"damage_healed":0,"gold_gain":0,"player_choice":"Fight","damage_taken":0,"max_hp_gain":0,"max_hp_loss":0,"event_name":"Mysterious Sphere","floor":48,"gold_loss":0}],"is_beta":false,"boss_relics":[{"not_picked":["Ectoplasm","energizedSpire:OgreHead"],"picked":"Calling Bell"},{"not_picked":["testmod-Prudence","Tiny House"],"picked":"Transparent"}],"items_purged_floors":[4,12,24,39,54],"is_endless":false,"potions_floor_spawned":[6,11,13,21,22,25,28,33,40,44,46],"ascension_level":20}}