{"host":"Nico","time":1612055808,"event":{"mods":["2.2 Compatiblity","AchievementEnabler","Aspiration","BaseMod","Beaked The Cultist","Better Altar","Better Note","Better Skull","Conspire","Custom Start","DeckTracker","Displayed Cursed Tome","Energized Spire","Halation","Highlight Path","Hubris","Infinite Spire","Minty Spire (QoL Compilation)","Permanent Neow","Poor People Problems","Relic Filter Mod","Relic Sorter","Replay The Spire","Shop Mod","StSLib","Synergy Search","The Cursed","TheVacant","Trackpad","Transform Curses","Unknown Chances"],"gold_per_floor":[113,113,129,95,109,134,134,167,167,167,167,181,194,219,219,320,320,336,336,386,405,405,405,176,176,176,176,207,207,220,230,230,325,325,340,340,360,582,582,582],"floor_reached":39,"language":"ENG","playtime":2305,"items_purged":[],"score":407,"play_id":"2b917fd8-5818-4387-b986-e01ae139a826","local_time":"20210131011648","is_ascension_mode":false,"campfire_choices":[{"data":"Neutralize","floor":7,"key":"SMITH"},{"floor":10,"key":"REST"},{"data":"True Grit","floor":15,"key":"SMITH"},{"data":"Limit Break","floor":23,"key":"SMITH"},{"data":"Dark Embrace","floor":25,"key":"SMITH"},{"floor":32,"key":"REST"}],"circlet_count":0,"master_deck":["Strike_R","Strike_R","Strike_R","Strike_R","Defend_R","Defend_R","Defend_R","Defend_R","Bash","Run Through","Backflip","Neutralize+1","Pommel Strike","Sword Boomerang","hubris:CleavingFinish","Twin Strike","Twin Strike","Warcry","Clash","Fire Breathing","True Grit+1","Iron Wave","Body Slam","Limit Break+1","Dark Embrace+1","infinitespire:Menacing","infinitespire:Collect","Warcry","Clash","Inflame+1","infinitespire:Fortify"],"relics":["energizedSpire:StickyHand","Regal Pillow","Vajra","energizedSpire:NeverEndingSparkler","trackpad:WritersBlock","MerchantsRug","infinitespire:Bottled Soul","Red Mask","hubris:TenFootPole","King of Hearts","Mark of Pain"],"acts_visited":["Exordium","TheCity","TheBeyond"],"potions_floor_usage":[21],"damage_taken":[{"damage":0,"enemies":"Small Slimes","floor":1,"turns":4},{"damage":0,"enemies":"Cultist","floor":3,"turns":2},{"damage":0,"enemies":"Jaw Worm","floor":5,"turns":2},{"damage":21,"enemies":"Lagavulin","floor":6,"turns":4},{"damage":8,"enemies":"3 Sentries","floor":8,"turns":4},{"damage":5,"enemies":"Lots of Slimes","floor":12,"turns":2},{"damage":1,"enemies":"Exordium Wildlife","floor":13,"turns":2},{"damage":24,"enemies":"Slime Boss","floor":16,"turns":8},{"damage":18,"enemies":"Shell Parasite","floor":18,"turns":3},{"damage":0,"enemies":"Chosen","floor":21,"turns":3},{"damage":38,"enemies":"Slavers","floor":28,"turns":5},{"damage":10,"enemies":"Snecko","floor":30,"turns":6},{"damage":12,"enemies":"Snake Plant","floor":31,"turns":3},{"damage":24,"enemies":"Collector","floor":33,"turns":7},{"damage":21,"enemies":"3 Darklings","floor":35,"turns":5},{"damage":0,"enemies":"Orb Walker","floor":37,"turns":2},{"damage":66,"enemies":"2 Orb Walkers","floor":39,"turns":5}],"seed_played":"-7522875859924743048","potions_obtained":[{"floor":5,"key":"Elixir"},{"floor":12,"key":"Swift Potion"},{"floor":16,"key":"FearPotion"},{"floor":28,"key":"Milkshake"},{"floor":37,"key":"Fire Potion"}],"is_trial":false,"path_per_floor":["M","?","M","$","M","E","R","E","T","R","?","M","M","T","R","B",null,"M","?","T","M","?","R","$","R","T","?","E","AVR","M","M","R","B",null,"M","?","M","?","?"],"character_chosen":"IRONCLAD","items_purchased":["Twin Strike","MerchantsRug","Dark Embrace"],"campfire_rested":2,"item_purchase_floors":[4,24,24],"current_hp_per_floor":[80,80,80,80,80,59,59,51,51,80,80,75,74,74,74,50,80,62,62,62,62,62,62,62,62,62,62,24,24,14,5,44,20,80,59,59,59,59,0,0],"gold":582,"neow_bonus":"BOSS_RELIC","is_daily":false,"chose_seed":false,"campfire_upgraded":4,"win_rate":0.0,"timestamp":1612055808,"path_taken":["M","?","?","$","M","E","R","E","T","R","?","?","M","?","R","BOSS","M","?","?","M","?","R","?","R","T","?","E","AVR","M","M","R","BOSS","M","?","?","?","?"],"items_purchased_type":["Card","Relic","Card"],"build_version":"2020-12-18","purchased_purges":0,"victory":false,"max_hp_per_floor":[80,80,80,80,80,80,80,80,80,80,80,80,80,80,80,80,80,80,80,80,80,80,80,80,80,80,80,80,80,80,80,80,80,80,80,80,80,80,80,80],"card_choices":[{"not_picked":["ReplayTheSpireMod:Strike From Hell","Run Through"],"picked":"ReplayTheSpireMod:Stacked","floor":1},{"not_picked":["Pommel Strike","Sword Boomerang"],"picked":"hubris:CleavingFinish","floor":3},{"not_picked":["Burning Pact","Body Slam","Iron Wave"],"picked":"SKIP","floor":5},{"not_picked":["Body Slam","Wild Strike","Feel No Pain"],"picked":"SKIP","floor":6},{"not_picked":["ReplayTheSpireMod:Limb From Limb","Blood for Blood","Havoc"],"picked":"SKIP","floor":8},{"not_picked":["Warcry","Clash"],"picked":"Fire Breathing","floor":12},{"not_picked":["True Grit","Iron Wave"],"picked":"Body Slam","floor":13},{"not_picked":["True Grit","ReplayTheSpireMod:LeadingStrike+1","Sword Boomerang+1"],"picked":"SKIP","floor":18},{"not_picked":["Body Slam","Evolve","Power Through+1"],"picked":"SKIP","floor":21},{"not_picked":["infinitespire:Menacing","ReplayTheSpireMod:??????????????????????"],"picked":"infinitespire:Collect","floor":27},{"not_picked":["Clothesline+1","Cleave","Clash"],"picked":"SKIP","floor":28},{"not_picked":["Warcry","Clash"],"picked":"Inflame+1","floor":30},{"not_picked":["hubris:StunningStrike","Cleave+1","Warcry"],"picked":"SKIP","floor":31},{"not_picked":["Anger+1","Clothesline","Inflame"],"picked":"SKIP","floor":35},{"not_picked":["Bloodletting+1","ReplayTheSpireMod:Strike From Hell","Disarm+1"],"picked":"SKIP","floor":37}],"player_experience":681334,"relics_obtained":[{"floor":6,"key":"Gambling Chip"},{"floor":8,"key":"Regal Pillow"},{"floor":14,"key":"Vajra"},{"floor":20,"key":"trackpad:WritersBlock"},{"floor":26,"key":"infinitespire:Bottled Soul"},{"floor":27,"key":"Red Mask"},{"floor":28,"key":"hubris:TenFootPole"}],"event_choices":[{"cards_removed":["Strike_G"],"damage_healed":0,"gold_gain":0,"player_choice":"Purged","damage_taken":0,"max_hp_gain":0,"max_hp_loss":0,"event_name":"Purifier","floor":11,"gold_loss":0},{"cards_removed":["True Grit"],"damage_healed":0,"gold_gain":0,"player_choice":"Take \u0026 Give","damage_taken":0,"max_hp_gain":0,"max_hp_loss":0,"event_name":"betterNote:BetterNote","floor":19,"gold_loss":0,"cards_obtained":["Limit Break"]},{"damage_healed":0,"gold_gain":0,"player_choice":"Ignored","damage_taken":0,"max_hp_gain":0,"max_hp_loss":0,"event_name":"Ghosts","floor":22,"gold_loss":0},{"damage_healed":0,"gold_gain":0,"cards_transformed":["ReplayTheSpireMod:??????????????????????"],"player_choice":"Transformed","damage_taken":0,"max_hp_gain":0,"max_hp_loss":0,"event_name":"Transmorgrifier","floor":36,"gold_loss":0,"cards_obtained":["infinitespire:Fortify"]},{"damage_healed":0,"gold_gain":222,"player_choice":"Wore Mask","damage_taken":0,"max_hp_gain":0,"max_hp_loss":0,"event_name":"Tomb of Lord Red Mask","floor":38,"gold_loss":0},{"damage_healed":0,"gold_gain":0,"player_choice":"Fight","damage_taken":0,"max_hp_gain":0,"max_hp_loss":0,"event_name":"Mysterious Sphere","floor":39,"gold_loss":0}],"is_beta":true,"boss_relics":[{"not_picked":["beaked:MawFillet","halation:MonkeysPaw"],"picked":"energizedSpire:NeverEndingSparkler"},{"not_picked":["conspire:SeveredTorchhead","infinitespire:Burning Sword"],"picked":"Mark of Pain"}],"items_purged_floors":[],"is_endless":false,"potions_floor_spawned":[5,12,16,28,30,37],"killed_by":"2 Orb Walkers","ascension_level":0}}