{"host":"w05x4i13f2m9joq1","time":1612086152,"event":{"mods":["Act Like it!","Bard","BaseMod","Better Altar","Better Match","Better Note","Better Sensory Stone","Better Skull","Better Third Choice","BetterRewards","CapriCore","Colored Map","Colored Powertips","Decade(???)","Defective Defect","Duelist Mod","Gensokyo","GifTheSpireLib","Googly Eyes","Infinite Spire","Ironclad Rager","Lobotomy","LobotomyExtend","Marisa????????","Melee Mod","Minty Spire (QoL Compilation)","Morshu Shopkeeper - ENHANCED","MostiFishMod","Quick Restart","Rare Cards Sparkle","Replay The Spire","Shop Mod","Spicy Shops","Spire Birthday Party","StSLib","Td1madao Mod","The Construct","The IronCluck","TheBandit","Uncapped","everything is the same but u backflip on backflip","slay the spire mod where everything is the same but ironclad has a cowboy hat"],"gold_per_floor":[18,28,46,57,57,85,85,110,134,169,169,186,218,229,229,324,324,343,42,42,59,79,79,79,91,169,201,214,247,172,183,183,278,278,293,203,203,14,30,30,64,84,154,189,206,239,257,257,257,257],"floor_reached":51,"language":"ENG","playtime":2272,"items_purged":["Spreading Infection"],"score":1202,"play_id":"7a15c086-a5dd-4c24-b20e-d1650635d94e","local_time":"20210131044232","is_ascension_mode":true,"campfire_choices":[{"data":"Pommel Strike","floor":11,"key":"SMITH"},{"data":"Replay:Undeath\u0027s Touch","floor":23,"key":"SMITH"},{"data":"MostiFishMod:RacingGame","floor":32,"key":"SMITH"},{"data":"Pommel Strike","floor":40,"key":"SMITH"},{"data":"Offering","floor":49,"key":"SMITH"}],"circlet_count":0,"master_deck":["Bash","Twin Strike","Twin Strike","Twin Strike","Twin Strike","Twin Strike","Iron Wave","Iron Wave","Iron Wave","Iron Wave","Run Through+1","Pommel Strike+1","Sword Boomerang","Sword Boomerang","Iron Wave","Rampage","Cleave","Heavy Blade","MostiFishMod:RacingGame+1","Replay:Undeath\u0027s Touch+1","Dropkick","Twin Strike","Thunderclap","Cleave","Iron Wave","Clash","Inflame+1","ReplayTheSpireMod:Private Reserves+1","Perfected Strike","Pommel Strike+1","Gensokyo:CustomPotion","Gensokyo:UnlikelyAid+1","Gensokyo:ScrapIron","Replay:Undeath\u0027s Touch+1","Run Through","Offering+1","Pommel Strike","Twin Strike+1","Run Through+1"],"relics":["Burning Blood","DaveBox","PatriotShield","SynthV:TestCard","LetterFromLob","Gensokyo:YoukaiFlower","Potion Belt","Pear","Strawberry","Ancient Tea Set","Replay:Rubber Ducky","Toy Ornithopter","HereWithMe","Vajra","LaetitiaHeart","infinitespire:CheckeredPen","Simple Rune","Blood Vial","FeatherPendant","DiscerningMonocle","Replay:Towering Pillar of Hats","Replay:Bottled Flurry","Bag of Marbles","ReplayTheSpireMod:Ninjato","Mirror"],"acts_visited":["Exordium","Gensokyo:Gensokyo","Gensokyo:Gensokyoer"],"potions_floor_usage":[6,6,16,37,37,51,51,51,51],"damage_taken":[{"damage":0,"enemies":"Gensokyo:2_Kodama","floor":1,"turns":2},{"damage":0,"enemies":"Gensokyo:Python","floor":2,"turns":1},{"damage":0,"enemies":"Gensokyo:Gryphon","floor":3,"turns":1},{"damage":0,"enemies":"Gensokyo:Kitsune","floor":4,"turns":1},{"damage":0,"enemies":"Gensokyo:Cirno","floor":6,"turns":5},{"damage":0,"enemies":"Gensokyo:Mamizou","floor":8,"turns":3},{"damage":0,"enemies":"Gensokyo:Aya","floor":10,"turns":2},{"damage":0,"enemies":"Gensokyo:3_Kodama","floor":12,"turns":1},{"damage":0,"enemies":"Gensokyo:Mamizou","floor":13,"turns":1},{"damage":0,"enemies":"Gensokyo:2_Rabbits","floor":14,"turns":2},{"damage":8,"enemies":"Gensokyo:Yukari","floor":16,"turns":6},{"damage":0,"enemies":"Gensokyo:Chomper","floor":18,"turns":1},{"damage":0,"enemies":"Gensokyo:CosmicMonolith","floor":21,"turns":1},{"damage":0,"enemies":"Gensokyo:3_Gloops","floor":22,"turns":2},{"damage":0,"enemies":"Gensokyo:Slime_Group","floor":25,"turns":1},{"damage":5,"enemies":"Gensokyo:Koishi","floor":27,"turns":2},{"damage":10,"enemies":"Gensokyo:Wraith","floor":28,"turns":3},{"damage":6,"enemies":"Gensokyo:Tenshi","floor":29,"turns":2},{"damage":0,"enemies":"Gensokyo:3_Gloops","floor":31,"turns":1},{"damage":10,"enemies":"Gensokyo:Kaguya","floor":33,"turns":3},{"damage":0,"enemies":"Gensokyo:3_Boulders","floor":35,"turns":2},{"damage":0,"enemies":"Gensokyo:3_Boulders","floor":37,"turns":3},{"damage":0,"enemies":"Gensokyo:AncientGuardian","floor":39,"turns":1},{"damage":0,"enemies":"Gensokyo:Kasen","floor":41,"turns":2},{"damage":0,"enemies":"Gensokyo:SeedOfUnknown","floor":42,"turns":1},{"damage":0,"enemies":"Gensokyo:Doremy","floor":44,"turns":1},{"damage":0,"enemies":"Gensokyo:4_Bats","floor":45,"turns":1},{"damage":0,"enemies":"Gensokyo:Marisa","floor":46,"turns":1},{"damage":0,"enemies":"Gensokyo:Dusk_and_Dawn","floor":47,"turns":1},{"damage":0,"enemies":"Gensokyo:Scarlet_Devils","floor":50,"turns":1},{"damage":0,"enemies":"Malkuth","floor":51,"turns":2},{"damage":0,"enemies":"Netzach","floor":51,"turns":1},{"damage":0,"enemies":"Chesed","floor":51,"turns":1},{"damage":131,"enemies":"Hokma","floor":51,"turns":6}],"seed_played":"398048636947905879","potions_obtained":[{"floor":1,"key":"Reflective Coating"},{"floor":2,"key":"Block Potion"},{"floor":4,"key":"FairyPotion"},{"floor":10,"key":"GamblersBrew"},{"floor":14,"key":"Adrenaline Potion"},{"floor":21,"key":"SpeedPotion"},{"floor":28,"key":"Weak Potion"},{"floor":29,"key":"Strength Potion"},{"floor":39,"key":"BloodPotion"},{"floor":42,"key":"SneckoOil"}],"is_trial":false,"path_per_floor":["M","M","M","M","?","E","?","E","T","E","R","M","E","M","R_BF","B",null,"M","$","?","M","M","R","E","M","T","E","M","E","?","M","R","B",null,"M","?","?","COS","M","R","E","M","T","E","M","E","M","T","R","B",null],"character_chosen":"IRONCLAD","items_purchased":["Vajra","Dropkick"],"campfire_rested":0,"item_purchase_floors":[19,19],"current_hp_per_floor":[57,63,69,72,72,72,67,80,80,86,86,89,89,89,89,87,89,89,89,89,89,89,89,89,89,89,89,85,85,85,89,89,85,89,89,89,89,89,89,89,89,89,89,89,89,89,89,89,89,89],"gold":257,"neow_bonus":"IRONCLAD_BERSERKER","is_daily":false,"chose_seed":false,"campfire_upgraded":5,"win_rate":0.0,"timestamp":1612086152,"path_taken":["M","M","M","M","?","E","?","E","T","E","R","M","E","?","R_BF","BOSS","M","$","?","M","M","R","E","M","T","E","M","E","?","M","R","BOSS","M","?","?","COS","?","R","E","M","T","E","M","E","M","?","R","BOSS"],"items_purchased_type":["Relic","Card"],"build_version":"2020-12-22","purchased_purges":1,"victory":true,"max_hp_per_floor":[72,72,72,72,72,72,82,89,89,89,89,89,89,89,89,89,89,89,89,89,89,89,89,89,89,89,89,89,89,89,89,89,89,89,89,89,89,89,89,89,89,89,89,89,89,89,89,89,89,89],"card_choices":[{"not_picked":["Sever Soul","MostiFishMod:#F4004","Warcry"],"picked":"SKIP","floor":1},{"not_picked":["Reckless Charge","Clothesline","Seeing Red","Abandon"],"picked":"Run Through","floor":2},{"not_picked":["Headbutt","Cleave","infinitespire:OneForAll","Massacre"],"picked":"Clash","floor":3},{"not_picked":["Flex","ReplayTheSpireMod:Strike From Hell","Pummel","Feel No Pain"],"picked":"Pommel Strike","floor":4},{"not_picked":["Perfected Strike","Shrug It Off","MostiFishMod:TemporaryOutbreak","Run Through"],"picked":"Sword Boomerang","floor":6},{"not_picked":["Armaments","Flex","Hemogenesis","Evolve"],"picked":"Sword Boomerang","floor":8},{"not_picked":["Rampage","Dark Embrace","Metallicize","Uppercut"],"picked":"Iron Wave","floor":10},{"not_picked":["Reckless Charge","Warcry","Shockwave","Carnage"],"picked":"Rampage","floor":12},{"not_picked":["Iron Wave","Wild Strike","Clothesline","Burning Pact"],"picked":"Cleave","floor":13},{"not_picked":["Seeing Red","Exhume","ReplayTheSpireMod:LeadingStrike","Wild Strike"],"picked":"Heavy Blade","floor":14},{"not_picked":["Corruption","MostiFishMod:Mania","MostiFishMod:HellRitual","MostiFishMod:404NotFound"],"picked":"MostiFishMod:RacingGame","floor":16},{"not_picked":["Wild Strike","Clothesline","Carnage","Anger"],"picked":"Replay:Undeath\u0027s Touch","floor":18},{"not_picked":["Armaments","Metallicize","Anger","True Grit"],"picked":"Twin Strike","floor":21},{"not_picked":["Warcry","True Grit","Run Through","Heavy Blade"],"picked":"Thunderclap","floor":22},{"not_picked":["Replay:Many Hands","Abandon","Blood for Blood+1","Metallicize+1"],"picked":"Cleave","floor":25},{"not_picked":["True Grit","Clothesline","Dual Wield+1","MostiFishMod:OrdinaryWorld"],"picked":"Iron Wave","floor":27},{"not_picked":["Cleave","ReplayTheSpireMod:Strike From Hell+1","ReplayTheSpireMod:Muscle Training","Wild Strike"],"picked":"Clash","floor":28},{"not_picked":["Warcry+1","Infernal Blade+1","Iron Wave","Cleave"],"picked":"Inflame+1","floor":29},{"not_picked":["Swift Strike+1","Trip+1","Replay:Sssssssssshield+1","Jack Of All Trades+1"],"picked":"ReplayTheSpireMod:Private Reserves+1","floor":30},{"not_picked":["Anger","Disarm","Intimidate","Flex"],"picked":"Perfected Strike","floor":31},{"not_picked":["Wild Strike","Heavy Blade+1","Armaments","Twin Strike"],"picked":"Pommel Strike","floor":35},{"not_picked":["Gensokyo:MorningStar+1","Gensokyo:Dawn+1"],"picked":"Gensokyo:UnlikelyAid+1","floor":37},{"not_picked":["Flex","Sword Boomerang+1","Entrench+1","Iron Wave+1"],"picked":"Replay:Undeath\u0027s Touch+1","floor":39},{"not_picked":["Heavy Blade","ReplayTheSpireMod:Corrosion Curse+1","Whirlwind+1","Hemogenesis"],"picked":"Run Through","floor":41},{"not_picked":["Shrug It Off","Clothesline","Cleave+1","Whirlwind"],"picked":"Replay:Undeath\u0027s Touch","floor":42},{"not_picked":["Iron Wave","Anger","ReplayTheSpireMod:Strike From Hell+1","MostiFishMod:FireWorks"],"picked":"Offering","floor":44},{"not_picked":["Run Through+1","Uppercut+1","ReplayTheSpireMod:Strike From Hell+1","ReplayTheSpireMod:Corrosion Curse"],"picked":"Pommel Strike","floor":45},{"not_picked":["ICR:Frenzy+1","Pummel+1","Berserk","MostiFishMod:OrdinaryWorld"],"picked":"Twin Strike+1","floor":46},{"not_picked":["ICR:Frenzy+1","True Grit+1","Pommel Strike+1","Hemokinesis+1"],"picked":"Run Through+1","floor":47}],"player_experience":167030,"relics_obtained":[{"floor":1,"key":"SynthV:TestCard"},{"floor":1,"key":"LetterFromLob"},{"floor":6,"key":"Potion Belt"},{"floor":8,"key":"Strawberry"},{"floor":9,"key":"Ancient Tea Set"},{"floor":10,"key":"Replay:Rubber Ducky"},{"floor":13,"key":"Toy Ornithopter"},{"floor":26,"key":"infinitespire:CheckeredPen"},{"floor":27,"key":"Simple Rune"},{"floor":29,"key":"Blood Vial"},{"floor":41,"key":"Replay:Towering Pillar of Hats"},{"floor":43,"key":"Replay:Bottled Flurry"},{"floor":44,"key":"Bag of Marbles"},{"floor":46,"key":"ReplayTheSpireMod:Ninjato"},{"floor":48,"key":"Mirror"}],"event_choices":[{"damage_healed":0,"gold_gain":0,"player_choice":"2","damage_taken":0,"max_hp_gain":0,"max_hp_loss":0,"event_name":"betterMatch:BetterMatch","floor":30,"gold_loss":0,"cards_obtained":["betterMatch:ColorlessUncommonCard"]}],"is_beta":false,"boss_relics":[{"not_picked":["NightmareShop","Ring of Chaos"],"picked":"HereWithMe"},{"not_picked":["Runic Pyramid","RhineCircuit"],"picked":"FeatherPendant"}],"items_purged_floors":[19],"is_endless":false,"potions_floor_spawned":[1,2,4,10,14,21,28,29,39,42,44,45],"ascension_level":1}}