{"host":"5804jsr9z0rnmtnc","time":1612092622,"event":{"mods":["BaseMod","Colored Powertips","Duelist Mod","GifTheSpireLib","Hermit","Marisa????????","Minty Spire (QoL Compilation)","READ ME - Guardian Mod","StSLib","The Disciple","The Necromancer"],"gold_per_floor":[111,128,138,138,153,153,186,199,245,245,245,268,268,293,293,414,414,439,439,455,455,455],"floor_reached":21,"language":"ENG","playtime":2122,"items_purged":[],"score":183,"play_id":"dc9ac0b3-ee11-4a78-89c0-c478a0132806","local_time":"20210131213022","is_ascension_mode":false,"campfire_choices":[{"data":"ReapSow","floor":6,"key":"SMITH"},{"floor":13,"key":"REST"},{"floor":15,"key":"REST"}],"circlet_count":0,"master_deck":["Strike_Br","Strike_Br","Strike_Br","Strike_Br","Defend_Br","Defend_Br","Defend_Br+1","Defend_Br+1","SecondHand","PatternShift","BlueShift","WindUp","Keepsakes","ReapSow+12","RageCommand","ExoVibe","Injury","PrimeTime","HandsUpC","Echonomics","RitualDagger","Lento","BiteCommand+1"],"relics":["Chronometer","NeowsBlessing","Boot","Centennial Puzzle","Golden Idol","Runic Pyramid"],"acts_visited":["Exordium","TheCity"],"potions_floor_usage":[16,16],"damage_taken":[{"damage":0,"enemies":"2 Louse","floor":1,"turns":2},{"damage":0,"enemies":"Small Slimes","floor":2,"turns":1},{"damage":0,"enemies":"Jaw Worm","floor":3,"turns":1},{"damage":4,"enemies":"Blue Slaver","floor":5,"turns":4},{"damage":21,"enemies":"3 Sentries","floor":7,"turns":7},{"damage":0,"enemies":"3 Louse","floor":8,"turns":1},{"damage":11,"enemies":"Gremlin Gang","floor":12,"turns":5},{"damage":3,"enemies":"Red Slaver","floor":14,"turns":2},{"damage":41,"enemies":"Slime Boss","floor":16,"turns":11},{"damage":5,"enemies":"Chosen","floor":18,"turns":5},{"damage":33,"enemies":"2 Thieves","floor":20,"turns":4},{"damage":14,"enemies":"Centurion and Healer","floor":21,"turns":4}],"seed_played":"-7533397325146261774","potions_obtained":[{"floor":1,"key":"Ancient Potion"},{"floor":5,"key":"EssenceOfSteel"},{"floor":12,"key":"Swift Potion"},{"floor":16,"key":"SkillPotion"}],"is_trial":false,"path_per_floor":["M","M","M","?","M","R","E","M","T","?","?","M","R","M","R","B",null,"M","?","M","M"],"character_chosen":"CHRONO_CLASS","items_purchased":[],"campfire_rested":2,"item_purchase_floors":[],"current_hp_per_floor":[65,65,65,70,66,66,45,45,45,45,31,20,41,38,59,18,70,65,59,26,12,12],"gold":455,"neow_bonus":"THREE_ENEMY_KILL","is_daily":false,"chose_seed":false,"campfire_upgraded":1,"win_rate":0.0,"timestamp":1612092622,"path_taken":["M","M","M","?","M","R","E","M","T","?","?","M","R","M","R","BOSS","M","?","M","M"],"items_purchased_type":[],"build_version":"2020-12-22","purchased_purges":0,"victory":false,"max_hp_per_floor":[65,65,65,70,70,70,70,70,70,70,70,70,70,70,70,70,70,70,70,70,70,70],"card_choices":[{"not_picked":["LockedMercury","LockedWhetstone"],"picked":"BlueShift","floor":1},{"not_picked":["CrunchTime","LockedAnchor"],"picked":"WindUp","floor":2},{"not_picked":["WindUp","AlternateTimeline"],"picked":"Keepsakes","floor":3},{"not_picked":["Engulf","LockedScales"],"picked":"ReapSow","floor":5},{"not_picked":["Stagnate","BiteCommand"],"picked":"RageCommand","floor":7},{"not_picked":["LockedWarPaint","HandsUpB"],"picked":"ExoVibe","floor":8},{"not_picked":["Recurrance","Parity"],"picked":"PrimeTime","floor":12},{"not_picked":["HandsUpB","LockedBlood"],"picked":"HandsUpC","floor":14},{"not_picked":["OldTimer","Chronoelasticity"],"picked":"Echonomics","floor":16},{"not_picked":["WindUp","Backlash"],"picked":"Tempo","floor":18},{"not_picked":["Break+1","CrunchTime"],"picked":"BiteCommand+1","floor":20}],"player_experience":33945,"relics_obtained":[{"floor":7,"key":"Boot"},{"floor":9,"key":"Centennial Puzzle"}],"event_choices":[{"damage_healed":0,"gold_gain":0,"player_choice":"Donut","damage_taken":0,"max_hp_gain":5,"max_hp_loss":0,"event_name":"Big Fish","floor":4,"gold_loss":0},{"damage_healed":0,"gold_gain":0,"player_choice":"Take Wound","damage_taken":0,"relics_obtained":["Golden Idol"],"max_hp_gain":0,"max_hp_loss":0,"event_name":"Golden Idol","floor":10,"gold_loss":0,"cards_obtained":["Injury"]},{"damage_healed":0,"gold_gain":0,"player_choice":"Entered Light","damage_taken":14,"max_hp_gain":0,"max_hp_loss":0,"event_name":"Shining Light","floor":11,"gold_loss":0,"cards_upgraded":["Defend_Br","Defend_Br"]},{"damage_healed":0,"gold_gain":0,"player_choice":"Joined the Cult","damage_taken":6,"max_hp_gain":0,"max_hp_loss":0,"event_name":"Nest","floor":19,"gold_loss":0,"cards_obtained":["RitualDagger"]}],"is_beta":false,"boss_relics":[{"not_picked":["Astrolabe","Cursed Key"],"picked":"Runic Pyramid"}],"items_purged_floors":[],"is_endless":false,"potions_floor_spawned":[1,5,12,14,16],"killed_by":"Centurion and Healer","ascension_level":0}}