{"host":"9slw7l0ws16384qq","time":1612122988,"event":{"mods":["A Penny For Your Troubles","BaseMod","Colored Map","Downfall","Evolution","Hubris","Minty Spire (QoL Compilation)","Replay The Spire","StS++","StSLib"],"gold_per_floor":[99,119,119,130,130,160,160,171,171,189,189,99,125,125,125],"floor_reached":13,"language":"FRA","playtime":1334,"items_purged":["Slimebound:Defend_Slimebound"],"score":121,"play_id":"c910f5f9-676d-4587-9237-95fcfc0c98e0","local_time":"20210131205628","is_ascension_mode":true,"campfire_choices":[{"data":"Slimebound:CorrosiveSpit","floor":1,"key":"SMITH"},{"data":"Slimebound:LeechEnergy","floor":9,"key":"SMITH"},{"data":"Slimebound:Split","floor":11,"key":"SMITH"}],"circlet_count":0,"master_deck":["Slimebound:Strike_Slimebound","Slimebound:Strike_Slimebound","Slimebound:Strike_Slimebound","Slimebound:Tackle","Slimebound:Defend_Slimebound","Slimebound:Defend_Slimebound","Slimebound:Split+1","Slimebound:CorrosiveSpit+1","Slimebound:LivingWall","Slimebound:LeechEnergy+1","Slimebound:LevelUp+1","Slimebound:Teamwork"],"relics":["Slimebound:AbsorbEndCombat","EVO:Axolotl","Potion Belt","Frozen Egg 2","hubris:DeckOfHolding"],"acts_visited":["Exordium"],"potions_floor_usage":[13],"damage_taken":[{"damage":3,"enemies":"Small Slimes","floor":2,"turns":3},{"damage":1,"enemies":"Cultist","floor":4,"turns":4},{"damage":43,"enemies":"Gremlin Nob","floor":6,"turns":5},{"damage":0,"enemies":"2 Louse","floor":8,"turns":4},{"damage":5,"enemies":"Blue Slaver","floor":10,"turns":4},{"damage":3,"enemies":"downfall:FleeingMerchant","floor":12,"turns":4},{"damage":43,"enemies":"3 Sentries","floor":13,"turns":9}],"seed_played":"3946513363105572765","potions_obtained":[{"floor":4,"key":"LifebloodPotion"},{"floor":10,"key":"Cursed Concoction"},{"floor":13,"key":"ColorlessPotion"}],"is_trial":false,"path_per_floor":["R","M","?","M","?","E","T","M","R","M","R","$","E"],"character_chosen":"SLIMEBOUND","items_purchased":[],"campfire_rested":0,"item_purchase_floors":[],"current_hp_per_floor":[65,64,64,65,70,31,31,35,35,38,38,43,8,8,8],"gold":125,"neow_bonus":"TEN_PERCENT_HP_BONUS","is_daily":false,"chose_seed":false,"campfire_upgraded":3,"win_rate":0.0,"timestamp":1612122988,"path_taken":["R","M","?","?","?","E","T","M","R","M","R","$","E"],"items_purchased_type":[],"build_version":"2020-12-22","purchased_purges":1,"victory":false,"max_hp_per_floor":[71,71,71,71,76,76,76,76,76,76,76,76,76,76,76],"card_choices":[{"not_picked":["Slimebound:HauntingLick","Slimebound:GoopSpray","Slimebound:SplitBruiser"],"picked":"SKIP","floor":2},{"not_picked":["Slimebound:HauntingLick","Slimebound:GoopSpray","Slimebound:SplitBruiser"],"picked":"SKIP","floor":2},{"not_picked":["Slimebound:GoopSpray","Slimebound:Prepare","Slimebound:RainOfGoop"],"picked":"SKIP","floor":4},{"not_picked":["Slimebound:SplitBruiser","Slimebound:Repurpose","Slimebound:Overexert"],"picked":"SKIP","floor":6},{"not_picked":["Slimebound:Schlurp","Slimebound:SlimeSpikes"],"picked":"Slimebound:LeechEnergy","floor":8},{"not_picked":["Slimebound:GoopTackle","Slimebound:SplitAcid"],"picked":"Slimebound:LevelUp+1","floor":10},{"not_picked":["Slimebound:SamplingLick","Slimebound:FinishingTackle"],"picked":"Slimebound:Teamwork","floor":12}],"player_experience":1564504,"relics_obtained":[{"floor":6,"key":"Potion Belt"},{"floor":7,"key":"Frozen Egg 2"},{"floor":13,"key":"hubris:DeckOfHolding"}],"event_choices":[{"damage_healed":0,"gold_gain":0,"player_choice":"Donut","damage_taken":0,"max_hp_gain":5,"max_hp_loss":0,"event_name":"Big Fish","floor":5,"gold_loss":0}],"is_beta":false,"boss_relics":[],"items_purged_floors":[12],"is_endless":false,"potions_floor_spawned":[4,10,13],"killed_by":"3 Sentries","ascension_level":6}}