{"host":"«Â«˛","time":1612108515,"event":{"mods":["BaseMod","Colored Powertips","Minty Spire (QoL Compilation)","Quick Restart","Reimu£®≤©¿ˆ¡È√Œ£©","StSLib","UnlockEverythingMod"],"gold_per_floor":[112,75,75,3,78,112,112,112,112,112,112,123,123,138,138,241,241,260,260,138,151,3,3,31,31,31,130,130,130,130,130,130,229,229,245,98,115,115,0,0,0,0,76,76,110,122,134,162,174,186,198,210,65,96,96,96],"floor_reached":55,"language":"ZHS","playtime":3062,"items_purged":[],"score":1026,"play_id":"71e3a73d-afb2-46f3-89f6-436d3beb201a","local_time":"20210131235515","daily_mods":["SealedDeck","Specialized","Heirloom","Time Dilation","Flight"],"is_ascension_mode":false,"campfire_choices":[{"floor":7,"key":"RECALL"},{"data":"Gathering:ReiMu","floor":8,"key":"SMITH"},{"data":"InherentArray:ReiMu","floor":10,"key":"SMITH"},{"data":"InherentArray:ReiMu","floor":11,"key":"SMITH"},{"floor":15,"key":"REST"},{"data":"UniversalSpiritual:ReiMu","floor":23,"key":"SMITH"},{"data":"NB:ReiMu","floor":25,"key":"SMITH"},{"data":"PrepareRite:ReiMu","floor":28,"key":"SMITH"},{"data":"BlastKick2:ReiMu","floor":29,"key":"SMITH"},{"data":"SafetyPray:ReiMu","floor":32,"key":"SMITH"},{"data":"YinYangSange:ReiMu","floor":40,"key":"SMITH"},{"data":"Impatience","floor":41,"key":"SMITH"},{"data":"SubAcupoint:ReiMu","floor":42,"key":"SMITH"},{"data":"SubAcupoint:ReiMu","floor":44,"key":"SMITH"},{"data":"SubAcupoint:ReiMu","floor":47,"key":"SMITH"},{"data":"SubAcupoint:ReiMu","floor":49,"key":"SMITH"},{"data":"SubAcupoint:ReiMu","floor":52,"key":"SMITH"}],"circlet_count":0,"master_deck":["Amulet:ReiMu+1","Amulet:ReiMu","Amulet:ReiMu","Amulet:ReiMu","Amulet:ReiMu","WonderfulDomain:ReiMu","SafetyPray:ReiMu+1","CareerPray:ReiMu","LearningPray:ReiMu","CareerPray:ReiMu","SubAcupoint:ReiMu+1","Gathering:ReiMu+1","SubAcupoint:ReiMu+1","SubAcupoint:ReiMu+1","SubAcupoint:ReiMu+1","PrepareRite:ReiMu+1","InherentArray:ReiMu+1","InherentArray:ReiMu+1","SubcavityInstant:ReiMu","SubAcupoint:ReiMu+1","SafetyPray:ReiMu","BlastKick2:ReiMu+1","UniversalSpiritual:ReiMu+1","Impatience+1","NB:ReiMu+1","YinYangSange:ReiMu+1","WonderfulDomain:ReiMu","RainPray2:ReiMu+1","CareerPray:ReiMu","CardOfSanctity:ReiMu","SubAcupoint:ReiMu+1","ShadowOfCrow2:ReiMu+1","Flash of Steel","NineCharacters:ReiMu","Amulet:ReiMu+1"],"relics":["FlyPower:ReiMu","Ice Cream","Oddly Smooth Stone","Omamori","Ornamental Fan","RedLine:ReiMu","Anchor","Nloth\u0027s Gift","DonationBox:ReiMu","War Paint","Red Mask","Gremlin Horn","MawBank","Bottled Lightning","Eternal Feather"],"acts_visited":["Exordium","TheCity","TheBeyond","TheEnding"],"potions_floor_usage":[55,55,55],"damage_taken":[{"damage":0,"enemies":"Cultist","floor":1,"turns":5},{"damage":1,"enemies":"Lagavulin","floor":6,"turns":8},{"damage":0,"enemies":"Jaw Worm","floor":12,"turns":4},{"damage":0,"enemies":"2 Louse","floor":14,"turns":4},{"damage":0,"enemies":"The Guardian","floor":16,"turns":10},{"damage":0,"enemies":"Spheric Guardian","floor":18,"turns":5},{"damage":0,"enemies":"Shell Parasite","floor":21,"turns":5},{"damage":0,"enemies":"Book of Stabbing","floor":24,"turns":5},{"damage":0,"enemies":"Champ","floor":33,"turns":7},{"damage":0,"enemies":"3 Shapes","floor":35,"turns":3},{"damage":0,"enemies":"3 Darklings","floor":37,"turns":5},{"damage":0,"enemies":"Reptomancer","floor":45,"turns":5},{"damage":0,"enemies":"4 Shapes","floor":48,"turns":3},{"damage":0,"enemies":"Donu and Deca","floor":50,"turns":9},{"damage":0,"enemies":"Shield and Spear","floor":54,"turns":6},{"damage":67,"enemies":"The Heart","floor":55,"turns":9}],"seed_played":"-3885183799320816450","potions_obtained":[{"floor":12,"key":"BlessingOfTheForge"},{"floor":14,"key":"BlessingOfTheForge"},{"floor":16,"key":"Weak Potion"},{"floor":24,"key":"SkillPotion"},{"floor":33,"key":"PinkPotion:ReiMu"},{"floor":48,"key":"LiquidFlight:ReiMu"}],"is_trial":true,"path_per_floor":["M","$","?","$","?","E","R","R","T","R","R","M","?","M","R","B",null,"M","?","$","M","$","R","E","R","T","?","R","R","?","?","R","B",null,"M","$","M","?","?","R","R","R","T","R","E","T","R","M","R","B",null,"R","$","E","B"],"character_chosen":"REIMU","items_purchased":["InherentArray:ReiMu","InherentArray:ReiMu","YinYangSange:ReiMu","WonderfulDomain:ReiMu","Anchor","War Paint","NineCharacters:ReiMu","BottledKami:ReiMu"],"campfire_rested":1,"item_purchase_floors":[2,4,20,20,22,36,53,53],"current_hp_per_floor":[65,65,65,65,54,53,53,53,53,53,53,53,28,28,47,47,65,65,65,65,65,65,65,65,65,65,65,65,65,65,65,65,65,65,65,65,65,65,65,65,65,65,65,65,65,65,65,65,65,65,65,65,65,65,0,0],"gold":96,"neow_bonus":"","is_daily":false,"chose_seed":false,"campfire_upgraded":15,"win_rate":0.0,"timestamp":1612108515,"path_taken":["M","?","?","$","?","E","R","R","T","R","R","?","?","M","R","BOSS","M","?","$","?","$","R","E","R","T","?","R","R","?","?","R","BOSS","M","$","?","?","?","R","R","R","T","R","E","?","R","?","R","BOSS","R","$","E","BOSS"],"items_purchased_type":["Card","Card","Card","Card","Relic","Relic","Card","Potion"],"build_version":"2020-12-18","purchased_purges":0,"victory":false,"max_hp_per_floor":[65,65,65,65,65,65,65,65,65,65,65,65,65,65,65,65,65,65,65,65,65,65,65,65,65,65,65,65,65,65,65,65,65,65,65,65,65,65,65,65,65,65,65,65,65,65,65,65,65,65,65,65,65,65,65,65],"card_choices":[{"not_picked":["UniversalSpiritual:ReiMu","TightArray:ReiMu"],"picked":"PrepareRite:ReiMu","floor":1},{"not_picked":["Amulet:ReiMu","SpreadBorder2:ReiMu"],"picked":"SubcavityInstant:ReiMu","floor":6},{"not_picked":["OctopathBindingBorder2:ReiMu","WonderfulDomain:ReiMu"],"picked":"SubAcupoint:ReiMu","floor":12},{"not_picked":["Intuition:ReiMu","FoulBorder2:ReiMu"],"picked":"SafetyPray:ReiMu","floor":14},{"not_picked":["Dreaming:ReiMu","KamiRite:ReiMu"],"picked":"BlastKick2:ReiMu","floor":16},{"not_picked":["CollectionFlower2:ReiMu+1","SpringWay:ReiMu+1"],"picked":"UniversalSpiritual:ReiMu","floor":18},{"not_picked":["UpKicking:ReiMu+1","TightArray:ReiMu"],"picked":"RainPray2:ReiMu","floor":21},{"not_picked":["Conquer:ReiMu+1","SpringWay:ReiMu"],"picked":"CareerPray:ReiMu","floor":24},{"not_picked":["OctopathSalyBorderN:ReiMu","YinYang:ReiMu"],"picked":"CardOfSanctity:ReiMu","floor":33},{"not_picked":["DoubleButterfly:ReiMu","ManaGlint:ReiMu+1"],"picked":"SubAcupoint:ReiMu+1","floor":35},{"not_picked":["EmergencyTakeOff:ReiMu","Shading:ReiMu"],"picked":"ShadowOfCrow2:ReiMu+1","floor":37},{"not_picked":["Mind Blast","Impatience"],"picked":"Flash of Steel","floor":38},{"not_picked":["Enchanting:ReiMu","ForcedLanding:ReiMu+1","PayForSelf:ReiMu+1"],"picked":"SKIP","floor":45},{"not_picked":["EmergencyTakeOff:ReiMu","Intuition:ReiMu+1","Revelation:ReiMu"],"picked":"SKIP","floor":48},{"not_picked":["SpiritualOutbreak2:ReiMu+1","Conquer:ReiMu+1"],"picked":"Amulet:ReiMu+1","floor":54}],"player_experience":249612,"relics_obtained":[{"floor":6,"key":"Oddly Smooth Stone"},{"floor":9,"key":"Omamori"},{"floor":24,"key":"StrikeDummy"},{"floor":43,"key":"Gremlin Horn"},{"floor":45,"key":"MawBank"},{"floor":46,"key":"Bottled Lightning"},{"floor":54,"key":"Eternal Feather"}],"event_choices":[{"damage_healed":0,"gold_gain":0,"player_choice":"Leave","damage_taken":0,"max_hp_gain":0,"max_hp_loss":0,"event_name":"The Cleric","floor":3,"gold_loss":0},{"damage_healed":0,"gold_gain":75,"player_choice":"Gather Gold","damage_taken":11,"max_hp_gain":0,"max_hp_loss":0,"event_name":"World of Goop","floor":5,"gold_loss":0},{"damage_healed":0,"gold_gain":0,"player_choice":"Success","damage_taken":25,"relics_obtained":["Ornamental Fan"],"max_hp_gain":0,"max_hp_loss":0,"event_name":"Scrap Ooze","floor":13,"gold_loss":0},{"damage_healed":0,"gold_gain":0,"player_choice":"2 cards matched","damage_taken":0,"max_hp_gain":0,"max_hp_loss":0,"event_name":"Match and Keep!","floor":19,"gold_loss":0,"cards_obtained":["Impatience","NB:ReiMu"]},{"damage_healed":0,"gold_gain":99,"player_choice":"Stole From Cult","damage_taken":0,"max_hp_gain":0,"max_hp_loss":0,"event_name":"Nest","floor":27,"gold_loss":0},{"damage_healed":0,"gold_gain":0,"player_choice":"Ignored","damage_taken":0,"max_hp_gain":0,"max_hp_loss":0,"event_name":"The Mausoleum","floor":30,"gold_loss":0},{"damage_healed":0,"gold_gain":0,"player_choice":"Traded Relic","damage_taken":0,"relics_obtained":["Nloth\u0027s Gift"],"max_hp_gain":0,"max_hp_loss":0,"event_name":"N\u0027loth","floor":31,"relics_lost":["StrikeDummy"],"gold_loss":0},{"damage_healed":0,"gold_gain":0,"player_choice":"Memory 1","damage_taken":0,"max_hp_gain":0,"max_hp_loss":0,"event_name":"SensoryStone","floor":38,"gold_loss":0},{"damage_healed":0,"gold_gain":0,"player_choice":"Paid","damage_taken":0,"relics_obtained":["Red Mask"],"max_hp_gain":0,"max_hp_loss":0,"event_name":"Tomb of Lord Red Mask","floor":39,"gold_loss":115}],"is_beta":true,"boss_relics":[{"not_picked":["Philosopher\u0027s Stone","Runic Dome"],"picked":"RedLine:ReiMu"},{"not_picked":["ShineYinYang:ReiMu","Runic Pyramid"],"picked":"DonationBox:ReiMu"}],"items_purged_floors":[],"is_endless":false,"potions_floor_spawned":[12,14,16,24,33,48],"killed_by":"The Heart","ascension_level":0}}