{"host":"ypphcgdomtfqpc2w","time":1612104623,"event":{"mods":["BaseMod","DeckTracker","Minty Spire (QoL Compilation)","Relic Stats","StSLib"],"gold_per_floor":[115,125,137,4,4,4,30,30,107,107,119,137,172,198,198,303,303,315,333,333,345,270,270,284,559,559,559,585,598,633,160,160,258,258,268,268,268,288,248,248,280,280,280,291,308,16,34,46,46,46],"floor_reached":51,"language":"ENG","playtime":3662,"items_purged":["Strike_P"],"score":913,"play_id":"9f644732-47a2-428d-be75-2877af0279c5","local_time":"20210131235023","is_ascension_mode":true,"campfire_choices":[{"data":"DeceiveReality","floor":6.0,"key":"SMITH"},{"data":"Swivel","floor":8.0,"key":"SMITH"},{"data":"Eruption","floor":15.0,"key":"SMITH"},{"data":"Establishment","floor":23.0,"key":"SMITH"},{"data":"Protect","floor":27,"key":"SMITH"},{"data":"Meditate","floor":32,"key":"SMITH"},{"data":"WindmillStrike","floor":40,"key":"SMITH"},{"data":"CrushJoints","floor":42,"key":"SMITH"},{"data":"TalkToTheHand","floor":49,"key":"SMITH"}],"circlet_count":0,"master_deck":["Strike_P+1","Defend_P+1","Defend_P","Defend_P","Eruption+1","Vigilance+1","DeceiveReality+1","Swivel+1","FlurryOfBlows","Adaptation","Consecrate+1","Alpha+1","ReachHeaven","Protect+1","CrushJoints+1","EmptyBody","Scrawl+1","FlyingSleeves","JustLucky","Establishment+1","WindmillStrike+1","Meditate+1","Protect+1","SandsOfTime","Fasting2+1","TalkToTheHand+1","Protect","Prostrate","Flash of Steel","Evaluate+1"],"relics":["PureWater","MealTicket","Letter Opener","Omamori","Odd Mushroom","Runic Pyramid","Pen Nib","Bag of Preparation","Mercury Hourglass","Sundial","Lee\u0027s Waffle","Sozu","HornCleat","CaptainsWheel","War Paint"],"acts_visited":["Exordium","TheCity","TheBeyond"],"potions_floor_usage":[30,50],"damage_taken":[{"damage":0.0,"enemies":"Cultist","floor":1.0,"turns":3.0},{"damage":0.0,"enemies":"Jaw Worm","floor":2.0,"turns":3.0},{"damage":0.0,"enemies":"2 Louse","floor":3.0,"turns":2.0},{"damage":0.0,"enemies":"Lagavulin","floor":7.0,"turns":7.0},{"damage":0.0,"enemies":"Large Slime","floor":11.0,"turns":3.0},{"damage":1.0,"enemies":"Looter","floor":12.0,"turns":2.0},{"damage":1.0,"enemies":"3 Sentries","floor":13.0,"turns":3.0},{"damage":0.0,"enemies":"The Mushroom Lair","floor":14.0,"turns":3.0},{"damage":8.0,"enemies":"The Guardian","floor":16.0,"turns":9.0},{"damage":0.0,"enemies":"3 Byrds","floor":18.0,"turns":6.0},{"damage":2.0,"enemies":"Shell Parasite","floor":19.0,"turns":4.0},{"damage":4.0,"enemies":"Sentry and Sphere","floor":21.0,"turns":6.0},{"damage":2.0,"enemies":"Shelled Parasite and Fungi","floor":24.0,"turns":6.0},{"damage":13,"enemies":"Gremlin Leader","floor":28,"turns":5},{"damage":0,"enemies":"Snecko","floor":29,"turns":4},{"damage":13,"enemies":"Book of Stabbing","floor":30,"turns":5},{"damage":7,"enemies":"Champ","floor":33,"turns":7},{"damage":0,"enemies":"3 Darklings","floor":35,"turns":3},{"damage":3,"enemies":"3 Shapes","floor":38,"turns":3},{"damage":1,"enemies":"Giant Head","floor":41,"turns":7},{"damage":13,"enemies":"Writhing Mass","floor":44,"turns":7},{"damage":2,"enemies":"Spire Growth","floor":45,"turns":5},{"damage":0,"enemies":"Jaw Worm Horde","floor":47,"turns":3},{"damage":0,"enemies":"Sphere and 2 Shapes","floor":48,"turns":5},{"damage":15,"enemies":"Awakened One","floor":50,"turns":9}],"seed_played":"-9060056669786438409","potions_obtained":[{"floor":2.0,"key":"Strength Potion"},{"floor":3.0,"key":"Weak Potion"},{"floor":13.0,"key":"Ancient Potion"},{"floor":16.0,"key":"Block Potion"},{"floor":19.0,"key":"Weak Potion"},{"floor":21.0,"key":"GamblersBrew"},{"floor":29,"key":"SteroidPotion"}],"is_trial":false,"path_per_floor":["M","M","M","$","?","R","E","R","T","?","M","M","E","?","R","B",null,"M","M","?","M","?","R","M","?","T","R","E","M","E","$","R","B",null,"M","T","?","M","?","R","E","R","T","M","M","$","M","M","R","B",null],"character_chosen":"WATCHER","items_purchased":["Adaptation","Consecrate","Fire Potion","Sundial","Lee\u0027s Waffle","Prostrate","War Paint","Flash of Steel"],"campfire_rested":0,"item_purchase_floors":[4,4,4,31,31,46,46,46],"current_hp_per_floor":[65,65,65,65,52,52,52,52,52,52,52,51,50,50,50,42,59,59,57,57,53,53,53,51,51,51,51,38,38,25,72,72,65,70,70,70,82,79,79,79,78,78,78,65,63,78,78,78,78,63],"gold":46,"neow_bonus":"REMOVE_TWO","is_daily":false,"chose_seed":false,"campfire_upgraded":9,"win_rate":0.0,"timestamp":1612104623,"path_taken":["M","M","?","$","?","R","E","R","T","?","M","M","E","?","R","BOSS","M","M","?","M","?","R","M","?","T","R","E","M","E","$","R","BOSS","M","?","?","?","?","R","E","R","T","?","?","$","?","M","R","BOSS"],"items_purchased_type":["Card","Card","Potion","Relic","Relic","Card","Relic","Card"],"build_version":"2020-12-22","purchased_purges":1,"victory":true,"max_hp_per_floor":[65,65,65,65,65,65,65,65,65,65,65,65,65,65,65,65,65,65,65,65,65,65,65,65,65,65,65,65,65,65,72,72,72,72,72,72,82,82,82,82,82,82,82,82,82,82,82,82,82,82],"relic_stats":{"Sozu":3,"Lee\u0027s Waffle":32,"counters":[25,119],"Sundial":[2],"MealTicket":30,"Pen Nib":[14],"Bag of Preparation":[22],"Letter Opener":[259],"War Paint":["Defend_P","Scrawl"],"obtain_stats":[{"Lee\u0027s Waffle":31,"Pen Nib":26,"Omamori":13,"Bag of Preparation":28,"Letter Opener":9,"Odd Mushroom":14,"War Paint":46,"Mercury Hourglass":30,"Sozu":34,"CaptainsWheel":43,"HornCleat":41,"Sundial":31,"MealTicket":7,"PureWater":0,"Runic Pyramid":17},{"Lee\u0027s Waffle":16,"Pen Nib":13,"Omamori":7,"Bag of Preparation":14,"Letter Opener":4,"Odd Mushroom":8,"War Paint":22,"Mercury Hourglass":16,"Sozu":17,"CaptainsWheel":20,"HornCleat":20,"Sundial":16,"MealTicket":4,"PureWater":0,"Runic Pyramid":9},{"Lee\u0027s Waffle":71,"Pen Nib":57,"Omamori":23,"Bag of Preparation":62,"Letter Opener":15,"Odd Mushroom":26,"War Paint":103,"Mercury Hourglass":71,"Sozu":78,"CaptainsWheel":91,"HornCleat":91,"Sundial":71,"MealTicket":15,"PureWater":0,"Runic Pyramid":35}],"Mercury Hourglass":[189]},"card_choices":[{"not_picked":["ClearTheMind","EmptyBody"],"picked":"DeceiveReality","floor":1.0},{"not_picked":["ThirdEye","EmptyBody"],"picked":"Swivel","floor":2.0},{"not_picked":["CrushJoints","ThirdEye"],"picked":"FlurryOfBlows","floor":3.0},{"not_picked":["FollowUp","FlyingSleeves"],"picked":"Alpha","floor":7.0},{"not_picked":["Worship","PathToVictory"],"picked":"ReachHeaven","floor":11.0},{"not_picked":["FlurryOfBlows","Pray"],"picked":"Protect","floor":12.0},{"not_picked":["JustLucky","Prostrate"],"picked":"CrushJoints","floor":13.0},{"not_picked":["FlurryOfBlows","FollowUp"],"picked":"EmptyBody","floor":14.0},{"not_picked":["Devotion","Brilliance"],"picked":"Scrawl","floor":16.0},{"not_picked":["Prostrate","CutThroughFate"],"picked":"FlyingSleeves","floor":18.0},{"not_picked":["FlyingSleeves+1","Adaptation"],"picked":"JustLucky","floor":19.0},{"not_picked":["JustLucky","FlyingSleeves"],"picked":"Establishment","floor":21.0},{"not_picked":["Crescendo+1","DeceiveReality"],"picked":"WindmillStrike","floor":24.0},{"not_picked":["SashWhip","FlyingSleeves","Crescendo+1"],"picked":"SKIP","floor":28},{"not_picked":["Sanctity+1","Halt"],"picked":"Meditate","floor":29},{"not_picked":["Scrawl","JustLucky"],"picked":"Protect","floor":30},{"not_picked":["Brilliance","Devotion"],"picked":"DevaForm","floor":33},{"not_picked":["BowlingBash+1","Evaluate"],"picked":"SandsOfTime","floor":35},{"not_picked":["CrushJoints+1","Halt+1"],"picked":"Fasting2+1","floor":38},{"not_picked":["PathToVictory+1","Vengeance","Judgement"],"picked":"SKIP","floor":41},{"not_picked":["Prostrate","Study"],"picked":"TalkToTheHand","floor":44},{"not_picked":["ThirdEye","EmptyFist"],"picked":"Protect","floor":45},{"not_picked":["Evaluate+1","Pray+1","ReachHeaven+1"],"picked":"SKIP","floor":47},{"not_picked":["EmptyFist","Tantrum+1"],"picked":"Evaluate+1","floor":48}],"player_experience":2132157,"relics_obtained":[{"floor":7.0,"key":"MealTicket"},{"floor":9.0,"key":"Letter Opener"},{"floor":13.0,"key":"Omamori"},{"floor":14.0,"key":"Odd Mushroom"},{"floor":26,"key":"Pen Nib"},{"floor":28,"key":"Bag of Preparation"},{"floor":30,"key":"Mercury Hourglass"},{"floor":41,"key":"HornCleat"},{"floor":43,"key":"CaptainsWheel"}],"event_choices":[{"damage_healed":0.0,"max_hp_gain":0.0,"max_hp_loss":0.0,"gold_gain":0.0,"event_name":"Shining Light","player_choice":"Entered Light","floor":5.0,"gold_loss":0.0,"damage_taken":13.0,"cards_upgraded":["Consecrate","Strike_P"]},{"damage_healed":0.0,"max_hp_gain":0.0,"max_hp_loss":0.0,"gold_gain":0.0,"event_name":"Living Wall","player_choice":"Grow","floor":10.0,"gold_loss":0.0,"damage_taken":0.0,"cards_upgraded":["Vigilance"]},{"damage_healed":0.0,"max_hp_gain":0.0,"max_hp_loss":0.0,"gold_gain":0.0,"event_name":"Mushrooms","player_choice":"Fought Mushrooms","floor":14.0,"gold_loss":0.0,"damage_taken":0.0},{"damage_healed":0.0,"max_hp_gain":0.0,"max_hp_loss":0.0,"gold_gain":0.0,"event_name":"Forgotten Altar","player_choice":"Smashed Altar","floor":20.0,"gold_loss":0.0,"damage_taken":0.0,"cards_obtained":["Decay"]},{"cards_removed":["Strike_P"],"damage_healed":0.0,"max_hp_gain":0.0,"max_hp_loss":0.0,"gold_gain":0.0,"event_name":"Beggar","player_choice":"Gave Gold","floor":22.0,"gold_loss":75.0,"damage_taken":0.0},{"damage_healed":0,"gold_gain":275,"player_choice":"Desecrate","damage_taken":0,"max_hp_gain":0,"max_hp_loss":0,"event_name":"Golden Shrine","floor":25,"gold_loss":0,"cards_obtained":["Regret"]},{"cards_removed":["DevaForm"],"damage_healed":2,"gold_gain":0,"player_choice":"Offered Rare","damage_taken":0,"max_hp_gain":10,"max_hp_loss":0,"event_name":"Bonfire Elementals","floor":37,"gold_loss":0},{"damage_healed":0,"gold_gain":0,"player_choice":"Upgraded Two","damage_taken":0,"max_hp_gain":0,"max_hp_loss":0,"event_name":"Designer","floor":39,"gold_loss":40,"cards_upgraded":["Alpha","Protect"]}],"is_beta":false,"boss_relics":[{"not_picked":["Velvet Choker","Tiny House"],"picked":"Runic Pyramid"},{"not_picked":["Astrolabe","HolyWater"],"picked":"Sozu"}],"items_purged_floors":[31],"is_endless":false,"potions_floor_spawned":[2,3,13,14,16,18,19,21,29,41,45,47],"ascension_level":6}}