{"host":"ucgrft0m53zzt06v","time":1612071214,"event":{"mods":["BaseMod","Colored Map","Colored Powertips","Conspire","HololiveMod","KinomotoSakuraMod(木之本樱)","Lobotomy","Minty Spire (QoL Compilation)","Quick Restart","Replay The Spire","Shop Mod","Spicy Shops","StSLib","Td1madao Mod","The Senshi","Waifu the Spire","WarShipGirlsR/战舰少女R mod","【遗物卡牌】REMEMod"],"gold_per_floor":[114,16,33,44,77,77,3,3,3,38,38,76,93,168,168,276,326,365,464,135,135,135,180,180],"floor_reached":23,"language":"ZHS","playtime":1185,"items_purged":["rmod:strick"],"score":342,"play_id":"9629ce45-63e7-4c3d-870d-be2cc94ce5e0","local_time":"20210131133334","is_ascension_mode":true,"campfire_choices":[{"data":"rmod:supportaircraftcarrier","floor":6.0,"key":"SMITH"},{"data":"rmod:ridicule","floor":8.0,"key":"SMITH"},{"data":"rmod:spoils","floor":11.0,"key":"SMITH"},{"data":"rmod:secretscript","floor":15.0,"key":"SMITH"}],"circlet_count":0,"master_deck":["rmod:strick","rmod:defend","rmod:defend","rmod:defend","rmod:defend","rmod:basicallowance","rmod:maingunfire","rmod:ridicule","rmod:supportaircraftcarrier+1","Finesse+1","rmod:spoils+1","rmod:aviationdawn","rmod:ridicule+1","rmod:intelligenceanalysis","rmod:secretscript+1","rmod:stealaluminum","rmod:fuelsupply","rmod:chargemoney","rmod:lonelyqueen","Delirium"],"relics":["rmod:firstchargereward","REME_ComplimentaryCards","Boot","REME_LimitBreaker","Lantern","REME_HandOfSuture","MerchantsRug","ReplayTheSpireMod:Ring of Challenge","Ring of Panic"],"acts_visited":["Exordium","TheCity"],"potions_floor_usage":[23,23],"damage_taken":[{"damage":0.0,"enemies":"Cultist","floor":1.0,"turns":4.0},{"damage":0.0,"enemies":"2 Louse","floor":3.0,"turns":2.0},{"damage":0.0,"enemies":"Jaw Worm","floor":4.0,"turns":3.0},{"damage":1.0,"enemies":"2 Fungi Beasts","floor":5.0,"turns":5.0},{"damage":0.0,"enemies":"3 Sentries","floor":10.0,"turns":6.0},{"damage":0.0,"enemies":"Gremlin Nob","floor":12.0,"turns":2.0},{"damage":0.0,"enemies":"Large Slime","floor":13.0,"turns":2.0},{"damage":6.0,"enemies":"Fading Forest","floor":16.0,"turns":11.0},{"damage":31.0,"enemies":"Chosen","floor":18.0,"turns":5.0},{"damage":23,"enemies":"Slavers","floor":23,"turns":2}],"seed_played":"-1426769121899448140","potions_obtained":[{"floor":1.0,"key":"AttackPotion"},{"floor":5.0,"key":"Languid Potion"},{"floor":12.0,"key":"Block Potion"},{"floor":13.0,"key":"Venom Potion"},{"floor":17.0,"key":"SkillPotion"}],"is_trial":false,"path_per_floor":["M","$","M","M","M","R","$","R","T","E","R","E","M","?","R","B",null,"M","?","$","?","?","E"],"character_chosen":"PRAEFECT","items_purchased":["Finesse","DollysMirror","rmod:chargemoney","REME_HandOfSuture","MerchantsRug"],"campfire_rested":0,"item_purchase_floors":[2,7,20,20,20],"current_hp_per_floor":[68,68,68,68,67,67,67,67,67,67,67,67,67,56,56,62,73,42,42,42,42,42,19,19],"gold":180,"neow_bonus":"REMOVE_TWO","is_daily":false,"chose_seed":false,"campfire_upgraded":4,"win_rate":0.0,"timestamp":1612071214,"path_taken":["M","?","M","?","?","R","$","R","T","E","R","E","M","?","R","BOSS","M","?","$","?","?","E"],"items_purchased_type":["Card","Relic","Card","Relic","Relic"],"build_version":"2020-12-22","purchased_purges":1,"victory":false,"max_hp_per_floor":[68,68,68,68,68,68,68,68,68,68,68,68,68,68,68,68,73,73,73,73,73,73,73,73],"card_choices":[{"not_picked":["rmod:guardianhero","rmod:unsinkable"],"picked":"rmod:supportaircraftcarrier","floor":1.0},{"not_picked":["rmod:wolves","rmod:gendarmerie"],"picked":"rmod:spoils","floor":3.0},{"not_picked":["rmod:tearstotiara","rmod:firesupport","rmod:mineteam"],"picked":"SKIP","floor":4.0},{"not_picked":["rmod:spoils","rmod:ammunitionsupply"],"picked":"rmod:aviationdawn","floor":5.0},{"not_picked":["rmod:wasp","rmod:bulid"],"picked":"rmod:intelligenceanalysis","floor":10.0},{"not_picked":["rmod:garrisonisland","rmod:unsinkable"],"picked":"rmod:secretscript","floor":12.0},{"not_picked":["rmod:ammunitionsupply","rmod:slowdown","rmod:intelligenceanalysis"],"picked":"SKIP","floor":13.0},{"not_picked":["rmod:timeschanged","rmod:secretscript"],"picked":"rmod:stealaluminum","floor":16.0},{"not_picked":["rmod:ammunitionsupply","rmod:spoils"],"picked":"rmod:fuelsupply","floor":17.0},{"not_picked":["rmod:luckystar","rmod:highspeedshooting+1","rmod:garrisonisland"],"picked":"SKIP","floor":18.0}],"player_experience":137379,"relics_obtained":[{"floor":9.0,"key":"Boot"},{"floor":10.0,"key":"REME_LimitBreaker"},{"floor":12.0,"key":"Lantern"},{"floor":22.0,"key":"ReplayTheSpireMod:Ring of Challenge"},{"floor":22.0,"key":"Ring of Panic"}],"event_choices":[{"damage_healed":0.0,"max_hp_gain":0.0,"max_hp_loss":0.0,"gold_gain":75.0,"event_name":"World of Goop","player_choice":"Gather Gold","floor":14.0,"gold_loss":0.0,"damage_taken":11.0},{"damage_healed":0.0,"max_hp_gain":0.0,"max_hp_loss":0.0,"gold_gain":99.0,"event_name":"Nest","player_choice":"Stole From Cult","floor":19.0,"gold_loss":0.0,"damage_taken":0.0},{"damage_healed":0.0,"max_hp_gain":0.0,"max_hp_loss":0.0,"gold_gain":0.0,"event_name":"The Library","player_choice":"Read","floor":21.0,"gold_loss":0.0,"damage_taken":0.0,"cards_obtained":["rmod:lonelyqueen"]}],"is_beta":false,"boss_relics":[{"not_picked":["Hololive_Finger","Replay:Drink Me"],"picked":"Tiny House"}],"items_purged_floors":[20],"is_endless":false,"potions_floor_spawned":[1,5,12,13],"killed_by":"Slavers","ascension_level":3}}