{"host":"sbes2ysx244eovb1","time":1612104408,"event":{"mods":["Act Like it!","Aspiration","BaseMod","BetterRewards","Colored Map","Colored Powertips","Hallownest","Hubris","KomeijiMod","Minty Spire (QoL Compilation)","Quick Restart","Replay The Spire","StSLib","SuperFastMode","The Bug Knight","[IsaacMod]????"],"gold_per_floor":[117,117,117,55,55,55,83,97,170,241,261,84,116,116,116,217,217,230,247,247,274,374,87,138,165,165,198,198,198,212,230,230,335,335,345,362,240,286,286,313,328,68,68,93,112,138,149,177,177,177,177,177,63,181,181],"floor_reached":56,"language":"ENG","playtime":4494,"items_purged":["Voices","Hallownest:curseDreamersLament"],"score":1584,"play_id":"e5e81976-8dc6-4e7d-a453-1670d17c49d4","local_time":"20210131214648","is_ascension_mode":true,"campfire_choices":[{"data":"DoctorFetus","floor":6.0,"key":"SMITH"},{"data":"HollowMod:FocusHealStart","floor":15.0,"key":"SMITH"},{"data":"HollowMod:PogoStrike","floor":28,"key":"SMITH"},{"data":"HollowMod:NailStrikeStart","floor":32,"key":"SMITH"},{"data":"HollowMod:NailStrikeStart","floor":49,"key":"SMITH"},{"data":"HollowMod:NailStrikeStart","floor":52,"key":"SMITH"}],"circlet_count":0,"master_deck":["HollowMod:NailStrikeStart+1","HollowMod:NailStrikeStart+1","HollowMod:NailStrikeStart+1","HollowMod:NailStrikeStart+1","HollowMod:QuickDashStart","HollowMod:QuickDashStart","HollowMod:QuickDashStart","HollowMod:QuickDashStart","HollowMod:PogoStrike+1","HollowMod:Grubsong+1","HollowMod:AbyssShriek+1","HollowMod:MothsMistake+1","HollowMod:BrokenVessel+1","HollowMod:NewGlowingWomb+1","HollowMod:TaintedHusks+1","HollowMod:ShapeofUnn+1","HollowMod:ZotesMagnificence+1","HollowMod:WraithStrike+1","HollowMod:SiblingsSouls+1","HollowMod:VoidDash+1","HollowMod:MothsMistake+1","HollowMod:GreatSlash+1","HollowMod:CoiledNail+1","HollowMod:MonarchWings+1","HollowMod:DungDefenderAura+1","HollowMod:SoulMaster+1","HollowMod:SharpenedNail+1","HollowMod:PureVessel+1","HollowMod:CycloneSlash+1","HollowMod:FastStrike+1","HollowMod:ShadowDash+1","HollowMod:SoulEater+1","HollowMod:SharpenedShadows+1","HollowMod:WraithStrike+1","HollowMod:NewJinnsSoul+1","HollowMod:InfectionAssault+1","HollowMod:MothsMistake+1","HollowMod:LordofShades+1","Apotheosis+1"],"relics":["HollowMod:VesselMask","HushsDoor","Mummified Hand","Frozen Egg 2","Toxic Egg 2","Molten Egg 2","GuppysPaw","Replay:Accelerometer","Replay:Towering Pillar of Hats","Tiny Chest","The Courier","Ring of Panic","ReplayTheSpireMod:Ring of Collecting","aspiration:ChemicalBlood","Ring of Misfortune","Letter Opener","Ring of Searing","Iron Hammer","Chaos","Replay:PocketPolymizer","Ring of Fury","Bird Faced Urn","PunchingBag","PokeGo","Replay:Rubber Ducky","ReplayTheSpireMod:Ring of Exchange","hubris:EmptyBottle","aspiration:StickyExplosives_weak","EdensBlessing","MoneyPower","Boot","Ring of Peace","HornCleat","Hallownest:BeastSealRelic","NineVolt","Potion Belt","Ring of Fangs","Toy Ornithopter","JudasShadow","SharpPlug","Pen Nib","Tiny House"],"acts_visited":["Exordium","Exordium","Hallownest:CityofTears","TheEnding"],"potions_floor_usage":[27,27,33,33,33,33,33,33,35,35,36,36,44,44,46,46,47,47,48,48,50,50,50,50,54,54,55,55,55,55,55,55,55,55,55,55,55,55,55,55,55,55,55,55,55,55,55,55,55,55,55,55,55,55,55,55,55,55,55,55,55,55,55,55,55,55,55,55,55,55,55,55,55,55,55],"damage_taken":[{"damage":6.0,"enemies":"Jaw Worm","floor":1.0,"turns":5.0},{"damage":12.0,"enemies":"Lagavulin","floor":7.0,"turns":4.0},{"damage":0.0,"enemies":"2 Louse","floor":8.0,"turns":2.0},{"damage":0.0,"enemies":"Small Slimes","floor":11.0,"turns":2.0},{"damage":14.0,"enemies":"Gremlin Nob","floor":13.0,"turns":3.0},{"damage":43.0,"enemies":"Fading Forest","floor":16.0,"turns":9.0},{"damage":28.0,"enemies":"Hallownest:2_Mistakes","floor":18.0,"turns":4.0},{"damage":25.0,"enemies":"Hallownest:3_Youths","floor":19.0,"turns":4.0},{"damage":33.0,"enemies":"Hallownest:Glutton_and_Coward","floor":24.0,"turns":4.0},{"damage":33,"enemies":"Hallownest:eliteWatcherKnight","floor":25,"turns":7},{"damage":16,"enemies":"Hallownest:Nosk","floor":27,"turns":4},{"damage":10,"enemies":"Hallownest:3_Mistakes","floor":30,"turns":3},{"damage":17,"enemies":"Hallownest:monsterMisterMushroom","floor":31,"turns":4},{"damage":30,"enemies":"Hallownest:BossMantisLord","floor":33,"turns":4},{"damage":27,"enemies":"Hallownest:2_Littles","floor":35,"turns":2},{"damage":0,"enemies":"Hallownest:Shield_Heavy","floor":36,"turns":1},{"damage":24,"enemies":"Hallownest:eliteCollector","floor":40,"turns":6},{"damage":10,"enemies":"Hallownest:monsterPrimalAspid","floor":41,"turns":3},{"damage":28,"enemies":"Hallownest:StalkingDevout","floor":44,"turns":6},{"damage":15,"enemies":"Hallownest:2_Great","floor":45,"turns":4},{"damage":42,"enemies":"Hallownest:eliteHiveKnight","floor":46,"turns":4},{"damage":5,"enemies":"Hallownest:2_Soldiers_and_1_Guardian","floor":47,"turns":3},{"damage":28,"enemies":"Hallownest:StalkingDevout","floor":48,"turns":5},{"damage":11,"enemies":"Hallownest:Radiance","floor":50,"turns":6},{"damage":83,"enemies":"Shield and Spear","floor":54,"turns":5},{"damage":1506,"enemies":"Delirium","floor":55,"turns":23}],"seed_played":"-7680955861441939628","potions_obtained":[{"floor":8.0,"key":"JyouchiReiPotion"},{"floor":11.0,"key":"Swift Potion"},{"floor":16.0,"key":"PowerPotion"},{"floor":19.0,"key":"Strength Potion"},{"floor":35,"key":"PowerPotion"},{"floor":45,"key":"Weak Potion"},{"floor":54,"key":"Fruit Juice"},{"floor":55,"key":"Fire Potion"},{"floor":55,"key":"ColorlessPotion"}],"is_trial":false,"path_per_floor":["M","?","?","$","?","R","E","M","T","T","M","$","E","?","R","B",null,"M","M","?","T","?","$","M","E","T","E","R","?","M","M","R","B",null,"M","M","$","T","?","E","M","$","T","E","M","E","M","E","R","B",null,"R","$","E","B",null],"character_chosen":"THE_BUGKNIGHT","items_purchased":["HollowMod:Grubsong+1","GuppysPaw","Replay:Accelerometer","HollowMod:MothsMistake+1","Chaos","PunchingBag","HollowMod:MothsMistake+1","Boot","Potion Belt","HollowMod:SoulEater+1","Pen Nib"],"campfire_rested":0,"item_purchase_floors":[0,0,0,4,12,23,23,37,42,42,53],"current_hp_per_floor":[72,60,60,60,60,60,48,48,48,48,48,48,70,70,70,64,72,72,53,53,53,53,53,67,56,56,60,60,60,54,49,49,69,72,69,72,72,72,72,60,64,64,64,53,69,67,69,72,72,72,72,72,72,86,282],"gold":181,"neow_bonus":"","is_daily":false,"chose_seed":false,"campfire_upgraded":6,"win_rate":0.0,"timestamp":1612104408,"path_taken":["M","?","?","$","?","R","E","?","T","?","M","?","E","?","R","BOSS","M","M","?","?","?","?","M","E","T","E","R","?","M","M","R","BOSS","M","M","$","?","?","E","M","$","T","E","?","E","M","E","R","BOSS","R","$","E","BOSS"],"items_purchased_type":["Card","Relic","Relic","Card","Card","Relic","Card","Relic","Relic","Card","Relic"],"build_version":"2020-12-22","purchased_purges":2,"victory":true,"max_hp_per_floor":[72,72,72,72,72,72,72,72,72,72,72,72,72,72,72,72,72,72,72,72,72,72,72,72,72,72,72,72,72,72,72,72,72,72,72,72,72,72,72,72,72,72,72,72,72,72,72,72,72,72,72,72,72,87,287],"card_choices":[{"not_picked":[],"picked":"DoctorFetus","floor":0.0},{"not_picked":["HollowMod:TaintedHusks+1","HollowMod:InfectedCysts+1"],"picked":"HollowMod:AbyssShriek+1","floor":1.0},{"not_picked":["HollowMod:SiblingsShadow+1","HollowMod:NewLittleFool+1"],"picked":"HollowMod:BrokenVessel+1","floor":7.0},{"not_picked":["HollowMod:NewJinnsSoul+1","HollowMod:DashSlash+1"],"picked":"HollowMod:NewGlowingWomb+1","floor":8.0},{"not_picked":["HollowMod:CycloneSlash+1","HollowMod:LifebloodCocoon+1"],"picked":"HollowMod:TaintedHusks+1","floor":11.0},{"not_picked":["HollowMod:PureNailStrike+1","HollowMod:SharpenedNail+1"],"picked":"HollowMod:ShapeofUnn+1","floor":13.0},{"not_picked":["HollowMod:LifebloodCore+1","HollowMod:HornetsHelp+1"],"picked":"HollowMod:ZotesMagnificence+1","floor":16.0},{"not_picked":["HollowMod:SiblingsSouls+1","HollowMod:Grubsong+1"],"picked":"HollowMod:WraithStrike+1","floor":18.0},{"not_picked":["HollowMod:FallenFury+1","HollowMod:SharpenedNail+1"],"picked":"HollowMod:SiblingsSouls+1","floor":19.0},{"not_picked":["HollowMod:SiblingsSouls+1","HollowMod:InfectedAttack+1"],"picked":"HollowMod:VoidDash+1","floor":22.0},{"not_picked":["HollowMod:TaintedHusks+1","HollowMod:DescendingDark+1"],"picked":"HollowMod:GreatSlash+1","floor":24.0},{"not_picked":["HollowMod:SoulStrike+1","HollowMod:SoulSplash+1"],"picked":"HollowMod:CoiledNail+1","floor":25},{"not_picked":["HollowMod:HeavyBlow+1","HollowMod:GoodIntentions+1"],"picked":"HollowMod:MonarchWings+1","floor":27},{"not_picked":["HollowMod:CloakDash+1","HollowMod:PureNailStrike+1"],"picked":"HollowMod:SoulMaster+1","floor":30},{"not_picked":["HollowMod:DoubleDash+1","HollowMod:MonarchWings+1"],"picked":"HollowMod:SiblingsSouls+1","floor":31},{"not_picked":["HollowMod:theNailsmith+1","HollowMod:AwokenDreamNail+1"],"picked":"HollowMod:PureVessel+1","floor":33},{"not_picked":["HollowMod:SoulStrike+1","HollowMod:TaintedHusks+1"],"picked":"HollowMod:CycloneSlash+1","floor":35},{"not_picked":["HollowMod:DescendingDark+1","HollowMod:CoiledNail+1"],"picked":"HollowMod:FastStrike+1","floor":36},{"not_picked":["HollowMod:PerfectDash+1","HollowMod:CornifersMapStart+1"],"picked":"HollowMod:DesolateDive+1","floor":40},{"not_picked":["HollowMod:HeavyBlow+1","HollowMod:ChannelNail+1"],"picked":"HollowMod:ShadowDash+1","floor":41},{"not_picked":["HollowMod:SoulSplash+1","HollowMod:LifebloodCore+1"],"picked":"HollowMod:SharpenedShadows+1","floor":44},{"not_picked":["HollowMod:RecoilStrike+1","HollowMod:GoodIntentions+1"],"picked":"HollowMod:WraithStrike+1","floor":45},{"not_picked":["HollowMod:NewLittleFool+1","HollowMod:TaintedHusks+1"],"picked":"HollowMod:NewJinnsSoul+1","floor":46},{"not_picked":["HollowMod:Grubsong+1","HollowMod:NewLittleFool+1"],"picked":"HollowMod:InfectionAssault+1","floor":47},{"not_picked":["HollowMod:MantisMark+1","HollowMod:CoiledNail+1"],"picked":"HollowMod:MothsMistake+1","floor":48}],"player_experience":211606,"relics_obtained":[{"floor":5.0,"key":"Ring of Panic"},{"floor":5.0,"key":"ReplayTheSpireMod:Ring of Collecting"},{"floor":7.0,"key":"aspiration:ChemicalBlood"},{"floor":9.0,"key":"Ring of Misfortune"},{"floor":9.0,"key":"Letter Opener"},{"floor":10.0,"key":"Ring of Searing"},{"floor":10.0,"key":"Iron Hammer"},{"floor":21.0,"key":"Ring of Fury"},{"floor":21.0,"key":"Bird Faced Urn"},{"floor":25,"key":"Replay:Rubber Ducky"},{"floor":26,"key":"ReplayTheSpireMod:Ring of Exchange"},{"floor":26,"key":"hubris:EmptyBottle"},{"floor":27,"key":"aspiration:StickyExplosives_weak"},{"floor":38,"key":"Ring of Peace"},{"floor":38,"key":"HornCleat"},{"floor":40,"key":"NineVolt"},{"floor":43,"key":"Ring of Fangs"},{"floor":43,"key":"Toy Ornithopter"},{"floor":46,"key":"JudasShadow"},{"floor":48,"key":"SharpPlug"},{"floor":54,"key":"Tiny House"}],"event_choices":[{"damage_healed":0.0,"max_hp_gain":0.0,"max_hp_loss":0.0,"gold_gain":0.0,"event_name":"Scrap Ooze","player_choice":"Success","floor":2.0,"gold_loss":0.0,"damage_taken":12.0,"relics_obtained":["Tiny Chest"]},{"damage_healed":0.0,"max_hp_gain":0.0,"max_hp_loss":0.0,"gold_gain":0.0,"event_name":"Big Fish","player_choice":"Box","floor":3.0,"gold_loss":0.0,"damage_taken":0.0,"relics_obtained":["The Courier"],"cards_obtained":["Regret"]},{"cards_removed":["Regret"],"damage_healed":0.0,"max_hp_gain":0.0,"max_hp_loss":0.0,"gold_gain":0.0,"event_name":"Living Wall","player_choice":"Forget","floor":14.0,"gold_loss":0.0,"damage_taken":0.0}],"is_beta":false,"boss_relics":[{"not_picked":["aspiration:DefectSkillbook","Mercury Hourglass"],"picked":"Replay:PocketPolymizer"},{"not_picked":[]},{"not_picked":["TuHaoJin","BlankCard"],"picked":"MoneyPower"},{"not_picked":[]}],"items_purged_floors":[12,42],"is_endless":false,"potions_floor_spawned":[8,11,16,19,30,31,35,36,45,46],"ascension_level":1}}