{"host":"v4pe0ixo3k7iwzp0","time":1612090317,"event":{"mods":["Ascension Reborn","BaseMod","Bestiary","Highlight Path","Minty Spire (QoL Compilation)","StSLib","The Marked","The Servant 0.9.4"],"gold_per_floor":[119,134,151,28,45,45,45,56,56,33,49,49,49,49,49,147,197,211,56,73,88,14,32,32,32,59,79,79,91,109,140,140,240,240,251,265,77,90,90,90,90,90],"floor_reached":41,"language":"ENG","playtime":4577,"items_purged":["Strike_S"],"score":432,"play_id":"22d7f5c6-f93b-427f-b74d-8e0a28477471","local_time":"20210131025157","is_ascension_mode":true,"campfire_choices":[{"floor":6.0,"key":"REST"},{"data":"TimeWarp","floor":13.0,"key":"SMITH"},{"data":"1","floor":15.0,"key":"LIFT"},{"floor":24.0,"key":"REST"},{"floor":28.0,"key":"REST"},{"floor":32.0,"key":"REST"},{"data":"Replace","floor":40,"key":"SMITH"}],"circlet_count":0,"master_deck":["Strike_S+1","Strike_S+1","Strike_S+1","Defend_S+1","Defend_S+1","Defend_S+1","Defend_S+1","KidneyShot","Exchange+1","TimeWarp+1","Potential","FastForward","ShatteredReality","Alleviate+1","Potential","PendulumOfEternity","Replace+1","Replace+1","Advance","ShiftingGears","Potential","Rewind","BestPractice","Replace+1","ShatteredReality","Replace+1","Alleviate","Dilation","Alleviate+1","ShatteredReality","ShiftingGears","Replace+1","WasteNot"],"relics":["Uniform","Girya","Tiny House","Strawberry","Kunai","Black Star","DollysMirror"],"acts_visited":["Exordium","TheCity","TheBeyond"],"potions_floor_usage":[38,38],"damage_taken":[{"damage":1.0,"enemies":"Jaw Worm","floor":1.0,"turns":5.0},{"damage":12.0,"enemies":"Small Slimes","floor":2.0,"turns":4.0},{"damage":7.0,"enemies":"2 Louse","floor":3.0,"turns":2.0},{"damage":9.0,"enemies":"Blue Slaver","floor":5.0,"turns":5.0},{"damage":10.0,"enemies":"Exordium Wildlife","floor":8.0,"turns":5.0},{"damage":11.0,"enemies":"Large Slime","floor":11.0,"turns":5.0},{"damage":10.0,"enemies":"The Guardian","floor":16.0,"turns":9.0},{"damage":4.0,"enemies":"Chosen","floor":18.0,"turns":6.0},{"damage":31.0,"enemies":"2 Thieves","floor":20.0,"turns":5.0},{"damage":30.0,"enemies":"Cultist and Chosen","floor":21.0,"turns":5.0},{"damage":8.0,"enemies":"Centurion and Healer","floor":23.0,"turns":6.0},{"damage":8.0,"enemies":"Snecko","floor":27.0,"turns":5.0},{"damage":2.0,"enemies":"Cultist and Chosen","floor":29.0,"turns":7.0},{"damage":4.0,"enemies":"Centurion and Healer","floor":30.0,"turns":6.0},{"damage":19.0,"enemies":"Slavers","floor":31.0,"turns":5.0},{"damage":53.0,"enemies":"Champ","floor":33.0,"turns":13.0},{"damage":10.0,"enemies":"3 Shapes","floor":35.0,"turns":2.0},{"damage":22.0,"enemies":"3 Darklings","floor":36.0,"turns":8.0},{"damage":21,"enemies":"Maw","floor":38,"turns":7},{"damage":79,"enemies":"Transient","floor":41,"turns":5}],"seed_played":"1142544024680785674","potions_obtained":[{"floor":2.0,"key":"SkillPotion"},{"floor":5.0,"key":"AttackPotion"},{"floor":8.0,"key":"Regen Potion"},{"floor":16.0,"key":"EssenceOfSteel"},{"floor":17.0,"key":"SneckoOil"},{"floor":20.0,"key":"Strength Potion"},{"floor":23.0,"key":"Swift Potion"},{"floor":31.0,"key":"DuplicationPotion"},{"floor":36.0,"key":"DistilledChaos"}],"is_trial":false,"path_per_floor":["M","M","M","$","M","R","?","M","T","$","M","?","R","$","R","B",null,"M","$","M","M","$","M","R","?","T","M","R","M","M","E","R","B",null,"M","M","$","M","?","R","M"],"character_chosen":"THE_SERVANT","items_purchased":["ShatteredReality","Potential","Advance","ShiftingGears","BestPractice","ShiftingGears","DollysMirror"],"campfire_rested":4,"item_purchase_floors":[4,10,19,19,22,37,37],"current_hp_per_floor":[70,58,51,51,42,63,63,53,53,53,42,65,65,65,65,55,76,72,72,41,11,11,18,40,40,47,39,63,61,57,38,62,9,83,73,51,51,30,73,73,0,0],"gold":90,"neow_bonus":"TEN_PERCENT_HP_BONUS","is_daily":false,"chose_seed":false,"campfire_upgraded":2,"win_rate":0.0,"timestamp":1612090317,"path_taken":["M","M","M","$","M","R","?","M","T","$","M","?","R","$","R","BOSS","M","$","M","M","$","M","R","?","T","M","R","M","M","E","R","BOSS","M","M","$","M","?","R","M"],"items_purchased_type":["Card","Card","Card","Card","Card","Card","Relic"],"build_version":"2020-12-22","purchased_purges":1,"victory":false,"max_hp_per_floor":[71,71,71,71,71,71,71,71,71,71,71,71,71,71,71,71,76,76,76,76,76,76,76,76,76,83,83,83,83,83,83,83,83,83,83,83,83,83,73,73,73,73],"card_choices":[{"not_picked":["Spin","Defy"],"picked":"TimeWarp","floor":1.0},{"not_picked":["WasteNot","Gouge"],"picked":"Potential","floor":2.0},{"not_picked":["Rewind","Revamp"],"picked":"FastForward","floor":3.0},{"not_picked":["DoubleEdge","Replace","Spin"],"picked":"SKIP","floor":5.0},{"not_picked":["Rearm","Unruled"],"picked":"Alleviate","floor":8.0},{"not_picked":["Sunlight","BottledTime","Shuttle"],"picked":"SKIP","floor":11.0},{"not_picked":["Sunlight","BottledTime","Shuttle"],"picked":"SKIP","floor":11.0},{"not_picked":["Solidify","MurderousAura"],"picked":"PendulumOfEternity","floor":16.0},{"not_picked":["Hightail","DoubleEdge"],"picked":"Replace","floor":17.0},{"not_picked":["Spin+1","Desolation"],"picked":"Replace+1","floor":18.0},{"not_picked":["DoubleEdge","Ricochet"],"picked":"Potential","floor":20.0},{"not_picked":["Misdirection+1","Defy+1"],"picked":"Rewind","floor":21.0},{"not_picked":["FanOfKnives","Luminosity"],"picked":"Replace+1","floor":23.0},{"not_picked":["Misdirection+1","Replace","Desolation+1"],"picked":"SKIP","floor":27.0},{"not_picked":["Moonlight","Rearm"],"picked":"ShatteredReality","floor":29.0},{"not_picked":["Defy","FanOfKnives"],"picked":"Replace+1","floor":30.0},{"not_picked":["Starlight+1","FanOfKnives"],"picked":"Alleviate","floor":31.0},{"not_picked":["Solidify","Sunlight"],"picked":"Dilation","floor":33.0},{"not_picked":["Gouge","Spin"],"picked":"Alleviate+1","floor":35.0},{"not_picked":["InstantArmor+1","Rearm+1"],"picked":"ShatteredReality","floor":36.0},{"not_picked":["FanOfKnives","Rearm+1"],"picked":"WasteNot","floor":38}],"player_experience":160428,"relics_obtained":[{"floor":9.0,"key":"Girya"},{"floor":26.0,"key":"Strawberry"},{"floor":31.0,"key":"Kunai"}],"event_choices":[{"damage_healed":0.0,"max_hp_gain":0.0,"max_hp_loss":0.0,"gold_gain":0.0,"event_name":"Living Wall","player_choice":"Grow","floor":7.0,"gold_loss":0.0,"damage_taken":0.0,"cards_upgraded":["Exchange"]},{"damage_healed":23.0,"max_hp_gain":0.0,"max_hp_loss":0.0,"gold_gain":0.0,"event_name":"Big Fish","player_choice":"Banana","floor":12.0,"gold_loss":0.0,"damage_taken":0.0},{"damage_healed":0.0,"max_hp_gain":0.0,"max_hp_loss":0.0,"gold_gain":0.0,"event_name":"Back to Basics","player_choice":"Simplicity","floor":25.0,"gold_loss":0.0,"damage_taken":0.0,"cards_upgraded":["Strike_S","Strike_S","Strike_S","Defend_S","Defend_S","Defend_S","Defend_S"]},{"damage_healed":73,"gold_gain":0,"player_choice":"Heal","damage_taken":0,"max_hp_gain":0,"max_hp_loss":10,"event_name":"The Moai Head","floor":39,"gold_loss":0}],"is_beta":false,"boss_relics":[{"not_picked":["Velvet Choker","Sozu"],"picked":"Tiny House"},{"not_picked":["Coffee Dripper","Busted Crown"],"picked":"Black Star"}],"items_purged_floors":[4],"is_endless":false,"potions_floor_spawned":[2,5,8,16,20,21,23,31,36],"killed_by":"Transient","ascension_level":0}}