{"host":"28l6rxaym5axvxqh","time":1612086866,"event":{"mods":["Act Like it!","Arknights","BaseMod","Downfall","Gensokyo","Minty Spire (QoL Compilation)","Pale of the Ancients","StSLib"],"gold_per_floor":[116,130,141,141,14,14,43,43,43,58,91,109,109,109,109,208,208,226,226,226,238,338,364,364,380,435,216,229,229,0,14,14,114,114,131,151,15,15,15,15,15,40,40,40,51,76,26,39,39,39],"floor_reached":51,"language":"ZHS","playtime":3374,"items_purged":["Pain","ats:Strike S"],"score":758,"play_id":"f1e94d71-04e4-4e94-b822-fef83c0dbcc1","local_time":"20210131175426","is_ascension_mode":false,"campfire_choices":[{"data":"ats:Demon Strength","floor":6.0,"key":"SMITH"},{"data":"ats:Flexible Camouflage","floor":8.0,"key":"SMITH"},{"floor":13.0,"key":"DIG"},{"floor":15.0,"key":"DIG"},{"data":"ats:Thorns","floor":29.0,"key":"SMITH"},{"data":"ats:Calcification","floor":32.0,"key":"SMITH"},{"data":"ats:Demon Strength","floor":40.0,"key":"SMITH"},{"data":"ats:Soul Rend","floor":49.0,"key":"SMITH"}],"circlet_count":0,"master_deck":["ats:Strike C","ats:Strike G","ats:Strike V","ats:Armor Crushing Shot","ats:Defend","ats:Defend","ats:Emotion Absorption","ats:Curse Doll","ats:Demon Strength+1","ats:Guard Mode","ats:Overload","ats:Part Time Job","ats:Flexible Camouflage+1","ats:Healing Drone","ats:Thorns+1","ats:Soul Rend+1","ats:True Silver Slash","ats:Very Hot Blade","ats:Red Shift","ats:Chain Hook","ats:Serious Mode","ats:True Silver Slash","ats:Song Of Battle+1","ats:Calcification+1","ats:Echo Reverb","ats:Soul Rend","ats:Demon Strength+1","ats:Apocalypse+1","ats:Very Hot Blade+1"],"relics":["ats:Sanity","ats:Originium","ats:Emergency Defibrillator","Shovel","Boot","Dream Catcher","WingedGreaves","ats:Hidden Killer","Gensokyo:LunaticRedEyes","Centennial Puzzle","Velvet Choker","Bird Faced Urn","Prayer Wheel","FossilizedHelix","ats:Bonebreaker","Gensokyo:MosesMiracle","Nunchaku","Bronze Scales","Bag of Preparation","ats:Tactical Delivery","Calipers","Gensokyo:EmptyGrave","MealTicket","Bottled Flame","Letter Opener","Smiling Mask","Meat on the Bone","Lizard Tail"],"acts_visited":["Gensokyo:Gensokyo","Gensokyo:Gensokyoer","Gensokyo:Gensokyoest"],"potions_floor_usage":[50,50,50],"damage_taken":[{"damage":13.0,"enemies":"Gensokyo:Gryphon","floor":1.0,"turns":5.0},{"damage":1.0,"enemies":"Gensokyo:3_Fairies","floor":2.0,"turns":6.0},{"damage":10.0,"enemies":"Gensokyo:Python","floor":3.0,"turns":4.0},{"damage":18.0,"enemies":"Gensokyo:Mamizou","floor":7.0,"turns":7.0},{"damage":20.0,"enemies":"Gensokyo:3_Kodama","floor":10.0,"turns":8.0},{"damage":17.0,"enemies":"Gensokyo:Aya","floor":11.0,"turns":6.0},{"damage":21.0,"enemies":"Gensokyo:2_Rabbits","floor":12.0,"turns":7.0},{"damage":56.0,"enemies":"Gensokyo:Kokoro","floor":16.0,"turns":11.0},{"damage":39.0,"enemies":"Gensokyo:AngelMirror","floor":18.0,"turns":5.0},{"damage":11.0,"enemies":"Gensokyo:3_Dogs","floor":21.0,"turns":3.0},{"damage":45.0,"enemies":"Gensokyo:3_Dogs","floor":22.0,"turns":8.0},{"damage":40.0,"enemies":"Gensokyo:Reisen","floor":23.0,"turns":7.0},{"damage":23.0,"enemies":"Gensokyo:Slime_Group","floor":25.0,"turns":4.0},{"damage":23.0,"enemies":"Gensokyo:Wraith","floor":28.0,"turns":5.0},{"damage":30.0,"enemies":"Gensokyo:Monolith_and_Dog","floor":31.0,"turns":5.0},{"damage":51.0,"enemies":"Gensokyo:Kaguya","floor":33.0,"turns":9.0},{"damage":0.0,"enemies":"Gensokyo:3_Bats","floor":35.0,"turns":3.0},{"damage":0.0,"enemies":"Gensokyo:3_Boulders","floor":36.0,"turns":2.0},{"damage":45.0,"enemies":"Gensokyo:Kasen","floor":42.0,"turns":6.0},{"damage":0.0,"enemies":"Gensokyo:4_Bats","floor":45.0,"turns":3.0},{"damage":66.0,"enemies":"Gensokyo:Marisa","floor":46.0,"turns":6.0},{"damage":63.0,"enemies":"Gensokyo:Sharpion","floor":48.0,"turns":7.0},{"damage":23,"enemies":"Gensokyo:Yuyuko","floor":50,"turns":5}],"seed_played":"6773718976666767447","potions_obtained":[{"floor":1.0,"key":"CultistPotion"},{"floor":7.0,"key":"Ancient Potion"},{"floor":10.0,"key":"SkillPotion"},{"floor":21.0,"key":"EntropicBrew"},{"floor":28.0,"key":"Regen Potion"},{"floor":42.0,"key":"Strength Potion"},{"floor":45.0,"key":"bronze:BurnAndBuffPotion"}],"is_trial":false,"path_per_floor":["M","M","M","?","COS","R","E","R","T","M","E","M","R","?","R","B",null,"M","?","?","M","?","E","?","M","T","COS","M","R","$","M","R","B",null,"M","M","COS","$","?","R","?","E","T","?","M","E","$","M","R","B",null],"character_chosen":"DOCTOR_CLASS","items_purchased":["Bronze Scales"],"campfire_rested":0,"item_purchase_floors":[30],"current_hp_per_floor":[66,65,55,55,55,55,43,43,43,29,23,58,58,58,58,24,79,51,51,51,44,53,44,44,41,41,41,43,43,43,26,26,49,73,73,73,73,73,68,68,68,60,60,50,68,33,48,42,42,42],"gold":39,"neow_bonus":"TEN_PERCENT_HP_BONUS","is_daily":false,"chose_seed":false,"campfire_upgraded":6,"win_rate":0.0,"timestamp":1612086866,"path_taken":["M","M","M","?","COS","R","E","R","T","M","E","M","R","?","R","BOSS","M","?","?","?","?","E","?","M","T","COS","?","R","$","M","R","BOSS","M","M","COS","$","?","R","?","E","T","?","?","E","$","M","R","BOSS"],"items_purchased_type":["Relic"],"build_version":"2020-12-22","purchased_purges":2,"victory":true,"max_hp_per_floor":[79,79,79,79,79,79,79,79,79,79,79,79,79,79,79,79,79,79,79,73,73,73,73,73,73,73,73,73,73,73,73,73,73,73,73,73,73,73,68,68,68,68,68,68,68,68,68,68,68,68],"card_choices":[{"not_picked":["ats:Ignite","ats:Assault Order"],"picked":"ats:Curse Doll","floor":1.0},{"not_picked":["ats:Very Hot Blade","ats:Neurotoxin"],"picked":"ats:Demon Strength","floor":2.0},{"not_picked":["ats:Spore Proliferation","ats:Powerful Strike"],"picked":"ats:Guard Mode","floor":3.0},{"not_picked":["ats:Absolute Focus","ats:Curse Doll"],"picked":"ats:Overload","floor":4.0},{"not_picked":["ats:Song Of Battle","ats:Assault Order"],"picked":"ats:Part Time Job","floor":4.0},{"not_picked":["ats:Hammer On","ats:Ignite"],"picked":"ats:Flexible Camouflage","floor":7.0},{"not_picked":["ats:Hook Shot","ats:Absolute Focus"],"picked":"ats:Healing Drone","floor":10.0},{"not_picked":["ats:Guard Mode","ats:Powerful Strike"],"picked":"ats:Thorns","floor":11.0},{"not_picked":["ats:Ignite","ats:Consecutive Shot Auto"],"picked":"ats:Soul Rend","floor":12.0},{"not_picked":["ats:Disruption Kick","ats:Dogmatic Field"],"picked":"ats:True Silver Slash","floor":16.0},{"not_picked":["ats:Flexible Camouflage","ats:Curse Doll"],"picked":"ats:Very Hot Blade","floor":18.0},{"not_picked":["ats:Guard Mode+1","ats:Flame Of Heaven+1"],"picked":"ats:Chain Hook","floor":21.0},{"not_picked":["ats:Apocalypse","ats:Shell Defense"],"picked":"ats:Serious Mode","floor":22.0},{"not_picked":["ats:Revitalization","ats:Steam Pump+1"],"picked":"ats:True Silver Slash","floor":23.0},{"not_picked":["ats:Sunburst+1","ats:Revitalization","ats:Guard Mode"],"picked":"SKIP","floor":25.0},{"not_picked":["ats:Ignite","ats:Powerful Strike","ats:Explosion Area Strengthen"],"picked":"SKIP","floor":25.0},{"not_picked":["ats:Charging Defense+1","ats:Chain Hook"],"picked":"ats:Song Of Battle+1","floor":28.0},{"not_picked":["ats:Absolute Focus","ats:Leaping Hammer","ats:Explosion Area Strengthen"],"picked":"SKIP","floor":28.0},{"not_picked":["ats:Wolf Pack","ats:Shadow Assault"],"picked":"ats:Calcification","floor":31.0},{"not_picked":["ats:Encircling Forest","ats:Directed Diagnosis"],"picked":"ats:Echo Reverb","floor":31.0},{"not_picked":["ats:Hammer On","ats:Flexible Camouflage","ats:LN2 Cannon"],"picked":"SKIP","floor":31.0},{"not_picked":["ats:Durian","ats:Roar Of Ursus"],"picked":"ats:Soul Rend","floor":33.0},{"not_picked":["ats:Burning Ground","ats:Shell Defense"],"picked":"ats:Demon Strength","floor":35.0},{"not_picked":["ats:Ignite","ats:Leaping Hammer+1","ats:Blood Oath"],"picked":"SKIP","floor":35.0},{"not_picked":["ats:Hammer On+1","ats:Spore Proliferation+1"],"picked":"ats:Apocalypse+1","floor":36.0},{"not_picked":["ats:Explosion Area Strengthen+1","ats:Hammer On+1","ats:Guard Mode"],"picked":"SKIP","floor":36.0},{"not_picked":["ats:Flame Of Heaven+1","ats:Cat Scratch","ats:Echo Reverb"],"picked":"SKIP","floor":42.0},{"not_picked":["ats:Collapsing Strike+1","ats:Apocalypse+1"],"picked":"ats:Very Hot Blade+1","floor":45.0},{"not_picked":["ats:Powerful Strike+1","ats:Hammer On","ats:Blood Oath"],"picked":"SKIP","floor":45.0},{"not_picked":["ats:Hammer On","ats:Consecutive Shot Auto+1","ats:Blood Oath+1"],"picked":"SKIP","floor":46.0},{"not_picked":["ats:Hammer On","ats:Consecutive Shot Auto+1","ats:Blood Oath+1"],"picked":"SKIP","floor":46.0},{"not_picked":["ats:Very Hot Blade","ats:Revitalization","ats:Serious Mode+1"],"picked":"SKIP","floor":48.0},{"not_picked":["ats:Very Hot Blade","ats:Thermite Blade+1","ats:Revitalization"],"picked":"SKIP","floor":48.0}],"player_experience":10225,"relics_obtained":[{"floor":7.0,"key":"ats:Originium"},{"floor":7.0,"key":"ats:Emergency Defibrillator"},{"floor":9.0,"key":"Shovel"},{"floor":11.0,"key":"ats:Originium"},{"floor":11.0,"key":"Dream Catcher"},{"floor":13.0,"key":"ats:Hidden Killer"},{"floor":15.0,"key":"Centennial Puzzle"},{"floor":22.0,"key":"Prayer Wheel"},{"floor":22.0,"key":"FossilizedHelix"},{"floor":23.0,"key":"ats:Originium"},{"floor":23.0,"key":"ats:Bonebreaker"},{"floor":26.0,"key":"Nunchaku"},{"floor":31.0,"key":"Gensokyo:MosesMiracle"},{"floor":42.0,"key":"Bottled Flame"},{"floor":43.0,"key":"Letter Opener"},{"floor":46.0,"key":"Smiling Mask"}],"event_choices":[],"is_beta":false,"boss_relics":[{"not_picked":["SacredBark","Busted Crown"],"picked":"Velvet Choker"},{"not_picked":["Runic Dome","ats:Sanity Plus"],"picked":"ats:Tactical Delivery"}],"items_purged_floors":[30,47],"is_endless":false,"potions_floor_spawned":[1,7,10,21,22,28,42,45],"ascension_level":0}}