{"host":"hszimsrtxxc2k25w","time":1612107468,"event":{"mods":["AchievementEnabler","BaseMod","Colored Map","DeckTracker","Minty Spire (QoL Compilation)","Rare Cards Sparkle","SuperFastMode"],"gold_per_floor":[116,266,266,276,288,288,315,315,339,349,349,360,163,163,163,254,254,272,197,221,0,0,0,41,62,115,115,158,13,37,37,37,130,130,130,130],"floor_reached":35,"language":"KOR","playtime":866,"items_purged":["Doubt","Strike_G","Strike_G"],"score":889,"play_id":"fc42c32a-f276-4644-856b-10ca269a12b1","local_time":"20210201003748","is_ascension_mode":true,"campfire_choices":[{"data":"Deadly Poison","floor":6,"key":"SMITH"},{"data":"Crippling Poison","floor":8,"key":"SMITH"},{"data":"Catalyst","floor":11,"key":"SMITH"},{"data":"Noxious Fumes","floor":15,"key":"SMITH"},{"data":"Leg Sweep","floor":23,"key":"SMITH"},{"floor":27,"key":"REST"},{"data":"Wraith Form v2","floor":32,"key":"SMITH"}],"circlet_count":0,"master_deck":["AscendersBane","Strike_G","Strike_G","Defend_G","Defend_G","Defend_G","Defend_G","Defend_G","Survivor","Neutralize","Deadly Poison+1","Crippling Poison+1","Prepared","Catalyst+1","Noxious Fumes+1","Escape Plan","Night Terror","Leg Sweep+1","Bouncing Flask","Dash+1","Footwork","Wraith Form v2+1","Bullet Time"],"relics":["Ring of the Snake","Art of War","Tiny Chest","Golden Idol","Snecko Eye","Omamori","Membership Card","Pocketwatch","Dream Catcher","Anchor","Runic Pyramid"],"acts_visited":["Exordium","TheCity","TheBeyond"],"potions_floor_usage":[16,24,28,28],"damage_taken":[{"damage":0,"enemies":"Jaw Worm","floor":1,"turns":4},{"damage":5,"enemies":"2 Louse","floor":4,"turns":3},{"damage":4,"enemies":"Small Slimes","floor":5,"turns":3},{"damage":11,"enemies":"3 Louse","floor":10,"turns":2},{"damage":19,"enemies":"Exordium Wildlife","floor":12,"turns":4},{"damage":7,"enemies":"Hexaghost","floor":16,"turns":7},{"damage":9,"enemies":"Chosen","floor":18,"turns":3},{"damage":18,"enemies":"Slavers","floor":24,"turns":5},{"damage":0,"enemies":"3 Byrds","floor":25,"turns":3},{"damage":32,"enemies":"Book of Stabbing","floor":28,"turns":6},{"damage":0,"enemies":"Cultist and Chosen","floor":30,"turns":5},{"damage":0,"enemies":"Collector","floor":33,"turns":5},{"damage":13,"enemies":"3 Darklings","floor":35,"turns":6}],"seed_played":"7928144978581783847","potions_obtained":[{"floor":1,"key":"GamblersBrew"},{"floor":10,"key":"Poison Potion"},{"floor":24,"key":"SneckoOil"},{"floor":25,"key":"Swift Potion"},{"floor":33,"key":"DuplicationPotion"}],"is_trial":false,"path_per_floor":["M","?","?","M","M","R","T","R","T","M","R","M","$","?","R","B",null,"M","?","T","$","?","R","E","M","T","R","E","$","M","$","R","B",null,"M"],"character_chosen":"THE_SILENT","items_purchased":["Noxious Fumes","Escape Plan","Membership Card","Wraith Form v2"],"campfire_rested":1,"item_purchase_floors":[13,13,21,29],"current_hp_per_floor":[59,59,64,59,55,55,55,55,55,44,44,25,25,25,25,18,53,44,44,44,44,44,44,26,26,26,45,13,13,13,13,13,13,51,38,38],"gold":130,"neow_bonus":"THREE_CARDS","is_daily":false,"chose_seed":false,"campfire_upgraded":6,"win_rate":0.0,"timestamp":1612107468,"path_taken":["M","?","?","M","M","R","?","R","T","M","R","M","?","?","R","BOSS","M","?","?","$","?","R","E","?","T","R","E","$","M","?","R","BOSS","M"],"items_purchased_type":["Card","Card","Relic","Card"],"build_version":"2020-12-22","purchased_purges":3,"victory":false,"max_hp_per_floor":[66,66,71,71,71,71,71,71,71,71,71,71,71,64,64,64,64,64,64,64,64,64,64,64,64,64,64,64,64,64,64,64,64,64,64,64],"card_choices":[{"not_picked":["Outmaneuver","Backstab"],"picked":"Deadly Poison","floor":0},{"not_picked":["Quick Slash","Endless Agony"],"picked":"Crippling Poison","floor":1},{"not_picked":["Outmaneuver","Setup"],"picked":"Prepared","floor":4},{"not_picked":["PiercingWail","Prepared"],"picked":"Catalyst","floor":5},{"not_picked":["Deflect","Crippling Poison","Catalyst"],"picked":"SKIP","floor":10},{"not_picked":["Cloak And Dagger","Poisoned Stab","Unload"],"picked":"SKIP","floor":12},{"not_picked":["Grand Finale","Phantasmal Killer"],"picked":"Night Terror","floor":16},{"not_picked":["Deadly Poison","Poisoned Stab"],"picked":"Leg Sweep","floor":18},{"not_picked":["Footwork","Endless Agony"],"picked":"Bouncing Flask","floor":24},{"not_picked":["Heel Hook","Skewer","Choke"],"picked":"SKIP","floor":25},{"not_picked":["Flying Knee","Outmaneuver+1"],"picked":"Dash+1","floor":27},{"not_picked":["Slice+1","Quick Slash"],"picked":"Footwork","floor":28},{"not_picked":["Sucker Punch","Slice","Poisoned Stab"],"picked":"SKIP","floor":30},{"not_picked":["Night Terror","Phantasmal Killer"],"picked":"Bullet Time","floor":33}],"player_experience":657422,"relics_obtained":[{"floor":7,"key":"Art of War"},{"floor":9,"key":"Tiny Chest"},{"floor":20,"key":"Omamori"},{"floor":24,"key":"Pocketwatch"},{"floor":26,"key":"Dream Catcher"},{"floor":28,"key":"Anchor"}],"event_choices":[{"damage_healed":0,"gold_gain":150,"player_choice":"AGREE","damage_taken":0,"max_hp_gain":0,"max_hp_loss":0,"event_name":"Liars Game","floor":2,"gold_loss":0,"cards_obtained":["Doubt"]},{"damage_healed":0,"gold_gain":0,"player_choice":"Donut","damage_taken":0,"max_hp_gain":5,"max_hp_loss":0,"event_name":"Big Fish","floor":3,"gold_loss":0},{"damage_healed":0,"gold_gain":0,"player_choice":"Lose Max HP","damage_taken":0,"relics_obtained":["Golden Idol"],"max_hp_gain":0,"max_hp_loss":7,"event_name":"Golden Idol","floor":14,"gold_loss":0},{"cards_removed":["Strike_G"],"damage_healed":0,"gold_gain":0,"player_choice":"Gave Gold","damage_taken":0,"max_hp_gain":0,"max_hp_loss":0,"event_name":"Beggar","floor":19,"gold_loss":75}],"is_beta":false,"boss_relics":[{"not_picked":["Ectoplasm","Pandora\u0027s Box"],"picked":"Snecko Eye"},{"not_picked":["Velvet Choker","Busted Crown"],"picked":"Runic Pyramid"}],"items_purged_floors":[13,21,29],"is_endless":false,"potions_floor_spawned":[1,10,24,25,33],"killed_by":"3 Darklings","ascension_level":19}}