{"host":"dcj2yvrgcvh5dl2s","time":1612073871,"event":{"mods":["BaseMod","Bestiary","Better Note","Block Reminder","Colored Powertips","Curses Come First","DeckTracker","Minty Spire (QoL Compilation)","Quick Restart","Rare Cards Sparkle","Relic Stats","StSLib"],"gold_per_floor":[365,379,32,32,32,32,50,79,117,129,141,173,185,197,209,221,221],"floor_reached":16,"language":"ENG","playtime":504,"items_purged":["Writhe"],"score":196,"play_id":"54606d6d-96ba-4506-82d9-34912e83fc0f","local_time":"20210131161751","is_ascension_mode":true,"campfire_choices":[{"floor":6,"key":"REST"},{"floor":10,"key":"REST"},{"floor":13,"key":"REST"},{"floor":15,"key":"REST"}],"circlet_count":0,"master_deck":["AscendersBane","Strike_R","Strike_R","Strike_R","Strike_R","Strike_R","Defend_R","Defend_R","Defend_R","Defend_R","Bash","Flex+1","Heavy Blade","Sword Boomerang","Shrug It Off","Shrug It Off","Pommel Strike","Flex"],"relics":["Burning Blood","Orichalcum","Dream Catcher","MawBank","Juzu Bracelet"],"acts_visited":["Exordium"],"potions_floor_usage":[8],"damage_taken":[{"damage":14,"enemies":"Jaw Worm","floor":1,"turns":4},{"damage":14,"enemies":"Small Slimes","floor":2,"turns":4},{"damage":0,"enemies":"Cultist","floor":7,"turns":2},{"damage":40,"enemies":"Gremlin Nob","floor":8,"turns":4},{"damage":38,"enemies":"Gremlin Gang","floor":12,"turns":4},{"damage":52,"enemies":"The Guardian","floor":16,"turns":7}],"seed_played":"-7944675135580697514","potions_obtained":[{"floor":2,"key":"ColorlessPotion"},{"floor":12,"key":"Explosive Potion"}],"is_trial":false,"path_per_floor":["M","M","$","?","?","R","M","E","T","R","?","M","R","?","R","B"],"character_chosen":"IRONCLAD","items_purchased":["Orichalcum","Heavy Blade","Sword Boomerang"],"campfire_rested":4,"item_purchase_floors":[3,3,3],"current_hp_per_floor":[60,52,52,34,34,56,62,28,28,50,39,7,29,29,51,0,0],"gold":221,"neow_bonus":"TWO_FIFTY_GOLD","is_daily":false,"chose_seed":false,"campfire_upgraded":0,"win_rate":0.0,"timestamp":1612073871,"path_taken":["M","M","$","?","?","R","M","E","T","R","?","M","R","?","R","BOSS"],"items_purchased_type":["Relic","Card","Card"],"build_version":"2020-12-22","purchased_purges":1,"victory":false,"max_hp_per_floor":[75,75,75,75,75,75,75,75,75,75,75,75,75,75,75,75,75],"relic_stats":{"Dream Catcher":4,"counters":[6,25],"Juzu Bracelet":2,"Orichalcum":[60],"MawBank":96,"obtain_stats":[{"Dream Catcher":4,"Juzu Bracelet":9,"Orichalcum":3,"MawBank":8,"Burning Blood":0},{"Dream Catcher":2,"Juzu Bracelet":4,"Orichalcum":2,"MawBank":4,"Burning Blood":0},{"Dream Catcher":8,"Juzu Bracelet":14,"Orichalcum":8,"MawBank":14,"Burning Blood":0}],"Burning Blood":30},"card_choices":[{"not_picked":["Rage","Disarm"],"picked":"Flex","floor":1},{"not_picked":["Reckless Charge","Perfected Strike","Power Through"],"picked":"SKIP","floor":2},{"not_picked":["Iron Wave","Pommel Strike"],"picked":"Shrug It Off","floor":6},{"not_picked":["Clothesline","Feel No Pain"],"picked":"Shrug It Off","floor":7},{"not_picked":["Rampage","Warcry"],"picked":"Pommel Strike","floor":8},{"not_picked":["Wild Strike","Bloodletting","Armaments"],"picked":"SKIP","floor":12},{"not_picked":["Cleave","Rampage"],"picked":"Flex","floor":13}],"player_experience":2312163,"relics_obtained":[{"floor":8,"key":"MawBank"},{"floor":9,"key":"Juzu Bracelet"}],"event_choices":[{"damage_healed":0,"gold_gain":0,"player_choice":"Success","damage_taken":18,"relics_obtained":["Dream Catcher"],"max_hp_gain":0,"max_hp_loss":0,"event_name":"Scrap Ooze","floor":4,"gold_loss":0},{"damage_healed":0,"gold_gain":0,"player_choice":"Upgraded","damage_taken":0,"max_hp_gain":0,"max_hp_loss":0,"event_name":"Upgrade Shrine","floor":5,"gold_loss":0,"cards_upgraded":["Flex"]},{"damage_healed":0,"gold_gain":0,"player_choice":"Damaged","damage_taken":11,"max_hp_gain":0,"max_hp_loss":0,"event_name":"Wheel of Change","floor":11,"gold_loss":0},{"damage_healed":0,"gold_gain":0,"player_choice":"Ignored","damage_taken":0,"max_hp_gain":0,"max_hp_loss":0,"event_name":"Liars Game","floor":14,"gold_loss":0}],"is_beta":false,"boss_relics":[],"items_purged_floors":[3],"is_endless":false,"potions_floor_spawned":[2,12],"killed_by":"The Guardian","ascension_level":20}}