{"host":"v0mw6c8s9jqyt2m0","time":1612135322,"event":{"mods":["Astrologer","BaseMod","Hermit","Marisa????????","Minty Spire (QoL Compilation)","StSLib","The Bug Knight","The Cursed","The Disciple","The Gatherer","The Hierophant","The Mystic","The Necromancer","The Servant 0.9.4","TheBandit"],"gold_per_floor":[118,129,143,143,160,195,175,186,186,186,216,228,248,273,273,369,369,401,451,76,105,137,205,233,233,258,293,363,398,429,459,459,637,637,647,647,869,380,392,392,427,427,427,427,440,510,539,539,539,539,539,539,50,119,119],"floor_reached":56,"language":"ENG","playtime":5145,"items_purged":["hermit:Strike_Hermit","hermit:Strike_Hermit","hermit:Strike_Hermit+1"],"score":1576,"play_id":"42c1b652-c046-47ed-a2ac-f0fcfe4e712d","local_time":"20210201002202","is_ascension_mode":true,"campfire_choices":[{"data":"hermit:Glare","floor":10,"key":"SMITH"},{"floor":15,"key":"REST"},{"floor":25,"key":"REST"},{"floor":32,"key":"REST"},{"floor":40,"key":"RECALL"},{"data":"hermit:Combo","floor":42,"key":"SMITH"},{"floor":49,"key":"REST"},{"floor":52,"key":"REST"}],"circlet_count":0,"master_deck":["hermit:Strike_Hermit+1","hermit:Defend_Hermit+1","hermit:Defend_Hermit+1","hermit:Defend_Hermit+1","hermit:Snapshot+1","hermit:Covet+1","hermit:Dive+1","hermit:Headshot+1","hermit:ItchyTrigger+1","hermit:Glare+1","hermit:RoundhouseKick+1","hermit:TrackingShot+1","hermit:WideOpen+1","hermit:Dive+1","hermit:DeadOrAlive+1","hermit:FlashPowder+1","hermit:BigShot+1","hermit:BodyArmor+1","hermit:Combo+1","hermit:Coalescence+1","hermit:EyeOfTheStorm+1","hermit:Gestalt+1","hermit:Combo+1","hermit:Adapt+1","hermit:Snipe+1","hermit:RoundhouseKick+1","hermit:Brawl+1","hermit:CalledShot+1","Decay","Panache","hermit:Glare+1"],"relics":["Black Star","PreservedInsect","Pen Nib","hermit:Horseshoe","Juzu Bracelet","Mummified Hand","Bronze Scales","Nunchaku","Runic Pyramid","Red Mask","Anchor","Lantern","Molten Egg 2","Vajra","Regal Pillow","Bird Faced Urn","HollowMod:LifeEnderRelic","Bag of Marbles","Cursed Key","Ornamental Fan","DollysMirror","Whetstone","Gremlin Horn","Boot","Mark of the Bloom","Letter Opener","hermit:RedScarf","Happy Flower","InkBottle","Oddly Smooth Stone"],"acts_visited":["Exordium","TheCity","TheBeyond","TheEnding"],"potions_floor_usage":[11,14,14,16,23,28,33,33,50,55,55,55],"damage_taken":[{"damage":5,"enemies":"Small Slimes","floor":1,"turns":2},{"damage":0,"enemies":"Cultist","floor":2,"turns":3},{"damage":0,"enemies":"2 Louse","floor":3,"turns":2},{"damage":17,"enemies":"Exordium Thugs","floor":5,"turns":5},{"damage":15,"enemies":"Lagavulin","floor":6,"turns":5},{"damage":0,"enemies":"Large Slime","floor":8,"turns":4},{"damage":3,"enemies":"3 Sentries","floor":11,"turns":6},{"damage":0,"enemies":"3 Louse","floor":12,"turns":2},{"damage":2,"enemies":"Looter","floor":13,"turns":2},{"damage":0,"enemies":"Lagavulin","floor":14,"turns":2},{"damage":19,"enemies":"Slime Boss","floor":16,"turns":7},{"damage":16,"enemies":"2 Thieves","floor":18,"turns":4},{"damage":31,"enemies":"Masked Bandits","floor":19,"turns":5},{"damage":5,"enemies":"Spheric Guardian","floor":21,"turns":4},{"damage":10,"enemies":"Centurion and Healer","floor":22,"turns":7},{"damage":0,"enemies":"Slavers","floor":23,"turns":4},{"damage":1,"enemies":"Snecko","floor":24,"turns":4},{"damage":0,"enemies":"Cultist and Chosen","floor":27,"turns":4},{"damage":0,"enemies":"Gremlin Leader","floor":28,"turns":5},{"damage":5,"enemies":"Snake Plant","floor":29,"turns":3},{"damage":0,"enemies":"Book of Stabbing","floor":30,"turns":3},{"damage":2,"enemies":"Snecko","floor":31,"turns":4},{"damage":0,"enemies":"Collector","floor":33,"turns":8},{"damage":1,"enemies":"Orb Walker","floor":35,"turns":4},{"damage":7,"enemies":"3 Shapes","floor":39,"turns":3},{"damage":0,"enemies":"Reptomancer","floor":41,"turns":2},{"damage":0,"enemies":"Spire Growth","floor":45,"turns":3},{"damage":0,"enemies":"Giant Head","floor":46,"turns":5},{"damage":0,"enemies":"Writhing Mass","floor":47,"turns":3},{"damage":2,"enemies":"Donu and Deca","floor":50,"turns":5},{"damage":17,"enemies":"Shield and Spear","floor":54,"turns":3},{"damage":38,"enemies":"The Heart","floor":55,"turns":7}],"seed_played":"4835263298482389850","potions_obtained":[{"floor":5,"key":"Dexterity Potion"},{"floor":6,"key":"Energy Potion"},{"floor":7,"key":"SkillPotion"},{"floor":8,"key":"Fire Potion"},{"floor":14,"key":"SkillPotion"},{"floor":24,"key":"EssenceOfSteel"},{"floor":27,"key":"Fire Potion"},{"floor":28,"key":"hermit:BlackBile"},{"floor":31,"key":"Explosive Potion"},{"floor":39,"key":"LiquidMemories"},{"floor":41,"key":"LiquidBronze"}],"is_trial":false,"path_per_floor":["M","M","M","?","M","E","?","M","T","R","E","M","M","E","R","B",null,"M","?","$","M","M","E","M","R","T","M","E","M","E","M","R","B",null,"M","?","?","$","M","R","E","R","T","?","M","E","M","?","R","B",null,"R","$","E","B",null],"character_chosen":"HERMIT","items_purchased":["Anchor","hermit:BigShot","EssenceOfSteel","Ornamental Fan","DollysMirror","Panache","Happy Flower","Swift Potion"],"campfire_rested":5,"item_purchase_floors":[20,20,20,38,38,53,53,53],"current_hp_per_floor":[70,70,70,70,53,38,38,38,38,38,35,35,33,33,55,36,75,59,28,28,23,13,13,12,34,34,34,34,31,35,39,75,75,75,75,75,75,75,68,68,74,74,74,74,74,74,74,71,71,69,69,69,69,52,14],"gold":119,"neow_bonus":"BOSS_RELIC","is_daily":false,"chose_seed":false,"campfire_upgraded":2,"win_rate":0.0,"timestamp":1612135322,"path_taken":["M","M","M","?","?","E","?","M","T","R","E","M","M","E","R","BOSS","M","?","$","M","M","E","M","R","T","M","E","M","E","M","R","BOSS","M","?","?","$","M","R","E","R","T","?","M","E","M","?","R","BOSS","R","$","E","BOSS"],"items_purchased_type":["Relic","Card","Potion","Relic","Relic","Card","Relic","Potion"],"build_version":"2020-12-22","purchased_purges":3,"victory":true,"max_hp_per_floor":[75,75,75,75,75,75,75,75,75,75,75,75,75,75,75,75,75,75,75,75,75,75,75,75,75,75,75,75,75,75,75,75,75,75,75,75,75,75,75,75,75,75,75,75,75,75,75,71,71,71,71,71,71,71,71],"card_choices":[{"not_picked":["hermit:LowProfile","hermit:LuckOfTheDraw"],"picked":"hermit:Dive","floor":1},{"not_picked":["hermit:Desperado","hermit:HighNoon","hermit:Feint"],"picked":"SKIP","floor":2},{"not_picked":["hermit:Misfire","hermit:Desperado"],"picked":"hermit:Headshot","floor":3},{"not_picked":["hermit:Misfire","hermit:Coalescence","hermit:Brawl"],"picked":"SKIP","floor":5},{"not_picked":["hermit:Feint","hermit:Brawl"],"picked":"hermit:ItchyTrigger","floor":6},{"not_picked":["hermit:Maintenance","hermit:Malice"],"picked":"hermit:Glare","floor":8},{"not_picked":["hermit:Vantage","hermit:Quickdraw"],"picked":"hermit:RoundhouseKick","floor":11},{"not_picked":["hermit:Manifest","hermit:Feint"],"picked":"hermit:TrackingShot","floor":12},{"not_picked":["hermit:Ricochet","hermit:ShadowCloak"],"picked":"hermit:WideOpen","floor":13},{"not_picked":["hermit:LowProfile","hermit:LoneWolf"],"picked":"hermit:Dive","floor":14},{"not_picked":["hermit:BlackWind","hermit:FromBeyond"],"picked":"hermit:DeadOrAlive","floor":16},{"not_picked":["hermit:ItchyTrigger+1","hermit:PistolWhip","hermit:Maintenance"],"picked":"SKIP","floor":18},{"not_picked":["hermit:HighCaliber","hermit:Roulette+1"],"picked":"hermit:FlashPowder","floor":19},{"not_picked":["hermit:WideOpen","hermit:Coalescence","hermit:Manifest+1"],"picked":"SKIP","floor":21},{"not_picked":["hermit:Glare","hermit:Cheat+1"],"picked":"hermit:BodyArmor+1","floor":22},{"not_picked":["hermit:WideOpen+1","hermit:Spite+1"],"picked":"hermit:Combo","floor":23},{"not_picked":["hermit:Ricochet+1","hermit:LuckOfTheDraw"],"picked":"hermit:Coalescence+1","floor":24},{"not_picked":["hermit:Misfire+1","hermit:Horror","hermit:Virtue+1"],"picked":"SKIP","floor":27},{"not_picked":["hermit:Brawl+1","hermit:GhostlyPresence"],"picked":"hermit:EyeOfTheStorm","floor":28},{"not_picked":["hermit:Glare","hermit:Dive+1"],"picked":"hermit:Gestalt","floor":29},{"not_picked":["hermit:Headshot+1","hermit:Snipe+1"],"picked":"hermit:Combo","floor":30},{"not_picked":["hermit:Feint","hermit:SprayPray+1","hermit:Spite+1"],"picked":"SKIP","floor":31},{"not_picked":["hermit:Gambit","hermit:FinalCanter+1"],"picked":"hermit:Adapt","floor":33},{"not_picked":["hermit:Manifest+1","hermit:Desperado+1"],"picked":"hermit:Snipe+1","floor":35},{"not_picked":["hermit:DeadMansHand","hermit:Scavenge"],"picked":"hermit:Brawl+1","floor":39},{"not_picked":["hermit:PistolWhip+1","hermit:NoHoldsBarred+1"],"picked":"hermit:CalledShot+1","floor":41},{"not_picked":["hermit:SprayPray+1","hermit:Quickdraw+1","hermit:GhostlyPresence"],"picked":"SKIP","floor":45},{"not_picked":["hermit:Glare+1","hermit:PistolWhip+1","hermit:EternalForm"],"picked":"SKIP","floor":46},{"not_picked":["hermit:WideOpen+1","hermit:Manifest+1","hermit:Desperado+1"],"picked":"SKIP","floor":47},{"not_picked":["hermit:LoneWolf+1","hermit:Grudge+1"],"picked":"hermit:Glare+1","floor":54}],"player_experience":155839,"relics_obtained":[{"floor":4,"key":"PreservedInsect"},{"floor":6,"key":"Pen Nib"},{"floor":6,"key":"hermit:Horseshoe"},{"floor":11,"key":"Juzu Bracelet"},{"floor":11,"key":"Mummified Hand"},{"floor":14,"key":"Bronze Scales"},{"floor":14,"key":"Nunchaku"},{"floor":19,"key":"Red Mask"},{"floor":23,"key":"Lantern"},{"floor":23,"key":"Molten Egg 2"},{"floor":26,"key":"Vajra"},{"floor":28,"key":"Regal Pillow"},{"floor":28,"key":"Bird Faced Urn"},{"floor":30,"key":"HollowMod:LifeEnderRelic"},{"floor":30,"key":"Bag of Marbles"},{"floor":41,"key":"Whetstone"},{"floor":41,"key":"Gremlin Horn"},{"floor":43,"key":"Boot"},{"floor":46,"key":"Letter Opener"},{"floor":46,"key":"hermit:RedScarf"},{"floor":54,"key":"InkBottle"},{"floor":54,"key":"Oddly Smooth Stone"}],"event_choices":[{"damage_healed":0,"gold_gain":0,"player_choice":"Relic","damage_taken":0,"max_hp_gain":0,"max_hp_loss":0,"event_name":"Wheel of Change","floor":4,"gold_loss":0},{"damage_healed":0,"gold_gain":0,"player_choice":"Bought 1 Potion","damage_taken":0,"max_hp_gain":0,"max_hp_loss":0,"event_name":"The Woman in Blue","floor":7,"gold_loss":0},{"damage_healed":0,"gold_gain":0,"player_choice":"Fought Bandits","damage_taken":0,"max_hp_gain":0,"max_hp_loss":0,"event_name":"Masked Bandits","floor":19,"gold_loss":0},{"cards_removed":["hermit:Defend_Hermit"],"damage_healed":0,"gold_gain":0,"player_choice":"Removed Skill","damage_taken":0,"max_hp_gain":0,"max_hp_loss":0,"event_name":"Falling","floor":36,"gold_loss":0},{"damage_healed":0,"gold_gain":222,"player_choice":"Wore Mask","damage_taken":0,"max_hp_gain":0,"max_hp_loss":0,"event_name":"Tomb of Lord Red Mask","floor":37,"gold_loss":0},{"damage_healed":0,"gold_gain":0,"player_choice":"Upgrade","damage_taken":0,"relics_obtained":["Mark of the Bloom"],"max_hp_gain":0,"max_hp_loss":0,"event_name":"MindBloom","floor":44,"gold_loss":0,"cards_upgraded":["hermit:Strike_Hermit","hermit:Defend_Hermit","hermit:Defend_Hermit","hermit:Defend_Hermit","hermit:Snapshot","hermit:Covet","hermit:Dive","hermit:Headshot","hermit:ItchyTrigger","hermit:RoundhouseKick","hermit:WideOpen","hermit:Dive","hermit:DeadOrAlive","hermit:FlashPowder","hermit:BigShot","hermit:EyeOfTheStorm","hermit:Gestalt","hermit:Combo","hermit:Adapt"]},{"damage_healed":0,"gold_gain":0,"player_choice":"Max HP","damage_taken":0,"max_hp_gain":0,"max_hp_loss":4,"event_name":"Winding Halls","floor":48,"gold_loss":0}],"is_beta":false,"boss_relics":[{"not_picked":["Snecko Eye","SacredBark"],"picked":"Runic Pyramid"},{"not_picked":["Astrolabe","Sozu"],"picked":"Cursed Key"}],"items_purged_floors":[20,38,53],"is_endless":false,"potions_floor_spawned":[5,6,8,14,24,27,28,31,39,41,47,54],"ascension_level":1}}