{"host":"9l1knhxfturzliqa","time":1612059116,"event":{"mods":["BaseMod","Colored Map","Colored Powertips","DeckTracker","Highlight Path","Keyboard Shortcuts","Minty Spire (QoL Compilation)","Random Character Button"],"gold_per_floor":[364,384,401,414,426,426,426,426,476,31,31,45,66,110,110,230,230,243,168,186,211,236,272,272,272,272,290,329,38,62,87,87,212,212,226,559,559,573,622,622,622,622],"floor_reached":41,"language":"KOR","playtime":3089,"items_purged":["Defend_B"],"score":593,"play_id":"18d0c0dc-4b3f-4e69-a950-915848ddae93","local_time":"20210131111156","is_ascension_mode":true,"campfire_choices":[{"data":"Zap","floor":6.0,"key":"SMITH"},{"data":"Dualcast","floor":8.0,"key":"SMITH"},{"data":"Creative AI","floor":15.0,"key":"SMITH"},{"floor":24.0,"key":"REST"},{"floor":32.0,"key":"REST"},{"floor":40.0,"key":"REST"}],"circlet_count":0,"master_deck":["Zap+1","Dualcast+1","Go for the Eyes","FTL","Melter","Beam Cell","Steam","Gash","Creative AI+1","Sweeping Beam","Amplify","Aggregate","Echo Form","Leap+1","Reinforced Body+1","Chill+1","Hello World","Cold Snap+1","Storm+1","BootSequence","Self Repair","Stack","Thunder Strike","Chill","Turbo","Sunder+1","All For One","Gash","Redo+1","Tempest"],"relics":["Cracked Core","Omamori","Symbiotic Virus","Lee\u0027s Waffle","Pear","Astrolabe","Vajra","Enchiridion","Bottled Flame","White Beast Statue","Toolbox","Empty Cage","Du-Vu Doll"],"acts_visited":["Exordium","TheCity","TheBeyond"],"potions_floor_usage":[41,41],"damage_taken":[{"damage":1.0,"enemies":"Cultist","floor":1.0,"turns":3.0},{"damage":0.0,"enemies":"2 Louse","floor":2.0,"turns":3.0},{"damage":0.0,"enemies":"Jaw Worm","floor":3.0,"turns":3.0},{"damage":18.0,"enemies":"Red Slaver","floor":4.0,"turns":4.0},{"damage":1.0,"enemies":"Looter","floor":5.0,"turns":3.0},{"damage":2.0,"enemies":"Large Slime","floor":12.0,"turns":3.0},{"damage":2.0,"enemies":"Exordium Wildlife","floor":13.0,"turns":3.0},{"damage":22.0,"enemies":"3 Sentries","floor":14.0,"turns":7.0},{"damage":25.0,"enemies":"Hexaghost","floor":16.0,"turns":9.0},{"damage":3.0,"enemies":"3 Byrds","floor":18.0,"turns":5.0},{"damage":0.0,"enemies":"Spheric Guardian","floor":20.0,"turns":3.0},{"damage":9.0,"enemies":"Centurion and Healer","floor":21.0,"turns":6.0},{"damage":0.0,"enemies":"3 Cultists","floor":22.0,"turns":3.0},{"damage":42.0,"enemies":"Book of Stabbing","floor":23.0,"turns":6.0},{"damage":0.0,"enemies":"Chosen and Byrds","floor":27.0,"turns":3.0},{"damage":33.0,"enemies":"Gremlin Leader","floor":28.0,"turns":8.0},{"damage":0.0,"enemies":"Snake Plant","floor":30.0,"turns":2.0},{"damage":0.0,"enemies":"Cultist and Chosen","floor":31.0,"turns":6.0},{"damage":21.0,"enemies":"Collector","floor":33.0,"turns":5.0},{"damage":49.0,"enemies":"3 Shapes","floor":35.0,"turns":5.0},{"damage":0.0,"enemies":"3 Darklings","floor":38.0,"turns":2.0},{"damage":27.0,"enemies":"2 Orb Walkers","floor":39.0,"turns":6.0},{"damage":82,"enemies":"Giant Head","floor":41,"turns":7}],"seed_played":"-204603137048014311","potions_obtained":[{"floor":2.0,"key":"EssenceOfDarkness"},{"floor":4.0,"key":"FearPotion"},{"floor":12.0,"key":"Fire Potion"},{"floor":16.0,"key":"DistilledChaos"},{"floor":18.0,"key":"Swift Potion"},{"floor":20.0,"key":"LiquidBronze"},{"floor":21.0,"key":"BlessingOfTheForge"},{"floor":30.0,"key":"SkillPotion"},{"floor":33.0,"key":"AttackPotion"},{"floor":39.0,"key":"EssenceOfSteel"}],"is_trial":false,"path_per_floor":["M","M","M","M","M","R","?","R","T","$","?","M","M","E","R","B",null,"M","?","M","M","M","E","R","?","T","M","E","$","M","M","R","B",null,"M","?","?","M","?","R","E"],"character_chosen":"DEFECT","items_purchased":["Gash","Symbiotic Virus","Lee\u0027s Waffle","Toolbox","Chill"],"campfire_rested":3,"item_purchase_floors":[10,10,10,29,29],"current_hp_per_floor":[49,49,49,31,30,30,30,30,30,76,76,74,72,60,60,35,73,70,70,70,61,61,19,44,28,28,42,23,23,23,30,55,48,77,48,48,48,48,21,46,0,0],"gold":622,"neow_bonus":"TWO_FIFTY_GOLD","is_daily":false,"chose_seed":false,"campfire_upgraded":3,"win_rate":0.0,"timestamp":1612059116,"path_taken":["M","M","M","M","?","R","?","R","T","$","?","M","?","E","R","BOSS","M","?","M","M","M","E","R","?","T","M","E","$","?","M","R","BOSS","M","?","?","M","?","R","E"],"items_purchased_type":["Card","Relic","Relic","Relic","Card"],"build_version":"2020-12-22","purchased_purges":1,"victory":false,"max_hp_per_floor":[75,75,75,75,75,75,69,69,69,76,76,76,76,86,86,86,86,86,86,86,86,86,86,86,86,86,86,86,86,86,86,86,86,86,86,86,86,86,86,86,86,86],"card_choices":[{"not_picked":["Streamline","Auto Shields"],"picked":"Go for the Eyes","floor":1.0},{"not_picked":["Chaos","White Noise"],"picked":"FTL","floor":2.0},{"not_picked":["Static Discharge","Defragment"],"picked":"Melter","floor":3.0},{"not_picked":["Steam","Lockon"],"picked":"Beam Cell","floor":4.0},{"not_picked":["Hologram","Cold Snap"],"picked":"Steam","floor":5.0},{"not_picked":["Redo","Conserve Battery"],"picked":"Sweeping Beam","floor":12.0},{"not_picked":["Auto Shields","Turbo"],"picked":"Amplify","floor":13.0},{"not_picked":["Static Discharge","Rebound"],"picked":"Aggregate","floor":14.0},{"not_picked":["Seek","Hyperbeam"],"picked":"Echo Form","floor":16.0},{"not_picked":["FTL","Beam Cell+1"],"picked":"Hello World","floor":18.0},{"not_picked":["Recycle","Compile Driver"],"picked":"Cold Snap+1","floor":20.0},{"not_picked":["Turbo","Glacier"],"picked":"Storm+1","floor":21.0},{"not_picked":["Compile Driver+1","Rebound"],"picked":"BootSequence","floor":22.0},{"not_picked":["Barrage","Ball Lightning"],"picked":"Self Repair","floor":23.0},{"not_picked":["Reprogram+1","Sunder"],"picked":"Stack","floor":27.0},{"not_picked":["Ball Lightning","Steam"],"picked":"Thunder Strike","floor":28.0},{"not_picked":["Go for the Eyes+1","Compile Driver"],"picked":"Turbo","floor":30.0},{"not_picked":["BootSequence","Chaos+1"],"picked":"Sunder+1","floor":31.0},{"not_picked":["Echo Form","Hyperbeam"],"picked":"All For One","floor":33.0},{"not_picked":["Fusion","Steam"],"picked":"Gash","floor":35.0},{"not_picked":["Auto Shields+1","Steam+1"],"picked":"Redo+1","floor":38.0},{"not_picked":["Stack+1","Static Discharge+1"],"picked":"Tempest","floor":39.0}],"player_experience":556895,"relics_obtained":[{"floor":9.0,"key":"Omamori"},{"floor":14.0,"key":"Pear"},{"floor":23.0,"key":"Vajra"},{"floor":25.0,"key":"Enchiridion"},{"floor":26.0,"key":"Bottled Flame"},{"floor":28.0,"key":"White Beast Statue"},{"floor":39.0,"key":"Du-Vu Doll"}],"event_choices":[{"damage_healed":0.0,"max_hp_gain":0.0,"max_hp_loss":6.0,"gold_gain":0.0,"event_name":"Golden Idol","player_choice":"Lose Max HP","floor":7.0,"gold_loss":0.0,"damage_taken":0.0,"relics_obtained":["Golden Idol"]},{"damage_healed":0.0,"max_hp_gain":0.0,"max_hp_loss":0.0,"gold_gain":0.0,"cards_transformed":["Strike_B"],"event_name":"Transmorgrifier","player_choice":"Transformed","floor":11.0,"gold_loss":0.0,"damage_taken":0.0,"cards_obtained":["Creative AI"]},{"cards_removed":["Strike_B"],"damage_healed":0.0,"max_hp_gain":0.0,"max_hp_loss":0.0,"gold_gain":0.0,"event_name":"Beggar","player_choice":"Gave Gold","floor":19.0,"gold_loss":75.0,"damage_taken":0.0},{"damage_healed":0.0,"max_hp_gain":0.0,"max_hp_loss":0.0,"gold_gain":0.0,"event_name":"Cursed Tome","player_choice":"Obtained Book","floor":25.0,"gold_loss":0.0,"damage_taken":16.0},{"damage_healed":0.0,"max_hp_gain":0.0,"max_hp_loss":0.0,"gold_gain":333.0,"event_name":"The Moai Head","player_choice":"Gave Idol","floor":36.0,"relics_lost":["Golden Idol"],"gold_loss":0.0,"damage_taken":0.0},{"damage_healed":0.0,"max_hp_gain":0.0,"max_hp_loss":0.0,"gold_gain":0.0,"event_name":"Tomb of Lord Red Mask","player_choice":"Ignored","floor":37.0,"gold_loss":0.0,"damage_taken":0.0},{"damage_healed":0.0,"max_hp_gain":0.0,"max_hp_loss":0.0,"gold_gain":0.0,"event_name":"Mysterious Sphere","player_choice":"Fight","floor":39.0,"gold_loss":0.0,"damage_taken":0.0}],"is_beta":false,"boss_relics":[{"not_picked":["Sozu","SlaversCollar"],"picked":"Astrolabe"},{"not_picked":["Cursed Key","Inserter"],"picked":"Empty Cage"}],"items_purged_floors":[29],"is_endless":false,"potions_floor_spawned":[2,4,12,16,18,20,21,30,31,33,35,38,39],"killed_by":"Giant Head","ascension_level":6}}