{"host":"gtv41eena9h15rk5","time":1612102900,"event":{"mods":["BaseMod","Colored Powertips","Downfall","Marisa£®ÏF”Í°°ƒß¿Ì…≥£©","Minty Spire (QoL Compilation)","Replay The Spire","Shop Mod","StSLib","The Bug Knight","The Construct","The Cursed","The Runesmith","The Servant 0.9.4","[IsaacMod]“‘»ˆº‚À˛"],"gold_per_floor":[118,128,19,19,19,19,54,67,67,99,99,132,151,171,171,269,269,285,335,132,142,5,33,33,47,97,97,97,9,34,51,51,152,152,171,171,191,201,18,44,44,71,71,89,102,102,127,127,127,127,127,127,48,78,78,78],"floor_reached":55,"language":"ZHS","playtime":3041,"items_purged":["Defend_R","Defend_R","Defend_R","Strike_R","Defend_R"],"score":1262,"play_id":"64511c95-e317-4c79-8781-0720a24b3aa1","local_time":"20210131222140","is_ascension_mode":true,"campfire_choices":[{"data":"Inflame","floor":6.0,"key":"SMITH"},{"floor":11.0,"key":"RECALL"},{"data":"Limit Break","floor":15.0,"key":"SMITH"},{"data":"Offering","floor":24,"key":"SMITH"},{"floor":28,"key":"REST"},{"data":"Heavy Blade","floor":32,"key":"SMITH"},{"data":"Limit Break","floor":41,"key":"SMITH"},{"data":"Secret Technique","floor":49,"key":"SMITH"},{"data":"Burning Pact","floor":52,"key":"SMITH"}],"circlet_count":0,"master_deck":["Strike_R","Strike_R","Strike_R+1","Bash+1","Armaments+1","Heavy Blade+1","Inflame+1","Pummel","Seeing Red","Burning Pact+1","Limit Break+1","Offering+1","ReplayTheSpireMod:Limb From Limb","Cleave","Flame Barrier","Flame Barrier+1","Carnage","Finesse","Searing Blow","Flex","Shrug It Off","Clothesline+1","Limit Break+1","Inflame","Inflame","Metallicize+1","Secret Technique+1"],"relics":["Burning Blood","HushsDoor","SteamSale","NeowsBlessing","MerchantsRug","Blood Vial","Potion Belt","PunchingBag","Omamori","Shuriken","Matryoshka","Sling","ReplayTheSpireMod:Ninjato","Runesmith:AutoHammer","ReplayTheSpireMod:CursedCoin","Magic Flower","Lantern","BelialBook","HowToJump","ReplayTheSpireMod:Lightbulb","Mark of Pain","King of Hearts","Replay:Rubber Ducky","Runesmith:Locket","HollowMod:LifeEnderRelic","BookofShadows","Replay:Baseball","ReplayTheSpireMod:Shallot","Orichalcum","Membership Card","Bottled Lightning","GnawedLeaf","Strawberry"],"acts_visited":["Exordium","TheCity","TheBeyond","TheEnding"],"potions_floor_usage":[19,21,44,45,54,55,55],"damage_taken":[{"damage":0.0,"enemies":"2 Louse","floor":1.0,"turns":1.0},{"damage":0.0,"enemies":"Jaw Worm","floor":2.0,"turns":1.0},{"damage":0.0,"enemies":"HollowMod:MossKnight","floor":7.0,"turns":1.0},{"damage":1.0,"enemies":"Cultist","floor":8.0,"turns":3.0},{"damage":15.0,"enemies":"3 Sentries","floor":10.0,"turns":6.0},{"damage":30.0,"enemies":"Gremlin Nob","floor":12.0,"turns":4.0},{"damage":12.0,"enemies":"Large Slime","floor":13.0,"turns":3.0},{"damage":9.0,"enemies":"Red Slaver","floor":14.0,"turns":3.0},{"damage":22.0,"enemies":"Hexaghost","floor":16.0,"turns":7.0},{"damage":6.0,"enemies":"Spheric Guardian","floor":18.0,"turns":3.0},{"damage":43,"enemies":"Hiden Room Battle","floor":19,"turns":5},{"damage":12,"enemies":"Snecko","floor":21,"turns":3},{"damage":10,"enemies":"Book of Stabbing","floor":23,"turns":4},{"damage":4,"enemies":"Shelled Parasite and Fungi","floor":25,"turns":4},{"damage":18,"enemies":"Gremlin Leader","floor":30,"turns":4},{"damage":10,"enemies":"3 Cultists","floor":31,"turns":3},{"damage":47,"enemies":"Pondfish","floor":33,"turns":7},{"damage":43,"enemies":"3 Darklings","floor":35,"turns":5},{"damage":6,"enemies":"Orb Walker","floor":37,"turns":2},{"damage":22,"enemies":"Transient","floor":38,"turns":5},{"damage":6,"enemies":"Giant Head","floor":40,"turns":4},{"damage":7,"enemies":"HollowMod:StalkingDevout","floor":42,"turns":7},{"damage":19,"enemies":"4 Shapes","floor":44,"turns":6},{"damage":15,"enemies":"Maw","floor":45,"turns":5},{"damage":0,"enemies":"Giant Head","floor":47,"turns":4},{"damage":50,"enemies":"Replay:Hell Engine","floor":50,"turns":6},{"damage":6,"enemies":"Shield and Spear","floor":54,"turns":3},{"damage":87,"enemies":"Delirium","floor":55,"turns":8}],"seed_played":"-8458993238375449449","potions_obtained":[{"floor":1.0,"key":"LifebloodPotion"},{"floor":8.0,"key":"DistilledChaos"},{"floor":12.0,"key":"champ:CounterPotion"},{"floor":13.0,"key":"Weak Potion"},{"floor":14.0,"key":"FearPotion"},{"floor":18,"key":"Venom Potion"},{"floor":19,"key":"Fire Potion"},{"floor":23,"key":"LifebloodPotion"},{"floor":29,"key":"Block Potion"},{"floor":29,"key":"Ancient Potion"},{"floor":29,"key":"Weak Potion"},{"floor":29,"key":"EssenceOfSteel"},{"floor":29,"key":"EssenceOfSteel"},{"floor":31,"key":"SpeedPotion"},{"floor":33,"key":"Ancient Potion"},{"floor":35,"key":"LiquidMemories"},{"floor":38,"key":"FearPotion"},{"floor":42,"key":"BloodPotion"}],"is_trial":false,"path_per_floor":["M","M","$","?","T","R","E","M","T","E","R","E","M","M","R","B",null,"M","?","$","M","$","E","R","M","T","?","R","$","E","M","R","B",null,"M","?","M","M","$","E","R","E","T","M","M","?","E","T","R","B",null,"R","$","E","B"],"character_chosen":"IRONCLAD","items_purchased":["MerchantsRug","Inflame","Pummel","Sling","Flame Barrier","ReplayTheSpireMod:Ninjato","Runesmith:AutoHammer","ReplayTheSpireMod:CursedCoin","Magic Flower","Carnage","Whetstone","Cauldron","Finesse","Searing Blow","King of Hearts","Limit Break","Replay:Rubber Ducky","Inflame","Membership Card","Bottled Lightning","GnawedLeaf","Fire Potion","AttackPotion","Swift Potion"],"campfire_rested":1,"item_purchase_floors":[3,3,3,20,20,20,20,22,22,22,22,29,29,29,39,39,39,39,53,53,53,53,53,53],"current_hp_per_floor":[78,80,80,80,80,80,80,80,80,71,71,49,45,44,44,30,68,70,35,35,31,31,33,33,41,41,41,65,65,59,61,61,26,67,36,36,42,32,32,38,38,43,43,36,57,57,69,69,69,31,68,68,68,81,0,0],"gold":78,"neow_bonus":"THREE_ENEMY_KILL","is_daily":false,"chose_seed":false,"campfire_upgraded":7,"win_rate":0.0,"timestamp":1612102900,"path_taken":["M","M","$","?","?","R","E","?","T","E","R","E","M","M","R","BOSS","M","?","$","?","$","E","R","M","T","?","R","$","E","?","R","BOSS","M","?","M","M","$","E","R","E","T","M","?","?","E","?","R","BOSS","R","$","E","BOSS"],"items_purchased_type":["Relic","Card","Card","Relic","Card","Relic","Relic","Relic","Relic","Card","Relic","Relic","Card","Card","Relic","Card","Relic","Card","Relic","Relic","Relic","Potion","Potion","Potion"],"build_version":"2020-12-22","purchased_purges":5,"victory":false,"max_hp_per_floor":[80,80,80,80,80,80,80,80,80,80,80,80,80,80,80,80,80,80,80,80,80,80,80,80,80,80,80,80,80,80,80,80,80,80,80,80,80,80,80,80,80,80,80,80,80,80,80,80,80,80,80,80,80,87,87,87],"card_choices":[{"not_picked":["Headbutt","Second Wind"],"picked":"Armaments","floor":1.0},{"not_picked":["Rage","True Grit"],"picked":"Heavy Blade","floor":2.0},{"not_picked":["Feel No Pain","Clash"],"picked":"Seeing Red","floor":7.0},{"not_picked":["Clothesline","ReplayTheSpireMod:Strike From Hell"],"picked":"Burning Pact","floor":8.0},{"not_picked":["Rage","True Grit"],"picked":"Bomb","floor":10.0},{"not_picked":["Intimidate","Dark Embrace","Body Slam"],"picked":"SKIP","floor":12.0},{"not_picked":["Defy Death","Fire Breathing"],"picked":"Limit Break","floor":13.0},{"not_picked":["Iron Wave","Replay:Undeath\u0027s Touch"],"picked":"Bomb","floor":14.0},{"not_picked":["Eclipse","Corruption"],"picked":"Offering","floor":16.0},{"not_picked":["Clash","Run Through"],"picked":"ReplayTheSpireMod:Limb From Limb","floor":18},{"not_picked":["Pummel","ReplayTheSpireMod:Strike From Hell"],"picked":"Cleave","floor":19},{"not_picked":["Wild Strike","Armaments"],"picked":"Flame Barrier+1","floor":21},{"not_picked":["Clash","Evolve+1","ReplayTheSpireMod:Limb From Limb"],"picked":"SKIP","floor":23},{"not_picked":["Fire Breathing+1","Pommel Strike","Dark Embrace"],"picked":"SKIP","floor":25},{"not_picked":["Juggernaut","Clothesline"],"picked":"Flex","floor":30},{"not_picked":["ReplayTheSpireMod:Corrosion Curse","Run Through"],"picked":"Shrug It Off","floor":31},{"not_picked":["Twin Strike+1","Warcry","Headbutt"],"picked":"SKIP","floor":35},{"not_picked":["Sword Boomerang+1","Thunderclap+1"],"picked":"Clothesline+1","floor":37},{"not_picked":["Sentinel","Rampage+1","Infernal Blade+1"],"picked":"SKIP","floor":38},{"not_picked":["Flame Barrier","Run Through+1"],"picked":"Metallicize+1","floor":40},{"not_picked":["Infernal Blade+1","Perfected Strike","Clash"],"picked":"SKIP","floor":42},{"not_picked":["Havoc+1","Replay:Undeath\u0027s Touch","Perfected Strike+1"],"picked":"SKIP","floor":44},{"not_picked":["Infernal Blade+1","Life Link","ReplayTheSpireMod:Limb From Limb+1"],"picked":"SKIP","floor":45},{"not_picked":["Dramatic Entrance","Good Instincts"],"picked":"Secret Technique","floor":46},{"not_picked":["Iron Wave","Dropkick+1","Second Wind"],"picked":"SKIP","floor":47},{"not_picked":["Body Slam","Bludgeon","Headbutt"],"picked":"SKIP","floor":54}],"player_experience":223109,"relics_obtained":[{"floor":7.0,"key":"Darkstone Periapt"},{"floor":9.0,"key":"Blood Vial"},{"floor":10.0,"key":"Potion Belt"},{"floor":12.0,"key":"PunchingBag"},{"floor":19,"key":"Matryoshka"},{"floor":23,"key":"Lantern"},{"floor":26,"key":"BelialBook"},{"floor":26,"key":"HowToJump"},{"floor":30,"key":"ReplayTheSpireMod:Lightbulb"},{"floor":40,"key":"Runesmith:Locket"},{"floor":42,"key":"HollowMod:LifeEnderRelic"},{"floor":43,"key":"BookofShadows"},{"floor":43,"key":"Replay:Baseball"},{"floor":47,"key":"ReplayTheSpireMod:Shallot"},{"floor":48,"key":"Orichalcum"},{"floor":54,"key":"Strawberry"}],"event_choices":[{"damage_healed":0,"gold_gain":0,"player_choice":"Fight","damage_taken":0,"max_hp_gain":0,"max_hp_loss":0,"event_name":"HidenRoomEvent","floor":19,"gold_loss":0},{"cards_removed":["Strike_R"],"damage_healed":0,"gold_gain":0,"player_choice":"Offered Basic","damage_taken":0,"max_hp_gain":0,"max_hp_loss":0,"event_name":"Bonfire Elementals","floor":27,"gold_loss":0},{"damage_healed":0,"gold_gain":0,"player_choice":"Memory 1","damage_taken":0,"max_hp_gain":0,"max_hp_loss":0,"event_name":"SensoryStone","floor":46,"gold_loss":0}],"is_beta":false,"boss_relics":[{"not_picked":["Calling Bell","Empty Cage"],"picked":"Replay:Ancient Bell"},{"not_picked":["Bronze Scales","Tiny Chest"],"picked":"Omamori"},{"not_picked":["HornCleat","Molten Egg 2"],"picked":"Shuriken"},{"not_picked":[]},{"not_picked":["Kintsugi","Runic Pyramid"],"picked":"Mark of Pain"},{"not_picked":[]}],"items_purged_floors":[20,22,29,39,53],"is_endless":false,"potions_floor_spawned":[1,8,12,13,14,18,19,23,31,33,35,38,42],"killed_by":"Delirium","ascension_level":6}}