{"host":"Troy","time":1612123846,"event":{"mods":["BaseMod","Colored Map","Highlight Path","Minty Spire (QoL Compilation)","Permanent Neow"],"gold_per_floor":[113,130,140,152,102,430,430,430,499,538,538,581,581,594,594,720,720,741,759,381,397,397,449,449,478,530,626,670,718,789,776,788,928,940,973,1053,1215,1259,537,537,556,605,605,639,679,753,803,828,837,837,837],"floor_reached":50,"language":"ENG","playtime":3451,"items_purged":["Strike_G","Strike_G"],"score":720,"play_id":"d8b0140c-c6d7-40d0-9eb1-5112936159ad","local_time":"20210131151046","is_ascension_mode":true,"campfire_choices":[{"data":"Crippling Poison","floor":8.0,"key":"SMITH"},{"floor":15.0,"key":"REST"},{"data":"Bouncing Flask","floor":24,"key":"SMITH"},{"floor":32,"key":"REST"},{"floor":40,"key":"RECALL"},{"floor":49,"key":"REST"}],"circlet_count":0,"master_deck":["Strike_G","Strike_G","Strike_G","Defend_G","Defend_G","Defend_G","Defend_G","Defend_G","Survivor","Neutralize","Dagger Spray","Footwork","Dagger Throw","Crippling Poison+1","Bouncing Flask+1","Wraith Form v2+1","After Image","Caltrops","Night Terror+1","Calculated Gamble+1","Outmaneuver+1","Deadly Poison+1","Noxious Fumes","Crippling Poison+1","Reflex+1","Catalyst+1","Malaise+1","Madness+1","Madness+1","Expertise+1","Well Laid Plans","Secret Technique+1","Backflip+1","Crippling Poison+1","Flechettes+1","Concentrate+1","Tactician+1","Catalyst+1","Backflip+1"],"relics":["Ring of the Snake","StoneCalendar","Old Coin","Golden Idol","Toxic Egg 2","MealTicket","Centennial Puzzle","Runic Dome","Oddly Smooth Stone","Dream Catcher","SsserpentHead","CeramicFish","MawBank","Blood Vial","Regal Pillow","SlaversCollar","InkBottle","Lantern","Happy Flower","Smiling Mask"],"acts_visited":["Exordium","TheCity","TheBeyond"],"potions_floor_usage":[23,28,29,45,50],"damage_taken":[{"damage":0.0,"enemies":"Cultist","floor":1.0,"turns":4.0},{"damage":6.0,"enemies":"Jaw Worm","floor":2.0,"turns":5.0},{"damage":2.0,"enemies":"Small Slimes","floor":3.0,"turns":5.0},{"damage":2.0,"enemies":"Looter","floor":4.0,"turns":3.0},{"damage":6.0,"enemies":"Lagavulin","floor":6.0,"turns":7.0},{"damage":20.0,"enemies":"Gremlin Nob","floor":10.0,"turns":4.0},{"damage":19.0,"enemies":"3 Sentries","floor":12.0,"turns":7.0},{"damage":12.0,"enemies":"Large Slime","floor":14.0,"turns":7.0},{"damage":4.0,"enemies":"Hexaghost","floor":16.0,"turns":9.0},{"damage":0.0,"enemies":"Spheric Guardian","floor":18.0,"turns":6.0},{"damage":10,"enemies":"Chosen","floor":19,"turns":5},{"damage":1,"enemies":"Snake Plant","floor":21,"turns":5},{"damage":19,"enemies":"Slavers","floor":23,"turns":6},{"damage":0,"enemies":"Snecko","floor":25,"turns":6},{"damage":0,"enemies":"Centurion and Healer","floor":27,"turns":7},{"damage":9,"enemies":"Snake Plant","floor":28,"turns":4},{"damage":6,"enemies":"Gremlin Leader","floor":29,"turns":7},{"damage":16,"enemies":"Champ","floor":33,"turns":8},{"damage":6,"enemies":"3 Shapes","floor":35,"turns":5},{"damage":6,"enemies":"Orb Walker","floor":38,"turns":6},{"damage":7,"enemies":"Writhing Mass","floor":41,"turns":3},{"damage":0,"enemies":"Giant Head","floor":42,"turns":6},{"damage":31,"enemies":"Sphere and 2 Shapes","floor":44,"turns":4},{"damage":34,"enemies":"Reptomancer","floor":45,"turns":6},{"damage":17,"enemies":"4 Shapes","floor":46,"turns":5},{"damage":1,"enemies":"Maw","floor":48,"turns":5},{"damage":53,"enemies":"Awakened One","floor":50,"turns":6}],"seed_played":"550344904170767341","potions_obtained":[{"floor":4.0,"key":"Weak Potion"},{"floor":6.0,"key":"FearPotion"},{"floor":10.0,"key":"Swift Potion"},{"floor":16.0,"key":"LiquidBronze"},{"floor":18.0,"key":"BlessingOfTheForge"},{"floor":25,"key":"Dexterity Potion"},{"floor":27,"key":"DistilledChaos"},{"floor":28,"key":"Swift Potion"},{"floor":33,"key":"FearPotion"},{"floor":41,"key":"FairyPotion"},{"floor":46,"key":"Block Potion"}],"is_trial":false,"path_per_floor":["M","M","M","M","?","E","?","R","T","E","?","E","?","M","R","B",null,"M","M","$","M","?","E","R","M","T","M","M","E","?","?","R","B",null,"M","?","?","M","$","R","M","E","T","M","E","M","?","M","R","B"],"character_chosen":"THE_SILENT","items_purchased":["Oddly Smooth Stone","Dream Catcher","InkBottle","Lantern","Well Laid Plans","Secret Technique+1","Backflip+1"],"campfire_rested":3,"item_purchase_floors":[20,20,39,39,39,39,39],"current_hp_per_floor":[70,64,62,60,60,54,54,54,54,34,34,15,15,3,22,18,65,65,55,65,64,64,45,45,45,45,45,36,30,30,30,64,49,65,59,51,51,47,62,62,57,59,59,30,19,4,4,5,39,0,0],"gold":837,"neow_bonus":"ONE_RARE_RELIC","is_daily":false,"chose_seed":false,"campfire_upgraded":2,"win_rate":0.0,"timestamp":1612123846,"path_taken":["M","M","?","M","?","E","?","R","T","E","?","E","?","M","R","BOSS","M","M","$","?","?","E","R","M","T","?","M","E","?","?","R","BOSS","M","?","?","M","$","R","M","E","T","M","E","?","?","M","R","BOSS"],"items_purchased_type":["Relic","Relic","Relic","Relic","Card","Card","Card"],"build_version":"2020-12-18","purchased_purges":2,"victory":false,"max_hp_per_floor":[70,70,70,70,70,70,65,65,65,65,65,65,65,65,65,65,65,65,65,65,65,65,65,65,65,65,65,65,65,65,65,65,65,65,65,65,65,65,65,65,65,65,65,65,65,65,65,65,65,65,65],"card_choices":[{"not_picked":["Tactician","Acrobatics"],"picked":"Dagger Spray","floor":1.0},{"not_picked":["Concentrate","PiercingWail"],"picked":"Footwork","floor":2.0},{"not_picked":["Backflip","Poisoned Stab"],"picked":"Dagger Throw","floor":3.0},{"not_picked":["Concentrate","Caltrops"],"picked":"Crippling Poison","floor":4.0},{"not_picked":["Bane","Glass Knife"],"picked":"Bouncing Flask","floor":6.0},{"not_picked":["Distraction+1","Cloak And Dagger+1"],"picked":"Wraith Form v2","floor":10.0},{"not_picked":["Quick Slash","Outmaneuver+1"],"picked":"After Image","floor":12.0},{"not_picked":["Quick Slash","Sucker Punch"],"picked":"Caltrops","floor":14.0},{"not_picked":["Corpse Explosion+1","Storm of Steel+1"],"picked":"Night Terror+1","floor":16.0},{"not_picked":["Escape Plan+1","Prepared+1"],"picked":"Calculated Gamble+1","floor":18.0},{"not_picked":["Deflect+1","Prepared+1"],"picked":"Outmaneuver+1","floor":19},{"not_picked":["Poisoned Stab","Flechettes"],"picked":"Deadly Poison+1","floor":21},{"not_picked":["All Out Attack","Skewer+1"],"picked":"Noxious Fumes","floor":23},{"not_picked":["Poisoned Stab","Finisher"],"picked":"Crippling Poison+1","floor":25},{"not_picked":["Blade Dance+1","Tactician+1"],"picked":"Reflex+1","floor":27},{"not_picked":["Quick Slash","Dagger Throw+1"],"picked":"Catalyst+1","floor":28},{"not_picked":["Deadly Poison+1","Blade Dance+1","Slice"],"picked":"SKIP","floor":29},{"not_picked":["Phantasmal Killer+1","Tools of the Trade"],"picked":"Malaise+1","floor":33},{"not_picked":["Dagger Throw+1","Poisoned Stab","Skewer+1"],"picked":"SKIP","floor":35},{"not_picked":["Slice","PiercingWail+1"],"picked":"Expertise+1","floor":38},{"not_picked":["Eviscerate","Quick Slash","Backstab+1"],"picked":"SKIP","floor":41},{"not_picked":["Eviscerate+1","Flechettes"],"picked":"Crippling Poison+1","floor":42},{"not_picked":["Deadly Poison+1","Outmaneuver+1"],"picked":"Flechettes+1","floor":44},{"not_picked":["Skewer+1","Flying Knee+1"],"picked":"Concentrate+1","floor":45},{"not_picked":["Accuracy+1","Leg Sweep+1"],"picked":"Tactician+1","floor":46},{"not_picked":["Caltrops+1","Eviscerate"],"picked":"Catalyst+1","floor":48},{"not_picked":["Terror+1","Noxious Fumes+1"],"picked":"Backflip+1","floor":49}],"player_experience":4121796,"relics_obtained":[{"floor":6.0,"key":"Old Coin"},{"floor":9.0,"key":"Toxic Egg 2"},{"floor":10.0,"key":"MealTicket"},{"floor":12.0,"key":"Centennial Puzzle"},{"floor":23,"key":"CeramicFish"},{"floor":26,"key":"MawBank"},{"floor":29,"key":"Blood Vial"},{"floor":42,"key":"Happy Flower"},{"floor":45,"key":"Smiling Mask"}],"event_choices":[{"cards_removed":["Injury"],"damage_healed":0.0,"max_hp_gain":0.0,"max_hp_loss":0.0,"gold_gain":0.0,"event_name":"The Cleric","player_choice":"Card Removal","floor":5.0,"gold_loss":50.0,"damage_taken":0.0},{"damage_healed":0.0,"max_hp_gain":0.0,"max_hp_loss":5.0,"gold_gain":0.0,"event_name":"Golden Idol","player_choice":"Lose Max HP","floor":7.0,"gold_loss":0.0,"damage_taken":0.0,"relics_obtained":["Golden Idol"]},{"damage_healed":0.0,"max_hp_gain":0.0,"max_hp_loss":0.0,"gold_gain":0.0,"event_name":"Liars Game","player_choice":"Ignored","floor":11.0,"gold_loss":0.0,"damage_taken":0.0},{"damage_healed":0.0,"max_hp_gain":0.0,"max_hp_loss":0.0,"gold_gain":0.0,"event_name":"Accursed Blacksmith","player_choice":"Forge","floor":13.0,"gold_loss":0.0,"damage_taken":0.0,"cards_upgraded":["Wraith Form v2"]},{"damage_healed":0,"gold_gain":0,"player_choice":"Trade","damage_taken":0,"relics_obtained":["SsserpentHead"],"max_hp_gain":0,"max_hp_loss":0,"event_name":"FaceTrader","floor":22,"gold_loss":0},{"damage_healed":0,"gold_gain":0,"player_choice":"Opened","damage_taken":0,"relics_obtained":["Regal Pillow"],"max_hp_gain":0,"max_hp_loss":0,"event_name":"The Mausoleum","floor":30,"gold_loss":0,"cards_obtained":["Writhe"]},{"cards_removed":["Writhe"],"damage_healed":0,"gold_gain":0,"player_choice":"Gave Gold","damage_taken":0,"max_hp_gain":0,"max_hp_loss":0,"event_name":"Beggar","floor":31,"gold_loss":75},{"damage_healed":0,"gold_gain":0,"player_choice":"Embrace Madness","damage_taken":8,"max_hp_gain":0,"max_hp_loss":0,"event_name":"Winding Halls","floor":36,"gold_loss":0,"cards_obtained":["Madness","Madness"]},{"damage_healed":0,"gold_gain":100,"player_choice":"Pray","damage_taken":0,"max_hp_gain":0,"max_hp_loss":0,"event_name":"Golden Shrine","floor":37,"gold_loss":0},{"damage_healed":0,"gold_gain":0,"player_choice":"Ignored","damage_taken":0,"max_hp_gain":0,"max_hp_loss":0,"event_name":"Tomb of Lord Red Mask","floor":47,"gold_loss":0}],"is_beta":true,"boss_relics":[{"not_picked":["Black Star","Empty Cage"],"picked":"Runic Dome"},{"not_picked":["Cursed Key","Snecko Eye"],"picked":"SlaversCollar"}],"items_purged_floors":[20,39],"is_endless":false,"potions_floor_spawned":[4,6,10,16,18,25,27,28,33,41,46],"killed_by":"Awakened One","ascension_level":1}}