{"host":"Jinnai","time":1612062524,"event":{"mods":["BaseMod","Bestiary","Block Reminder","Colored Map","Colored Powertips","Highlight Path","Minty Spire (QoL Compilation)","Quick Restart","Relic Stats","StSLib"],"gold_per_floor":[119,139,151,168,218,218,218,218],"floor_reached":7,"language":"ENG","playtime":363,"items_purged":[],"score":86,"play_id":"0b7a2182-6f1a-4cd5-a31a-6d8eff08cdef","local_time":"20210130220844","is_ascension_mode":true,"campfire_choices":[{"data":"BowlingBash","floor":6,"key":"SMITH"}],"circlet_count":0,"master_deck":["AscendersBane","Strike_P","Strike_P","Strike_P","Strike_P","Defend_P","Defend_P","Defend_P","Defend_P","Eruption","Vigilance","EmptyFist","Wireheading","BowlingBash+1","Conclude"],"relics":["Snecko Eye"],"acts_visited":["Exordium"],"potions_floor_usage":[4,7],"damage_taken":[{"damage":8,"enemies":"Small Slimes","floor":1,"turns":4},{"damage":0,"enemies":"Cultist","floor":2,"turns":3},{"damage":12,"enemies":"Jaw Worm","floor":3,"turns":3},{"damage":2,"enemies":"Exordium Thugs","floor":4,"turns":3},{"damage":58,"enemies":"Gremlin Nob","floor":7,"turns":4}],"seed_played":"-2148372948845938775","potions_obtained":[{"floor":1,"key":"SkillPotion"},{"floor":4,"key":"BlessingOfTheForge"}],"is_trial":false,"path_per_floor":["M","M","M","M","?","R","E"],"character_chosen":"WATCHER","items_purchased":[],"campfire_rested":0,"item_purchase_floors":[],"current_hp_per_floor":[53,53,41,39,39,39,0,0],"gold":218,"neow_bonus":"BOSS_RELIC","is_daily":false,"chose_seed":false,"campfire_upgraded":1,"win_rate":0.0,"timestamp":1612062524,"path_taken":["M","M","M","M","?","R","E"],"items_purchased_type":[],"build_version":"2020-12-18","purchased_purges":0,"victory":false,"max_hp_per_floor":[68,68,68,68,68,68,68,68],"relic_stats":{"counters":[5,17],"Snecko Eye":[27,38,25,25],"obtain_stats":[{"Snecko Eye":0,"PureWater":0},{"Snecko Eye":0,"PureWater":0},{"Snecko Eye":0,"PureWater":0}]},"card_choices":[{"not_picked":["WaveOfTheHand","CrushJoints"],"picked":"EmptyFist","floor":1},{"not_picked":["ClearTheMind","PathToVictory"],"picked":"Wireheading","floor":2},{"not_picked":["ClearTheMind","WreathOfFlame"],"picked":"BowlingBash","floor":3},{"not_picked":["LikeWater","BowlingBash"],"picked":"Conclude","floor":4}],"player_experience":1614636,"relics_obtained":[],"event_choices":[{"damage_healed":0,"gold_gain":50,"player_choice":"Pray","damage_taken":0,"max_hp_gain":0,"max_hp_loss":0,"event_name":"Golden Shrine","floor":5,"gold_loss":0}],"is_beta":true,"boss_relics":[],"items_purged_floors":[],"is_endless":false,"potions_floor_spawned":[1,4],"killed_by":"Gremlin Nob","ascension_level":20}}