{"host":"0fmi5fguj5lvt8pf","time":1612055871,"event":{"mods":["BaseMod","Colored Map","Curses Come First","Downfall","Minty Spire (QoL Compilation)","Permanent Neow","StSLib"],"gold_per_floor":[99,117,117,5,18,18,18,18,32,47,47,65,50,77,87,182,182,182,199,215,215,56,56,103,103,203,223,223,254,262,293,309,412,412,412,426,72,72,72,92,116,126,126,138,157,157,157,157],"floor_reached":46,"language":"ENG","playtime":2442,"items_purged":["downfall:Bewildered","Slimebound:Strike_Slimebound"],"score":510,"play_id":"c662b736-0571-41d9-8b9f-ea592f35c6f7","local_time":"20210130171751","is_ascension_mode":false,"campfire_choices":[{"data":"Slimebound:CorrosiveSpit","floor":1,"key":"SMITH"},{"data":"Slimebound:RejuvenatingLick","floor":8,"key":"SMITH"},{"data":"Slimebound:Grow","floor":11,"key":"SMITH"},{"data":"Slimebound:HauntingLick","floor":18,"key":"SMITH"},{"floor":28,"key":"REST"},{"floor":35,"key":"RECALL"}],"circlet_count":0,"master_deck":["Slimebound:Strike_Slimebound","Slimebound:Tackle","Slimebound:Defend_Slimebound","Slimebound:Defend_Slimebound","Slimebound:Defend_Slimebound","Slimebound:Defend_Slimebound","Slimebound:Split","Slimebound:CorrosiveSpit+1","Slimebound:Recycling","Slimebound:LivingWall","Slimebound:BestDefense","Slimebound:HauntingLick+1","Slimebound:Equalize","Slimebound:RejuvenatingLick+1","Slimebound:TongueLash","Slimebound:Grow+1","Slimebound:HungryTackle","Slimebound:CheckThePlaybook","Slimebound:Prepare","Slimebound:Recollect+1","Slimebound:Gluttony+1","Slimebound:Chomp","Slimebound:DuplicatedForm","Slimebound:Dissolve+1","Slimebound:Schlurp","Slimebound:LeechEnergy+1"],"relics":["Slimebound:AbsorbEndCombat","Letter Opener","champ:DuelingGlove","SlaversCollar","Enchiridion","Slimebound:SelfDamagePreventRelic","sneckomod:BabySnecko","downfall:GremlinWheel","TungstenRod","Pantograph","Ice Cream","Slimebound:TarBlob","Matryoshka","Nunchaku","Bag of Preparation"],"acts_visited":["Exordium","TheCity","TheBeyond"],"potions_floor_usage":[16,16,22,27,32,36],"damage_taken":[{"damage":10,"enemies":"Jaw Worm","floor":2,"turns":4},{"damage":5,"enemies":"downfall:FleeingMerchant","floor":4,"turns":4},{"damage":4,"enemies":"Cultist","floor":5,"turns":4},{"damage":0,"enemies":"Small Slimes","floor":9,"turns":3},{"damage":7,"enemies":"2 Fungi Beasts","floor":10,"turns":2},{"damage":3,"enemies":"3 Louse","floor":12,"turns":3},{"damage":10,"enemies":"downfall:FleeingMerchant","floor":13,"turns":4},{"damage":26,"enemies":"Lagavulin","floor":14,"turns":6},{"damage":3,"enemies":"Large Slime","floor":15,"turns":5},{"damage":37,"enemies":"SI_SHIV_ARCHETYPE","floor":16,"turns":5},{"damage":10,"enemies":"Spheric Guardian","floor":19,"turns":3},{"damage":3,"enemies":"Chosen","floor":20,"turns":3},{"damage":30,"enemies":"downfall:FleeingMerchant","floor":22,"turns":4},{"damage":2,"enemies":"downfall:FleeingMerchant","floor":26,"turns":2},{"damage":16,"enemies":"Centurion and Healer","floor":27,"turns":3},{"damage":19,"enemies":"Slavers","floor":29,"turns":3},{"damage":0,"enemies":"downfall:FleeingMerchant","floor":30,"turns":2},{"damage":14,"enemies":"Gremlin Leader","floor":31,"turns":4},{"damage":8,"enemies":"Chosen and Byrds","floor":32,"turns":4},{"damage":13,"enemies":"WA_ARCHETYPE_CALM","floor":33,"turns":5},{"damage":22,"enemies":"3 Shapes","floor":36,"turns":1},{"damage":19,"enemies":"3 Darklings","floor":40,"turns":2},{"damage":12,"enemies":"4 Shapes","floor":42,"turns":5},{"damage":0,"enemies":"Jaw Worm Horde","floor":44,"turns":2},{"damage":2,"enemies":"Sphere and 2 Shapes","floor":45,"turns":3},{"damage":0,"enemies":"Writhing Mass","floor":46,"turns":1}],"seed_played":"-2833450431530961755","potions_obtained":[{"floor":3,"key":"DuplicationPotion"},{"floor":3,"key":"Fire Potion"},{"floor":3,"key":"Strength Potion"},{"floor":16,"key":"sneckomod:MuddlingPotion"},{"floor":19,"key":"AttackPotion"},{"floor":31,"key":"DistilledChaos"},{"floor":33,"key":"EntropicBrew"},{"floor":36,"key":"ColorlessPotion"}],"is_trial":false,"path_per_floor":["R","M","?","$","M","?","T","R","M","M","R","M","$","E","M","B",null,"R","M","M","?","$","?","T","?","?","M","R","E","$","E","M","B",null,"R","M","?","$","?","M","T","M","?","M","M","M"],"character_chosen":"SLIMEBOUND","items_purchased":["Slimebound:HauntingLick","Slimebound:Equalize","Slimebound:SelfDamagePreventRelic","Pantograph","Matryoshka"],"campfire_rested":1,"item_purchase_floors":[4,4,22,30,37],"current_hp_per_floor":[65,60,60,61,63,63,63,63,65,62,62,63,59,49,56,39,65,65,57,62,46,32,32,32,32,32,30,49,46,56,65,63,54,65,65,59,59,59,59,54,54,54,65,65,65,65,65,65],"gold":157,"neow_bonus":"ONE_RANDOM_RARE_CARD","is_daily":false,"chose_seed":false,"campfire_upgraded":4,"win_rate":0.0,"timestamp":1612055871,"path_taken":["R","M","?","$","?","?","T","R","?","M","R","M","$","E","M","BOSS","R","M","M","?","$","?","T","?","?","?","R","E","?","E","M","BOSS","R","M","?","$","?","M","T","M","?","M","M","?"],"items_purchased_type":["Card","Card","Relic","Relic","Relic"],"build_version":"2020-12-22","purchased_purges":2,"victory":false,"max_hp_per_floor":[65,65,65,65,65,65,65,65,65,65,65,65,65,65,65,65,65,65,65,65,65,65,65,65,65,65,65,65,65,65,65,65,65,65,65,65,65,65,65,65,65,65,65,65,65,65,65,65],"card_choices":[{"not_picked":["Slimebound:GoopSpray","Slimebound:Schlurp"],"picked":"Slimebound:LivingWall","floor":2},{"not_picked":["Slimebound:SplitLeeching","Slimebound:SlimeSpikes"],"picked":"Slimebound:BestDefense","floor":4},{"not_picked":["Slimebound:SlimeTap","Slimebound:BestDefense"],"picked":"Slimebound:RejuvenatingLick","floor":5},{"not_picked":["Slimebound:FinishingTackle","Slimebound:ComboTackle"],"picked":"Slimebound:TongueLash","floor":9},{"not_picked":["Slimebound:HauntingLick","Slimebound:SplitLeeching"],"picked":"Slimebound:Grow","floor":10},{"not_picked":["Slimebound:ServeAndProtect","Slimebound:GoopSpray","Slimebound:SlimeBrawl"],"picked":"SKIP","floor":12},{"not_picked":["Slimebound:ForwardTackle","Slimebound:SplitMire"],"picked":"Slimebound:HungryTackle","floor":13},{"not_picked":["Slimebound:LeadByExample","Slimebound:RallyTheTroops","Slimebound:TongueLash"],"picked":"SKIP","floor":14},{"not_picked":["Slimebound:FormOfPuddle","Slimebound:FinishingTackle","Slimebound:SplitMire"],"picked":"SKIP","floor":15},{"not_picked":["Slimebound:MassRepurpose","Slimebound:DouseInSlime"],"picked":"Slimebound:CheckThePlaybook","floor":16},{"not_picked":["Slimebound:SplitMire+1","Slimebound:LeechingTouch"],"picked":"Slimebound:Chomp","floor":19},{"not_picked":["Slimebound:SplitLeeching","Slimebound:SplitBruiser","Slimebound:SlimeSpikes"],"picked":"SKIP","floor":20},{"not_picked":["Slimebound:SplitAcid","Slimebound:MassRepurpose","Slimebound:GoopTackle+1"],"picked":"SKIP","floor":22},{"not_picked":["Slimebound:SplitLeeching","Slimebound:ItLooksTasty"],"picked":"Slimebound:Prepare","floor":27},{"not_picked":["Slimebound:GrowthPunch","Slimebound:LeechingTouch"],"picked":"Slimebound:Recollect+1","floor":29},{"not_picked":["Slimebound:SplitBruiser+1","Slimebound:ComboTackle"],"picked":"Slimebound:Gluttony+1","floor":30},{"not_picked":["Slimebound:DuplicatedForm","Slimebound:SplitBruiser"],"picked":"Slimebound:Chomp","floor":31},{"not_picked":["Slimebound:Equalize","Slimebound:Repurpose","Slimebound:RollThrough+1"],"picked":"SKIP","floor":32},{"not_picked":["Slimebound:LeechLife","Slimebound:Recycling"],"picked":"Slimebound:DuplicatedForm","floor":33},{"not_picked":["Slimebound:LevelUp+1","Slimebound:SplitMire"],"picked":"Slimebound:Dissolve+1","floor":36},{"not_picked":["Slimebound:AcidTongue+1","Slimebound:Chomp+1"],"picked":"Slimebound:Schlurp","floor":40},{"not_picked":["Slimebound:ItLooksTasty+1","Slimebound:ViciousTackle"],"picked":"Slimebound:LeechEnergy+1","floor":42},{"not_picked":["Slimebound:Gluttony","Slimebound:SplitMire","Slimebound:Schlurp+1"],"picked":"SKIP","floor":44},{"not_picked":["Slimebound:SplitMire","Slimebound:FinishingTackle","Slimebound:Prepare+1"],"picked":"SKIP","floor":45}],"player_experience":1454501,"relics_obtained":[{"floor":7,"key":"Letter Opener"},{"floor":14,"key":"champ:DuelingGlove"},{"floor":21,"key":"Enchiridion"},{"floor":26,"key":"downfall:GremlinWheel"},{"floor":29,"key":"TungstenRod"},{"floor":31,"key":"Ice Cream"},{"floor":41,"key":"Nunchaku"},{"floor":41,"key":"Bag of Preparation"}],"event_choices":[{"damage_healed":0,"gold_gain":0,"player_choice":"Got Potions","damage_taken":0,"max_hp_gain":0,"max_hp_loss":0,"event_name":"Lab","floor":3,"gold_loss":0},{"damage_healed":0,"gold_gain":0,"player_choice":"Ignored","damage_taken":0,"max_hp_gain":0,"max_hp_loss":0,"event_name":"NoteForYourself","floor":6,"gold_loss":0},{"damage_healed":0,"gold_gain":0,"player_choice":"Ignored","damage_taken":0,"max_hp_gain":0,"max_hp_loss":0,"event_name":"Vampires","floor":25,"gold_loss":0},{"cards_removed":["Slimebound:Strike_Slimebound"],"damage_healed":0,"gold_gain":0,"player_choice":"Removed Attack","damage_taken":0,"max_hp_gain":0,"max_hp_loss":0,"event_name":"Falling","floor":39,"gold_loss":0},{"cards_removed":["Slimebound:Chomp"],"damage_healed":11,"gold_gain":0,"player_choice":"Offered Uncommon","damage_taken":0,"max_hp_gain":0,"max_hp_loss":0,"event_name":"Bonfire Elementals","floor":43,"gold_loss":0}],"is_beta":false,"boss_relics":[{"not_picked":["Sozu","Coffee Dripper"],"picked":"SlaversCollar"},{"not_picked":["Runic Pyramid","Velvet Choker"],"picked":"Slimebound:TarBlob"}],"items_purged_floors":[30,37],"is_endless":false,"potions_floor_spawned":[5,9,16,19,20,31,33,36],"killed_by":"Writhing Mass","ascension_level":0}}