{"host":"312klq0911jlgvh2","time":1612121231,"event":{"mods":["100% Spire Juice","2.2 Compatiblity","AchievementEnabler","Act Like it!","Ascension Unlocker","Aspiration","Astrologer","BaseMod","Beaked The Cultist","Block Reminder","Chen","Clockwork Mod","Colored Powertips","Conspire","Custom Start","Downfall","Energized Spire","Evolution","Friendly Minions","Gensokyo","GifTheSpireLib","Gold Saver","GungeonMod","Halation","Hermit","HololiveMod","Hubris","Infinite Spire","Jedi Mod","Koishi","Marisa????????","Mimic Mod","Minty Spire (QoL Compilation)","Prisma Mod","Random Character Button","Reimu??????","Relic Sorter","Reliquary","Remilia??????","Replay The Spire","Retaliation","RumiaBox-????????","Spikes Relics","StS++","StSLib","Stuff the Spire","Synergy Search","The Animator","The Blue Laboratory","The Bug Knight","The Poker Player","TheVacant","Trackpad","Uncapped","UnlockEverythingMod","yUi"],"gold_per_floor":[110,125,38,51,67,100,100,100,148,161,161,192,90,108,108,213,213,233,233,233,248,258,258,293,293,317,432,432,460,471,500,500,599,599,612,612,648,698,710,710,737,737,737,771,1620,1670,1684,1700,1700,1700],"floor_reached":51,"language":"ENG","playtime":4196,"items_purged":["Strike_B"],"score":774,"play_id":"2ce298b3-c1b3-4a03-9941-43d145f78d67","local_time":"20210131142711","is_ascension_mode":false,"campfire_choices":[{"data":"Zap","floor":7,"key":"SMITH"},{"data":"BasicCrystalCard","floor":15,"key":"SMITH"},{"data":"Dualcast","floor":23,"key":"SMITH"},{"floor":25,"key":"REST"},{"data":"Redo","floor":28,"key":"SMITH"},{"data":"Biased Cognition","floor":32,"key":"SMITH"},{"data":"jedi:studyfrost","floor":40,"key":"SMITH"},{"data":"jedi:hex","floor":42,"key":"SMITH"},{"data":"Redo","floor":49,"key":"SMITH"}],"circlet_count":0,"master_deck":["Strike_B+1","Strike_B+1","Defend_B+1","Defend_B+1","Defend_B+1","Zap+1","Dualcast+1","Coolheaded","Coolheaded","conspire:Banana","Undo","Cold Snap","jedi:BurstFrost","Rebound","jedi:hex+1","Redo+1","BasicCrystalCard+1","Biased Cognition+1","Static Discharge","Gash","jedi:BurstLightning","Beam Cell+1","Redo+1","Ball Lightning","ReplayTheSpireMod:Dual Polarity+1","jedi:studyfrost+1","StuffTheSpire:Snapshot+1","Skim","Chill+1","Go for the Eyes+1","Beam Cell+1","Hello World+1","infinitespire:Collect","infinitespire:Fortify","Redo+1","White Noise+1"],"relics":["Cracked Core","EVO:Axolotl","NeowsBlessing","reliquary:ExpiredCoupon","Blood Vial","trackpad:HandOfMidas","EasyGame_NEW","hubris:MobiusCoin","HollowMod:PaleOreRelic","trackpad:RapidFire","reliquary:Stiletto","trackpad:Trackpad","hubris:64BitClover","CaptainsWheel","aspiration:HummingbirdHeart","StuffTheSpire:SapphireSignet","GiantMaggot","aspiration:PoetsPen_weak"],"acts_visited":["Exordium","TheCity","TheBeyond"],"potions_floor_usage":[12,16,16,33,50],"damage_taken":[{"damage":0,"enemies":"conspire:RoseBush","floor":1,"turns":1},{"damage":0,"enemies":"Cultist","floor":2,"turns":1},{"damage":0,"enemies":"2 Louse","floor":4,"turns":2},{"damage":2,"enemies":"conspire:2 RoseBushes","floor":5,"turns":6},{"damage":11,"enemies":"3 Sentries","floor":6,"turns":14},{"damage":0,"enemies":"Looter","floor":10,"turns":3},{"damage":18,"enemies":"HollowMod:MossKnight","floor":12,"turns":18},{"damage":1,"enemies":"Exordium Wildlife","floor":14,"turns":3},{"damage":13,"enemies":"Hexaghost","floor":16,"turns":11},{"damage":3,"enemies":"3 Byrds","floor":18,"turns":1},{"damage":16,"enemies":"2 Thieves","floor":21,"turns":3},{"damage":0,"enemies":"Cultist and Chosen","floor":22,"turns":5},{"damage":18,"enemies":"conspire:SneckoGhost","floor":24,"turns":5},{"damage":0,"enemies":"conspire:HollyBat","floor":27,"turns":1},{"damage":18,"enemies":"Gremlin Leader","floor":29,"turns":5},{"damage":0,"enemies":"Centurion and Healer","floor":30,"turns":5},{"damage":2,"enemies":"conspire:Head Lice","floor":31,"turns":6},{"damage":37,"enemies":"Collector","floor":33,"turns":7},{"damage":3,"enemies":"3 Shapes","floor":35,"turns":3},{"damage":2,"enemies":"Orb Walker","floor":37,"turns":5},{"damage":0,"enemies":"Mind Bloom Boss Battle","floor":38,"turns":5},{"damage":0,"enemies":"Orb Walker","floor":39,"turns":2},{"damage":3,"enemies":"Nemesis","floor":41,"turns":5},{"damage":0,"enemies":"Sphere and 2 Shapes","floor":44,"turns":2},{"damage":0,"enemies":"Transient","floor":45,"turns":3},{"damage":0,"enemies":"4 Shapes","floor":47,"turns":3},{"damage":0,"enemies":"Spire Growth","floor":48,"turns":4},{"damage":61,"enemies":"conspire:OrnateMirror","floor":50,"turns":7}],"seed_played":"-1510723073829245680","potions_obtained":[{"floor":5,"key":"Reflective Coating"},{"floor":10,"key":"blueLaboratory:BiasPotion"},{"floor":12,"key":"blueLaboratory:BiasPotion"},{"floor":14,"key":"Energy Potion"},{"floor":18,"key":"blueLaboratory:AbyssPotion"},{"floor":24,"key":"AttackPotion"},{"floor":31,"key":"DistilledChaos"},{"floor":33,"key":"blueLaboratory:BiasPotion"}],"is_trial":false,"path_per_floor":["M","M","$","M","M","E","R","?","T","M","?","E","$","M","R","B",null,"M","?","?","M","M","R","E","R","T","M","R","E","M","E","R","B",null,"M","?","MIM","?","M","R","E","R","T","M","M","AVR","M","M","R","B",null],"character_chosen":"DEFECT","items_purchased":["conspire:Banana","Redo"],"campfire_rested":1,"item_purchase_floors":[3,13],"current_hp_per_floor":[75,75,75,76,75,65,65,65,65,68,68,53,53,55,55,45,82,80,80,80,67,70,70,55,80,80,82,82,67,70,71,71,37,90,88,88,89,92,93,93,91,91,91,93,95,95,96,97,97,36],"gold":1700,"neow_bonus":"THREE_ENEMY_KILL","is_daily":false,"chose_seed":false,"campfire_upgraded":8,"win_rate":0.0,"timestamp":1612121231,"path_taken":["M","M","$","M","M","E","R","?","T","M","?","E","$","M","R","BOSS","M","?","?","M","M","R","E","R","T","?","R","E","M","E","R","BOSS","M","?","?","?","M","R","E","R","T","M","M","AVR","M","M","R","BOSS"],"items_purchased_type":["Card","Card"],"build_version":"2020-12-22","purchased_purges":1,"victory":true,"max_hp_per_floor":[75,75,75,76,77,78,78,78,78,79,79,80,80,81,81,82,82,83,83,83,84,85,85,86,86,86,86,86,87,88,89,89,90,90,91,91,92,93,93,93,94,94,94,94,95,95,96,97,97,97],"card_choices":[{"not_picked":["Beam Cell","Steam Power"],"picked":"Coolheaded","floor":1},{"not_picked":["jedi:sharpshooter","ReplayTheSpireMod:GoodbyeWorld"],"picked":"Coolheaded","floor":2},{"not_picked":["StuffTheSpire:LoadUp","Gash"],"picked":"Undo","floor":4},{"not_picked":["Turbo","Conserve Battery"],"picked":"Cold Snap","floor":5},{"not_picked":["Rebound","Biased Cognition"],"picked":"jedi:BurstFrost","floor":6},{"not_picked":["jedi:BurstLightning","StuffTheSpire:Plugnplay"],"picked":"Rebound","floor":10},{"not_picked":["Loop","Compile Driver"],"picked":"jedi:hex","floor":12},{"not_picked":["Cold Snap","ReplayRNGCard"],"picked":"BasicCrystalCard","floor":14},{"not_picked":["jedi:bruteforce","Hyperbeam"],"picked":"Biased Cognition","floor":16},{"not_picked":["Streamline","Coolheaded+1"],"picked":"Static Discharge","floor":18},{"not_picked":["ReplaySort+1","ReplayTheSpireMod:Repulse+1"],"picked":"Beam Cell+1","floor":21},{"not_picked":["Sweeping Beam","Rebound","Sunder"],"picked":"SKIP","floor":22},{"not_picked":["Reinforced Body+1","jedi:BurstLightning","FIFO Queue"],"picked":"SKIP","floor":24},{"not_picked":["Sweeping Beam","Steam"],"picked":"Redo","floor":27},{"not_picked":["jedi:blockon","Panic Button","Barrage+1"],"picked":"SKIP","floor":29},{"not_picked":["StuffTheSpire:Coldhearted","Beam Cell"],"picked":"Ball Lightning","floor":30},{"not_picked":["Time Bomb","StuffTheSpire:LoadUp"],"picked":"ReplayTheSpireMod:Dual Polarity+1","floor":31},{"not_picked":["Echo Form","Buffer"],"picked":"jedi:studyfrost","floor":33},{"not_picked":["Barrage","aspiration:Polymerization"],"picked":"StuffTheSpire:SnapShoot+1","floor":35},{"not_picked":["Compile Driver+1","Rebound+1"],"picked":"Skim","floor":37},{"not_picked":["jedi:reiji","Rebound+1"],"picked":"Chill+1","floor":38},{"not_picked":["ReplayTheSpireMod:Dual Polarity","jedi:readyaimfire"],"picked":"Go for the Eyes+1","floor":39},{"not_picked":["Steam+1","Reprogram","Steam Power"],"picked":"SKIP","floor":41},{"not_picked":["jedi:blockon","Reprogram"],"picked":"Beam Cell+1","floor":44},{"not_picked":["jedi:locknload","Steam+1"],"picked":"Hello World+1","floor":45},{"not_picked":["Auto Shields","jedi:locknload+1"],"picked":"Redo+1","floor":47},{"not_picked":["Gash+1","Panic Button+1"],"picked":"White Noise+1","floor":48}],"player_experience":554194,"relics_obtained":[{"floor":6,"key":"reliquary:ExpiredCoupon"},{"floor":9,"key":"Blood Vial"},{"floor":12,"key":"trackpad:HandOfMidas"},{"floor":24,"key":"hubris:MobiusCoin"},{"floor":26,"key":"HollowMod:PaleOreRelic"},{"floor":29,"key":"trackpad:RapidFire"},{"floor":31,"key":"reliquary:Stiletto"},{"floor":37,"key":"hubris:64BitClover"},{"floor":38,"key":"CaptainsWheel"},{"floor":41,"key":"aspiration:HummingbirdHeart"},{"floor":43,"key":"StuffTheSpire:SapphireSignet"}],"event_choices":[{"damage_healed":0,"gold_gain":0,"player_choice":"Ignored","damage_taken":0,"max_hp_gain":0,"max_hp_loss":0,"event_name":"Liars Game","floor":8,"gold_loss":0},{"damage_healed":0,"gold_gain":0,"player_choice":"Bought 0 Potions","damage_taken":0,"max_hp_gain":0,"max_hp_loss":0,"event_name":"The Woman in Blue","floor":11,"gold_loss":0},{"damage_healed":0,"gold_gain":0,"cards_transformed":["Strike_B","Defend_B"],"player_choice":"Became Test Subject","damage_taken":0,"max_hp_gain":0,"max_hp_loss":0,"event_name":"Drug Dealer","floor":19,"gold_loss":0,"cards_obtained":["Gash","jedi:BurstLightning"]},{"damage_healed":0,"gold_gain":0,"player_choice":"Simplicity","damage_taken":0,"max_hp_gain":0,"max_hp_loss":0,"event_name":"Back to Basics","floor":20,"gold_loss":0,"cards_upgraded":["Strike_B","Strike_B","Defend_B","Defend_B","Defend_B"]},{"damage_healed":0,"gold_gain":0,"player_choice":"Fight","damage_taken":0,"max_hp_gain":0,"max_hp_loss":0,"event_name":"MindBloom","floor":38,"gold_loss":0}],"is_beta":false,"boss_relics":[{"not_picked":["hubris:CrackedHourglass","reliquary:WritOfMandamus"],"picked":"EasyGame_NEW"},{"not_picked":["SacredBark","infinitespire:Cupcake"],"picked":"trackpad:Trackpad"}],"items_purged_floors":[13],"is_endless":false,"potions_floor_spawned":[5,10,12,14,18,24,31,33,38,41,45,47],"ascension_level":0}}