{"host":"7iv10lxbxedtd0qh","time":1612115762,"event":{"mods":["BaseMod","Colored Map","Colored Powertips","Downfall","Minty Spire (QoL Compilation)","StSLib"],"gold_per_floor":[99,114,131,131,194,94,94,113,129,139,139,155,170,196,207,207,207,207],"floor_reached":16,"language":"ENG","playtime":939,"items_purged":[],"score":111,"play_id":"d59285b3-38b5-4e04-b367-dd75811a2bfe","local_time":"20210131185602","is_ascension_mode":true,"campfire_choices":[{"floor":1,"key":"RECALL"},{"data":"Slimebound:CorrosiveSpit","floor":6,"key":"SMITH"},{"data":"Slimebound:SlimeSpikes","floor":11,"key":"SMITH"}],"circlet_count":0,"master_deck":["Slimebound:Strike_Slimebound+1","Slimebound:Strike_Slimebound","Slimebound:Strike_Slimebound+1","Slimebound:Defend_Slimebound","Slimebound:Defend_Slimebound","Slimebound:Defend_Slimebound","Slimebound:Defend_Slimebound","Slimebound:Split","Slimebound:CorrosiveSpit+1","Slimebound:ViciousTackle","Slimebound:SlimeSpikes+1","Slimebound:MegaLick","Slimebound:Schlurp","Slimebound:RollThrough","Slimebound:BestDefense","Slimebound:BestDefense","Slimebound:Schlurp"],"relics":["Slimebound:AbsorbEndCombat","Whetstone","downfall:HeartBlessingRed","Meat on the Bone","Torii"],"acts_visited":["Exordium"],"potions_floor_usage":[13,14,14,16],"damage_taken":[{"damage":1,"enemies":"Jaw Worm","floor":2,"turns":5},{"damage":0,"enemies":"Small Slimes","floor":3,"turns":3},{"damage":42,"enemies":"3 Sentries","floor":5,"turns":10},{"damage":5,"enemies":"2 Louse","floor":8,"turns":2},{"damage":5,"enemies":"Large Slime","floor":9,"turns":5},{"damage":0,"enemies":"3 Louse","floor":10,"turns":3},{"damage":0,"enemies":"Blue Slaver","floor":12,"turns":2},{"damage":1,"enemies":"Exordium Thugs","floor":13,"turns":3},{"damage":12,"enemies":"Gremlin Nob","floor":14,"turns":3},{"damage":2,"enemies":"3 Louse","floor":15,"turns":3},{"damage":69,"enemies":"WA_ARCHETYPE_RETAIN","floor":16,"turns":10}],"seed_played":"1735064807332663148","potions_obtained":[{"floor":2,"key":"SteroidPotion"},{"floor":5,"key":"LiquidMemories"},{"floor":10,"key":"Swift Potion"},{"floor":14,"key":"GamblersBrew"},{"floor":15,"key":"Ancient Potion"}],"is_trial":false,"path_per_floor":["R","M","M","?","?","R","T","M","M","M","R","M","M","E","M","B"],"character_chosen":"SLIMEBOUND","items_purchased":[],"campfire_rested":0,"item_purchase_floors":[],"current_hp_per_floor":[59,66,68,68,26,26,26,37,50,56,56,58,61,55,59,0,0,0],"gold":207,"neow_bonus":"TWENTY_PERCENT_HP_BONUS","is_daily":false,"chose_seed":false,"campfire_upgraded":2,"win_rate":0.0,"timestamp":1612115762,"path_taken":["R","M","M","?","?","R","T","?","M","M","R","M","M","E","M","BOSS"],"items_purchased_type":[],"build_version":"2020-12-22","purchased_purges":0,"victory":false,"max_hp_per_floor":[77,77,77,77,77,77,77,77,77,77,77,77,77,77,77,77,77,77],"card_choices":[{"not_picked":["Slimebound:LivingWall","Slimebound:PressTheAttack"],"picked":"Slimebound:ViciousTackle","floor":2},{"not_picked":["Slimebound:SplitMire","Slimebound:SlimeBrawl"],"picked":"Slimebound:SlimeSpikes","floor":3},{"not_picked":["Slimebound:SlimeBrawl","Slimebound:GoopSpray"],"picked":"Slimebound:MegaLick","floor":5},{"not_picked":["Slimebound:Dissolve","Slimebound:FinishingTackle","Slimebound:LeechingTouch"],"picked":"SKIP","floor":8},{"not_picked":["Slimebound:SpikyOuterGoop","Slimebound:GrowthPunch"],"picked":"Slimebound:Schlurp","floor":9},{"not_picked":["Slimebound:GoopSpray","Slimebound:SplitAcid"],"picked":"Slimebound:RollThrough","floor":10},{"not_picked":["Slimebound:SpikyOuterGoop","Slimebound:SplitAcid"],"picked":"Slimebound:BestDefense","floor":12},{"not_picked":["Slimebound:SplitAcid","Slimebound:PressTheAttack","Slimebound:LivingWall"],"picked":"SKIP","floor":13},{"not_picked":["Slimebound:SplitAcid","Slimebound:PrepareCrush"],"picked":"Slimebound:BestDefense","floor":14},{"not_picked":["Slimebound:LevelUp","Slimebound:RainOfGoop"],"picked":"Slimebound:Schlurp","floor":15}],"player_experience":768353,"relics_obtained":[{"floor":5,"key":"Whetstone"},{"floor":7,"key":"Meat on the Bone"},{"floor":14,"key":"Torii"}],"event_choices":[{"cards_removed":["Slimebound:Tackle"],"damage_healed":0,"gold_gain":0,"player_choice":"Card Removal","damage_taken":0,"max_hp_gain":0,"max_hp_loss":0,"event_name":"The Cleric","floor":4,"gold_loss":0}],"is_beta":false,"boss_relics":[],"items_purged_floors":[],"is_endless":false,"potions_floor_spawned":[2,5,10,12,14,15],"killed_by":"WA_ARCHETYPE_RETAIN","ascension_level":1}}